  <div class='ocr_page' id='page_1' title='image "/cluster/home/n/w/nwhite01/storage/ocr_20150623/72/hvd.32044054758768/120.png"; bbox 0 0 4054 6188; ppageno 0'>
   <div class='ocr_carea' id='block_1_1' title="bbox 241 278 353 330">
    <p class='ocr_par' dir='ltr' id='par_1_1' title="bbox 241 278 353 330">
     <span class='ocr_line' id='line_1_1' title="bbox 241 278 353 330; baseline 0.009 -1"><span class='ocrx_word' id='word_1_1' title='bbox 241 278 353 330; x_wconf 80' lang='lat'>229</span> 
     </span>
    </p>
   </div>
   <div class='ocr_carea' id='block_1_2' title="bbox 241 384 1961 472">
    <p class='ocr_par' dir='ltr' id='par_1_2' title="bbox 241 384 1961 472">
     <span class='ocr_line' id='line_1_2' title="bbox 241 384 1961 472; baseline 0.002 -34"><span class='ocrx_word' id='word_1_2' title='bbox 241 385 407 439; x_wconf 81' lang='lat' dir='ltr'>Patre</span> <span class='ocrx_word' id='word_1_3' title='bbox 457 388 518 439; x_wconf 87' lang='lat' dir='ltr'>et</span> <span class='ocrx_word' id='word_1_4' title='bbox 563 384 774 456; x_wconf 83' lang='lat' dir='ltr'>Spiritu</span> <span class='ocrx_word' id='word_1_5' title='bbox 819 390 1014 442; x_wconf 85' lang='lat' dir='ltr'>sancto</span> <span class='ocrx_word' id='word_1_6' title='bbox 1056 387 1194 443; x_wconf 85' lang='lat' dir='ltr'>vivis</span> <span class='ocrx_word' id='word_1_7' title='bbox 1233 391 1291 441; x_wconf 91' lang='lat' dir='ltr'>et</span> <span class='ocrx_word' id='word_1_8' title='bbox 1328 403 1531 459; x_wconf 80' lang='lat' dir='ltr'>regnas</span> <span class='ocrx_word' id='word_1_9' title='bbox 1581 386 1640 442; x_wconf 92' lang='lat' dir='ltr'>in</span> <span class='ocrx_word' id='word_1_10' title='bbox 1687 388 1876 444; x_wconf 71' lang='lat' dir='ltr'>stecul.</span> <span class='ocrx_word' id='word_1_11' title='bbox 1902 401 1961 472; x_wconf 80' lang='grc' dir='ltr'><strong>Α</strong></span> 
     </span>
    </p>
   </div>
   <div class='ocr_carea' id='block_1_3' title="bbox 655 497 1472 548">
    <p class='ocr_par' dir='ltr' id='par_1_3' title="bbox 655 497 1472 548">
     <span class='ocr_line' id='line_1_3' title="bbox 655 497 1472 548; baseline 0.001 -1"><span class='ocrx_word' id='word_1_12' title='bbox 655 500 786 548; x_wconf 77' lang='lat' dir='ltr'>Ante</span> <span class='ocrx_word' id='word_1_13' title='bbox 809 498 1098 548; x_wconf 86' lang='lat' dir='ltr'>orationem</span> <span class='ocrx_word' id='word_1_14' title='bbox 1129 497 1472 548; x_wconf 89' lang='lat' dir='ltr'>Dominicam.</span> 
     </span>
    </p>
   </div>
   <div class='ocr_carea' id='block_1_4' title="bbox 312 581 1874 655">
    <p class='ocr_par' dir='ltr' id='par_1_4' title="bbox 312 581 1874 655">
     <span class='ocr_line' id='line_1_4' title="bbox 312 581 1874 655; baseline 0.001 -19"><span class='ocrx_word' id='word_1_15' title='bbox 312 581 439 636; x_wconf 87' lang='lat' dir='ltr'>Non</span> <span class='ocrx_word' id='word_1_16' title='bbox 485 587 677 637; x_wconf 87' lang='lat' dir='ltr'>nostro</span> <span class='ocrx_word' id='word_1_17' title='bbox 722 589 1154 655; x_wconf 66' lang='lat' dir='ltr'>praesumentes,</span> <span class='ocrx_word' id='word_1_18' title='bbox 1194 586 1359 639; x_wconf 89' lang='lat' dir='ltr'>Pater</span> <span class='ocrx_word' id='word_1_19' title='bbox 1400 587 1610 653; x_wconf 84' lang='lat' dir='ltr'>sancte,</span> <span class='ocrx_word' id='word_1_20' title='bbox 1651 584 1874 654; x_wconf 89' lang='lat' dir='ltr'>merito,</span> 
     </span>
    </p>
   </div>
   <div class='ocr_carea' id='block_1_5' title="bbox 234 675 1878 735">
    <p class='ocr_par' dir='ltr' id='par_1_5' title="bbox 234 675 1878 735">
     <span class='ocr_line' id='line_1_5' title="bbox 234 675 1878 735; baseline 0.002 -6"><span class='ocrx_word' id='word_1_21' title='bbox 234 675 337 729; x_wconf 90' lang='lat' dir='ltr'>sed</span> <span class='ocrx_word' id='word_1_22' title='bbox 378 675 607 730; x_wconf 88' lang='lat' dir='ltr'>Domini</span> <span class='ocrx_word' id='word_1_23' title='bbox 637 676 814 731; x_wconf 77' lang='lat' dir='ltr'>nostri</span> <span class='ocrx_word' id='word_1_24' title='bbox 857 679 988 732; x_wconf 84' lang='lat' dir='ltr'>Jesu</span> <span class='ocrx_word' id='word_1_25' title='bbox 1033 677 1238 732; x_wconf 82' lang='lat' dir='ltr'>Christi</span> <span class='ocrx_word' id='word_1_26' title='bbox 1283 677 1404 732; x_wconf 85' lang='lat' dir='ltr'><strong>Filii</strong></span> <span class='ocrx_word' id='word_1_27' title='bbox 1431 677 1514 732; x_wconf 90' lang='lat' dir='ltr'>tui</span> <span class='ocrx_word' id='word_1_28' title='bbox 1557 678 1878 735; x_wconf 89' lang='lat' dir='ltr'>obedientes</span> 
     </span>
    </p>
   </div>
   <div class='ocr_carea' id='block_1_6' title="bbox 234 767 1038 839">
    <p class='ocr_par' dir='ltr' id='par_1_6' title="bbox 234 767 1038 839">
     <span class='ocr_line' id='line_1_6' title="bbox 234 767 1038 839; baseline 0.004 -17"><span class='ocrx_word' id='word_1_29' title='bbox 234 767 504 839; x_wconf 87' lang='lat' dir='ltr'>imperio,</span> <span class='ocrx_word' id='word_1_30' title='bbox 531 770 807 826; x_wconf 85' lang='lat' dir='ltr'>audemus</span> <span class='ocrx_word' id='word_1_31' title='bbox 834 769 1038 826; x_wconf 84' lang='lat' dir='ltr'>dicere.</span> 
     </span>
    </p>
   </div>
   <div class='ocr_carea' id='block_1_7' title="bbox 648 877 1458 929">
    <p class='ocr_par' dir='ltr' id='par_1_7' title="bbox 648 877 1458 929">
     <span class='ocr_line' id='line_1_7' title="bbox 648 877 1458 929; baseline -0.001 -1"><span class='ocrx_word' id='word_1_32' title='bbox 648 879 773 928; x_wconf 87' lang='lat' dir='ltr'>Post</span> <span class='ocrx_word' id='word_1_33' title='bbox 797 878 1090 929; x_wconf 88' lang='lat' dir='ltr'>orationem</span> <span class='ocrx_word' id='word_1_34' title='bbox 1115 877 1458 928; x_wconf 85' lang='lat' dir='ltr'>Dominicam.</span> 
     </span>
    </p>
   </div>
   <div class='ocr_carea' id='block_1_8' title="bbox 309 961 1876 1035">
    <p class='ocr_par' dir='ltr' id='par_1_8' title="bbox 309 961 1876 1035">
     <span class='ocr_line' id='line_1_8' title="bbox 309 961 1876 1035; baseline 0.001 -19"><span class='ocrx_word' id='word_1_35' title='bbox 309 961 513 1018; x_wconf 88' lang='lat' dir='ltr'>Libera</span> <span class='ocrx_word' id='word_1_36' title='bbox 549 979 677 1033; x_wconf 88' lang='lat' dir='ltr'>nos,</span> <span class='ocrx_word' id='word_1_37' title='bbox 717 963 1076 1035; x_wconf 89' lang='lat' dir='ltr'>omnipotens</span> <span class='ocrx_word' id='word_1_38' title='bbox 1105 965 1270 1034; x_wconf 89' lang='lat' dir='ltr'>Deus,</span> <span class='ocrx_word' id='word_1_39' title='bbox 1313 964 1383 1018; x_wconf 89' lang='lat' dir='ltr'>ab</span> <span class='ocrx_word' id='word_1_40' title='bbox 1419 963 1573 1018; x_wconf 91' lang='lat' dir='ltr'>omni</span> <span class='ocrx_word' id='word_1_41' title='bbox 1609 963 1777 1030; x_wconf 88' lang='lat' dir='ltr'>malo,</span> <span class='ocrx_word' id='word_1_42' title='bbox 1807 963 1876 1017; x_wconf 91' lang='lat' dir='ltr'>ab</span> 
     </span>
    </p>
   </div>
   <div class='ocr_carea' id='block_1_9' title="bbox 234 1056 1874 1128">
    <p class='ocr_par' dir='ltr' id='par_1_9' title="bbox 234 1056 1874 1128">
     <span class='ocr_line' id='line_1_9' title="bbox 234 1056 1874 1128; baseline 0.001 -19"><span class='ocrx_word' id='word_1_43' title='bbox 234 1057 400 1110; x_wconf 76' lang='lat' dir='ltr'>omni</span> <span class='ocrx_word' id='word_1_44' title='bbox 430 1056 702 1128; x_wconf 89' lang='lat' dir='ltr'>periculo,</span> <span class='ocrx_word' id='word_1_45' title='bbox 727 1062 783 1112; x_wconf 92' lang='lat' dir='ltr'>et</span> <span class='ocrx_word' id='word_1_46' title='bbox 813 1058 1027 1113; x_wconf 88' lang='lat' dir='ltr'>custodi</span> <span class='ocrx_word' id='word_1_47' title='bbox 1052 1074 1156 1113; x_wconf 92' lang='lat' dir='ltr'>nos</span> <span class='ocrx_word' id='word_1_48' title='bbox 1192 1057 1253 1113; x_wconf 91' lang='lat' dir='ltr'>in</span> <span class='ocrx_word' id='word_1_49' title='bbox 1299 1057 1457 1112; x_wconf 91' lang='lat' dir='ltr'>omni</span> <span class='ocrx_word' id='word_1_50' title='bbox 1497 1073 1665 1128; x_wconf 92' lang='lat' dir='ltr'>opere</span> <span class='ocrx_word' id='word_1_51' title='bbox 1702 1058 1874 1124; x_wconf 89' lang='lat' dir='ltr'>bono,</span> 
     </span>
    </p>
   </div>
   <div class='ocr_carea' id='block_1_10' title="bbox 231 1149 1877 1221">
    <p class='ocr_par' dir='ltr' id='par_1_10' title="bbox 231 1149 1877 1221">
     <span class='ocr_line' id='line_1_10' title="bbox 231 1149 1877 1221; baseline 0.001 -18"><span class='ocrx_word' id='word_1_52' title='bbox 231 1149 493 1220; x_wconf 88' lang='lat' dir='ltr'>perfecta</span> <span class='ocrx_word' id='word_1_53' title='bbox 516 1151 742 1221; x_wconf 88' lang='lat' dir='ltr'>veritas,</span> <span class='ocrx_word' id='word_1_54' title='bbox 773 1156 828 1207; x_wconf 90' lang='lat' dir='ltr'>et</span> <span class='ocrx_word' id='word_1_55' title='bbox 867 1168 996 1206; x_wconf 88' lang='lat' dir='ltr'>vera</span> <span class='ocrx_word' id='word_1_56' title='bbox 1037 1152 1290 1221; x_wconf 89' lang='lat' dir='ltr'>libertas,</span> <span class='ocrx_word' id='word_1_57' title='bbox 1328 1153 1492 1207; x_wconf 87' lang='lat' dir='ltr'>Deus.</span> <span class='ocrx_word' id='word_1_58' title='bbox 1529 1149 1634 1215; x_wconf 89' lang='lat' dir='ltr'>Qui</span> <span class='ocrx_word' id='word_1_59' title='bbox 1673 1165 1877 1221; x_wconf 80' lang='lat' dir='ltr'>regnas</span> 
     </span>
    </p>
   </div>
   <div class='ocr_carea' id='block_1_11' title="bbox 231 1241 752 1300">
    <p class='ocr_par' dir='ltr' id='par_1_11' title="bbox 231 1241 752 1300">
     <span class='ocr_line' id='line_1_11' title="bbox 231 1241 752 1300; baseline 0.008 -4"><span class='ocrx_word' id='word_1_60' title='bbox 231 1241 293 1296; x_wconf 91' lang='lat' dir='ltr'>in</span> <span class='ocrx_word' id='word_1_61' title='bbox 322 1244 537 1300; x_wconf 83' lang='lat' dir='ltr'>saecula</span> <span class='ocrx_word' id='word_1_62' title='bbox 564 1245 752 1300; x_wconf 81' lang='lat' dir='ltr'>saecul.</span> 
     </span>
    </p>
   </div>
   <div class='ocr_carea' id='block_1_12' title="bbox 805 1338 1331 1404">
    <p class='ocr_par' dir='ltr' id='par_1_12' title="bbox 805 1338 1331 1404">
     <span class='ocr_line' id='line_1_12' title="bbox 805 1338 1331 1404; baseline 0 -16"><span class='ocrx_word' id='word_1_63' title='bbox 805 1338 1104 1389; x_wconf 80' lang='lat' dir='ltr'>Benedictio</span> <span class='ocrx_word' id='word_1_64' title='bbox 1129 1339 1331 1404; x_wconf 85' lang='lat' dir='ltr'>pepuli.</span> 
     </span>
    </p>
   </div>
   <div class='ocr_carea' id='block_1_13' title="bbox 307 1423 1876 1496">
    <p class='ocr_par' dir='ltr' id='par_1_13' title="bbox 307 1423 1876 1496">
     <span class='ocr_line' id='line_1_13' title="bbox 307 1423 1876 1496; baseline 0.001 -19"><span class='ocrx_word' id='word_1_65' title='bbox 307 1423 482 1489; x_wconf 86' lang='lat' dir='ltr'>Deus,</span> <span class='ocrx_word' id='word_1_66' title='bbox 511 1423 610 1496; x_wconf 88' lang='lat' dir='ltr'>qui</span> <span class='ocrx_word' id='word_1_67' title='bbox 637 1423 945 1479; x_wconf 83' lang='lat' dir='ltr'>adventum</span> <span class='ocrx_word' id='word_1_68' title='bbox 971 1429 1085 1478; x_wconf 83' lang='lat' dir='ltr'>tuae</span> <span class='ocrx_word' id='word_1_69' title='bbox 1122 1423 1428 1494; x_wconf 88' lang='lat' dir='ltr'>majestatis</span> <span class='ocrx_word' id='word_1_70' title='bbox 1467 1440 1571 1495; x_wconf 92' lang='lat' dir='ltr'>per</span> <span class='ocrx_word' id='word_1_71' title='bbox 1609 1423 1876 1496; x_wconf 82' lang='lat' dir='ltr'>angelum</span> 
     </span>
    </p>
   </div>
   <div class='ocr_carea' id='block_1_14' title="bbox 230 1516 1873 1589">
    <p class='ocr_par' dir='ltr' id='par_1_14' title="bbox 230 1516 1873 1589">
     <span class='ocr_line' id='line_1_14' title="bbox 230 1516 1873 1589; baseline 0.002 -19"><span class='ocrx_word' id='word_1_72' title='bbox 230 1516 625 1586; x_wconf 88' lang='lat' dir='ltr'>Gabrihelem,</span> <span class='ocrx_word' id='word_1_73' title='bbox 663 1517 997 1588; x_wconf 86' lang='lat' dir='ltr'>priusquam</span> <span class='ocrx_word' id='word_1_74' title='bbox 1027 1517 1415 1587; x_wconf 88' lang='lat' dir='ltr'>descenderes,</span> <span class='ocrx_word' id='word_1_75' title='bbox 1461 1517 1723 1572; x_wconf 90' lang='lat' dir='ltr'>nuntiare</span> <span class='ocrx_word' id='word_1_76' title='bbox 1750 1518 1873 1589; x_wconf 90' lang='lat' dir='ltr'>jus-</span> 
     </span>
    </p>
   </div>
   <div class='ocr_carea' id='block_1_15' title="bbox 230 1610 1879 1682">
    <p class='ocr_par' dir='ltr' id='par_1_15' title="bbox 230 1610 1879 1682">
     <span class='ocr_line' id='line_1_15' title="bbox 230 1610 1879 1682; baseline 0.002 -19"><span class='ocrx_word' id='word_1_77' title='bbox 230 1610 358 1664; x_wconf 90' lang='lat' dir='ltr'>sisti</span> <span class='ocrx_word' id='word_1_78' title='bbox 378 1629 396 1680; x_wconf 88' lang='lat'>;</span> <span class='ocrx_word' id='word_1_79' title='bbox 412 1611 513 1681; x_wconf 87' lang='lat' dir='ltr'>qui</span> <span class='ocrx_word' id='word_1_80' title='bbox 527 1610 827 1682; x_wconf 82' lang='lat' dir='ltr'>dignanter</span> <span class='ocrx_word' id='word_1_81' title='bbox 837 1611 988 1666; x_wconf 88' lang='lat' dir='ltr'>intra</span> <span class='ocrx_word' id='word_1_82' title='bbox 1003 1611 1256 1666; x_wconf 89' lang='lat' dir='ltr'>humana</span> <span class='ocrx_word' id='word_1_83' title='bbox 1268 1611 1478 1667; x_wconf 87' lang='lat' dir='ltr'>viscera</span> <span class='ocrx_word' id='word_1_84' title='bbox 1497 1611 1553 1666; x_wconf 91' lang='lat' dir='ltr'>in</span> <span class='ocrx_word' id='word_1_85' title='bbox 1561 1627 1802 1682; x_wconf 83' lang='lat' dir='ltr'>gressus,</span> <span class='ocrx_word' id='word_1_86' title='bbox 1823 1617 1879 1666; x_wconf 90' lang='lat' dir='ltr'>et</span> 
     </span>
    </p>
   </div>
   <div class='ocr_carea' id='block_1_16' title="bbox 228 1703 1873 1776">
    <p class='ocr_par' dir='ltr' id='par_1_16' title="bbox 228 1703 1873 1776">
     <span class='ocr_line' id='line_1_16' title="bbox 228 1703 1873 1776; baseline 0.001 -18"><span class='ocrx_word' id='word_1_87' title='bbox 228 1704 366 1758; x_wconf 83' lang='lat' dir='ltr'>alvo</span> <span class='ocrx_word' id='word_1_88' title='bbox 404 1703 652 1776; x_wconf 84' lang='lat' dir='ltr'>Virginis</span> <span class='ocrx_word' id='word_1_89' title='bbox 687 1705 856 1760; x_wconf 89' lang='lat' dir='ltr'>hodie</span> <span class='ocrx_word' id='word_1_90' title='bbox 907 1710 962 1760; x_wconf 92' lang='lat' dir='ltr'>te</span> <span class='ocrx_word' id='word_1_91' title='bbox 1017 1706 1264 1760; x_wconf 88' lang='lat' dir='ltr'>mundus</span> <span class='ocrx_word' id='word_1_92' title='bbox 1314 1704 1644 1760; x_wconf 88' lang='lat' dir='ltr'>clariﬁcatus</span> <span class='ocrx_word' id='word_1_93' title='bbox 1695 1705 1873 1776; x_wconf 79' lang='lat' dir='ltr'>(sic)...</span> 
     </span>
    </p>
   </div>
   <div class='ocr_carea' id='block_1_17' title="bbox 232 1795 676 1871">
    <p class='ocr_par' dir='ltr' id='par_1_17' title="bbox 232 1795 676 1871">
     <span class='ocr_line' id='line_1_17' title="bbox 232 1795 676 1871; baseline 0.005 -2"><span class='ocrx_word' id='word_1_94' title='bbox 232 1795 438 1871; x_wconf 74' lang='lat'>193</span> <span class='ocrx_word' id='word_1_95' title='bbox 475 1800 676 1853; x_wconf 74' lang='lat' dir='ltr'><strong>Amen-</strong></span> 
     </span>
    </p>
   </div>
   <div class='ocr_carea' id='block_1_18' title="bbox 299 1879 1875 1963">
    <p class='ocr_par' dir='ltr' id='par_1_18' title="bbox 299 1879 1875 1963">
     <span class='ocr_line' id='line_1_18' title="bbox 299 1879 1875 1963; baseline 0 -17"><span class='ocrx_word' id='word_1_96' title='bbox 299 1893 414 1960; x_wconf 88' lang='lat' dir='ltr'>Tu,</span> <span class='ocrx_word' id='word_1_97' title='bbox 449 1891 703 1962; x_wconf 88' lang='lat' dir='ltr'>Domine,</span> <span class='ocrx_word' id='word_1_98' title='bbox 733 1892 970 1948; x_wconf 91' lang='lat' dir='ltr'>benedic</span> <span class='ocrx_word' id='word_1_99' title='bbox 1009 1893 1154 1948; x_wconf 90' lang='lat' dir='ltr'>hanc</span> <span class='ocrx_word' id='word_1_100' title='bbox 1195 1891 1466 1948; x_wconf 86' lang='lat' dir='ltr'>familiam</span> <span class='ocrx_word' id='word_1_101' title='bbox 1491 1879 1671 1962; x_wconf 80' lang='lat' dir='ltr'>tuam,</span> <span class='ocrx_word' id='word_1_102' title='bbox 1705 1907 1875 1963; x_wconf 89' lang='lat' dir='ltr'>quam</span> 
     </span>
    </p>
   </div>
   <div class='ocr_carea' id='block_1_19' title="bbox 228 1984 1872 2056">
    <p class='ocr_par' dir='ltr' id='par_1_19' title="bbox 228 1984 1872 2056">
     <span class='ocr_line' id='line_1_19' title="bbox 228 1984 1872 2056; baseline -0.001 -16"><span class='ocrx_word' id='word_1_103' title='bbox 228 1985 519 2041; x_wconf 88' lang='lat' dir='ltr'>hodierna</span> <span class='ocrx_word' id='word_1_104' title='bbox 545 1985 892 2041; x_wconf 83' lang='lat' dir='ltr'>sollemnitas</span> <span class='ocrx_word' id='word_1_105' title='bbox 920 1985 979 2041; x_wconf 91' lang='lat' dir='ltr'>in</span> <span class='ocrx_word' id='word_1_106' title='bbox 1006 1987 1253 2042; x_wconf 90' lang='lat' dir='ltr'>adventu</span> <span class='ocrx_word' id='word_1_107' title='bbox 1291 1991 1390 2041; x_wconf 92' lang='lat' dir='ltr'>tuo</span> <span class='ocrx_word' id='word_1_108' title='bbox 1436 1984 1568 2040; x_wconf 89' lang='lat' dir='ltr'>fecit</span> <span class='ocrx_word' id='word_1_109' title='bbox 1605 1985 1872 2056; x_wconf 89' lang='lat' dir='ltr'>gaudere.</span> 
     </span>
    </p>
   </div>
   <div class='ocr_carea' id='block_1_20' title="bbox 228 2084 443 2135">
    <p class='ocr_par' dir='ltr' id='par_1_20' title="bbox 228 2084 443 2135">
     <span class='ocr_line' id='line_1_20' title="bbox 228 2084 443 2135; baseline -0.005 0"><span class='ocrx_word' id='word_1_110' title='bbox 228 2084 443 2135; x_wconf 83' lang='lat' dir='ltr'>Amen.</span> 
     </span>
    </p>
   </div>
   <div class='ocr_carea' id='block_1_21' title="bbox 299 2170 1874 2245">
    <p class='ocr_par' dir='ltr' id='par_1_21' title="bbox 299 2170 1874 2245">
     <span class='ocr_line' id='line_1_21' title="bbox 299 2170 1874 2245; baseline -0.001 -17"><span class='ocrx_word' id='word_1_111' title='bbox 299 2175 387 2228; x_wconf 86' lang='lat' dir='ltr'>Da</span> <span class='ocrx_word' id='word_1_112' title='bbox 422 2189 622 2244; x_wconf 88' lang='lat' dir='ltr'>pacem</span> <span class='ocrx_word' id='word_1_113' title='bbox 668 2173 880 2245; x_wconf 86' lang='lat' dir='ltr'>pepulo</span> <span class='ocrx_word' id='word_1_114' title='bbox 922 2178 1045 2244; x_wconf 90' lang='lat' dir='ltr'>tuo,</span> <span class='ocrx_word' id='word_1_115' title='bbox 1089 2189 1262 2244; x_wconf 87' lang='lat' dir='ltr'>quem</span> <span class='ocrx_word' id='word_1_116' title='bbox 1306 2172 1552 2245; x_wconf 89' lang='lat' dir='ltr'>pretiosa</span> <span class='ocrx_word' id='word_1_117' title='bbox 1587 2170 1874 2226; x_wconf 87' lang='lat' dir='ltr'>nativitate</span> 
     </span>
    </p>
   </div>
   <div class='ocr_carea' id='block_1_22' title="bbox 228 2265 1873 2339">
    <p class='ocr_par' dir='ltr' id='par_1_22' title="bbox 228 2265 1873 2339">
     <span class='ocr_line' id='line_1_22' title="bbox 228 2265 1873 2339; baseline 0 -20"><span class='ocrx_word' id='word_1_118' title='bbox 228 2265 521 2334; x_wconf 82' lang='lat' dir='ltr'>viviﬁcas;</span> <span class='ocrx_word' id='word_1_119' title='bbox 565 2270 621 2322; x_wconf 91' lang='lat' dir='ltr'>et</span> <span class='ocrx_word' id='word_1_120' title='bbox 667 2265 946 2339; x_wconf 88' lang='lat' dir='ltr'>passionis</span> <span class='ocrx_word' id='word_1_121' title='bbox 977 2266 1273 2322; x_wconf 85' lang='lat' dir='ltr'>tolerantia</span> <span class='ocrx_word' id='word_1_122' title='bbox 1310 2283 1344 2320; x_wconf 91' lang='lat' dir='ltr'>a</span> <span class='ocrx_word' id='word_1_123' title='bbox 1377 2270 1562 2320; x_wconf 89' lang='lat' dir='ltr'>morte</span> <span class='ocrx_word' id='word_1_124' title='bbox 1601 2269 1873 2336; x_wconf 88' lang='lat' dir='ltr'>perpetua</span> 
     </span>
    </p>
   </div>
   <div class='ocr_carea' id='block_1_23' title="bbox 227 2361 792 2417">
    <p class='ocr_par' dir='ltr' id='par_1_23' title="bbox 227 2361 792 2417">
     <span class='ocr_line' id='line_1_23' title="bbox 227 2361 792 2417; baseline 0 -1"><span class='ocrx_word' id='word_1_125' title='bbox 227 2361 550 2417; x_wconf 81' lang='lat' dir='ltr'>redemisti.</span> <span class='ocrx_word' id='word_1_126' title='bbox 591 2364 792 2416; x_wconf 89' lang='lat' dir='ltr'>Amen.</span> 
     </span>
    </p>
   </div>
   <div class='ocr_carea' id='block_1_24' title="bbox 297 2451 1875 2510">
    <p class='ocr_par' dir='ltr' id='par_1_24' title="bbox 297 2451 1875 2510">
     <span class='ocr_line' id='line_1_24' title="bbox 297 2451 1875 2510; baseline 0 -2"><span class='ocrx_word' id='word_1_127' title='bbox 297 2454 516 2509; x_wconf 87' lang='lat' dir='ltr'>Tribue</span> <span class='ocrx_word' id='word_1_128' title='bbox 536 2454 614 2509; x_wconf 91' lang='lat' dir='ltr'>eis</span> <span class='ocrx_word' id='word_1_129' title='bbox 631 2455 699 2510; x_wconf 90' lang='lat' dir='ltr'>de</span> <span class='ocrx_word' id='word_1_130' title='bbox 721 2454 990 2510; x_wconf 87' lang='lat' dir='ltr'>thesauro</span> <span class='ocrx_word' id='word_1_131' title='bbox 1012 2458 1109 2510; x_wconf 88' lang='lat' dir='ltr'>tuo</span> <span class='ocrx_word' id='word_1_132' title='bbox 1132 2453 1520 2509; x_wconf 81' lang='lat' dir='ltr'>indeﬁcientes</span> <span class='ocrx_word' id='word_1_133' title='bbox 1541 2451 1762 2508; x_wconf 90' lang='lat' dir='ltr'>divitias</span> <span class='ocrx_word' id='word_1_134' title='bbox 1779 2452 1875 2508; x_wconf 92' lang='lat' dir='ltr'>bo-</span> 
     </span>
    </p>
   </div>
   <div class='ocr_carea' id='block_1_25' title="bbox 225 2547 1873 2620">
    <p class='ocr_par' dir='ltr' id='par_1_25' title="bbox 225 2547 1873 2620">
     <span class='ocr_line' id='line_1_25' title="bbox 225 2547 1873 2620; baseline -0.001 -16"><span class='ocrx_word' id='word_1_135' title='bbox 225 2549 456 2617; x_wconf 83' lang='lat' dir='ltr'>nitatis,</span> <span class='ocrx_word' id='word_1_136' title='bbox 498 2548 650 2620; x_wconf 87' lang='lat' dir='ltr'>reple</span> <span class='ocrx_word' id='word_1_137' title='bbox 683 2565 776 2604; x_wconf 90' lang='lat' dir='ltr'>eos</span> <span class='ocrx_word' id='word_1_138' title='bbox 821 2548 1079 2615; x_wconf 88' lang='lat' dir='ltr'>scientia,</span> <span class='ocrx_word' id='word_1_139' title='bbox 1127 2552 1190 2603; x_wconf 91' lang='lat' dir='ltr'>ut</span> <span class='ocrx_word' id='word_1_140' title='bbox 1223 2547 1532 2619; x_wconf 89' lang='lat' dir='ltr'>impollutis</span> <span class='ocrx_word' id='word_1_141' title='bbox 1560 2547 1774 2602; x_wconf 86' lang='lat' dir='ltr'>actibus</span> <span class='ocrx_word' id='word_1_142' title='bbox 1818 2553 1873 2602; x_wconf 88' lang='lat' dir='ltr'>et</span> 
     </span>
    </p>
   </div>
   <div class='ocr_carea' id='block_1_26' title="bbox 227 2640 1868 2716">
    <p class='ocr_par' dir='ltr' id='par_1_26' title="bbox 227 2640 1868 2716">
     <span class='ocr_line' id='line_1_26' title="bbox 227 2640 1868 2716; baseline -0.001 -19"><span class='ocrx_word' id='word_1_143' title='bbox 227 2659 389 2716; x_wconf 88' lang='lat' dir='ltr'>puro</span> <span class='ocrx_word' id='word_1_144' title='bbox 418 2642 582 2696; x_wconf 93' lang='lat' dir='ltr'>corde</span> <span class='ocrx_word' id='word_1_145' title='bbox 603 2647 913 2713; x_wconf 89' lang='lat' dir='ltr'>sequantur</span> <span class='ocrx_word' id='word_1_146' title='bbox 931 2647 987 2698; x_wconf 90' lang='lat' dir='ltr'>te</span> <span class='ocrx_word' id='word_1_147' title='bbox 1008 2642 1210 2697; x_wconf 90' lang='lat' dir='ltr'>ducem</span> <span class='ocrx_word' id='word_1_148' title='bbox 1224 2640 1481 2712; x_wconf 71' lang='lat' dir='ltr'>justitiaa,</span> <span class='ocrx_word' id='word_1_149' title='bbox 1504 2657 1675 2712; x_wconf 89' lang='lat' dir='ltr'>quem</span> <span class='ocrx_word' id='word_1_150' title='bbox 1702 2658 1868 2696; x_wconf 91' lang='lat' dir='ltr'>suum</span> 
     </span>
    </p>
   </div>
   <div class='ocr_carea' id='block_1_27' title="bbox 229 2737 1138 2809">
    <p class='ocr_par' dir='ltr' id='par_1_27' title="bbox 229 2737 1138 2809">
     <span class='ocr_line' id='line_1_27' title="bbox 229 2737 1138 2809; baseline -0.002 -17"><span class='ocrx_word' id='word_1_151' title='bbox 229 2741 592 2809; x_wconf 80' lang='lat' dir='ltr'>cognoscunt</span> <span class='ocrx_word' id='word_1_152' title='bbox 615 2737 908 2791; x_wconf 88' lang='lat' dir='ltr'>factorem.</span> <span class='ocrx_word' id='word_1_153' title='bbox 938 2739 1138 2791; x_wconf 82' lang='lat' dir='ltr'>Amen.</span> 
     </span>
    </p>
   </div>
   <div class='ocr_carea' id='block_1_28' title="bbox 299 2829 1868 2887">
    <p class='ocr_par' dir='ltr' id='par_1_28' title="bbox 299 2829 1868 2887">
     <span class='ocr_line' id='line_1_28' title="bbox 299 2829 1868 2887; baseline -0.001 0"><span class='ocrx_word' id='word_1_154' title='bbox 299 2832 369 2887; x_wconf 88' lang='lat' dir='ltr'>Et</span> <span class='ocrx_word' id='word_1_155' title='bbox 396 2829 547 2886; x_wconf 90' lang='lat' dir='ltr'>sicut</span> <span class='ocrx_word' id='word_1_156' title='bbox 571 2831 630 2885; x_wconf 91' lang='lat' dir='ltr'>in</span> <span class='ocrx_word' id='word_1_157' title='bbox 660 2829 858 2886; x_wconf 89' lang='lat' dir='ltr'>diebus</span> <span class='ocrx_word' id='word_1_158' title='bbox 891 2829 1000 2884; x_wconf 90' lang='lat' dir='ltr'>illis</span> <span class='ocrx_word' id='word_1_159' title='bbox 1030 2829 1423 2885; x_wconf 86' lang='lat' dir='ltr'>advenientem</span> <span class='ocrx_word' id='word_1_160' title='bbox 1460 2833 1515 2884; x_wconf 90' lang='lat' dir='ltr'>te</span> <span class='ocrx_word' id='word_1_161' title='bbox 1553 2829 1612 2884; x_wconf 92' lang='lat' dir='ltr'>in</span> <span class='ocrx_word' id='word_1_162' title='bbox 1655 2830 1868 2885; x_wconf 92' lang='lat' dir='ltr'>mundo</span> 
     </span>
    </p>
   </div>
   <div class='ocr_carea' id='block_1_29' title="bbox 225 2922 1868 2997">
    <p class='ocr_par' dir='ltr' id='par_1_29' title="bbox 225 2922 1868 2997">
     <span class='ocr_line' id='line_1_29' title="bbox 225 2922 1868 2997; baseline -0.001 -17"><span class='ocrx_word' id='word_1_163' title='bbox 225 2925 475 2997; x_wconf 86' lang='lat' dir='ltr'>perﬁdia</span> <span class='ocrx_word' id='word_1_164' title='bbox 503 2924 729 2980; x_wconf 86' lang='lat' dir='ltr'>Herodis</span> <span class='ocrx_word' id='word_1_165' title='bbox 757 2924 998 2996; x_wconf 80' lang='lat' dir='ltr'>expavit,</span> <span class='ocrx_word' id='word_1_166' title='bbox 1030 2928 1085 2978; x_wconf 90' lang='lat' dir='ltr'>et</span> <span class='ocrx_word' id='word_1_167' title='bbox 1113 2922 1281 2995; x_wconf 90' lang='lat' dir='ltr'>periit</span> <span class='ocrx_word' id='word_1_168' title='bbox 1306 2939 1406 2977; x_wconf 93' lang='lat' dir='ltr'>rex</span> <span class='ocrx_word' id='word_1_169' title='bbox 1435 2922 1642 2994; x_wconf 90' lang='lat' dir='ltr'>impius</span> <span class='ocrx_word' id='word_1_170' title='bbox 1669 2940 1702 2977; x_wconf 91' lang='lat' dir='ltr'>a</span> <span class='ocrx_word' id='word_1_171' title='bbox 1729 2923 1868 2978; x_wconf 86' lang='lat' dir='ltr'>facie</span> 
     </span>
    </p>
   </div>
   <div class='ocr_carea' id='block_1_30' title="bbox 229 3016 1870 3091">
    <p class='ocr_par' dir='ltr' id='par_1_30' title="bbox 229 3016 1870 3091">
     <span class='ocr_line' id='line_1_30' title="bbox 229 3016 1870 3091; baseline -0.002 -17"><span class='ocrx_word' id='word_1_172' title='bbox 229 3020 404 3091; x_wconf 84' lang='lat' dir='ltr'>Regis</span> <span class='ocrx_word' id='word_1_173' title='bbox 434 3019 661 3090; x_wconf 84' lang='lat' dir='ltr'>magni;</span> <span class='ocrx_word' id='word_1_174' title='bbox 699 3019 775 3074; x_wconf 89' lang='lat' dir='ltr'>ita</span> <span class='ocrx_word' id='word_1_175' title='bbox 803 3036 955 3074; x_wconf 93' lang='lat' dir='ltr'>nunc</span> <span class='ocrx_word' id='word_1_176' title='bbox 997 3016 1263 3090; x_wconf 77' lang='lat' dir='ltr'>praesenti</span> <span class='ocrx_word' id='word_1_177' title='bbox 1301 3021 1559 3088; x_wconf 90' lang='lat' dir='ltr'>tempore</span> <span class='ocrx_word' id='word_1_178' title='bbox 1598 3017 1870 3071; x_wconf 87' lang='lat' dir='ltr'>celebrata</span> 
     </span>
    </p>
   </div>
   <div class='ocr_carea' id='block_1_31' title="bbox 228 3109 1764 3184">
    <p class='ocr_par' dir='ltr' id='par_1_31' title="bbox 228 3109 1764 3184">
     <span class='ocr_line' id='line_1_31' title="bbox 228 3109 1764 3184; baseline -0.002 -16"><span class='ocrx_word' id='word_1_179' title='bbox 228 3112 582 3169; x_wconf 86' lang='lat' dir='ltr'>sollemnitas</span> <span class='ocrx_word' id='word_1_180' title='bbox 605 3117 965 3184; x_wconf 88' lang='lat' dir='ltr'>peccatorum</span> <span class='ocrx_word' id='word_1_181' title='bbox 989 3116 1250 3168; x_wconf 88' lang='lat' dir='ltr'>nostrum</span> <span class='ocrx_word' id='word_1_182' title='bbox 1275 3110 1455 3164; x_wconf 91' lang='lat' dir='ltr'>vincla</span> <span class='ocrx_word' id='word_1_183' title='bbox 1483 3109 1764 3165; x_wconf 87' lang='lat' dir='ltr'>dissolvat.</span> 
     </span>
    </p>
   </div>
   <div class='ocr_carea' id='block_1_32' title="bbox 227 3212 440 3262">
    <p class='ocr_par' dir='ltr' id='par_1_32' title="bbox 227 3212 440 3262">
     <span class='ocr_line' id='line_1_32' title="bbox 227 3212 440 3262; baseline -0.005 0"><span class='ocrx_word' id='word_1_184' title='bbox 227 3212 440 3262; x_wconf 77' lang='lat' dir='ltr'>Amen.</span> 
     </span>
    </p>
   </div>
   <div class='ocr_carea' id='block_1_33' title="bbox 299 3294 1862 3370">
    <p class='ocr_par' dir='ltr' id='par_1_33' title="bbox 299 3294 1862 3370">
     <span class='ocr_line' id='line_1_33' title="bbox 299 3294 1862 3370; baseline -0.002 -14"><span class='ocrx_word' id='word_1_185' title='bbox 299 3301 373 3356; x_wconf 79' lang='lat' dir='ltr'>Ut</span> <span class='ocrx_word' id='word_1_186' title='bbox 400 3316 536 3355; x_wconf 91' lang='lat' dir='ltr'>cum</span> <span class='ocrx_word' id='word_1_187' title='bbox 562 3300 769 3356; x_wconf 88' lang='lat' dir='ltr'>iterum</span> <span class='ocrx_word' id='word_1_188' title='bbox 787 3297 857 3354; x_wconf 92' lang='lat' dir='ltr'>ad</span> <span class='ocrx_word' id='word_1_189' title='bbox 875 3294 1253 3370; x_wconf 89' lang='lat' dir='ltr'>judicandum</span> <span class='ocrx_word' id='word_1_190' title='bbox 1289 3296 1529 3369; x_wconf 86' lang='lat' dir='ltr'>veneris,</span> <span class='ocrx_word' id='word_1_191' title='bbox 1575 3298 1766 3354; x_wconf 91' lang='lat' dir='ltr'>nullus</span> <span class='ocrx_word' id='word_1_192' title='bbox 1793 3315 1862 3354; x_wconf 84' lang='lat' dir='ltr'>ex</span> 
     </span>
    </p>
   </div>
   <div class='ocr_carea' id='block_1_34' title="bbox 229 3392 1862 3464">
    <p class='ocr_par' dir='ltr' id='par_1_34' title="bbox 229 3392 1862 3464">
     <span class='ocr_line' id='line_1_34' title="bbox 229 3392 1862 3464; baseline -0.002 -14"><span class='ocrx_word' id='word_1_193' title='bbox 229 3395 396 3451; x_wconf 91' lang='lat' dir='ltr'>nobis</span> <span class='ocrx_word' id='word_1_194' title='bbox 438 3399 567 3450; x_wconf 85' lang='lat' dir='ltr'>ante</span> <span class='ocrx_word' id='word_1_195' title='bbox 600 3393 845 3449; x_wconf 90' lang='lat' dir='ltr'>tribunal</span> <span class='ocrx_word' id='word_1_196' title='bbox 870 3397 1035 3448; x_wconf 90' lang='lat' dir='ltr'>tuum</span> <span class='ocrx_word' id='word_1_197' title='bbox 1062 3407 1192 3447; x_wconf 92' lang='lat' dir='ltr'>reus</span> <span class='ocrx_word' id='word_1_198' title='bbox 1227 3396 1528 3464; x_wconf 86' lang='lat' dir='ltr'>appareat;</span> <span class='ocrx_word' id='word_1_199' title='bbox 1579 3393 1673 3448; x_wconf 89' lang='lat' dir='ltr'>sed</span> <span class='ocrx_word' id='word_1_200' title='bbox 1695 3434 1709 3460; x_wconf 93' lang='lat'>,</span> <span class='ocrx_word' id='word_1_201' title='bbox 1750 3392 1862 3448; x_wconf 90' lang='lat' dir='ltr'>dis-</span> 
     </span>
    </p>
   </div>
   <div class='ocr_carea' id='block_1_35' title="bbox 229 3484 1862 3558">
    <p class='ocr_par' dir='ltr' id='par_1_35' title="bbox 229 3484 1862 3558">
     <span class='ocr_line' id='line_1_35' title="bbox 229 3484 1862 3558; baseline -0.003 -14"><span class='ocrx_word' id='word_1_202' title='bbox 229 3506 397 3546; x_wconf 87' lang='lat' dir='ltr'>cussa</span> <span class='ocrx_word' id='word_1_203' title='bbox 450 3488 515 3542; x_wconf 92' lang='lat' dir='ltr'>de</span> <span class='ocrx_word' id='word_1_204' title='bbox 566 3485 886 3558; x_wconf 88' lang='lat' dir='ltr'>pectoribus</span> <span class='ocrx_word' id='word_1_205' title='bbox 927 3485 1132 3540; x_wconf 90' lang='lat' dir='ltr'>nostris</span> <span class='ocrx_word' id='word_1_206' title='bbox 1181 3484 1424 3556; x_wconf 88' lang='lat' dir='ltr'>caligine</span> <span class='ocrx_word' id='word_1_207' title='bbox 1465 3485 1862 3554; x_wconf 89' lang='lat' dir='ltr'>tenebrarum,</span> 
     </span>
    </p>
   </div>
   <div class='ocr_carea' id='block_1_36' title="bbox 228 3569 1865 3656">
    <p class='ocr_par' dir='ltr' id='par_1_36' title="bbox 228 3569 1865 3656">
     <span class='ocr_line' id='line_1_36' title="bbox 228 3569 1865 3656; baseline -0.002 -18"><span class='ocrx_word' id='word_1_208' title='bbox 228 3584 556 3656; x_wconf 85' lang='lat' dir='ltr'>placeamus</span> <span class='ocrx_word' id='word_1_209' title='bbox 581 3579 904 3652; x_wconf 88' lang='lat' dir='ltr'>conspectui</span> <span class='ocrx_word' id='word_1_210' title='bbox 934 3583 1035 3634; x_wconf 91' lang='lat' dir='ltr'>tuo</span> <span class='ocrx_word' id='word_1_211' title='bbox 1052 3621 1066 3648; x_wconf 96' lang='lat'>,</span> <span class='ocrx_word' id='word_1_212' title='bbox 1094 3583 1151 3634; x_wconf 88' lang='lat' dir='ltr'>et</span> <span class='ocrx_word' id='word_1_213' title='bbox 1188 3579 1585 3650; x_wconf 89' lang='lat' dir='ltr'>perveniamus</span> <span class='ocrx_word' id='word_1_214' title='bbox 1609 3579 1678 3634; x_wconf 93' lang='lat' dir='ltr'>ad</span> <span class='ocrx_word' id='word_1_215' title='bbox 1714 3569 1865 3634; x_wconf 88' lang='lat' dir='ltr'>illam</span> 
     </span>
    </p>
   </div>
   <div class='ocr_carea' id='block_1_37' title="bbox 229 3672 1868 3747">
    <p class='ocr_par' dir='ltr' id='par_1_37' title="bbox 229 3672 1868 3747">
     <span class='ocr_line' id='line_1_37' title="bbox 229 3672 1868 3747; baseline -0.003 -14"><span class='ocrx_word' id='word_1_216' title='bbox 229 3684 448 3733; x_wconf 88' lang='lat' dir='ltr'>terram</span> <span class='ocrx_word' id='word_1_217' title='bbox 496 3691 666 3747; x_wconf 88' lang='lat' dir='ltr'>quam</span> <span class='ocrx_word' id='word_1_218' title='bbox 718 3672 891 3729; x_wconf 89' lang='lat' dir='ltr'>sancti</span> <span class='ocrx_word' id='word_1_219' title='bbox 948 3673 1031 3728; x_wconf 91' lang='lat' dir='ltr'>tui</span> <span class='ocrx_word' id='word_1_220' title='bbox 1076 3672 1134 3728; x_wconf 93' lang='lat' dir='ltr'>in</span> <span class='ocrx_word' id='word_1_221' title='bbox 1185 3673 1441 3745; x_wconf 90' lang='lat' dir='ltr'>requiem</span> <span class='ocrx_word' id='word_1_222' title='bbox 1502 3672 1868 3744; x_wconf 90' lang='lat' dir='ltr'>possidebunt</span> 
     </span>
    </p>
   </div>
   <div class='ocr_carea' id='block_1_38' title="bbox 229 3771 750 3827">
    <p class='ocr_par' dir='ltr' id='par_1_38' title="bbox 229 3771 750 3827">
     <span class='ocr_line' id='line_1_38' title="bbox 229 3771 750 3827; baseline -0.01 0"><span class='ocrx_word' id='word_1_223' title='bbox 229 3777 527 3827; x_wconf 70' lang='lat' dir='ltr'>aeternam.</span> <span class='ocrx_word' id='word_1_224' title='bbox 551 3771 750 3823; x_wconf 81' lang='lat' dir='ltr'>Amen.</span> 
     </span>
    </p>
   </div>
   <div class='ocr_carea' id='block_1_39' title="bbox 756 3866 1344 3920">
    <p class='ocr_par' dir='ltr' id='par_1_39' title="bbox 756 3866 1344 3920">
     <span class='ocr_line' id='line_1_39' title="bbox 756 3866 1344 3920; baseline 0.002 -1"><span class='ocrx_word' id='word_1_225' title='bbox 756 3870 876 3919; x_wconf 89' lang='lat' dir='ltr'>Post</span> <span class='ocrx_word' id='word_1_226' title='bbox 901 3866 1344 3920; x_wconf 86' lang='lat' dir='ltr'>communionem.</span> 
     </span>
    </p>
   </div>
   <div class='ocr_carea' id='block_1_40' title="bbox 294 3953 1864 4027">
    <p class='ocr_par' dir='ltr' id='par_1_40' title="bbox 294 3953 1864 4027">
     <span class='ocr_line' id='line_1_40' title="bbox 294 3953 1864 4027; baseline -0.004 -12"><span class='ocrx_word' id='word_1_227' title='bbox 294 3960 438 4015; x_wconf 87' lang='lat' dir='ltr'>Cibo</span> <span class='ocrx_word' id='word_1_228' title='bbox 458 3956 670 4013; x_wconf 63' lang='lat' dir='ltr'>celesti</span> <span class='ocrx_word' id='word_1_229' title='bbox 699 3955 964 4027; x_wconf 89' lang='lat' dir='ltr'>saginati,</span> <span class='ocrx_word' id='word_1_230' title='bbox 996 3961 1050 4012; x_wconf 92' lang='lat' dir='ltr'>et</span> <span class='ocrx_word' id='word_1_231' title='bbox 1084 3956 1286 4027; x_wconf 91' lang='lat' dir='ltr'>poculo</span> <span class='ocrx_word' id='word_1_232' title='bbox 1328 3953 1528 4010; x_wconf 62' lang='lat' dir='ltr'>mterni</span> <span class='ocrx_word' id='word_1_233' title='bbox 1560 3953 1744 4009; x_wconf 90' lang='lat' dir='ltr'>calicis</span> <span class='ocrx_word' id='word_1_234' title='bbox 1772 3971 1864 4009; x_wconf 91' lang='lat' dir='ltr'>re-</span> 
     </span>
    </p>
   </div>
   <div class='ocr_carea' id='block_1_41' title="bbox 223 4048 1867 4122">
    <p class='ocr_par' dir='ltr' id='par_1_41' title="bbox 223 4048 1867 4122">
     <span class='ocr_line' id='line_1_41' title="bbox 223 4048 1867 4122; baseline -0.004 -12"><span class='ocrx_word' id='word_1_235' title='bbox 223 4054 423 4122; x_wconf 89' lang='lat' dir='ltr'>creati,</span> <span class='ocrx_word' id='word_1_236' title='bbox 455 4053 655 4107; x_wconf 82' lang='lat' dir='ltr'>fratres</span> <span class='ocrx_word' id='word_1_237' title='bbox 682 4049 974 4120; x_wconf 88' lang='lat' dir='ltr'>carissimi,</span> <span class='ocrx_word' id='word_1_238' title='bbox 1017 4049 1254 4104; x_wconf 91' lang='lat' dir='ltr'>Domino</span> <span class='ocrx_word' id='word_1_239' title='bbox 1285 4050 1398 4104; x_wconf 91' lang='lat' dir='ltr'>Deo</span> <span class='ocrx_word' id='word_1_240' title='bbox 1440 4052 1634 4104; x_wconf 89' lang='lat' dir='ltr'>nostro</span> <span class='ocrx_word' id='word_1_241' title='bbox 1672 4048 1867 4104; x_wconf 89' lang='lat' dir='ltr'>laudes</span> 
     </span>
    </p>
   </div>
   <div class='ocr_carea' id='block_1_42' title="bbox 225 4138 1862 4220">
    <p class='ocr_par' dir='ltr' id='par_1_42' title="bbox 225 4138 1862 4220">
     <span class='ocr_line' id='line_1_42' title="bbox 225 4138 1862 4220; baseline -0.004 -16"><span class='ocrx_word' id='word_1_242' title='bbox 225 4156 281 4204; x_wconf 90' lang='lat' dir='ltr'>et</span> <span class='ocrx_word' id='word_1_243' title='bbox 311 4143 524 4220; x_wconf 85' lang='lat' dir='ltr'>gratias</span> <span class='ocrx_word' id='word_1_244' title='bbox 552 4138 939 4199; x_wconf 86' lang='lat' dir='ltr'>indesinenter</span> <span class='ocrx_word' id='word_1_245' title='bbox 962 4159 1216 4215; x_wconf 86' lang='lat' dir='ltr'>agamus,</span> <span class='ocrx_word' id='word_1_246' title='bbox 1255 4147 1512 4215; x_wconf 84' lang='lat' dir='ltr'>petentes</span> <span class='ocrx_word' id='word_1_247' title='bbox 1551 4147 1616 4198; x_wconf 90' lang='lat' dir='ltr'>ut</span> <span class='ocrx_word' id='word_1_248' title='bbox 1646 4143 1745 4215; x_wconf 90' lang='lat' dir='ltr'>qui</span> <span class='ocrx_word' id='word_1_249' title='bbox 1773 4159 1862 4198; x_wconf 86' lang='lat' dir='ltr'>sa-</span> 
     </span>
    </p>
   </div>
   <div class='ocr_carea' id='block_1_43' title="bbox 224 4236 1863 4309">
    <p class='ocr_par' dir='ltr' id='par_1_43' title="bbox 224 4236 1863 4309">
     <span class='ocr_line' id='line_1_43' title="bbox 224 4236 1863 4309; baseline -0.004 -12"><span class='ocrx_word' id='word_1_250' title='bbox 224 4245 590 4298; x_wconf 86' lang='lat' dir='ltr'>crosanctum</span> <span class='ocrx_word' id='word_1_251' title='bbox 629 4254 833 4309; x_wconf 89' lang='lat' dir='ltr'>corpus</span> <span class='ocrx_word' id='word_1_252' title='bbox 863 4236 1084 4292; x_wconf 89' lang='lat' dir='ltr'>Domini</span> <span class='ocrx_word' id='word_1_253' title='bbox 1113 4236 1288 4293; x_wconf 86' lang='lat' dir='ltr'>nostri</span> <span class='ocrx_word' id='word_1_254' title='bbox 1313 4239 1444 4292; x_wconf 86' lang='lat' dir='ltr'>Jesu</span> <span class='ocrx_word' id='word_1_255' title='bbox 1468 4237 1672 4292; x_wconf 90' lang='lat' dir='ltr'>Christi</span> <span class='ocrx_word' id='word_1_256' title='bbox 1695 4237 1863 4308; x_wconf 89' lang='lat' dir='ltr'>spiri-</span> 
     </span>
    </p>
   </div>
   <div class='ocr_carea' id='block_1_44' title="bbox 224 4329 1862 4404">
    <p class='ocr_par' dir='ltr' id='par_1_44' title="bbox 224 4329 1862 4404">
     <span class='ocr_line' id='line_1_44' title="bbox 224 4329 1862 4404; baseline -0.002 -13"><span class='ocrx_word' id='word_1_257' title='bbox 224 4335 417 4391; x_wconf 84' lang='lat' dir='ltr'>taliter</span> <span class='ocrx_word' id='word_1_258' title='bbox 439 4331 805 4404; x_wconf 87' lang='lat' dir='ltr'>sumpsimus,</span> <span class='ocrx_word' id='word_1_259' title='bbox 838 4330 994 4386; x_wconf 86' lang='lat' dir='ltr'>exuti</span> <span class='ocrx_word' id='word_1_260' title='bbox 1020 4347 1053 4384; x_wconf 88' lang='lat' dir='ltr'>a</span> <span class='ocrx_word' id='word_1_261' title='bbox 1078 4329 1394 4385; x_wconf 89' lang='lat' dir='ltr'>carnalibus</span> <span class='ocrx_word' id='word_1_262' title='bbox 1439 4329 1610 4400; x_wconf 86' lang='lat' dir='ltr'>vitiis,</span> <span class='ocrx_word' id='word_1_263' title='bbox 1637 4330 1862 4402; x_wconf 86' lang='lat' dir='ltr'>spirita-</span> 
     </span>
    </p>
   </div>
   <div class='ocr_carea' id='block_1_45' title="bbox 221 4423 1866 4485">
    <p class='ocr_par' dir='ltr' id='par_1_45' title="bbox 221 4423 1866 4485">
     <span class='ocr_line' id='line_1_45' title="bbox 221 4423 1866 4485; baseline -0.002 -1"><span class='ocrx_word' id='word_1_264' title='bbox 221 4428 304 4485; x_wconf 90' lang='lat' dir='ltr'>les</span> <span class='ocrx_word' id='word_1_265' title='bbox 335 4427 488 4484; x_wconf 82' lang='lat' dir='ltr'>effici</span> <span class='ocrx_word' id='word_1_266' title='bbox 513 4440 856 4482; x_wconf 87' lang='lat' dir='ltr'>mereamur.</span> <span class='ocrx_word' id='word_1_267' title='bbox 897 4426 1001 4480; x_wconf 89' lang='lat' dir='ltr'>Per</span> <span class='ocrx_word' id='word_1_268' title='bbox 1040 4423 1343 4480; x_wconf 89' lang='lat' dir='ltr'>Dominum</span> <span class='ocrx_word' id='word_1_269' title='bbox 1384 4428 1646 4480; x_wconf 88' lang='lat' dir='ltr'>nostrum</span> <span class='ocrx_word' id='word_1_270' title='bbox 1674 4426 1866 4481; x_wconf 86' lang='lat' dir='ltr'>Jesum</span> 
     </span>
    </p>
   </div>
   <div class='ocr_carea' id='block_1_46' title="bbox 225 4522 650 4577">
    <p class='ocr_par' dir='ltr' id='par_1_46' title="bbox 225 4522 650 4577">
     <span class='ocr_line' id='line_1_46' title="bbox 225 4522 650 4577; baseline -0.002 0"><span class='ocrx_word' id='word_1_271' title='bbox 225 4522 438 4577; x_wconf 80' lang='lat' dir='ltr'>Filium</span> <span class='ocrx_word' id='word_1_272' title='bbox 459 4537 650 4576; x_wconf 87' lang='lat' dir='ltr'>suum.</span> 
     </span>
    </p>
   </div>
   <div class='ocr_carea' id='block_1_47' title="bbox 764 4610 1282 4676">
    <p class='ocr_par' dir='ltr' id='par_1_47' title="bbox 764 4610 1282 4676">
     <span class='ocr_line' id='line_1_47' title="bbox 764 4610 1282 4676; baseline -0.006 -12"><span class='ocrx_word' id='word_1_273' title='bbox 764 4612 1009 4664; x_wconf 88' lang='lat' dir='ltr'>Collectio</span> <span class='ocrx_word' id='word_1_274' title='bbox 1034 4610 1282 4676; x_wconf 86' lang='lat' dir='ltr'>sequitur.</span> 
     </span>
    </p>
   </div>
   <div class='ocr_carea' id='block_1_48' title="bbox 293 4705 1862 4779">
    <p class='ocr_par' dir='ltr' id='par_1_48' title="bbox 293 4705 1862 4779">
     <span class='ocr_line' id='line_1_48' title="bbox 293 4705 1862 4779; baseline -0.002 -14"><span class='ocrx_word' id='word_1_275' title='bbox 293 4711 382 4766; x_wconf 86' lang='lat' dir='ltr'>Sit</span> <span class='ocrx_word' id='word_1_276' title='bbox 400 4709 592 4779; x_wconf 91' lang='lat' dir='ltr'>nobis,</span> <span class='ocrx_word' id='word_1_277' title='bbox 638 4709 904 4779; x_wconf 89' lang='lat' dir='ltr'>Domine,</span> <span class='ocrx_word' id='word_1_278' title='bbox 949 4722 1308 4779; x_wconf 85' lang='lat' dir='ltr'>quaesumus,</span> <span class='ocrx_word' id='word_1_279' title='bbox 1338 4705 1621 4762; x_wconf 88' lang='lat' dir='ltr'>medicina</span> <span class='ocrx_word' id='word_1_280' title='bbox 1657 4707 1862 4763; x_wconf 90' lang='lat' dir='ltr'>mentis</span> 
     </span>
    </p>
   </div>
   <div class='ocr_carea' id='block_1_49' title="bbox 221 4800 1862 4875">
    <p class='ocr_par' dir='ltr' id='par_1_49' title="bbox 221 4800 1862 4875">
     <span class='ocr_line' id='line_1_49' title="bbox 221 4800 1862 4875; baseline -0.001 -17"><span class='ocrx_word' id='word_1_281' title='bbox 221 4809 280 4858; x_wconf 88' lang='lat' dir='ltr'>et</span> <span class='ocrx_word' id='word_1_282' title='bbox 309 4803 584 4875; x_wconf 90' lang='lat' dir='ltr'>corporis,</span> <span class='ocrx_word' id='word_1_283' title='bbox 623 4803 774 4875; x_wconf 89' lang='lat' dir='ltr'>quod</span> <span class='ocrx_word' id='word_1_284' title='bbox 816 4804 884 4858; x_wconf 88' lang='lat' dir='ltr'>de</span> <span class='ocrx_word' id='word_1_285' title='bbox 921 4801 1099 4858; x_wconf 89' lang='lat' dir='ltr'>sancti</span> <span class='ocrx_word' id='word_1_286' title='bbox 1137 4800 1328 4856; x_wconf 89' lang='lat' dir='ltr'>altaris</span> <span class='ocrx_word' id='word_1_287' title='bbox 1363 4801 1448 4856; x_wconf 89' lang='lat' dir='ltr'>tui</span> <span class='ocrx_word' id='word_1_288' title='bbox 1473 4800 1862 4856; x_wconf 90' lang='lat' dir='ltr'>benedictione</span> 
     </span>
    </p>
   </div>
   <div class='ocr_carea' id='block_1_50' title="bbox 221 4889 1860 4970">
    <p class='ocr_par' dir='ltr' id='par_1_50' title="bbox 221 4889 1860 4970">
     <span class='ocr_line' id='line_1_50' title="bbox 221 4889 1860 4970; baseline -0.002 -17"><span class='ocrx_word' id='word_1_289' title='bbox 221 4895 609 4970; x_wconf 87' lang='lat' dir='ltr'>percipimus,</span> <span class='ocrx_word' id='word_1_290' title='bbox 649 4901 715 4952; x_wconf 90' lang='lat' dir='ltr'>ut</span> <span class='ocrx_word' id='word_1_291' title='bbox 753 4897 921 4952; x_wconf 91' lang='lat' dir='ltr'>nullis</span> <span class='ocrx_word' id='word_1_292' title='bbox 964 4895 1395 4951; x_wconf 88' lang='lat' dir='ltr'>adversitatibus</span> <span class='ocrx_word' id='word_1_293' title='bbox 1439 4889 1860 4966; x_wconf 78' lang='lat' dir='ltr'>opprimemur,</span> 
     </span>
    </p>
   </div>
   <div class='ocr_carea' id='block_1_51' title="bbox 221 4989 1860 5063">
    <p class='ocr_par' dir='ltr' id='par_1_51' title="bbox 221 4989 1860 5063">
     <span class='ocr_line' id='line_1_51' title="bbox 221 4989 1860 5063; baseline -0.001 -18"><span class='ocrx_word' id='word_1_294' title='bbox 221 4991 326 5063; x_wconf 91' lang='lat' dir='ltr'>qui</span> <span class='ocrx_word' id='word_1_295' title='bbox 358 4991 501 5046; x_wconf 88' lang='lat' dir='ltr'>tanti</span> <span class='ocrx_word' id='word_1_296' title='bbox 529 4990 768 5047; x_wconf 89' lang='lat' dir='ltr'>remedii</span> <span class='ocrx_word' id='word_1_297' title='bbox 806 4989 1231 5062; x_wconf 88' lang='lat' dir='ltr'>participatione</span> <span class='ocrx_word' id='word_1_298' title='bbox 1273 4989 1587 5044; x_wconf 88' lang='lat' dir='ltr'>munimur.</span> <span class='ocrx_word' id='word_1_299' title='bbox 1617 4989 1722 5045; x_wconf 88' lang='lat' dir='ltr'>Per</span> <span class='ocrx_word' id='word_1_300' title='bbox 1752 4991 1860 5044; x_wconf 92' lang='lat' dir='ltr'>Do-</span> 
     </span>
    </p>
   </div>
   <div class='ocr_carea' id='block_1_52' title="bbox 219 5083 1701 5141">
    <p class='ocr_par' dir='ltr' id='par_1_52' title="bbox 219 5083 1701 5141">
     <span class='ocr_line' id='line_1_52' title="bbox 219 5083 1701 5141; baseline -0.002 0"><span class='ocrx_word' id='word_1_301' title='bbox 219 5086 452 5140; x_wconf 88' lang='lat' dir='ltr'>minum</span> <span class='ocrx_word' id='word_1_302' title='bbox 475 5090 734 5141; x_wconf 89' lang='lat' dir='ltr'>nostrum</span> <span class='ocrx_word' id='word_1_303' title='bbox 752 5086 940 5141; x_wconf 71' lang='lat' dir='ltr'>Iesum</span> <span class='ocrx_word' id='word_1_304' title='bbox 965 5083 1254 5139; x_wconf 89' lang='lat' dir='ltr'>Christum</span> <span class='ocrx_word' id='word_1_305' title='bbox 1283 5083 1488 5138; x_wconf 86' lang='lat' dir='ltr'>Filium</span> <span class='ocrx_word' id='word_1_306' title='bbox 1519 5088 1701 5139; x_wconf 88' lang='lat' dir='ltr'>tuum.</span> 
     </span>
    </p>
   </div>
   <div class='ocr_carea' id='block_1_53' title="bbox 221 5248 1861 5305">
    <p class='ocr_par' dir='ltr' id='par_1_53' title="bbox 221 5248 1861 5305">
     <span class='ocr_line' id='line_1_53' title="bbox 221 5248 1861 5305; baseline 0 -1"><span class='ocrx_word' id='word_1_307' title='bbox 221 5250 414 5305; x_wconf 84' lang='lat' dir='ltr'>forsan</span> <span class='ocrx_word' id='word_1_308' title='bbox 458 5251 630 5305; x_wconf 86' lang='lat' dir='ltr'>etiam</span> <span class='ocrx_word' id='word_1_309' title='bbox 666 5250 728 5303; x_wconf 90' lang='lat' dir='ltr'>in</span> <span class='ocrx_word' id='word_1_310' title='bbox 774 5248 1048 5304; x_wconf 88' lang='lat' dir='ltr'>Gallicano</span> <span class='ocrx_word' id='word_1_311' title='bbox 1087 5250 1164 5304; x_wconf 94' lang='lat' dir='ltr'>sic</span> <span class='ocrx_word' id='word_1_312' title='bbox 1212 5248 1401 5304; x_wconf 73' lang='lat' dir='ltr'>efferri</span> <span class='ocrx_word' id='word_1_313' title='bbox 1427 5249 1717 5304; x_wconf 84' lang='lat' dir='ltr'>solebant:</span> <span class='ocrx_word' id='word_1_314' title='bbox 1753 5251 1861 5304; x_wconf 89' lang='lat' dir='ltr'>Hoc</span> 
     </span>
    </p>
   </div>
   <div class='ocr_carea' id='block_1_54' title="bbox 223 5321 1859 5392">
    <p class='ocr_par' dir='ltr' id='par_1_54' title="bbox 223 5321 1859 5392">
     <span class='ocr_line' id='line_1_54' title="bbox 223 5321 1859 5392; baseline -0.001 -16"><span class='ocrx_word' id='word_1_315' title='bbox 223 5328 297 5376; x_wconf 81' lang='lat' dir='ltr'>est</span> <span class='ocrx_word' id='word_1_316' title='bbox 334 5325 475 5376; x_wconf 80' lang='lat' dir='ltr'>enim</span> <span class='ocrx_word' id='word_1_317' title='bbox 520 5337 710 5392; x_wconf 84' lang='lat' dir='ltr'>corpus</span> <span class='ocrx_word' id='word_1_318' title='bbox 747 5336 941 5382; x_wconf 87' lang='lat' dir='ltr'>meum,</span> <span class='ocrx_word' id='word_1_319' title='bbox 967 5322 1122 5392; x_wconf 80' lang='lat' dir='ltr'>quod</span> <span class='ocrx_word' id='word_1_320' title='bbox 1148 5336 1250 5390; x_wconf 82' lang='lat' dir='ltr'>pro</span> <span class='ocrx_word' id='word_1_321' title='bbox 1278 5321 1429 5376; x_wconf 81' lang='lat' dir='ltr'>vobis</span> <span class='ocrx_word' id='word_1_322' title='bbox 1470 5322 1859 5388; x_wconf 58' lang='lat' dir='ltr'>confringet-1w.</span> 
     </span>
    </p>
   </div>
   <div class='ocr_carea' id='block_1_55' title="bbox 291 5391 1860 5463">
    <p class='ocr_par' dir='ltr' id='par_1_55' title="bbox 291 5391 1860 5463">
     <span class='ocr_line' id='line_1_55' title="bbox 291 5391 1860 5463; baseline -0.002 -16"><span class='ocrx_word' id='word_1_323' title='bbox 291 5394 436 5457; x_wconf 81' lang='lat' dir='ltr'>Quae</span> <span class='ocrx_word' id='word_1_324' title='bbox 465 5391 636 5448; x_wconf 76' lang='lat' dir='ltr'>verba</span> <span class='ocrx_word' id='word_1_325' title='bbox 661 5409 728 5447; x_wconf 85' lang='lat' dir='ltr'>ex</span> <span class='ocrx_word' id='word_1_326' title='bbox 753 5391 1020 5463; x_wconf 88' lang='lat' dir='ltr'>Apostolo</span> <span class='ocrx_word' id='word_1_327' title='bbox 1044 5391 1341 5462; x_wconf 88' lang='lat' dir='ltr'>desumpta</span> <span class='ocrx_word' id='word_1_328' title='bbox 1359 5397 1509 5459; x_wconf 92' lang='lat' dir='ltr'>sunt,</span> <span class='ocrx_word' id='word_1_329' title='bbox 1528 5407 1736 5461; x_wconf 91' lang='lat' dir='ltr'>nempe</span> <span class='ocrx_word' id='word_1_330' title='bbox 1754 5407 1821 5463; x_wconf 78' lang='lat' dir='ltr'>ex</span> <span class='ocrx_word' id='word_1_331' title='bbox 1844 5407 1860 5445; x_wconf 77' lang='grc' dir='ltr'>ι</span> 
     </span>
    </p>
   </div>
   <div class='ocr_carea' id='block_1_56' title="bbox 220 5462 1857 5534">
    <p class='ocr_par' dir='ltr' id='par_1_56' title="bbox 220 5462 1857 5534">
     <span class='ocr_line' id='line_1_56' title="bbox 220 5462 1857 5534; baseline 0.001 -17"><span class='ocrx_word' id='word_1_332' title='bbox 220 5464 292 5518; x_wconf 87' lang='lat' dir='ltr'>ad</span> <span class='ocrx_word' id='word_1_333' title='bbox 346 5463 685 5533; x_wconf 87' lang='lat' dir='ltr'>Corinthios,</span> <span class='ocrx_word' id='word_1_334' title='bbox 742 5462 867 5534; x_wconf 88' lang='lat' dir='ltr'>cap.</span> <span class='ocrx_word' id='word_1_335' title='bbox 917 5478 978 5531; x_wconf 79' lang='grc' dir='ltr'>ιι,</span> <span class='ocrx_word' id='word_1_336' title='bbox 1038 5463 1126 5530; x_wconf 79' lang='grc'>24,</span> <span class='ocrx_word' id='word_1_337' title='bbox 1171 5470 1412 5534; x_wconf 79' lang='grc' dir='ltr'>κλώμενον</span> <span class='ocrx_word' id='word_1_338' title='bbox 1456 5463 1516 5517; x_wconf 91' lang='lat' dir='ltr'>in</span> <span class='ocrx_word' id='word_1_339' title='bbox 1567 5463 1739 5534; x_wconf 88' lang='lat' dir='ltr'>Greco</span> <span class='ocrx_word' id='word_1_340' title='bbox 1778 5462 1857 5518; x_wconf 86' lang='lat' dir='ltr'>le-</span> 
     </span>
    </p>
   </div>
   <div class='ocr_carea' id='block_1_57' title="bbox 267 5533 1856 5606">
    <p class='ocr_par' dir='ltr' id='par_1_57' title="bbox 267 5533 1856 5606">
     <span class='ocr_line' id='line_1_57' title="bbox 267 5533 1856 5606; baseline 0 -18"><span class='ocrx_word' id='word_1_341' title='bbox 267 5535 404 5604; x_wconf 87' lang='lat' dir='ltr'>itur,</span> <span class='ocrx_word' id='word_1_342' title='bbox 447 5535 508 5589; x_wconf 90' lang='lat' dir='ltr'>id</span> <span class='ocrx_word' id='word_1_343' title='bbox 550 5541 635 5590; x_wconf 91' lang='lat' dir='ltr'>est</span> <span class='ocrx_word' id='word_1_344' title='bbox 669 5533 1139 5606; x_wconf 29' lang='lat' dir='ltr'>quod’fra-ngitur,</span> <span class='ocrx_word' id='word_1_345' title='bbox 1190 5533 1250 5588; x_wconf 92' lang='lat' dir='ltr'>in</span> <span class='ocrx_word' id='word_1_346' title='bbox 1280 5533 1549 5606; x_wconf 78' lang='lat' dir='ltr'>Vulgata,</span> <span class='ocrx_word' id='word_1_347' title='bbox 1590 5533 1856 5606; x_wconf 61' lang='lat' dir='ltr'>tradetur.</span> 
     </span>
    </p>
   </div>
   <div class='ocr_carea' id='block_1_58' title="bbox 221 5550 1857 5676">
    <p class='ocr_par' dir='ltr' id='par_1_58' title="bbox 221 5550 1857 5676">
     <span class='ocr_line' id='line_1_58' title="bbox 286 5550 1856 5606; baseline 0 -18"><span class='ocrx_word' id='word_1_348' title='bbox 286 5550 404 5604; x_wconf 78' lang='lat' dir='ltr'>tur,</span> <span class='ocrx_word' id='word_1_349' title='bbox 447 5550 508 5589; x_wconf 82' lang='grc' dir='ltr'>ια</span> <span class='ocrx_word' id='word_1_350' title='bbox 550 5550 635 5590; x_wconf 84' lang='lat' dir='ltr'>est</span> <span class='ocrx_word' id='word_1_351' title='bbox 669 5550 812 5606; x_wconf 85' lang='lat' dir='ltr'>quoa</span> <span class='ocrx_word' id='word_1_352' title='bbox 838 5550 1139 5603; x_wconf 70' lang='lat' dir='ltr'>frangitur,</span> <span class='ocrx_word' id='word_1_353' title='bbox 1190 5551 1250 5588; x_wconf 80' lang='lat' dir='ltr'>in</span> <span class='ocrx_word' id='word_1_354' title='bbox 1301 5550 1549 5606; x_wconf 75' lang='lat' dir='ltr'>vulgata,</span> <span class='ocrx_word' id='word_1_355' title='bbox 1590 5550 1856 5588; x_wconf 74' lang='lat' dir='ltr'>tradetur.</span> 
     </span>
     <span class='ocr_line' id='line_1_59' title="bbox 221 5550 1857 5676; baseline 0.001 -18"><span class='ocrx_word' id='word_1_356' title='bbox 221 5550 717 5668; x_wconf 58' lang='lat' dir='ltr'>gnemdmodlim</span> <span class='ocrx_word' id='word_1_357' title='bbox 743 5622 874 5661; x_wconf 90' lang='lat' dir='ltr'>vero</span> <span class='ocrx_word' id='word_1_358' title='bbox 902 5611 1030 5676; x_wconf 90' lang='lat' dir='ltr'>post</span> <span class='ocrx_word' id='word_1_359' title='bbox 1049 5608 1280 5663; x_wconf 84' lang='lat' dir='ltr'>Sanctus</span> <span class='ocrx_word' id='word_1_360' title='bbox 1309 5605 1366 5658; x_wconf 93' lang='lat' dir='ltr'>in</span> <span class='ocrx_word' id='word_1_361' title='bbox 1396 5606 1501 5658; x_wconf 87' lang='lat' dir='ltr'>hoc</span> <span class='ocrx_word' id='word_1_362' title='bbox 1523 5605 1719 5659; x_wconf 88' lang='lat' dir='ltr'>ordine</span> <span class='ocrx_word' id='word_1_363' title='bbox 1748 5605 1857 5659; x_wconf 90' lang='lat' dir='ltr'>Go-</span> 
     </span>
    </p>
   </div>
   <div class='ocr_carea' id='block_1_59' title="bbox 222 5676 1861 5750">
    <p class='ocr_par' dir='ltr' id='par_1_59' title="bbox 222 5676 1861 5750">
     <span class='ocr_line' id='line_1_60' title="bbox 222 5676 1861 5750; baseline -0.001 -18"><span class='ocrx_word' id='word_1_364' title='bbox 222 5676 392 5750; x_wconf 17' lang='lat' dir='ltr'>thico,</span> <span class='ocrx_word' id='word_1_365' title='bbox 434 5677 580 5732; x_wconf 87' lang='lat' dir='ltr'>solet</span> <span class='ocrx_word' id='word_1_366' title='bbox 615 5683 870 5750; x_wconf 83' lang='lat' dir='ltr'>repetere</span> <span class='ocrx_word' id='word_1_367' title='bbox 915 5677 1170 5733; x_wconf 87' lang='lat' dir='ltr'>sacerdos</span> <span class='ocrx_word' id='word_1_368' title='bbox 1218 5693 1231 5731; x_wconf 90' lang='lat'><strong>:</strong></span> <span class='ocrx_word' id='word_1_369' title='bbox 1289 5679 1423 5735; x_wconf 82' lang='lat' dir='ltr'>Vere</span> <span class='ocrx_word' id='word_1_370' title='bbox 1461 5681 1698 5750; x_wconf 65' lang='lat' dir='ltr'>sanctas,</span> <span class='ocrx_word' id='word_1_371' title='bbox 1740 5691 1861 5732; x_wconf 76' lang='lat' dir='ltr'>vere</span> 
     </span>
    </p>
   </div>
   <div class='ocr_carea' id='block_1_60' title="bbox 227 5747 1856 5824">
    <p class='ocr_par' dir='ltr' id='par_1_60' title="bbox 227 5747 1856 5824">
     <span class='ocr_line' id='line_1_61' title="bbox 227 5747 1856 5824; baseline 0.001 -20"><span class='ocrx_word' id='word_1_372' title='bbox 227 5748 566 5824; x_wconf 53' lang='lat' dir='ltr'>benedicti“;</span> <span class='ocrx_word' id='word_1_373' title='bbox 617 5747 701 5804; x_wconf 74' lang='lat' dir='ltr'>sic</span> <span class='ocrx_word' id='word_1_374' title='bbox 750 5754 807 5824; x_wconf 87' lang='lat' dir='ltr'>et</span> <span class='ocrx_word' id='word_1_375' title='bbox 855 5753 980 5824; x_wconf 88' lang='lat' dir='ltr'>post</span> <span class='ocrx_word' id='word_1_376' title='bbox 1005 5753 1305 5824; x_wconf 85' lang='lat' dir='ltr'>utramque</span> <span class='ocrx_word' id='word_1_377' title='bbox 1341 5747 1856 5824; x_wconf 83' lang='lat' dir='ltr'>consecrationem,</span> 
     </span>
    </p>
   </div>
   <div class='ocr_carea' id='block_1_61' title="bbox 227 5819 1859 5893">
    <p class='ocr_par' dir='ltr' id='par_1_61' title="bbox 227 5819 1859 5893">
     <span class='ocr_line' id='line_1_62' title="bbox 227 5819 1859 5893; baseline 0 -19"><span class='ocrx_word' id='word_1_378' title='bbox 227 5819 416 5876; x_wconf 83' lang='lat' dir='ltr'>dicto:</span> <span class='ocrx_word' id='word_1_379' title='bbox 465 5823 590 5877; x_wconf 72' lang='lat' dir='ltr'>Haec</span> <span class='ocrx_word' id='word_1_380' title='bbox 621 5819 1032 5893; x_wconf 63' lang='lat' dir='ltr'>quotiescunque</span> <span class='ocrx_word' id='word_1_381' title='bbox 1058 5819 1314 5890; x_wconf 66' lang='lat' dir='ltr'>feceritis,</span> <span class='ocrx_word' id='word_1_382' title='bbox 1336 5823 1393 5876; x_wconf 78' lang='lat' dir='ltr'>in</span> <span class='ocrx_word' id='word_1_383' title='bbox 1421 5823 1525 5876; x_wconf 78' lang='lat' dir='ltr'>mei</span> <span class='ocrx_word' id='word_1_384' title='bbox 1548 5823 1859 5877; x_wconf 80' lang='lat' dir='ltr'>memoriam</span> 
     </span>
    </p>
   </div>
   <div class='ocr_carea' id='block_1_62' title="bbox 1347 275 2560 335">
    <p class='ocr_par' dir='ltr' id='par_1_62' title="bbox 1347 275 2560 335">
     <span class='ocr_line' id='line_1_63' title="bbox 1347 275 2560 335; baseline 0.001 -4"><span class='ocrx_word' id='word_1_385' title='bbox 1347 277 1432 332; x_wconf 86' lang='lat' dir='ltr'>DE</span> <span class='ocrx_word' id='word_1_386' title='bbox 1471 275 1783 333; x_wconf 81' lang='lat' dir='ltr'>LITURGIA</span> <span class='ocrx_word' id='word_1_387' title='bbox 1823 278 2193 335; x_wconf 79' lang='lat' dir='ltr'>GALLICANA</span> <span class='ocrx_word' id='word_1_388' title='bbox 2234 277 2430 334; x_wconf 81' lang='lat' dir='ltr'><strong>LIBER</strong></span> <span class='ocrx_word' id='word_1_389' title='bbox 2471 278 2560 333; x_wconf 86' lang='lat' dir='ltr'>IlI.</span> 
     </span>
    </p>
   </div>
   <div class='ocr_carea' id='block_1_63' title="bbox 3509 288 3611 338">
    <p class='ocr_par' dir='ltr' id='par_1_63' title="bbox 3509 288 3611 338">
     <span class='ocr_line' id='line_1_64' title="bbox 3509 288 3611 338; baseline 0 0"><span class='ocrx_word' id='word_1_390' title='bbox 3509 288 3611 338; x_wconf 80' lang='lat'>230</span> 
     </span>
    </p>
   </div>
   <div class='ocr_carea' id='block_1_64' title="bbox 2136 389 3456 447">
    <p class='ocr_par' dir='ltr' id='par_1_64' title="bbox 2136 389 3456 447">
     <span class='ocr_line' id='line_1_65' title="bbox 2136 389 3456 447; baseline 0.004 -5"><span class='ocrx_word' id='word_1_391' title='bbox 2136 389 2196 443; x_wconf 88' lang='lat' dir='ltr'>V.</span> <span class='ocrx_word' id='word_1_392' title='bbox 2238 403 2381 444; x_wconf 77' lang='lat' dir='ltr'>cano</span> <span class='ocrx_word' id='word_1_393' title='bbox 2423 404 2595 444; x_wconf 67' lang='lat' dir='ltr'>MISSE</span> <span class='ocrx_word' id='word_1_394' title='bbox 2633 404 2687 443; x_wconf 75' lang='lat' dir='ltr'>1s</span> <span class='ocrx_word' id='word_1_395' title='bbox 2727 403 2930 444; x_wconf 73' lang='lat' dir='ltr'>NATALE</span> <span class='ocrx_word' id='word_1_396' title='bbox 2969 401 3156 444; x_wconf 60' lang='lat' dir='ltr'>sum</span> <span class='ocrx_word' id='word_1_397' title='bbox 3197 402 3456 447; x_wconf 78' lang='lat' dir='ltr'>STEPHANI</span> 
     </span>
    </p>
   </div>
   <div class='ocr_carea' id='block_1_65' title="bbox 2551 474 3019 516">
    <p class='ocr_par' dir='ltr' id='par_1_65' title="bbox 2551 474 3019 516">
     <span class='ocr_line' id='line_1_66' title="bbox 2551 474 3019 516; baseline 0 -1"><span class='ocrx_word' id='word_1_398' title='bbox 2551 474 3019 516; x_wconf 74' lang='lat' dir='ltr'>PROTOMARTYRIS.</span> 
     </span>
    </p>
   </div>
   <div class='ocr_carea' id='block_1_66' title="bbox 2659 552 2942 602">
    <p class='ocr_par' dir='ltr' id='par_1_66' title="bbox 2659 552 2942 602">
     <span class='ocr_line' id='line_1_67' title="bbox 2659 552 2942 602; baseline 0 -1"><span class='ocrx_word' id='word_1_399' title='bbox 2659 552 2942 602; x_wconf 70' lang='lat' dir='ltr'>Przefatio‘.</span> 
     </span>
    </p>
   </div>
   <div class='ocr_carea' id='block_1_67' title="bbox 2049 641 3608 722">
    <p class='ocr_par' dir='ltr' id='par_1_67' title="bbox 2049 641 3608 722">
     <span class='ocr_line' id='line_1_68' title="bbox 2049 641 3608 722; baseline 0.009 -28"><span class='ocrx_word' id='word_1_400' title='bbox 2049 641 2440 697; x_wconf 86' lang='lat' dir='ltr'>Venerabilem</span> <span class='ocrx_word' id='word_1_401' title='bbox 2484 646 2654 713; x_wconf 87' lang='lat' dir='ltr'>atque</span> <span class='ocrx_word' id='word_1_402' title='bbox 2705 642 3008 699; x_wconf 90' lang='lat' dir='ltr'>sublimem</span> <span class='ocrx_word' id='word_1_403' title='bbox 3057 645 3364 705; x_wconf 88' lang='lat' dir='ltr'>beatissimi</span> <span class='ocrx_word' id='word_1_404' title='bbox 3414 656 3608 722; x_wconf 90' lang='lat' dir='ltr'>proto-</span> 
     </span>
    </p>
   </div>
   <div class='ocr_carea' id='block_1_68' title="bbox 1977 735 3607 814">
    <p class='ocr_par' dir='ltr' id='par_1_68' title="bbox 1977 735 3607 814">
     <span class='ocr_line' id='line_1_69' title="bbox 1977 735 3607 814; baseline 0.007 -24"><span class='ocrx_word' id='word_1_405' title='bbox 1977 735 2242 806; x_wconf 81' lang='lat' dir='ltr'>martyris</span> <span class='ocrx_word' id='word_1_406' title='bbox 2297 735 2568 806; x_wconf 87' lang='lat' dir='ltr'>Stephani</span> <span class='ocrx_word' id='word_1_407' title='bbox 2627 735 2943 805; x_wconf 86' lang='lat' dir='ltr'>passionem</span> <span class='ocrx_word' id='word_1_408' title='bbox 3006 739 3173 796; x_wconf 89' lang='lat' dir='ltr'>hodie</span> <span class='ocrx_word' id='word_1_409' title='bbox 3225 743 3607 814; x_wconf 89' lang='lat' dir='ltr'>celebrantes,</span> 
     </span>
    </p>
   </div>
   <div class='ocr_carea' id='block_1_69' title="bbox 1977 829 3612 908">
    <p class='ocr_par' dir='ltr' id='par_1_69' title="bbox 1977 829 3612 908">
     <span class='ocr_line' id='line_1_70' title="bbox 1977 829 3612 908; baseline 0.009 -27"><span class='ocrx_word' id='word_1_410' title='bbox 1977 829 2154 882; x_wconf 90' lang='lat' dir='ltr'>Deum</span> <span class='ocrx_word' id='word_1_411' title='bbox 2181 832 2517 898; x_wconf 81' lang='lat' dir='ltr'>martyrum,</span> <span class='ocrx_word' id='word_1_412' title='bbox 2547 829 2747 884; x_wconf 87' lang='lat' dir='ltr'>fratres</span> <span class='ocrx_word' id='word_1_413' title='bbox 2786 831 3086 904; x_wconf 81' lang='lat' dir='ltr'>carissimi,</span> <span class='ocrx_word' id='word_1_414' title='bbox 3115 835 3506 908; x_wconf 88' lang='lat' dir='ltr'>deprecemur,</span> <span class='ocrx_word' id='word_1_415' title='bbox 3546 845 3612 894; x_wconf 91' lang='lat' dir='ltr'>ut</span> 
     </span>
    </p>
   </div>
   <div class='ocr_carea' id='block_1_70' title="bbox 1978 921 3609 994">
    <p class='ocr_par' dir='ltr' id='par_1_70' title="bbox 1978 921 3609 994">
     <span class='ocr_line' id='line_1_71' title="bbox 1978 921 3609 994; baseline 0.009 -19"><span class='ocrx_word' id='word_1_416' title='bbox 1978 921 2120 976; x_wconf 92' lang='lat' dir='ltr'>sicut</span> <span class='ocrx_word' id='word_1_417' title='bbox 2139 921 2224 975; x_wconf 91' lang='lat' dir='ltr'>illi</span> <span class='ocrx_word' id='word_1_418' title='bbox 2245 922 2719 994; x_wconf 87' lang='lat' dir='ltr'>contemplatione</span> <span class='ocrx_word' id='word_1_419' title='bbox 2739 924 3072 980; x_wconf 86' lang='lat' dir='ltr'>meritorum</span> <span class='ocrx_word' id='word_1_420' title='bbox 3088 945 3325 987; x_wconf 90' lang='lat' dir='ltr'>suorum</span> <span class='ocrx_word' id='word_1_421' title='bbox 3345 949 3609 988; x_wconf 87' lang='lat' dir='ltr'>coronam</span> 
     </span>
    </p>
   </div>
   <div class='ocr_carea' id='block_1_71' title="bbox 1978 1015 3608 1091">
    <p class='ocr_par' dir='ltr' id='par_1_71' title="bbox 1978 1015 3608 1091">
     <span class='ocr_line' id='line_1_72' title="bbox 1978 1015 3608 1091; baseline 0.008 -23"><span class='ocrx_word' id='word_1_422' title='bbox 1978 1015 2111 1070; x_wconf 89' lang='lat' dir='ltr'>dare</span> <span class='ocrx_word' id='word_1_423' title='bbox 2142 1015 2406 1086; x_wconf 89' lang='lat' dir='ltr'>dignatus</span> <span class='ocrx_word' id='word_1_424' title='bbox 2435 1021 2537 1085; x_wconf 88' lang='lat' dir='ltr'>est,</span> <span class='ocrx_word' id='word_1_425' title='bbox 2579 1016 2742 1070; x_wconf 91' lang='lat' dir='ltr'>nobis</span> <span class='ocrx_word' id='word_1_426' title='bbox 2769 1033 2993 1089; x_wconf 91' lang='lat' dir='ltr'>quoque</span> <span class='ocrx_word' id='word_1_427' title='bbox 3021 1021 3410 1091; x_wconf 88' lang='lat' dir='ltr'>plenissimam</span> <span class='ocrx_word' id='word_1_428' title='bbox 3439 1026 3608 1081; x_wconf 90' lang='lat' dir='ltr'>mise-</span> 
     </span>
    </p>
   </div>
   <div class='ocr_carea' id='block_1_72' title="bbox 1978 1108 3611 1190">
    <p class='ocr_par' dir='ltr' id='par_1_72' title="bbox 1978 1108 3611 1190">
     <span class='ocr_line' id='line_1_73' title="bbox 1978 1108 3611 1190; baseline 0.008 -29"><span class='ocrx_word' id='word_1_429' title='bbox 1978 1108 2298 1179; x_wconf 88' lang='lat' dir='ltr'>ricordiam,</span> <span class='ocrx_word' id='word_1_430' title='bbox 2330 1109 2505 1180; x_wconf 91' lang='lat' dir='ltr'>ipsius</span> <span class='ocrx_word' id='word_1_431' title='bbox 2531 1109 2792 1190; x_wconf 88' lang='lat' dir='ltr'>precibus</span> <span class='ocrx_word' id='word_1_432' title='bbox 2818 1111 3016 1182; x_wconf 87' lang='lat' dir='ltr'>ﬂexus,</span> <span class='ocrx_word' id='word_1_433' title='bbox 3045 1115 3104 1169; x_wconf 92' lang='lat' dir='ltr'>in</span> <span class='ocrx_word' id='word_1_434' title='bbox 3125 1117 3386 1173; x_wconf 91' lang='lat' dir='ltr'>omnibus</span> <span class='ocrx_word' id='word_1_435' title='bbox 3404 1119 3611 1190; x_wconf 88' lang='lat' dir='ltr'>largia-</span> 
     </span>
    </p>
   </div>
   <div class='ocr_carea' id='block_1_73' title="bbox 1976 1203 3608 1269">
    <p class='ocr_par' dir='ltr' id='par_1_73' title="bbox 1976 1203 3608 1269">
     <span class='ocr_line' id='line_1_74' title="bbox 1976 1203 3608 1269; baseline 0.008 -13"><span class='ocrx_word' id='word_1_436' title='bbox 1976 1207 2090 1256; x_wconf 89' lang='lat' dir='ltr'>tur.</span> <span class='ocrx_word' id='word_1_437' title='bbox 2119 1205 2224 1258; x_wconf 89' lang='lat' dir='ltr'>Per</span> <span class='ocrx_word' id='word_1_438' title='bbox 2249 1203 2552 1258; x_wconf 90' lang='lat' dir='ltr'>Dominum</span> <span class='ocrx_word' id='word_1_439' title='bbox 2585 1209 2845 1260; x_wconf 88' lang='lat' dir='ltr'>nostrum</span> <span class='ocrx_word' id='word_1_440' title='bbox 2870 1207 3062 1261; x_wconf 85' lang='lat' dir='ltr'>.lesum</span> <span class='ocrx_word' id='word_1_441' title='bbox 3092 1209 3377 1267; x_wconf 87' lang='lat' dir='ltr'>Christum</span> <span class='ocrx_word' id='word_1_442' title='bbox 3406 1213 3608 1269; x_wconf 91' lang='lat' dir='ltr'>Filium</span> 
     </span>
    </p>
   </div>
   <div class='ocr_carea' id='block_1_74' title="bbox 1977 1312 2165 1351">
    <p class='ocr_par' dir='ltr' id='par_1_74' title="bbox 1977 1312 2165 1351">
     <span class='ocr_line' id='line_1_75' title="bbox 1977 1312 2165 1351; baseline -0.005 0"><span class='ocrx_word' id='word_1_443' title='bbox 1977 1312 2142 1351; x_wconf 88' lang='lat' dir='ltr'>suum</span> <span class='ocrx_word' id='word_1_444' title='bbox 2153 1337 2165 1350; x_wconf 91' lang='lat'>.</span> 
     </span>
    </p>
   </div>
   <div class='ocr_carea' id='block_1_75' title="bbox 2528 1369 3060 1434">
    <p class='ocr_par' dir='ltr' id='par_1_75' title="bbox 2528 1369 3060 1434">
     <span class='ocr_line' id='line_1_76' title="bbox 2528 1369 3060 1434; baseline 0.006 -17"><span class='ocrx_word' id='word_1_445' title='bbox 2528 1369 2778 1420; x_wconf 87' lang='lat' dir='ltr'>Collectio</span> <span class='ocrx_word' id='word_1_446' title='bbox 2811 1370 3060 1434; x_wconf 86' lang='lat' dir='ltr'>sequitur.</span> 
     </span>
    </p>
   </div>
   <div class='ocr_carea' id='block_1_76' title="bbox 2051 1453 3609 1531">
    <p class='ocr_par' dir='ltr' id='par_1_76' title="bbox 2051 1453 3609 1531">
     <span class='ocr_line' id='line_1_77' title="bbox 2051 1453 3609 1531; baseline 0.003 -21"><span class='ocrx_word' id='word_1_447' title='bbox 2051 1453 2241 1527; x_wconf 81' lang='grc'>194</span> <span class='ocrx_word' id='word_1_448' title='bbox 2281 1455 2447 1524; x_wconf 90' lang='lat' dir='ltr'>Deus,</span> <span class='ocrx_word' id='word_1_449' title='bbox 2493 1454 2593 1525; x_wconf 89' lang='lat' dir='ltr'>qui</span> <span class='ocrx_word' id='word_1_450' title='bbox 2624 1459 2815 1510; x_wconf 89' lang='lat' dir='ltr'>sancto</span> <span class='ocrx_word' id='word_1_451' title='bbox 2846 1456 3132 1528; x_wconf 89' lang='lat' dir='ltr'>Stephano</span> <span class='ocrx_word' id='word_1_452' title='bbox 3161 1459 3401 1531; x_wconf 80' lang='lat' dir='ltr'>martyri</span> <span class='ocrx_word' id='word_1_453' title='bbox 3429 1463 3525 1514; x_wconf 89' lang='lat' dir='ltr'>tuo</span> <span class='ocrx_word' id='word_1_454' title='bbox 3551 1466 3609 1516; x_wconf 91' lang='lat' dir='ltr'>et</span> 
     </span>
    </p>
   </div>
   <div class='ocr_carea' id='block_1_77' title="bbox 1977 1547 3606 1624">
    <p class='ocr_par' dir='ltr' id='par_1_77' title="bbox 1977 1547 3606 1624">
     <span class='ocr_line' id='line_1_78' title="bbox 1977 1547 3606 1624; baseline 0.004 -23"><span class='ocrx_word' id='word_1_455' title='bbox 1977 1548 2364 1620; x_wconf 83' lang='lat' dir='ltr'>principatum</span> <span class='ocrx_word' id='word_1_456' title='bbox 2393 1547 2452 1600; x_wconf 93' lang='lat' dir='ltr'>in</span> <span class='ocrx_word' id='word_1_457' title='bbox 2486 1547 2831 1616; x_wconf 88' lang='lat' dir='ltr'>ministerio,</span> <span class='ocrx_word' id='word_1_458' title='bbox 2862 1553 2919 1603; x_wconf 90' lang='lat' dir='ltr'>et</span> <span class='ocrx_word' id='word_1_459' title='bbox 2949 1550 3270 1622; x_wconf 89' lang='lat' dir='ltr'>principem</span> <span class='ocrx_word' id='word_1_460' title='bbox 3300 1552 3358 1606; x_wconf 90' lang='lat' dir='ltr'>in</span> <span class='ocrx_word' id='word_1_461' title='bbox 3392 1558 3606 1624; x_wconf 83' lang='lat' dir='ltr'>marty-</span> 
     </span>
    </p>
   </div>
   <div class='ocr_carea' id='block_1_78' title="bbox 1977 1641 3609 1717">
    <p class='ocr_par' dir='ltr' id='par_1_78' title="bbox 1977 1641 3609 1717">
     <span class='ocr_line' id='line_1_79' title="bbox 1977 1641 3609 1717; baseline 0.004 -22"><span class='ocrx_word' id='word_1_462' title='bbox 1977 1642 2061 1696; x_wconf 91' lang='lat' dir='ltr'>rio</span> <span class='ocrx_word' id='word_1_463' title='bbox 2090 1641 2323 1711; x_wconf 80' lang='lat' dir='ltr'>[locum]</span> <span class='ocrx_word' id='word_1_464' title='bbox 2358 1641 2669 1708; x_wconf 90' lang='lat' dir='ltr'>contulisti,</span> <span class='ocrx_word' id='word_1_465' title='bbox 2705 1642 2842 1696; x_wconf 91' lang='lat' dir='ltr'>dum</span> <span class='ocrx_word' id='word_1_466' title='bbox 2874 1643 3040 1698; x_wconf 90' lang='lat' dir='ltr'>nobis</span> <span class='ocrx_word' id='word_1_467' title='bbox 3067 1645 3248 1699; x_wconf 88' lang='lat' dir='ltr'>sancti</span> <span class='ocrx_word' id='word_1_468' title='bbox 3288 1645 3403 1700; x_wconf 92' lang='lat' dir='ltr'>diei</span> <span class='ocrx_word' id='word_1_469' title='bbox 3442 1647 3609 1717; x_wconf 88' lang='lat' dir='ltr'>hujus</span> 
     </span>
    </p>
   </div>
   <div class='ocr_carea' id='block_1_79' title="bbox 1979 1735 3610 1812">
    <p class='ocr_par' dir='ltr' id='par_1_79' title="bbox 1979 1735 3610 1812">
     <span class='ocr_line' id='line_1_80' title="bbox 1979 1735 3610 1812; baseline 0.003 -22"><span class='ocrx_word' id='word_1_470' title='bbox 1979 1735 2347 1790; x_wconf 76' lang='lat' dir='ltr'>festivitatem</span> <span class='ocrx_word' id='word_1_471' title='bbox 2374 1752 2477 1806; x_wconf 89' lang='lat' dir='ltr'>pro</span> <span class='ocrx_word' id='word_1_472' title='bbox 2501 1735 2622 1805; x_wconf 86' lang='lat' dir='ltr'>ejus</span> <span class='ocrx_word' id='word_1_473' title='bbox 2642 1737 2729 1788; x_wconf 82' lang='lat' dir='ltr'>vel</span> <span class='ocrx_word' id='word_1_474' title='bbox 2758 1740 3340 1808; x_wconf 87' lang='lat' dir='ltr'>commemoratione,</span> <span class='ocrx_word' id='word_1_475' title='bbox 3370 1741 3456 1794; x_wconf 90' lang='lat' dir='ltr'>vel</span> <span class='ocrx_word' id='word_1_476' title='bbox 3487 1757 3610 1812; x_wconf 89' lang='lat' dir='ltr'>pas-</span> 
     </span>
    </p>
   </div>
   <div class='ocr_carea' id='block_1_80' title="bbox 1978 1827 3607 1903">
    <p class='ocr_par' dir='ltr' id='par_1_80' title="bbox 1978 1827 3607 1903">
     <span class='ocr_line' id='line_1_81' title="bbox 1978 1827 3607 1903; baseline 0.004 -20"><span class='ocrx_word' id='word_1_477' title='bbox 1978 1829 2139 1883; x_wconf 90' lang='lat' dir='ltr'>sione</span> <span class='ocrx_word' id='word_1_478' title='bbox 2163 1827 2410 1894; x_wconf 86' lang='lat' dir='ltr'>donasti,</span> <span class='ocrx_word' id='word_1_479' title='bbox 2436 1827 2658 1895; x_wconf 82' lang='lat' dir='ltr'>exaudi,</span> <span class='ocrx_word' id='word_1_480' title='bbox 2683 1845 3030 1898; x_wconf 65' lang='lat' dir='ltr'>quaesumus,</span> <span class='ocrx_word' id='word_1_481' title='bbox 3061 1833 3343 1903; x_wconf 89' lang='lat' dir='ltr'>supplices</span> <span class='ocrx_word' id='word_1_482' title='bbox 3373 1835 3607 1890; x_wconf 69' lang='lat' dir='ltr'>familiae</span> 
     </span>
    </p>
   </div>
   <div class='ocr_carea' id='block_1_81' title="bbox 1975 1921 3606 1996">
    <p class='ocr_par' dir='ltr' id='par_1_81' title="bbox 1975 1921 3606 1996">
     <span class='ocr_line' id='line_1_82' title="bbox 1975 1921 3606 1996; baseline 0.004 -20"><span class='ocrx_word' id='word_1_483' title='bbox 1975 1926 2089 1976; x_wconf 62' lang='lat' dir='ltr'>tua:</span> <span class='ocrx_word' id='word_1_484' title='bbox 2111 1939 2346 1994; x_wconf 81' lang='lat' dir='ltr'>preces;</span> <span class='ocrx_word' id='word_1_485' title='bbox 2379 1921 2543 1976; x_wconf 90' lang='lat' dir='ltr'>nobis</span> <span class='ocrx_word' id='word_1_486' title='bbox 2574 1921 2696 1991; x_wconf 87' lang='lat' dir='ltr'>ejus</span> <span class='ocrx_word' id='word_1_487' title='bbox 2717 1922 3003 1992; x_wconf 88' lang='lat' dir='ltr'>peculiare</span> <span class='ocrx_word' id='word_1_488' title='bbox 3034 1925 3366 1996; x_wconf 64' lang='lat' dir='ltr'>praesidium</span> <span class='ocrx_word' id='word_1_489' title='bbox 3398 1928 3606 1996; x_wconf 88' lang='lat' dir='ltr'>tribue,</span> 
     </span>
    </p>
   </div>
   <div class='ocr_carea' id='block_1_82' title="bbox 1977 2014 3607 2091">
    <p class='ocr_par' dir='ltr' id='par_1_82' title="bbox 1977 2014 3607 2091">
     <span class='ocr_line' id='line_1_83' title="bbox 1977 2014 3607 2091; baseline 0.005 -23"><span class='ocrx_word' id='word_1_490' title='bbox 1977 2015 2136 2085; x_wconf 91' lang='lat' dir='ltr'>cujus</span> <span class='ocrx_word' id='word_1_491' title='bbox 2163 2032 2266 2087; x_wconf 90' lang='lat' dir='ltr'>pro</span> <span class='ocrx_word' id='word_1_492' title='bbox 2295 2014 2545 2069; x_wconf 89' lang='lat' dir='ltr'>inimicis</span> <span class='ocrx_word' id='word_1_493' title='bbox 2577 2030 2641 2068; x_wconf 89' lang='lat' dir='ltr'>ac</span> <span class='ocrx_word' id='word_1_494' title='bbox 2667 2017 3063 2085; x_wconf 86' lang='lat' dir='ltr'>peccatoribus</span> <span class='ocrx_word' id='word_1_495' title='bbox 3089 2036 3286 2089; x_wconf 90' lang='lat' dir='ltr'>preces</span> <span class='ocrx_word' id='word_1_496' title='bbox 3317 2020 3607 2091; x_wconf 87' lang='lat' dir='ltr'>piissimus</span> 
     </span>
    </p>
   </div>
   <div class='ocr_carea' id='block_1_83' title="bbox 1976 2108 3609 2182">
    <p class='ocr_par' dir='ltr' id='par_1_83' title="bbox 1976 2108 3609 2182">
     <span class='ocr_line' id='line_1_84' title="bbox 1976 2108 3609 2182; baseline 0.004 -19"><span class='ocrx_word' id='word_1_497' title='bbox 1976 2109 2317 2180; x_wconf 88' lang='lat' dir='ltr'>acceptasti;</span> <span class='ocrx_word' id='word_1_498' title='bbox 2364 2108 2550 2162; x_wconf 88' lang='lat' dir='ltr'>tribue</span> <span class='ocrx_word' id='word_1_499' title='bbox 2597 2108 2774 2163; x_wconf 89' lang='lat' dir='ltr'>etiam</span> <span class='ocrx_word' id='word_1_500' title='bbox 2824 2114 2885 2163; x_wconf 91' lang='lat' dir='ltr'>ut</span> <span class='ocrx_word' id='word_1_501' title='bbox 2929 2127 3032 2182; x_wconf 91' lang='lat' dir='ltr'>pro</span> <span class='ocrx_word' id='word_1_502' title='bbox 3062 2113 3225 2167; x_wconf 92' lang='lat' dir='ltr'>nobis</span> <span class='ocrx_word' id='word_1_503' title='bbox 3266 2113 3609 2170; x_wconf 88' lang='lat' dir='ltr'>intercessor</span> 
     </span>
    </p>
   </div>
   <div class='ocr_carea' id='block_1_84' title="bbox 1975 2202 3608 2278">
    <p class='ocr_par' dir='ltr' id='par_1_84' title="bbox 1975 2202 3608 2278">
     <span class='ocr_line' id='line_1_85' title="bbox 1975 2202 3608 2278; baseline 0.006 -23"><span class='ocrx_word' id='word_1_504' title='bbox 1975 2203 2197 2270; x_wconf 84' lang='lat' dir='ltr'>existat,</span> <span class='ocrx_word' id='word_1_505' title='bbox 2228 2202 2324 2274; x_wconf 90' lang='lat' dir='ltr'>qui</span> <span class='ocrx_word' id='word_1_506' title='bbox 2355 2219 2458 2273; x_wconf 88' lang='lat' dir='ltr'>pro</span> <span class='ocrx_word' id='word_1_507' title='bbox 2491 2203 2604 2256; x_wconf 90' lang='lat' dir='ltr'>suis</span> <span class='ocrx_word' id='word_1_508' title='bbox 2630 2205 3088 2274; x_wconf 87' lang='lat' dir='ltr'>persecutoribus</span> <span class='ocrx_word' id='word_1_509' title='bbox 3119 2207 3470 2278; x_wconf 88' lang='lat' dir='ltr'>supplicavit.</span> <span class='ocrx_word' id='word_1_510' title='bbox 3499 2211 3608 2264; x_wconf 90' lang='lat' dir='ltr'>Per</span> 
     </span>
    </p>
   </div>
   <div class='ocr_carea' id='block_1_85' title="bbox 1976 2296 3602 2370">
    <p class='ocr_par' dir='ltr' id='par_1_85' title="bbox 1976 2296 3602 2370">
     <span class='ocr_line' id='line_1_86' title="bbox 1976 2296 3602 2370; baseline 0.005 -20"><span class='ocrx_word' id='word_1_511' title='bbox 1976 2296 2290 2351; x_wconf 91' lang='lat' dir='ltr'>Dominum</span> <span class='ocrx_word' id='word_1_512' title='bbox 2336 2299 2596 2351; x_wconf 89' lang='lat' dir='ltr'>nostrum</span> <span class='ocrx_word' id='word_1_513' title='bbox 2633 2298 2824 2351; x_wconf 88' lang='lat' dir='ltr'>Jcsum</span> <span class='ocrx_word' id='word_1_514' title='bbox 2855 2299 3141 2354; x_wconf 89' lang='lat' dir='ltr'>Christum</span> <span class='ocrx_word' id='word_1_515' title='bbox 3175 2300 3378 2356; x_wconf 85' lang='lat' dir='ltr'>Filium</span> <span class='ocrx_word' id='word_1_516' title='bbox 3417 2305 3602 2370; x_wconf 90' lang='lat' dir='ltr'>tuum,</span> 
     </span>
    </p>
   </div>
   <div class='ocr_carea' id='block_1_86' title="bbox 1976 2389 2696 2461">
    <p class='ocr_par' dir='ltr' id='par_1_86' title="bbox 1976 2389 2696 2461">
     <span class='ocr_line' id='line_1_87' title="bbox 1976 2389 2696 2461; baseline 0 -16"><span class='ocrx_word' id='word_1_517' title='bbox 1976 2389 2073 2461; x_wconf 88' lang='lat' dir='ltr'>qui</span> <span class='ocrx_word' id='word_1_518' title='bbox 2095 2393 2285 2445; x_wconf 88' lang='lat' dir='ltr'>tecum</span> <span class='ocrx_word' id='word_1_519' title='bbox 2314 2390 2516 2445; x_wconf 90' lang='lat' dir='ltr'>beatus</span> <span class='ocrx_word' id='word_1_520' title='bbox 2545 2390 2696 2445; x_wconf 83' lang='lat' dir='ltr'>vivit.</span> 
     </span>
    </p>
   </div>
   <div class='ocr_carea' id='block_1_87' title="bbox 2457 2489 3103 2554">
    <p class='ocr_par' dir='ltr' id='par_1_87' title="bbox 2457 2489 3103 2554">
     <span class='ocr_line' id='line_1_88' title="bbox 2457 2489 3103 2554; baseline 0.003 -15"><span class='ocrx_word' id='word_1_521' title='bbox 2457 2489 2708 2540; x_wconf 86' lang='lat' dir='ltr'>Collectio</span> <span class='ocrx_word' id='word_1_522' title='bbox 2735 2494 2852 2554; x_wconf 89' lang='lat' dir='ltr'>post</span> <span class='ocrx_word' id='word_1_523' title='bbox 2875 2491 3103 2542; x_wconf 88' lang='lat' dir='ltr'>nomina.</span> 
     </span>
    </p>
   </div>
   <div class='ocr_carea' id='block_1_88' title="bbox 2044 2574 3604 2648">
    <p class='ocr_par' dir='ltr' id='par_1_88' title="bbox 2044 2574 3604 2648">
     <span class='ocr_line' id='line_1_89' title="bbox 2044 2574 3604 2648; baseline 0.004 -18"><span class='ocrx_word' id='word_1_524' title='bbox 2044 2574 2425 2646; x_wconf 89' lang='lat' dir='ltr'>Omnipotens</span> <span class='ocrx_word' id='word_1_525' title='bbox 2448 2575 2800 2646; x_wconf 84' lang='lat' dir='ltr'>sempiterno</span> <span class='ocrx_word' id='word_1_526' title='bbox 2829 2577 2997 2645; x_wconf 89' lang='lat' dir='ltr'>Deus,</span> <span class='ocrx_word' id='word_1_527' title='bbox 3024 2577 3478 2648; x_wconf 88' lang='lat' dir='ltr'>quiSanctorum</span> <span class='ocrx_word' id='word_1_528' title='bbox 3499 2581 3604 2636; x_wconf 88' lang='lat' dir='ltr'>vir-</span> 
     </span>
    </p>
   </div>
   <div class='ocr_carea' id='block_1_89' title="bbox 1972 2669 3599 2745">
    <p class='ocr_par' dir='ltr' id='par_1_89' title="bbox 1972 2669 3599 2745">
     <span class='ocr_line' id='line_1_90' title="bbox 1972 2669 3599 2745; baseline 0.005 -23"><span class='ocrx_word' id='word_1_529' title='bbox 1972 2672 2090 2723; x_wconf 86' lang='lat' dir='ltr'>tute</span> <span class='ocrx_word' id='word_1_530' title='bbox 2115 2669 2414 2740; x_wconf 91' lang='lat' dir='ltr'>multiplici</span> <span class='ocrx_word' id='word_1_531' title='bbox 2432 2669 2692 2723; x_wconf 72' lang='lat' dir='ltr'>Ecclesize</span> <span class='ocrx_word' id='word_1_532' title='bbox 2709 2673 2820 2723; x_wconf 82' lang='lat' dir='ltr'>tuae</span> <span class='ocrx_word' id='word_1_533' title='bbox 2838 2687 3062 2725; x_wconf 87' lang='lat' dir='ltr'>sacrum</span> <span class='ocrx_word' id='word_1_534' title='bbox 3078 2689 3282 2744; x_wconf 90' lang='lat' dir='ltr'>corpus</span> <span class='ocrx_word' id='word_1_535' title='bbox 3295 2691 3599 2745; x_wconf 85' lang='lat' dir='ltr'>exornans,</span> 
     </span>
    </p>
   </div>
   <div class='ocr_carea' id='block_1_90' title="bbox 1922 2762 3601 2839">
    <p class='ocr_par' dir='ltr' id='par_1_90' title="bbox 1922 2762 3601 2839">
     <span class='ocr_line' id='line_1_91' title="bbox 1922 2762 3601 2839; baseline 0.005 -24"><span class='ocrx_word' id='word_1_536' title='bbox 1922 2801 1926 2806; x_wconf 77' lang='lat'>.</span> <span class='ocrx_word' id='word_1_537' title='bbox 1972 2763 2256 2834; x_wconf 87' lang='lat' dir='ltr'>primitias</span> <span class='ocrx_word' id='word_1_538' title='bbox 2308 2766 2627 2833; x_wconf 83' lang='lat' dir='ltr'>martyrum</span> <span class='ocrx_word' id='word_1_539' title='bbox 2675 2762 2907 2832; x_wconf 88' lang='lat' dir='ltr'>gloriosi</span> <span class='ocrx_word' id='word_1_540' title='bbox 2967 2765 3151 2819; x_wconf 71' lang='lat' dir='ltr'>levita:</span> <span class='ocrx_word' id='word_1_541' title='bbox 3194 2766 3276 2820; x_wconf 91' lang='lat' dir='ltr'>tui</span> <span class='ocrx_word' id='word_1_542' title='bbox 3326 2767 3601 2839; x_wconf 87' lang='lat' dir='ltr'>Stephani</span> 
     </span>
    </p>
   </div>
   <div class='ocr_carea' id='block_1_91' title="bbox 1971 2850 3604 2927">
    <p class='ocr_par' dir='ltr' id='par_1_91' title="bbox 1971 2850 3604 2927">
     <span class='ocr_line' id='line_1_92' title="bbox 1971 2850 3604 2927; baseline 0.004 -21"><span class='ocrx_word' id='word_1_543' title='bbox 1971 2851 2251 2923; x_wconf 88' lang='lat' dir='ltr'>sanguine</span> <span class='ocrx_word' id='word_1_544' title='bbox 2285 2850 2578 2918; x_wconf 91' lang='lat' dir='ltr'>dedicasti,</span> <span class='ocrx_word' id='word_1_545' title='bbox 2613 2851 2686 2904; x_wconf 87' lang='lat' dir='ltr'>da</span> <span class='ocrx_word' id='word_1_546' title='bbox 2718 2851 2882 2906; x_wconf 90' lang='lat' dir='ltr'>nobis</span> <span class='ocrx_word' id='word_1_547' title='bbox 2915 2852 3069 2907; x_wconf 89' lang='lat' dir='ltr'>diem</span> <span class='ocrx_word' id='word_1_548' title='bbox 3111 2855 3317 2910; x_wconf 89' lang='lat' dir='ltr'>natalis</span> <span class='ocrx_word' id='word_1_549' title='bbox 3347 2856 3470 2927; x_wconf 89' lang='lat' dir='ltr'>ejus</span> <span class='ocrx_word' id='word_1_550' title='bbox 3506 2859 3604 2913; x_wconf 88' lang='lat' dir='ltr'>ho-</span> 
     </span>
    </p>
   </div>
   <div class='ocr_carea' id='block_1_92' title="bbox 1971 2944 3596 3016">
    <p class='ocr_par' dir='ltr' id='par_1_92' title="bbox 1971 2944 3596 3016">
     <span class='ocr_line' id='line_1_93' title="bbox 1971 2944 3596 3016; baseline 0.004 -17"><span class='ocrx_word' id='word_1_551' title='bbox 1971 2961 2109 2999; x_wconf 92' lang='lat' dir='ltr'>nore</span> <span class='ocrx_word' id='word_1_552' title='bbox 2137 2944 2425 3016; x_wconf 66' lang='lat' dir='ltr'>praecipuo</span> <span class='ocrx_word' id='word_1_553' title='bbox 2454 2944 2764 3012; x_wconf 88' lang='lat' dir='ltr'>celebrare,</span> <span class='ocrx_word' id='word_1_554' title='bbox 2800 2946 2936 3016; x_wconf 89' lang='lat' dir='ltr'>quia</span> <span class='ocrx_word' id='word_1_555' title='bbox 2964 2963 3080 3001; x_wconf 91' lang='lat' dir='ltr'>non</span> <span class='ocrx_word' id='word_1_556' title='bbox 3120 2948 3437 3004; x_wconf 86' lang='lat' dir='ltr'>diffidimus</span> <span class='ocrx_word' id='word_1_557' title='bbox 3465 2968 3596 3006; x_wconf 91' lang='lat' dir='ltr'>eum</span> 
     </span>
    </p>
   </div>
   <div class='ocr_carea' id='block_1_93' title="bbox 1969 3038 3596 3112">
    <p class='ocr_par' dir='ltr' id='par_1_93' title="bbox 1969 3038 3596 3112">
     <span class='ocr_line' id='line_1_94' title="bbox 1969 3038 3596 3112; baseline 0.005 -20"><span class='ocrx_word' id='word_1_558' title='bbox 1969 3039 2232 3093; x_wconf 86' lang='lat' dir='ltr'>ﬁdelibus</span> <span class='ocrx_word' id='word_1_559' title='bbox 2256 3038 2368 3092; x_wconf 92' lang='lat' dir='ltr'>tuis</span> <span class='ocrx_word' id='word_1_560' title='bbox 2393 3055 2558 3110; x_wconf 91' lang='lat' dir='ltr'>posse</span> <span class='ocrx_word' id='word_1_561' title='bbox 2592 3038 2914 3110; x_wconf 80' lang='lat' dir='ltr'>suffragari,</span> <span class='ocrx_word' id='word_1_562' title='bbox 2940 3039 3038 3112; x_wconf 90' lang='lat' dir='ltr'>qui</span> <span class='ocrx_word' id='word_1_563' title='bbox 3058 3041 3362 3098; x_wconf 68' lang='lat' dir='ltr'>dominicae</span> <span class='ocrx_word' id='word_1_564' title='bbox 3393 3045 3596 3101; x_wconf 90' lang='lat' dir='ltr'>carita-</span> 
     </span>
    </p>
   </div>
   <div class='ocr_carea' id='block_1_94' title="bbox 1885 3131 3595 3220">
    <p class='ocr_par' dir='ltr' id='par_1_94' title="bbox 1885 3131 3595 3220">
     <span class='ocr_line' id='line_1_95' title="bbox 1885 3131 3595 3220; baseline 0.004 -32"><span class='ocrx_word' id='word_1_565' title='bbox 1885 3146 1939 3220; x_wconf 77' lang='lat' dir='ltr'>C</span> <span class='ocrx_word' id='word_1_566' title='bbox 1967 3133 2037 3188; x_wconf 89' lang='lat' dir='ltr'>tis</span> <span class='ocrx_word' id='word_1_567' title='bbox 2062 3131 2336 3200; x_wconf 88' lang='lat' dir='ltr'>imitator,</span> <span class='ocrx_word' id='word_1_568' title='bbox 2362 3132 2538 3186; x_wconf 90' lang='lat' dir='ltr'>etiam</span> <span class='ocrx_word' id='word_1_569' title='bbox 2564 3149 2667 3203; x_wconf 90' lang='lat' dir='ltr'>pro</span> <span class='ocrx_word' id='word_1_570' title='bbox 2698 3133 2812 3187; x_wconf 92' lang='lat' dir='ltr'>suis</span> <span class='ocrx_word' id='word_1_571' title='bbox 2835 3135 3295 3204; x_wconf 90' lang='lat' dir='ltr'>persecutoribus</span> <span class='ocrx_word' id='word_1_572' title='bbox 3316 3139 3595 3210; x_wconf 88' lang='lat' dir='ltr'>supplica-</span> 
     </span>
    </p>
   </div>
   <div class='ocr_carea' id='block_1_95' title="bbox 1963 3226 3600 3302">
    <p class='ocr_par' dir='ltr' id='par_1_95' title="bbox 1963 3226 3600 3302">
     <span class='ocr_line' id='line_1_96' title="bbox 1963 3226 3600 3302; baseline 0.005 -22"><span class='ocrx_word' id='word_1_573' title='bbox 1963 3227 2059 3281; x_wconf 90' lang='lat' dir='ltr'>vit.</span> <span class='ocrx_word' id='word_1_574' title='bbox 2078 3226 2302 3294; x_wconf 91' lang='lat' dir='ltr'>Tribue,</span> <span class='ocrx_word' id='word_1_575' title='bbox 2319 3243 2668 3298; x_wconf 65' lang='lat' dir='ltr'>quaesumus,</span> <span class='ocrx_word' id='word_1_576' title='bbox 2683 3244 2788 3298; x_wconf 91' lang='lat' dir='ltr'>per</span> <span class='ocrx_word' id='word_1_577' title='bbox 2807 3227 3194 3284; x_wconf 86' lang='lat' dir='ltr'>interventum</span> <span class='ocrx_word' id='word_1_578' title='bbox 3214 3231 3410 3302; x_wconf 89' lang='lat' dir='ltr'>ipsius,</span> <span class='ocrx_word' id='word_1_579' title='bbox 3440 3237 3502 3288; x_wconf 93' lang='lat' dir='ltr'>ut</span> <span class='ocrx_word' id='word_1_580' title='bbox 3525 3235 3600 3289; x_wconf 33' lang='lat' dir='ltr'>vis</span> 
     </span>
    </p>
   </div>
   <div class='ocr_carea' id='block_1_96' title="bbox 1963 3321 3600 3396">
    <p class='ocr_par' dir='ltr' id='par_1_96' title="bbox 1963 3321 3600 3396">
     <span class='ocr_line' id='line_1_97' title="bbox 1963 3321 3600 3396; baseline 0.005 -22"><span class='ocrx_word' id='word_1_581' title='bbox 1963 3338 2029 3375; x_wconf 88' lang='lat' dir='ltr'>ve</span> <span class='ocrx_word' id='word_1_582' title='bbox 2039 3325 2161 3375; x_wconf 90' lang='lat' dir='ltr'>ntes</span> <span class='ocrx_word' id='word_1_583' title='bbox 2179 3322 2442 3388; x_wconf 89' lang='lat' dir='ltr'>salutem,</span> <span class='ocrx_word' id='word_1_584' title='bbox 2459 3321 2712 3375; x_wconf 86' lang='lat' dir='ltr'>defuncti</span> <span class='ocrx_word' id='word_1_585' title='bbox 2726 3323 2987 3392; x_wconf 89' lang='lat' dir='ltr'>requiem</span> <span class='ocrx_word' id='word_1_586' title='bbox 3000 3329 3428 3396; x_wconf 91' lang='lat' dir='ltr'>consequantur</span> <span class='ocrx_word' id='word_1_587' title='bbox 3439 3331 3600 3382; x_wconf 74' lang='lat' dir='ltr'>aeter-</span> 
     </span>
    </p>
   </div>
   <div class='ocr_carea' id='block_1_97' title="bbox 1966 3414 3570 3485">
    <p class='ocr_par' dir='ltr' id='par_1_97' title="bbox 1966 3414 3570 3485">
     <span class='ocr_line' id='line_1_98' title="bbox 1966 3414 3570 3485; baseline 0.004 -17"><span class='ocrx_word' id='word_1_588' title='bbox 1966 3433 2120 3471; x_wconf 89' lang='lat' dir='ltr'>nam.</span> <span class='ocrx_word' id='word_1_589' title='bbox 2153 3417 2367 3470; x_wconf 65' lang='lat' dir='ltr'>Prwsta</span> <span class='ocrx_word' id='word_1_590' title='bbox 2399 3432 2503 3485; x_wconf 92' lang='lat' dir='ltr'>per</span> <span class='ocrx_word' id='word_1_591' title='bbox 2532 3414 2842 3469; x_wconf 91' lang='lat' dir='ltr'>Dominum</span> <span class='ocrx_word' id='word_1_592' title='bbox 2876 3421 3134 3471; x_wconf 89' lang='lat' dir='ltr'>nostrum</span> <span class='ocrx_word' id='word_1_593' title='bbox 3171 3418 3372 3473; x_wconf 88' lang='lat' dir='ltr'>Filium</span> <span class='ocrx_word' id='word_1_594' title='bbox 3412 3423 3570 3475; x_wconf 90' lang='lat' dir='ltr'>tuum</span> 
     </span>
    </p>
   </div>
   <div class='ocr_carea' id='block_1_98' title="bbox 2512 3486 3592 3575">
    <p class='ocr_par' dir='ltr' id='par_1_98' title="bbox 2512 3486 3592 3575">
     <span class='ocr_line' id='line_1_99' title="bbox 2512 3486 3592 3575; baseline 0.005 -15"><span class='ocrx_word' id='word_1_595' title='bbox 2512 3511 2760 3561; x_wconf 85' lang='lat' dir='ltr'>Collectio</span> <span class='ocrx_word' id='word_1_596' title='bbox 2783 3511 2849 3561; x_wconf 88' lang='lat' dir='ltr'>ad</span> <span class='ocrx_word' id='word_1_597' title='bbox 2880 3526 3081 3575; x_wconf 88' lang='lat' dir='ltr'>pacem.</span> <span class='ocrx_word' id='word_1_598' title='bbox 3579 3486 3592 3502; x_wconf 51' lang='grc'>⁶</span> 
     </span>
    </p>
   </div>
   <div class='ocr_carea' id='block_1_99' title="bbox 2038 3595 3588 3671">
    <p class='ocr_par' dir='ltr' id='par_1_99' title="bbox 2038 3595 3588 3671">
     <span class='ocr_line' id='line_1_100' title="bbox 2038 3595 3588 3671; baseline 0.004 -20"><span class='ocrx_word' id='word_1_599' title='bbox 2038 3598 2184 3651; x_wconf 90' lang='lat' dir='ltr'>Deus</span> <span class='ocrx_word' id='word_1_600' title='bbox 2211 3595 2463 3651; x_wconf 89' lang='lat' dir='ltr'>caritatis</span> <span class='ocrx_word' id='word_1_601' title='bbox 2489 3596 2764 3663; x_wconf 90' lang='lat' dir='ltr'>indultor,</span> <span class='ocrx_word' id='word_1_602' title='bbox 2799 3598 2946 3651; x_wconf 88' lang='lat' dir='ltr'>Deus</span> <span class='ocrx_word' id='word_1_603' title='bbox 2977 3598 3354 3671; x_wconf 65' lang='lat' dir='ltr'>indulgentiae</span> <span class='ocrx_word' id='word_1_604' title='bbox 3386 3619 3588 3657; x_wconf 91' lang='lat' dir='ltr'>mune-</span> 
     </span>
    </p>
   </div>
   <div class='ocr_carea' id='block_1_100' title="bbox 1967 3689 3592 3767">
    <p class='ocr_par' dir='ltr' id='par_1_100' title="bbox 1967 3689 3592 3767">
     <span class='ocr_line' id='line_1_101' title="bbox 1967 3689 3592 3767; baseline 0.004 -23"><span class='ocrx_word' id='word_1_605' title='bbox 1967 3693 2142 3757; x_wconf 89' lang='lat' dir='ltr'>rator,</span> <span class='ocrx_word' id='word_1_606' title='bbox 2171 3691 2268 3762; x_wconf 90' lang='lat' dir='ltr'>qui</span> <span class='ocrx_word' id='word_1_607' title='bbox 2300 3693 2499 3744; x_wconf 91' lang='lat' dir='ltr'>sancto</span> <span class='ocrx_word' id='word_1_608' title='bbox 2527 3689 2768 3760; x_wconf 84' lang='lat' dir='ltr'>martyri</span> <span class='ocrx_word' id='word_1_609' title='bbox 2791 3693 2887 3745; x_wconf 92' lang='lat' dir='ltr'>tuo</span> <span class='ocrx_word' id='word_1_610' title='bbox 2916 3692 3209 3763; x_wconf 89' lang='lat' dir='ltr'>Stephano</span> <span class='ocrx_word' id='word_1_611' title='bbox 3241 3694 3296 3748; x_wconf 91' lang='lat' dir='ltr'>in</span> <span class='ocrx_word' id='word_1_612' title='bbox 3329 3695 3592 3767; x_wconf 88' lang='lat' dir='ltr'>passione</span> 
     </span>
    </p>
   </div>
   <div class='ocr_carea' id='block_1_101' title="bbox 1967 3783 3592 3861">
    <p class='ocr_par' dir='ltr' id='par_1_101' title="bbox 1967 3783 3592 3861">
     <span class='ocr_line' id='line_1_102' title="bbox 1967 3783 3592 3861; baseline 0.004 -22"><span class='ocrx_word' id='word_1_613' title='bbox 1967 3783 2203 3855; x_wconf 89' lang='lat' dir='ltr'>largitus</span> <span class='ocrx_word' id='word_1_614' title='bbox 2225 3801 2284 3837; x_wconf 91' lang='lat' dir='ltr'>es</span> <span class='ocrx_word' id='word_1_615' title='bbox 2306 3787 2368 3838; x_wconf 93' lang='lat' dir='ltr'>ut</span> <span class='ocrx_word' id='word_1_616' title='bbox 2389 3784 2637 3838; x_wconf 90' lang='lat' dir='ltr'>imbrem</span> <span class='ocrx_word' id='word_1_617' title='bbox 2666 3783 2923 3855; x_wconf 88' lang='lat' dir='ltr'>lapidum</span> <span class='ocrx_word' id='word_1_618' title='bbox 2950 3786 3268 3842; x_wconf 89' lang='lat' dir='ltr'>clementer</span> <span class='ocrx_word' id='word_1_619' title='bbox 3288 3789 3592 3861; x_wconf 87' lang='lat' dir='ltr'>exciperet,</span> 
     </span>
    </p>
   </div>
   <div class='ocr_carea' id='block_1_102' title="bbox 1967 3877 3591 3952">
    <p class='ocr_par' dir='ltr' id='par_1_102' title="bbox 1967 3877 3591 3952">
     <span class='ocr_line' id='line_1_103' title="bbox 1967 3877 3591 3952; baseline 0.004 -20"><span class='ocrx_word' id='word_1_620' title='bbox 1967 3882 2025 3932; x_wconf 90' lang='lat' dir='ltr'>et</span> <span class='ocrx_word' id='word_1_621' title='bbox 2046 3895 2148 3949; x_wconf 91' lang='lat' dir='ltr'>pro</span> <span class='ocrx_word' id='word_1_622' title='bbox 2180 3877 2568 3950; x_wconf 90' lang='lat' dir='ltr'>lapidantibus</span> <span class='ocrx_word' id='word_1_623' title='bbox 2584 3877 2945 3949; x_wconf 88' lang='lat' dir='ltr'>supplicaret,</span> <span class='ocrx_word' id='word_1_624' title='bbox 2977 3880 3253 3951; x_wconf 87' lang='lat' dir='ltr'>pietatem</span> <span class='ocrx_word' id='word_1_625' title='bbox 3275 3886 3452 3952; x_wconf 90' lang='lat' dir='ltr'>tuam,</span> <span class='ocrx_word' id='word_1_626' title='bbox 3482 3885 3591 3938; x_wconf 37' lang='lat' dir='ltr'>Dos</span> 
     </span>
    </p>
   </div>
   <div class='ocr_carea' id='block_1_103' title="bbox 1965 3970 3594 4049">
    <p class='ocr_par' dir='ltr' id='par_1_103' title="bbox 1965 3970 3594 4049">
     <span class='ocr_line' id='line_1_104' title="bbox 1965 3970 3594 4049; baseline 0.004 -24"><span class='ocrx_word' id='word_1_627' title='bbox 1965 3972 2142 4039; x_wconf 91' lang='lat' dir='ltr'>mine,</span> <span class='ocrx_word' id='word_1_628' title='bbox 2176 3970 2427 4026; x_wconf 86' lang='lat' dir='ltr'>subnixis</span> <span class='ocrx_word' id='word_1_629' title='bbox 2453 3971 2714 4042; x_wconf 88' lang='lat' dir='ltr'>precibus</span> <span class='ocrx_word' id='word_1_630' title='bbox 2741 3988 3060 4041; x_wconf 82' lang='lat' dir='ltr'>exoramus,</span> <span class='ocrx_word' id='word_1_631' title='bbox 3081 3977 3144 4028; x_wconf 90' lang='lat' dir='ltr'>ut</span> <span class='ocrx_word' id='word_1_632' title='bbox 3168 3975 3306 4030; x_wconf 90' lang='lat' dir='ltr'>dum</span> <span class='ocrx_word' id='word_1_633' title='bbox 3328 3978 3594 4049; x_wconf 84' lang='lat' dir='ltr'>martyris</span> 
     </span>
    </p>
   </div>
   <div class='ocr_carea' id='block_1_104' title="bbox 1965 4065 3594 4142">
    <p class='ocr_par' dir='ltr' id='par_1_104' title="bbox 1965 4065 3594 4142">
     <span class='ocr_line' id='line_1_105' title="bbox 1965 4065 3594 4142; baseline 0.004 -22"><span class='ocrx_word' id='word_1_634' title='bbox 1965 4065 2046 4120; x_wconf 92' lang='lat' dir='ltr'>tui</span> <span class='ocrx_word' id='word_1_635' title='bbox 2073 4065 2401 4137; x_wconf 89' lang='lat' dir='ltr'>passionem</span> <span class='ocrx_word' id='word_1_636' title='bbox 2433 4065 2758 4132; x_wconf 91' lang='lat' dir='ltr'>recolimus,</span> <span class='ocrx_word' id='word_1_637' title='bbox 2788 4083 2892 4136; x_wconf 90' lang='lat' dir='ltr'>per</span> <span class='ocrx_word' id='word_1_638' title='bbox 2918 4066 3390 4124; x_wconf 90' lang='lat' dir='ltr'>intercessionem</span> <span class='ocrx_word' id='word_1_639' title='bbox 3420 4071 3594 4142; x_wconf 90' lang='lat' dir='ltr'>ipsius</span> 
     </span>
    </p>
   </div>
   <div class='ocr_carea' id='block_1_105' title="bbox 1966 4159 3594 4231">
    <p class='ocr_par' dir='ltr' id='par_1_105' title="bbox 1966 4159 3594 4231">
     <span class='ocr_line' id='line_1_106' title="bbox 1966 4159 3594 4231; baseline 0.002 -16"><span class='ocrx_word' id='word_1_640' title='bbox 1966 4159 2120 4231; x_wconf 88' lang='lat' dir='ltr'>pacis</span> <span class='ocrx_word' id='word_1_641' title='bbox 2146 4159 2510 4214; x_wconf 89' lang='lat' dir='ltr'>securitatem</span> <span class='ocrx_word' id='word_1_642' title='bbox 2539 4176 2668 4214; x_wconf 90' lang='lat' dir='ltr'>cum</span> <span class='ocrx_word' id='word_1_643' title='bbox 2691 4164 3057 4230; x_wconf 88' lang='lat' dir='ltr'>peccatorum</span> <span class='ocrx_word' id='word_1_644' title='bbox 3081 4165 3407 4218; x_wconf 89' lang='lat' dir='ltr'>nostrorum</span> <span class='ocrx_word' id='word_1_645' title='bbox 3429 4166 3594 4220; x_wconf 89' lang='lat' dir='ltr'>venia</span> 
     </span>
    </p>
   </div>
   <div class='ocr_carea' id='block_1_106' title="bbox 1967 4253 3591 4325">
    <p class='ocr_par' dir='ltr' id='par_1_106' title="bbox 1967 4253 3591 4325">
     <span class='ocr_line' id='line_1_107' title="bbox 1967 4253 3591 4325; baseline 0.003 -17"><span class='ocrx_word' id='word_1_646' title='bbox 1967 4253 2239 4325; x_wconf 89' lang='lat' dir='ltr'>consequi</span> <span class='ocrx_word' id='word_1_647' title='bbox 2260 4270 2608 4307; x_wconf 90' lang='lat' dir='ltr'>mereamur.</span> <span class='ocrx_word' id='word_1_648' title='bbox 2636 4255 2744 4307; x_wconf 90' lang='lat' dir='ltr'>Per</span> <span class='ocrx_word' id='word_1_649' title='bbox 2768 4254 3077 4308; x_wconf 89' lang='lat' dir='ltr'>Dominum</span> <span class='ocrx_word' id='word_1_650' title='bbox 3116 4259 3376 4310; x_wconf 88' lang='lat' dir='ltr'>nostrum</span> <span class='ocrx_word' id='word_1_651' title='bbox 3399 4259 3591 4314; x_wconf 87' lang='lat' dir='ltr'>Jesum</span> 
     </span>
    </p>
   </div>
   <div class='ocr_carea' id='block_1_107' title="bbox 1966 4347 3061 4418">
    <p class='ocr_par' dir='ltr' id='par_1_107' title="bbox 1966 4347 3061 4418">
     <span class='ocr_line' id='line_1_108' title="bbox 1966 4347 3061 4418; baseline -0.002 -14"><span class='ocrx_word' id='word_1_652' title='bbox 1966 4348 2252 4405; x_wconf 88' lang='lat' dir='ltr'>Christum</span> <span class='ocrx_word' id='word_1_653' title='bbox 2284 4347 2486 4401; x_wconf 90' lang='lat' dir='ltr'>Filium</span> <span class='ocrx_word' id='word_1_654' title='bbox 2517 4351 2699 4414; x_wconf 90' lang='lat' dir='ltr'>tuum,</span> <span class='ocrx_word' id='word_1_655' title='bbox 2730 4348 2826 4418; x_wconf 93' lang='lat' dir='ltr'>qui</span> <span class='ocrx_word' id='word_1_656' title='bbox 2854 4351 3061 4402; x_wconf 90' lang='lat' dir='ltr'>tecum.</span> 
     </span>
    </p>
   </div>
   <div class='ocr_carea' id='block_1_108' title="bbox 2516 4443 3054 4494">
    <p class='ocr_par' dir='ltr' id='par_1_108' title="bbox 2516 4443 3054 4494">
     <span class='ocr_line' id='line_1_109' title="bbox 2516 4443 3054 4494; baseline -0.002 -1"><span class='ocrx_word' id='word_1_657' title='bbox 2516 4444 2832 4494; x_wconf 88' lang='lat' dir='ltr'>Contestatio</span> <span class='ocrx_word' id='word_1_658' title='bbox 2867 4443 3054 4494; x_wconf 66' lang='lat' dir='ltr'>missas.</span> 
     </span>
    </p>
   </div>
   <div class='ocr_carea' id='block_1_109' title="bbox 1881 4522 3592 4610">
    <p class='ocr_par' dir='ltr' id='par_1_109' title="bbox 1881 4522 3592 4610">
     <span class='ocr_line' id='line_1_110' title="bbox 1881 4522 3592 4610; baseline 0.002 -22"><span class='ocrx_word' id='word_1_659' title='bbox 1881 4522 1940 4594; x_wconf 83' lang='grc' dir='ltr'>Ι)</span> <span class='ocrx_word' id='word_1_660' title='bbox 2033 4533 2284 4605; x_wconf 91' lang='lat' dir='ltr'>Dignum</span> <span class='ocrx_word' id='word_1_661' title='bbox 2331 4533 2388 4585; x_wconf 92' lang='lat' dir='ltr'>et</span> <span class='ocrx_word' id='word_1_662' title='bbox 2413 4530 2633 4610; x_wconf 83' lang='lat' dir='ltr'>justum</span> <span class='ocrx_word' id='word_1_663' title='bbox 2665 4532 2768 4595; x_wconf 90' lang='lat' dir='ltr'>est,</span> <span class='ocrx_word' id='word_1_664' title='bbox 2799 4545 3030 4600; x_wconf 66' lang='lat' dir='ltr'>aequum</span> <span class='ocrx_word' id='word_1_665' title='bbox 3071 4533 3129 4584; x_wconf 89' lang='lat' dir='ltr'>et</span> <span class='ocrx_word' id='word_1_666' title='bbox 3163 4531 3383 4601; x_wconf 89' lang='lat' dir='ltr'>justum</span> <span class='ocrx_word' id='word_1_667' title='bbox 3427 4537 3511 4590; x_wconf 87' lang='lat' dir='ltr'>est</span> <span class='ocrx_word' id='word_1_668' title='bbox 3537 4539 3592 4593; x_wconf 89' lang='lat' dir='ltr'>te</span> 
     </span>
    </p>
   </div>
   <div class='ocr_carea' id='block_1_110' title="bbox 1963 4621 3594 4699">
    <p class='ocr_par' dir='ltr' id='par_1_110' title="bbox 1963 4621 3594 4699">
     <span class='ocr_line' id='line_1_111' title="bbox 1963 4621 3594 4699; baseline 0.001 -17"><span class='ocrx_word' id='word_1_669' title='bbox 1963 4627 2218 4694; x_wconf 90' lang='lat' dir='ltr'>laudare,</span> <span class='ocrx_word' id='word_1_670' title='bbox 2250 4629 2421 4696; x_wconf 89' lang='lat' dir='ltr'>teque</span> <span class='ocrx_word' id='word_1_671' title='bbox 2444 4621 2809 4692; x_wconf 88' lang='lat' dir='ltr'>benedicere,</span> <span class='ocrx_word' id='word_1_672' title='bbox 2842 4623 2944 4676; x_wconf 88' lang='lat' dir='ltr'>tibi</span> <span class='ocrx_word' id='word_1_673' title='bbox 2974 4624 3188 4694; x_wconf 88' lang='lat' dir='ltr'>gratias</span> <span class='ocrx_word' id='word_1_674' title='bbox 3203 4631 3594 4699; x_wconf 84' lang='lat' dir='ltr'>agere,omni—</span> 
     </span>
    </p>
   </div>
   <div class='ocr_carea' id='block_1_111' title="bbox 1963 4715 3592 4793">
    <p class='ocr_par' dir='ltr' id='par_1_111' title="bbox 1963 4715 3592 4793">
     <span class='ocr_line' id='line_1_112' title="bbox 1963 4715 3592 4793; baseline 0.002 -17"><span class='ocrx_word' id='word_1_675' title='bbox 1963 4725 2167 4793; x_wconf 87' lang='lat' dir='ltr'>potens</span> <span class='ocrx_word' id='word_1_676' title='bbox 2197 4718 2547 4789; x_wconf 80' lang='lat' dir='ltr'>sempiterna</span> <span class='ocrx_word' id='word_1_677' title='bbox 2576 4718 2745 4771; x_wconf 89' lang='lat' dir='ltr'>Deus.</span> <span class='ocrx_word' id='word_1_678' title='bbox 2791 4715 2897 4780; x_wconf 88' lang='lat' dir='ltr'>Qui</span> <span class='ocrx_word' id='word_1_679' title='bbox 2924 4717 3187 4788; x_wconf 88' lang='lat' dir='ltr'>gloriaris</span> <span class='ocrx_word' id='word_1_680' title='bbox 3217 4720 3276 4775; x_wconf 90' lang='lat' dir='ltr'>in</span> <span class='ocrx_word' id='word_1_681' title='bbox 3307 4728 3592 4779; x_wconf 90' lang='lat' dir='ltr'>conventu</span> 
     </span>
    </p>
   </div>
   <div class='ocr_carea' id='block_1_112' title="bbox 1964 4812 3590 4883">
    <p class='ocr_par' dir='ltr' id='par_1_112' title="bbox 1964 4812 3590 4883">
     <span class='ocr_line' id='line_1_113' title="bbox 1964 4812 3590 4883; baseline 0.002 -14"><span class='ocrx_word' id='word_1_682' title='bbox 1964 4818 2292 4870; x_wconf 87' lang='lat' dir='ltr'>sanctorum</span> <span class='ocrx_word' id='word_1_683' title='bbox 2312 4815 2561 4879; x_wconf 88' lang='lat' dir='ltr'>tuorum,</span> <span class='ocrx_word' id='word_1_684' title='bbox 2583 4828 2724 4883; x_wconf 91' lang='lat' dir='ltr'>quos</span> <span class='ocrx_word' id='word_1_685' title='bbox 2747 4814 2881 4865; x_wconf 86' lang='lat' dir='ltr'>ante</span> <span class='ocrx_word' id='word_1_686' title='bbox 2901 4812 3102 4867; x_wconf 91' lang='lat' dir='ltr'>mundi</span> <span class='ocrx_word' id='word_1_687' title='bbox 3121 4815 3590 4874; x_wconf 89' lang='lat' dir='ltr'>constitutionem</span> 
     </span>
    </p>
   </div>
   <div class='ocr_carea' id='block_1_113' title="bbox 1963 4905 3587 4980">
    <p class='ocr_par' dir='ltr' id='par_1_113' title="bbox 1963 4905 3587 4980">
     <span class='ocr_line' id='line_1_114' title="bbox 1963 4905 3587 4980; baseline 0.002 -18"><span class='ocrx_word' id='word_1_688' title='bbox 1963 4908 2296 4980; x_wconf 66' lang='lat' dir='ltr'>praeelectos</span> <span class='ocrx_word' id='word_1_689' title='bbox 2325 4906 2568 4977; x_wconf 89' lang='lat' dir='ltr'>spiritali</span> <span class='ocrx_word' id='word_1_690' title='bbox 2599 4905 2656 4959; x_wconf 89' lang='lat' dir='ltr'>in</span> <span class='ocrx_word' id='word_1_691' title='bbox 2700 4905 3018 4960; x_wconf 73' lang='lat' dir='ltr'>caelestibus</span> <span class='ocrx_word' id='word_1_692' title='bbox 3064 4907 3467 4965; x_wconf 89' lang='lat' dir='ltr'>benedictione</span> <span class='ocrx_word' id='word_1_693' title='bbox 3517 4913 3587 4966; x_wconf 53' lang='lat' dir='ltr'>si‘</span> 
     </span>
    </p>
   </div>
   <div class='ocr_carea' id='block_1_114' title="bbox 1965 4999 3686 5074">
    <p class='ocr_par' dir='ltr' id='par_1_114' title="bbox 1965 4999 3686 5074">
     <span class='ocr_line' id='line_1_115' title="bbox 1965 4999 3686 5074; baseline 0.003 -18"><span class='ocrx_word' id='word_1_694' title='bbox 1965 5001 2171 5074; x_wconf 87' lang='lat' dir='ltr'>gnasti,</span> <span class='ocrx_word' id='word_1_695' title='bbox 2201 5016 2459 5072; x_wconf 91' lang='lat' dir='ltr'>quosque</span> <span class='ocrx_word' id='word_1_696' title='bbox 2491 4999 2796 5071; x_wconf 89' lang='lat' dir='ltr'>Unigenito</span> <span class='ocrx_word' id='word_1_697' title='bbox 2843 5004 2940 5055; x_wconf 90' lang='lat' dir='ltr'>tuo</span> <span class='ocrx_word' id='word_1_698' title='bbox 2988 5018 3093 5072; x_wconf 89' lang='lat' dir='ltr'>per</span> <span class='ocrx_word' id='word_1_699' title='bbox 3124 5001 3591 5074; x_wconf 88' lang='lat' dir='ltr'>adsumptionem</span> <span class='ocrx_word' id='word_1_700' title='bbox 3679 5007 3686 5012; x_wconf 81' lang='grc'><strong>’</strong></span> 
     </span>
    </p>
   </div>
   <div class='ocr_carea' id='block_1_115' title="bbox 1963 5093 3589 5173">
    <p class='ocr_par' dir='ltr' id='par_1_115' title="bbox 1963 5093 3589 5173">
     <span class='ocr_line' id='line_1_116' title="bbox 1963 5093 3589 5173; baseline 0.002 -20"><span class='ocrx_word' id='word_1_701' title='bbox 1963 5096 2151 5153; x_wconf 88' lang='lat' dir='ltr'>carnis</span> <span class='ocrx_word' id='word_1_702' title='bbox 2168 5098 2226 5150; x_wconf 90' lang='lat' dir='ltr'>et</span> <span class='ocrx_word' id='word_1_703' title='bbox 2245 5094 2426 5149; x_wconf 90' lang='lat' dir='ltr'>crucis</span> <span class='ocrx_word' id='word_1_704' title='bbox 2437 5093 2896 5165; x_wconf 89' lang='lat' dir='ltr'>redemptionem</span> <span class='ocrx_word' id='word_1_705' title='bbox 2911 5094 3156 5165; x_wconf 89' lang='lat' dir='ltr'>sociasti,</span> <span class='ocrx_word' id='word_1_706' title='bbox 3171 5096 3230 5151; x_wconf 92' lang='lat' dir='ltr'>in</span> <span class='ocrx_word' id='word_1_707' title='bbox 3245 5096 3450 5168; x_wconf 87' lang='lat' dir='ltr'>quibus</span> <span class='ocrx_word' id='word_1_708' title='bbox 3466 5095 3589 5173; x_wconf 86' lang='lat' dir='ltr'>Spi-</span> 
     </span>
    </p>
   </div>
   <div class='ocr_carea' id='block_1_116' title="bbox 1958 5235 3594 5313">
    <p class='ocr_par' dir='ltr' id='par_1_116' title="bbox 1958 5235 3594 5313">
     <span class='ocr_line' id='line_1_117' title="bbox 1958 5235 3594 5313; baseline -0.005 -15"><span class='ocrx_word' id='word_1_709' title='bbox 1958 5243 2194 5311; x_wconf 77' lang='lat' dir='ltr'>facz&#39;etis,</span> <span class='ocrx_word' id='word_1_710' title='bbox 2222 5237 2280 5291; x_wconf 90' lang='lat' dir='ltr'>id</span> <span class='ocrx_word' id='word_1_711' title='bbox 2310 5240 2658 5308; x_wconf 88' lang='lat' dir='ltr'>protestatur</span> <span class='ocrx_word' id='word_1_712' title='bbox 2693 5235 2887 5313; x_wconf 83' lang='lat' dir='ltr'>dicens</span> <span class='ocrx_word' id='word_1_713' title='bbox 2915 5254 2927 5292; x_wconf 88' lang='lat'><strong>:</strong></span> <span class='ocrx_word' id='word_1_714' title='bbox 2956 5238 3252 5296; x_wconf 74' lang='lat' dir='ltr'>Recolimus</span> <span class='ocrx_word' id='word_1_715' title='bbox 3288 5247 3594 5313; x_wconf 73' lang='lat' dir='ltr'>passionem</span> 
     </span>
    </p>
   </div>
   <div class='ocr_carea' id='block_1_117' title="bbox 1961 5311 3594 5383">
    <p class='ocr_par' dir='ltr' id='par_1_117' title="bbox 1961 5311 3594 5383">
     <span class='ocr_line' id='line_1_118' title="bbox 1961 5311 3594 5383; baseline 0.002 -14"><span class='ocrx_word' id='word_1_716' title='bbox 1961 5320 2130 5369; x_wconf 86' lang='lat' dir='ltr'>tuam.</span> <span class='ocrx_word' id='word_1_717' title='bbox 2179 5313 2384 5383; x_wconf 77' lang='lat' dir='ltr'>corpus</span> <span class='ocrx_word' id='word_1_718' title='bbox 2433 5314 2647 5362; x_wconf 87' lang='lat' dir='ltr'>tuum...</span> <span class='ocrx_word' id='word_1_719' title='bbox 2671 5311 3070 5383; x_wconf 81' lang='lat' dir='ltr'>_confra_ctum;</span> <span class='ocrx_word' id='word_1_720' title='bbox 3115 5311 3336 5383; x_wconf 66' lang='lat' dir='ltr'>sanguis</span> <span class='ocrx_word' id='word_1_721' title='bbox 3377 5323 3594 5372; x_wconf 81' lang='lat' dir='ltr'>sanctus</span> 
     </span>
    </p>
   </div>
   <div class='ocr_carea' id='block_1_118' title="bbox 1961 5378 3591 5451">
    <p class='ocr_par' dir='ltr' id='par_1_118' title="bbox 1961 5378 3591 5451">
     <span class='ocr_line' id='line_1_119' title="bbox 1961 5378 3591 5451; baseline 0.002 -11"><span class='ocrx_word' id='word_1_722' title='bbox 1961 5391 2148 5440; x_wconf 85' lang='lat' dir='ltr'>tuus...</span> <span class='ocrx_word' id='word_1_723' title='bbox 2180 5378 2374 5451; x_wconf 71' lang='lat' dir='ltr'>effusus</span> <span class='ocrx_word' id='word_1_724' title='bbox 2401 5384 2497 5442; x_wconf 80' lang='lat' dir='ltr'>est,</span> <span class='ocrx_word' id='word_1_725' title='bbox 2537 5378 2692 5449; x_wconf 88' lang='lat' dir='ltr'>quod</span> <span class='ocrx_word' id='word_1_726' title='bbox 2721 5380 2929 5450; x_wconf 89' lang='lat' dir='ltr'>repetit</span> <span class='ocrx_word' id='word_1_727' title='bbox 2959 5398 3024 5434; x_wconf 85' lang='lat' dir='ltr'>ex</span> <span class='ocrx_word' id='word_1_728' title='bbox 3063 5378 3251 5438; x_wconf 78' lang='lat' dir='ltr'>verbis</span> <span class='ocrx_word' id='word_1_729' title='bbox 3299 5402 3591 5442; x_wconf 88' lang='lat' dir='ltr'>consecra-</span> 
     </span>
    </p>
   </div>
   <div class='ocr_carea' id='block_1_119' title="bbox 1961 5455 2150 5511">
    <p class='ocr_par' dir='ltr' id='par_1_119' title="bbox 1961 5455 2150 5511">
     <span class='ocr_line' id='line_1_120' title="bbox 1961 5455 2150 5511; baseline -0.005 -1"><span class='ocrx_word' id='word_1_730' title='bbox 1961 5455 2150 5511; x_wconf 90' lang='lat' dir='ltr'>tionis.</span> 
     </span>
    </p>
   </div>
   <div class='ocr_carea' id='block_1_120' title="bbox 2031 5521 3591 5594">
    <p class='ocr_par' dir='ltr' id='par_1_120' title="bbox 2031 5521 3591 5594">
     <span class='ocr_line' id='line_1_121' title="bbox 2031 5521 3591 5594; baseline 0.003 -15"><span class='ocrx_word' id='word_1_731' title='bbox 2031 5538 2051 5560; x_wconf 71' lang='grc' dir='ltr'>ίι</span> <span class='ocrx_word' id='word_1_732' title='bbox 2083 5526 2183 5580; x_wconf 85' lang='lat' dir='ltr'>Hic</span> <span class='ocrx_word' id='word_1_733' title='bbox 2204 5524 2316 5578; x_wconf 89' lang='lat' dir='ltr'>alio</span> <span class='ocrx_word' id='word_1_734' title='bbox 2339 5523 2514 5578; x_wconf 92' lang='lat' dir='ltr'>modo</span> <span class='ocrx_word' id='word_1_735' title='bbox 2538 5521 2782 5594; x_wconf 89' lang='lat' dir='ltr'>sumitur</span> <span class='ocrx_word' id='word_1_736' title='bbox 2806 5524 3092 5594; x_wconf 63' lang='lat' dir='ltr'>Praefatio,</span> <span class='ocrx_word' id='word_1_737' title='bbox 3118 5543 3292 5594; x_wconf 87' lang='lat' dir='ltr'>quam</span> <span class='ocrx_word' id='word_1_738' title='bbox 3319 5529 3378 5583; x_wconf 91' lang='lat' dir='ltr'>in</span> <span class='ocrx_word' id='word_1_739' title='bbox 3407 5530 3591 5584; x_wconf 84' lang='lat' dir='ltr'>Missa-</span> 
     </span>
    </p>
   </div>
   <div class='ocr_carea' id='block_1_121' title="bbox 1959 5593 3590 5668">
    <p class='ocr_par' dir='ltr' id='par_1_121' title="bbox 1959 5593 3590 5668">
     <span class='ocr_line' id='line_1_122' title="bbox 1959 5593 3590 5668; baseline -0.001 -15"><span class='ocrx_word' id='word_1_740' title='bbox 1959 5598 2106 5653; x_wconf 92' lang='lat' dir='ltr'>libus</span> <span class='ocrx_word' id='word_1_741' title='bbox 2155 5595 2364 5668; x_wconf 86' lang='lat' dir='ltr'>nostris</span> <span class='ocrx_word' id='word_1_742' title='bbox 2407 5593 2685 5668; x_wconf 52' lang='lat' dir='ltr'>vulgatis,</span> <span class='ocrx_word' id='word_1_743' title='bbox 2708 5594 2803 5668; x_wconf 85' lang='lat' dir='ltr'>ubi</span> <span class='ocrx_word' id='word_1_744' title='bbox 2834 5597 3100 5652; x_wconf 79' lang='lat' dir='ltr'>Praefatio</span> <span class='ocrx_word' id='word_1_745' title='bbox 3129 5593 3422 5654; x_wconf 80' lang='lat' dir='ltr'>Canonem</span> <span class='ocrx_word' id='word_1_746' title='bbox 3448 5614 3590 5668; x_wconf 71' lang='lat' dir='ltr'>pra:-</span> 
     </span>
    </p>
   </div>
   <div class='ocr_carea' id='block_1_122' title="bbox 1959 5664 3583 5739">
    <p class='ocr_par' dir='ltr' id='par_1_122' title="bbox 1959 5664 3583 5739">
     <span class='ocr_line' id='line_1_123' title="bbox 1959 5664 3583 5739; baseline 0 -15"><span class='ocrx_word' id='word_1_747' title='bbox 1959 5668 2130 5737; x_wconf 90' lang='lat' dir='ltr'>cedit,</span> <span class='ocrx_word' id='word_1_748' title='bbox 2163 5667 2256 5739; x_wconf 89' lang='lat' dir='ltr'>hic</span> <span class='ocrx_word' id='word_1_749' title='bbox 2280 5665 2467 5739; x_wconf 85' lang='lat' dir='ltr'>prima</span> <span class='ocrx_word' id='word_1_750' title='bbox 2492 5664 2804 5720; x_wconf 89' lang='lat' dir='ltr'>sacerdotis</span> <span class='ocrx_word' id='word_1_751' title='bbox 2837 5669 3038 5735; x_wconf 87' lang='lat' dir='ltr'>oratio,</span> <span class='ocrx_word' id='word_1_752' title='bbox 3074 5685 3186 5739; x_wconf 90' lang='lat' dir='ltr'>qua</span> <span class='ocrx_word' id='word_1_753' title='bbox 3215 5664 3583 5724; x_wconf 67' lang='lat' dir='ltr'>circumstan-</span> 
     </span>
    </p>
   </div>
   <div class='ocr_carea' id='block_1_123' title="bbox 1958 5738 3133 5812">
    <p class='ocr_par' dir='ltr' id='par_1_123' title="bbox 1958 5738 3133 5812">
     <span class='ocr_line' id='line_1_124' title="bbox 1958 5738 3133 5812; baseline -0.003 -14"><span class='ocrx_word' id='word_1_754' title='bbox 1958 5741 2105 5798; x_wconf 90' lang='lat' dir='ltr'>tium</span> <span class='ocrx_word' id='word_1_755' title='bbox 2139 5738 2320 5796; x_wconf 91' lang='lat' dir='ltr'>animi</span> <span class='ocrx_word' id='word_1_756' title='bbox 2349 5740 2748 5812; x_wconf 63' lang='lat' dir='ltr'>preparantur</span> <span class='ocrx_word' id='word_1_757' title='bbox 2771 5739 2846 5795; x_wconf 93' lang='lat' dir='ltr'>ad</span> <span class='ocrx_word' id='word_1_758' title='bbox 2876 5738 3133 5796; x_wconf 85' lang='lat' dir='ltr'>missam.</span> 
     </span>
    </p>
   </div>
  </div>
