4032 6180
447 270 544 325 231

1232 265 1564 326 APPENDIX
1602 267 1690 324 AD
1724 266 1948 325 ΟΡΕΒΑ
1983 265 2216 326 SANCTI
2253 265 2551 326 GERMANI
2587 264 3020 327 PARISIENSIS.

3695 265 3807 325 232

445 376 625 432 ritum
662 377 826 432 tuum
855 378 1118 434 sanctum
1145 391 1392 447 regnare
1421 376 1626 445 fecisti,
1659 393 1764 448 per
1794 393 1967 450 quem
2003 376 2078 432 ad
2098 389 2158 463 Α
2176 377 2440 450 martyrii
2464 393 2570 434 nos
2590 377 2939 434 desiderium
2963 375 3176 433 amoris
3200 373 3286 431 sui
3311 374 3448 448 igne
3472 375 3812 444 succendat,

445 469 630 526 felicis
641 470 901 542 martyrii
921 471 1165 543 gloriam
1177 469 1406 540 pietatis
1426 473 1539 524 tuae
1560 471 1756 526 favore
1772 473 2072 526 venerunt.

449 563 633 636 Digne
664 564 838 634 igitur
856 563 982 631 tibi,
1011 562 1255 618 Domine
1286 561 1581 631 virtutum,
1605 563 1752 618 festa
1781 565 2072 620 sollemni-

447 661 538 712 tas
575 657 800 729 agitur;
839 655 947 710 tibi
985 657 1108 710 haec
1151 655 1274 710 dies
1318 659 1542 711 sacrata
1579 657 1921 724 celebratur,
1964 673 2077 728 qua

445 750 604 806 beati
633 748 908 820 Stephani
949 747 1121 819 primi
1145 749 1415 820 martyris
1455 750 1536 804 tui
1567 750 1820 822 sanguis,
1867 750 1926 804 in
1961 753 2076 804 tua:

447 843 700 898 veritatis
724 841 1052 897 testimonio
1079 842 1368 912 profusus,
1406 841 1780 914 magnificum
1826 842 2078 899 nominis

445 937 531 991 tui
567 937 851 992 honorem
889 935 1154 1007 signavit.
1189 936 1289 990 Hic
1333 939 1419 991 est
1447 936 1604 992 enim
1637 937 1787 992 illius
1825 936 2078 992 nominis

446 1029 668 1101 primus
696 1029 990 1085 confessor
1019 1029 1176 1102 quod
1215 1033 1302 1084 est
1338 1046 1510 1102 supra
1539 1047 1712 1086 omne
1745 1047 1980 1098 nomen,
2016 1030 2074 1084 in

447 1139 561 1195 quo
588 1122 821 1178 unicum
846 1123 1044 1178 salutis
1075 1122 1125 1196 1
1142 1121 1268 1196 95
1297 1127 1510 1180 nostrae
1530 1123 1882 1196 praesidium,
1909 1125 2079 1179 Pater

447 1219 682 1284 aeterne,
709 1217 966 1290 posuisti.
1000 1217 1098 1272 Hic
1127 1217 1187 1272 in
1215 1217 1466 1273 Ecclesia
1489 1221 1589 1272 tua
1621 1235 1795 1289 quam
1823 1217 2074 1288 splendi-

449 1311 588 1366 dum
641 1311 716 1366 ad
762 1315 1098 1366 cunctorum
1153 1311 1378 1367 animos
1435 1311 1865 1366 confirmandos
1897 1311 2078 1366 unicae

445 1404 632 1460 laudis
687 1405 976 1476 praecessit
1015 1406 1382 1478 exemplum!
1425 1405 1526 1460 Hic
1568 1409 1699 1477 post
1749 1404 2077 1478 passionem

447 1495 678 1554 Domini
698 1499 878 1553 nostri
901 1501 926 1554 J
934 1515 1032 1553 esu
1047 1499 1275 1567 Christi,
1298 1499 1552 1554 victoriae
1580 1499 1834 1570 palmam
1859 1498 2078 1571 primus

447 1589 674 1646 invasit.
707 1591 806 1647 IIic
834 1595 895 1646 ut
923 1592 1146 1658 levitico
1177 1592 1500 1648 ministerio
1529 1609 1634 1664 per
1655 1592 1930 1664 Spiritum
1952 1609 2079 1648 san-

450 1689 604 1740 ctum
637 1685 708 1740 ab
755 1686 1026 1757 apostolis
1063 1690 1427 1742 consecratus
1475 1688 1579 1755 est,
1612 1686 1778 1741 niveo
1826 1685 2076 1741 candore

2179 469 2227 543 1
2243 470 2368 545 96
2391 471 2626 544 ejusque
2647 472 2967 528 imitatores
2987 471 3218 538 efficiat,
3243 470 3340 542 qui
3360 486 3478 526 non
3497 470 3681 525 solum
3703 485 3814 542 pro

2175 564 2261 618 sui
2307 565 2508 636 gloria,
2554 581 2754 620 verum
2798 565 2972 620 etiam
3018 581 3123 636 pro
3169 563 3444 635 exemplis
3473 562 3818 619 eruditionis

2177 659 2386 713 nostra:
2407 659 2731 716 oassionem
2759 657 3044 714 sustinuit.
3057 659 3129 713 Et
3150 657 3240 712 cui
3264 657 3528 712 conferre
3541 656 3820 728 dignatus

2177 752 2263 803 est
2302 738 2674 822 in‘pass'ione
2716 751 3008 818 virtutem,
3053 749 3450 806 intercedendi
3489 767 3594 822 pro
3643 749 3822 804 nobis

2175 842 2392 898 tribuat
2437 845 2770 900 facultatem
2795 862 2809 913 ;
2838 848 2897 899 et
2941 844 3262 904 orationem
3290 860 3464 916 quam
3493 842 3817 916 praecipere

2179 935 2448 1007 dignatus
2470 942 2575 1007 est,
2606 937 2796 994 dicere
2819 938 2941 994 sine
2963 937 3328 994 cunctatione
3356 935 3674 1008 permittat.
3703 939 3816 992 Pa-

2178 1032 2268 1084 ter
2292 1034 2507 1086 noster.

2594 1125 2718 1176 Post
2731 1125 3021 1178 orationem
3043 1124 3387 1176 Dominicam.

2248 1206 2454 1264 Libera
2501 1226 2606 1265 nos
2638 1229 2672 1266 a
2701 1212 2880 1278 malo,
2927 1209 3296 1282 omnipotens
3321 1211 3491 1276 Deus,
3539 1213 3599 1264 et
3622 1209 3818 1264 tribue

2179 1300 2344 1355 nobis
2388 1303 2736 1375 supplicibus
2763 1304 2875 1360 tuis
2913 1308 3034 1359 tam
3073 1306 3406 1376 promptum
3446 1318 3552 1374 pro
3585 1303 3818 1358 Christo

2179 1396 2276 1448 tuo
2309 1395 2383 1450 ad
2411 1397 2750 1467 patiendum
2778 1398 3057 1466 animum,
3090 1401 3154 1452 ut
3183 1397 3514 1469 probemur,
3543 1413 3660 1452 non
3705 1412 3821 1452 nos

2177 1489 2476 1562 martyrio,
2507 1490 2608 1544 sed
2639 1491 2804 1546 nobis
2829 1491 3075 1547 defuisse
3103 1491 3464 1564 martyrium.
3492 1491 3620 1545 Per.

2724 1606 3024 1658 Benedictio
3049 1607 3251 1672 populi.

2248 1691 2416 1759 Deus,
2463 1693 2562 1764 qui
2591 1695 2720 1748 tuos
2753 1696 3037 1764 martyres
3065 1692 3146 1747 ita
3189 1691 3413 1748 vinxisti
3445 1691 3704 1759 caritate,
3753 1695 3823 1746 ut

451 1779 755 1834 confestim
803 1779 1056 1847 emicuit,
1103 1779 1362 1852 martyrii
1403 1794 1602 1835 cruore
1649 1797 1988 1852 purpureus.
2037 1779 2080 1834 Ο
2101 1770 2158 1842 Β
2181 1799 2286 1854 pro
2311 1788 2368 1840 te
2395 1785 2572 1840 etiam
2601 1785 2749 1841 mori
2775 1789 3070 1858 cuperent,
3103 1803 3175 1841 ne
3207 1786 3480 1858 perirent.
3510 1787 3717 1858 Amen.
3748 1787 3827 1841 Et

449 1871 819 1928 benedictum
845 1873 1089 1927 Abrahae
1115 1889 1336 1941 semen,
1368 1873 1694 1945 apostolicae
1717 1873 1994 1928 doctrinae
2023 1875 2081 1928 et

453 1965 756 2022 dominicae
801 1966 982 2021 crucis
1032 1966 1192 2038 prior
1221 1967 1481 2022 omnium
1525 1968 1708 2021 factus
1737 1967 1996 2022 imitator
2024 1970 2082 2022 et

450 2055 610 2114 testis
633 2059 645 2114 l
673 2057 870 2114 Merito
900 2060 1068 2114 caelos
1099 2063 1329 2132 apertos
1351 2060 1510 2128 vidit,
1544 2061 1604 2114 et
1618 2062 1812 2116 Jesum
1832 2062 2079 2114 stantem

450 2153 526 2208 ad
547 2152 841 2208 dexteram
860 2149 980 2208 Dei.
1005 2153 1186 2224 Digne
1209 2153 1384 2224 igitur
1411 2170 1475 2208 ac
1494 2153 1647 2224 juste
1666 2153 1842 2208 talem
1869 2152 1973 2207 sub
2000 2153 2081 2216 tui

451 2245 703 2302 nominis
741 2245 1100 2302 confessione
1143 2246 1447 2301 laudanius
1491 2245 1858 2318 omnipotens
1910 2247 2078 2313 Deus,

453 2356 626 2412 quem
647 2339 720 2394 ad
743 2343 963 2395 tantam
987 2339 1232 2411 gloriam
1253 2357 1457 2394 vocare
1481 2339 1750 2411 dignatus
1770 2356 1848 2393 es.
1866 2339 2077 2395 Suffra-

455 2433 550 2506 gia
567 2433 616 2505 ej
625 2451 689 2488 us
705 2433 870 2488 nobis
885 2450 989 2504 pro
1006 2435 1104 2488 tua
1121 2433 1336 2505 pietate
1369 2433 1638 2489 concede.
1673 2433 1819 2488 Talis
1843 2449 1947 2505 pro
1974 2433 2080 2487 hac

452 2528 620 2599 plebe
645 2530 931 2599 precetur,
967 2527 1198 2598 qualem
1225 2527 1386 2581 illum
1407 2529 1538 2598 post
1566 2527 1827 2599 trophaea
1853 2525 2086 2597 venien-

450 2624 572 2674 tem
601 2621 860 2675 exultans
903 2619 1158 2675 Christus
1206 2619 1444 2691 excepit.
1481 2619 1562 2674 Illi
1601 2636 1705 2690 pro
1738 2619 1903 2674 nobis
1937 2618 2082 2674 oculi

449 2713 850 2782 sublimentur,
879 2713 977 2784 qui
1005 2713 1190 2768 adhuc
1216 2713 1274 2768 in
1307 2713 1414 2768 hoc
1439 2713 1642 2768 mortis
1669 2729 1908 2786 corpore
1945 2730 2081 2769 con-

453 2806 653 2874 stituti,
681 2810 930 2862 stantem
959 2807 1032 2862 ad
1074 2807 1370 2862 dexteram
1413 2806 1598 2862 Patris
1634 2807 1841 2862 Filium
1887 2806 1988 2862 Dei
2025 2806 2082 2861 in

451 2900 578 2972 ipsa
601 2899 882 2972 passionis
903 2900 1048 2954 hora
1067 2900 1352 2954 viderunt.
1377 2901 1475 2954 Ille
1497 2917 1601 2971 pro
1615 2900 1782 2955 nobis
1804 2899 2081 2967 obtineat,

457 2995 556 3065 qui
574 3011 678 3064 pro
696 2993 1157 3064 persecutoribus
1173 2993 1306 3060 suis,
1327 2993 1464 3048 dum
1487 2993 1859 3064 lapidaretur,
1883 2993 2087 3048 orabat

457 3085 531 3141 ad
547 3089 624 3154 te,
639 3089 834 3140 sancte
861 3087 1023 3150 Deus,
1044 3087 1214 3140 Pater
1243 3085 1632 3156 omnipotens,
1653 3103 1758 3156 per
1776 3085 2085 3142 Dominum

456 3182 718 3235 nostrum
759 3181 952 3234 Jesum
999 3177 1286 3236 Christum
1330 3177 1534 3232 Filium
1587 3182 1769 3232 tuum.
1821 3178 1926 3243 Qui
1980 3195 2084 3250 pro

455 3267 704 3343 peccatis
735 3267 944 3324 nostris
975 3267 1130 3322 nasci
1177 3283 1349 3322 carne
1388 3284 1494 3338 per
1541 3267 1856 3338 Virginem,
1886 3271 1944 3322 et
1968 3267 2088 3340 pati

458 3362 726 3436 dignatus
751 3364 838 3418 est
865 3365 1134 3429 mortem,
1159 3363 1222 3416 ut
1251 3365 1534 3432 martyres
1563 3378 1694 3417 suos
1720 3378 1821 3417 suo
1848 3361 1968 3434 pati
1992 3361 2090 3417 do-

457 3461 614 3512 ceret
636 3456 918 3529 exemplo.
951 3455 1052 3512 Cui
1077 3455 1286 3511 merito
1323 3472 1524 3511 omnes
1550 3456 1744 3528 angeli
1779 3459 1951 3528 atque
1995 3473 2085 3512 ar-

457 3551 723 3624 changeli
777 3550 900 3605 sine
947 3548 1264 3606 cessatione
1325 3551 1706 3623 proclamant,
1769 3550 2024 3606 dicentes
2071 3568 2084 3605 :

458 3646 719 3712 Sanctus,
748 3647 1008 3712 Sanctus,
1041 3644 1300 3700 Sanctus.

921 3732 1170 3782 Collectio
1193 3735 1314 3796 post
1338 3733 1572 3784 Sanctus.

525 3810 669 3862 Vere
713 3809 961 3874 sanctus,
1006 3823 1138 3861 vere
1190 3807 1528 3862 benedictus
1570 3804 1847 3864 Dominus
1894 3811 2090 3864 noster

453 3903 614 3962 Iesus
643 3900 898 3956 Christus
921 3899 1258 3972 Unigenitus
1281 3903 1433 3969 tuus,
1462 3900 1560 3973 qui
1584 3906 1900 3974 martyrem
1922 3920 2086 3958 suum

455 3997 815 4069 Stephanum
850 3993 1090 4048 caelestis
1128 3995 1274 4048 aula:
1311 3994 1554 4064 collegio
1593 3997 1936 4064 muneravit,
1990 3995 2088 4068 qui

455 4090 712 4166 corporis
765 4087 948 4144 nostri
995 4085 1390 4142 infirmitatem
1437 4089 1702 4160 suscepit,
1753 4089 2087 4162 priusquam

453 4188 616 4262 pium
647 4183 992 4258 sanguinem
1021 4197 1126 4254 pro
1151 4181 1406 4236 humana
1434 4182 1614 4236 salute
1644 4181 1934 4251 funderet,
1969 4201 2090 4256 my-

455 4281 692 4337 sterium
714 4295 890 4334 sacrae
921 4275 1321 4332 sollemnitatis
1349 4275 1611 4332 instituit.
1635 4279 1758 4350 Ipse
1786 4276 1942 4332 enim
1969 4278 2084 4350 pri-

457 4377 549 4431 die
582 4391 757 4448 quam
783 4374 1096 4445 pateretur.

1037 4465 1158 4514 Post
1183 4464 1506 4530 mysterium.

2178 1877 2414 1934 beatum
2441 1879 2799 1951 Stephanum
2846 1855 2907 1934 in
2947 1855 3307 1935 confessione
3347 1879 3427 1934 ita
3470 1855 3822 1934 succendisti

2179 1971 2314 2040 ﬁde,
2333 1976 2397 2026 ut
2413 1973 2664 2045 imbrem
2685 1973 2945 2046 lapidum
2963 1990 3080 2029 non
3095 1974 3348 2028 timeret.
3369 1975 3576 2028 Amen.
3594 1972 3824 2028 Exaudi

2179 2082 2410 2136 precem
2440 2067 2671 2122 familia:
2702 2070 2814 2122 tuae
2845 2067 3118 2122 amatoris
3162 2066 3315 2122 inter
3351 2067 3497 2122 festa
3538 2065 3828 2138 plauden—

2181 2161 2320 2212 tem:
2348 2161 2553 2214 Amen.
2583 2161 2834 2216 Accedat
2862 2161 2936 2215 ad
2959 2164 3146 2217 tevox
3171 2159 3270 2216 illa
3307 2159 3668 2216 intercedens
3707 2177 3823 2232 pro

2181 2253 2414 2324 populo,
2446 2269 2550 2325 pro
2585 2253 2830 2308 inimicis
2866 2270 2994 2326 qua:
3033 2254 3234 2309 orabat
3257 2255 3318 2309 in
3345 2254 3468 2326 ipso
3508 2254 3821 2326 martyrio.

2180 2347 2382 2400 Amen.
2411 2347 2484 2401 Ut
2523 2363 2580 2401 se
2610 2347 2930 2416 obtinente,
2958 2351 3015 2402 et
3045 2351 3103 2403 te
3147 2352 3572 2416 remunerante,
3616 2365 3827 2420 perve-

2182 2438 2304 2494 niat
2348 2439 2480 2494 illuc
2521 2439 2683 2512 plebs
2715 2440 3030 2512 adquaesita
3055 2457 3161 2512 per
3189 2442 3455 2514 gratiam,
3485 2441 3580 2496 ubi
3605 2444 3682 2509 te,
3714 2458 3828 2498 ca-

2182 2533 2251 2586 lis
2286 2533 2518 2604 apertis,
2550 2533 2672 2605 ipse
2702 2533 2844 2589 vidit
2881 2534 2940 2589 in
2973 2535 3234 2607 gloriam.
3263 2537 3466 2590 Amen.
3500 2534 3664 2600 Quod
3691 2535 3822 2608 ipse

2181 2630 2453 2698 praestare
2481 2627 2757 2700 digneris.

2594 2731 2844 2781 Collectio
2867 2733 2986 2796 post
3007 2731 3399 2782 Eucharistiam.

2255 2816 2422 2884 Deus,
2445 2816 2715 2888 perennis
2740 2817 2910 2886 salus,
2931 2817 3228 2873 beatitudo
3254 2817 3686 2886 inaestimabilis,
3719 2817 3820 2885 da,

2185 2924 2529 2980 quaesumus,
2557 2911 2825 2966 omnibus
2873 2911 3015 2980 tuis,
3038 2915 3103 2966 ut
3149 2911 3245 2982 qui
3295 2916 3492 2966 sancta
3533 2928 3598 2966 ac
3640 2911 3826 2966 beata

2184 3005 2568 3074 sumpserunt,
2603 3007 2660 3058 et
2679 3005 2860 3059 sancti
2881 3005 3100 3078 jugiter
3125 3008 3182 3060 et
3209 3005 3364 3061 beati
3391 3022 3514 3061 esse
3543 3022 3820 3062 merean-

2184 3099 2296 3152 tur.
2331 3097 2496 3162 Quod
2523 3097 2644 3169 ipse
2674 3102 2948 3170 praestare
2977 3098 3249 3172 digneris.

2701 3205 3090 3256 Consummatio
3115 3205 3304 3256 missae.

2260 3288 2479 3344 Gratias
2514 3290 2738 3362 agimus
2776 3289 2899 3358 tibi,
2928 3291 3192 3360 Domine,
3231 3289 3622 3362 multiplicatis
3662 3289 3826 3348 circa

2188 3382 2652 3438 miserationibus
2679 3384 2809 3452 tuis,
2843 3385 2941 3456 qui
2987 3389 3044 3440 et
3080 3385 3203 3440 Filii
3245 3384 3328 3440 tui
3370 3385 3662 3440 nativitate
3711 3403 3826 3442 nos

2188 3477 2390 3545 salvas,
2417 3480 2475 3532 et
2495 3478 2763 3550 martyris
2784 3477 3063 3550 Stephani
3088 3477 3491 3550 deprecatione
3507 3481 3821 3535 sustentes.

2187 3571 2296 3625 Per
2313 3570 2622 3626 Dominum
2647 3575 2905 3627 nostrum
2933 3571 3135 3627 Filium
3158 3575 3340 3627 tuum.

2283 3693 2370 3747 VI.
2412 3708 2571 3749 mssa
2608 3707 2662 3750 IN
2701 3707 2901 3751 NATALE
2937 3707 3332 3752 APOSTOLORUM
3370 3693 3621 3760 ucom‘,
3662 3709 3730 3752 ετ

2861 3781 3142 3822 JOHANNIS.

2258 3856 2565 3914 Electionis
2619 3857 2931 3914 Dominicae
2983 3860 3322 3931 praeclarum
3380 3859 3782 3916 testimonium
3807 3904 3824 3932 ,

2189 3953 2360 4021 atque
2397 3951 2723 4022 apostolicae
2753 3952 3218 4024 congregationis
3261 3953 3597 4008 admirabile
3640 3969 3823 4010 orna-

2187 4046 2470 4112 mentum,
2495 4047 2552 4098 et
2572 4060 2714 4099 evan
2721 4045 2916 4116 gelicaa
2942 4045 3197 4101 veritatis
3217 4047 3442 4102 caeleste
3462 4047 3830 4119 praeconium

2189 4139 2416 4192 sanctos
2459 4137 2560 4191 Dei
2614 4139 2902 4210 apostolos
2951 4142 3011 4194 et
3064 4143 3384 4213 martyres,
3432 4141 3711 4196 Iacobum
3763 4147 3832 4197 et.

2187 4231 2533 4299 Iohannem,
2563 4233 2828 4303 praesenti
2871 4234 3178 4290 festivitate
3215 4238 3575 4303 venerantes,
3608 4235 3833 4291 fratres

2191 4323 2484 4394 carissimi,
2518 4325 2762 4383 Domino
2795 4345 2859 4382 ac
2891 4329 3008 4384 Deo
3033 4331 3232 4384 nostro
3262 4328 3482 4401 pariter
3531 4329 3828 4401 supplice-

2187 4435 2334 4488 mus,
2366 4423 2429 4474 ut
2465 4419 2563 4492 qui
2603 4437 2802 4476 eorum
2829 4422 3168 4479 electionem
3195 4424 3494 4480 vocatione
3535 4439 3639 4479 sua
3667 4439 3832 4496 prae-

528 4542 644 4596 Hoc
673 4555 812 4610 ergo
846 4536 1108 4604 facimus,
1141 4512 1406 4604 Domine,
1433 4537 1556 4593 haec
1580 4541 1869 4610 praecepta
1897 4553 2085 4592 serva-
2106 4515 2166 4588 D
2189 4512 2333 4581 sem»
2356 4517 2612 4610 ῐξοδίῗίίω
2643 4531 2871 4588 quoque
2897 4515 3259 4572 vocationem
3285 4515 3471 4591 197
3507 4533 3838 4574 munerum

454 4650 605 4703 mus,
633 4634 782 4688 hanc
828 4630 974 4686 sacri
1000 4631 1256 4702 corporis
1291 4631 1620 4703 passionem
1651 4631 1826 4688 sacris
1867 4633 2090 4688 sollem-

454 4730 624 4785 nibus
651 4725 1053 4800 prazdicamus.
1083 4724 1421 4788 Quaesumus
1447 4726 1816 4798 omnipotens
1835 4728 2003 4794 Deus,
2027 4731 2090 4782 ut

455 4824 601 4879 sicut
635 4820 937 4877 veritatem
982 4833 1134 4873 nunc
1179 4819 1538 4874 Sacramenti
1576 4821 1815 4875 caelestis
1857 4820 2084 4892 exequi-

453 4934 604 4986 mur,
626 4915 736 4988 ipsi
754 4911 979 4968 veritati
998 4911 1272 4966 dominici
1293 4912 1550 4984 corporis
1571 4929 1636 4968 ac
1660 4914 2083 4986 sanguinishae-

453 5027 704 5066 reamus.
744 5010 854 5064 Per
893 5005 1201 5062 Dominum
1249 5009 1511 5061 nostrum
1559 5007 1752 5064 Jesum
1801 5008 2084 5065 Christum

455 5103 658 5160 Filium
680 5107 864 5158 tuum.

627 5251 634 5265 ι
879 5192 1009 5241 Ante
1033 5189 1320 5242 orationem
1346 5190 1690 5243 Dominicam.

527 5266 767 5324 Gloriosi
806 5266 991 5322 levitas
1037 5267 1312 5340 exemplis
1363 5270 1420 5322 et
1462 5266 1776 5324 beatissimi
1817 5267 2086 5341 martyris

454 5361 734 5434 Stephani
755 5360 1102 5433 magisteriis
1127 5361 1391 5431 instituti,
1423 5365 1640 5418 aeterno
1677 5360 1819 5433 Regi
1845 5365 1902 5415 et
1929 5362 2087 5417 Patri

451 5457 572 5512 Deo
588 5472 840 5528 precem,
861 5456 1084 5512 Fratres
1108 5455 1406 5524 carissimi,
1429 5473 1560 5510 cum
1583 5455 1742 5511 omni
1763 5455 2083 5511 humilitate

451 5549 784 5618 fundamus,
808 5553 871 5605 ut
891 5548 1024 5606 dato
1042 5550 1207 5607 nobis
1232 5549 1368 5604 fidei
1393 5550 1582 5605 calore
1608 5551 1695 5604 vel
1717 5565 1978 5616 munere,
2013 5549 2086 5604 ad

519 5667 547 5697 ³
575 5669 638 5722 In
671 5667 1030 5724 Lectionario
1056 5666 1344 5723 Gallicana
1371 5665 1589 5720 mentio
1617 5667 1682 5721 ﬁt
1709 5667 1780 5721 de
1809 5668 1929 5722 solo
1951 5683 2084 5722 san-

451 5740 543 5810 cto
589 5741 852 5810 Joanne;
901 5741 960 5792 at
1005 5737 1064 5791 in
1105 5736 1508 5810 Martyrologio
1561 5737 1888 5810 Gellonensi
1933 5737 2088 5810 apud

453 5809 841 5880 Septimanos,
865 5810 999 5864 ante
1031 5823 1215 5863 annos
1241 5809 1570 5878 nongentos
1596 5808 1805 5881 scripto
1835 5826 1848 5864 :
1877 5825 1932 5864 γι
1957 5808 2084 5866 Kal.

2188 4623 2291 4661 sua
2343 4607 2624 4664 electione
2671 4610 3010 4679 confirmet;
3041 4611 3333 4683 donetque
3382 4611 3546 4668 nobis
3592 4611 3840 4670 timoris

2187 4699 2272 4754 sui
2294 4702 2801 4772 perseverantiam,
2826 4703 2922 4774 qui
2943 4703 3052 4758 illis
3078 4705 3430 4775 apostolatus
3459 4705 3710 4776 gratiam
3732 4708 3837 4763 vel

2185 4793 2434 4864 Martyrii
2490 4794 2650 4850 dedit
2705 4813 3001 4854 coronam.
3049 4799 3157 4853 Per
3204 4798 3512 4854 Dominum
3551 4802 3836 4856 nostrum

2184 4887 2376 4942 Jes’um
2407 4887 2695 4945 Christum
2717 4889 2918 4946 Filium
2944 4909 3130 4948 suum.

2739 4993 2987 5045 Collectio
3010 4994 3260 5060 sequitur.

2255 5075 2520 5144 Domine,
2541 5079 2637 5149 qui
2658 5078 3000 5135 beatissimis
3020 5081 3292 5152 apostolis
3305 5081 3516 5138 Iacobo
3537 5085 3596 5136 et
3606 5082 3633 5136 Ι
3639 5082 3846 5141 οΙιεωα

2187 5169 2246 5225 ni
2276 5170 2520 5243 gloriam
2547 5172 2807 5244 martyrii
2834 5173 3113 5230 bibitione
3135 5175 3220 5230 tui
3249 5174 3439 5231 calicis
3482 5174 3842 5250 praedixisti,

2187 5270 2250 5322 ut
2298 5267 2356 5320 et
2393 5264 2768 5320 confirmares
2803 5267 3242 5340 responsionem
3279 5285 3454 5341 quam
3493 5269 3634 5324 fides
3672 5287 3848 5341 pura

2185 5365 2520 5437 protulerat,
2557 5364 2616 5416 et
2638 5361 2931 5417 conferres
2970 5362 3242 5418 virtutem
3269 5379 3444 5434 quam
3473 5363 3682 5419 caritas
3727 5363 3856 5421 de-

2185 5461 2316 5514 vota
2325 5457 2790 5530 praesumpserat,
2805 5456 2954 5512 hanc
2967 5469 3168 5512 eorum
3179 5457 3460 5528 passionis
3471 5456 3848 5516 memoriam

2186 5551 2496 5607 Ecclesiam
2525 5553 2687 5605 tuam
2716 5549 3072 5606 sollemniter
3105 5549 3496 5606 celebrantem
3535 5551 3848 5626 placatus,

2183 5669 2439 5724 Januarii
2464 5668 2738 5724 ordinatio
2767 5670 3097 5738 episcopatus
3131 5667 3322 5724 Jacobs“
3352 5669 3587 5740 apostoli
3621 5669 3853 5737 fratris

2185 5741 2417 5804 Domini,
2439 5745 2492 5796 et
2517 5741 2826 5812 Asswnptio
2849 5741 3028 5795 sancti
3046 5741 3271 5798 Joannis
3297 5741 3660 5814 evangelista.
