4054 6188
212 256 314 319 233

1304 258 1390 316 DE
1424 258 1735 316 LITURGIA
1771 258 2142 318 GALLICANA
2181 258 2377 316 LIBER
2418 261 2507 317 III.

3472 264 3575 323 234

209 371 461 427 intende.
490 368 692 438 Prosit,
723 384 1072 442 quaesumus,
1114 369 1579 425 commemoratio
1617 374 1839 424 sancto-
1864 380 1924 453 Α
1943 367 2105 438 riam,
2136 385 2238 439 pro
2281 369 2629 426 confessione
2667 366 2960 425 victoriam
2997 374 3268 444 praestare
3311 369 3577 445 dignatus

210 482 340 521 rum
368 464 829 520 beatissimorum
858 465 930 520 ad
968 464 1342 520 obtinendum
1369 469 1485 520 tuae
1524 463 1845 520 miseratio-

208 564 294 619 nis
319 564 609 619 auditum.
639 562 821 618 Prosit
848 564 1234 635 apostolorum
1262 563 1455 618 titulos
1482 562 1753 633 recolere,
1783 568 1851 619 ut

206 658 507 728 Majestatis
531 663 647 713 tum
674 673 840 712 aures
877 657 1058 713 oratio
1096 656 1289 712 nostra
1326 658 1510 713 valeat
1546 657 1846 713 inclinare.

205 752 391 806 Prosit
428 751 750 825 supplicare
790 751 1138 824 patrociniis,
1181 755 1245 807 ut
1288 750 1542 823 digneris
1579 751 1849 806 exaudire

204 845 515 917 suffragiis,
557 846 809 902 Salvator
852 845 1075 900 mundi.
1116 844 1220 909 Qui
1262 862 1395 901 cum
1435 849 1647 901 aeterno
1686 847 1848 901 Patre

205 943 257 995 et
284 939 507 1012 Spiritu
535 944 729 996 sancto
753 939 890 995 vivis
917 944 975 995 et
1000 955 1228 1011 regnas.

709 1040 959 1092 Collectio
977 1041 1097 1105 post
1118 1039 1347 1090 nomina.

271 1127 542 1197 Domine,
576 1142 748 1199 quem
786 1129 1082 1182 vocantem
1116 1125 1292 1180 sancti
1333 1126 1572 1197 apostoli
1614 1126 1847 1183 Jacobus

203 1225 257 1275 et
293 1220 590 1276 Iohannes
624 1219 735 1275 ﬁde
782 1219 1006 1291 integra
1045 1222 1178 1274 sunt
1211 1219 1407 1285 secuti,
1446 1224 1503 1275 et
1549 1237 1721 1292 quem
1767 1236 1848 1276 se-

200 1319 447 1386 quentes
485 1330 555 1368 ex
599 1312 830 1369 caritate
879 1313 1104 1384 integra
1141 1314 1276 1367 sunt
1317 1312 1500 1383 electi,
1543 1318 1609 1368 ut
1647 1314 1847 1369 mundi

198 1407 519 1479 piscatores
560 1406 781 1474 ﬁerent,
824 1405 922 1478 qui
960 1404 1228 1476 profundi
1276 1405 1417 1460 retia
1466 1406 1843 1478 reliquissent,

204 1500 446 1556 auribus
486 1500 735 1572 percipe,
765 1515 1116 1571 quaesumus,
1147 1499 1459 1556 orationem
1488 1504 1758 1570 nostram,
1793 1505 1849 1556 et

204 1595 399 1651 tribue
425 1599 495 1650 ut
527 1595 666 1650 dum
703 1593 1034 1666 apostolicos
1058 1594 1376 1665 triumphos
1414 1594 1768 1650 admiramur
1793 1598 1849 1650 et

197 1689 462 1757 colimus,
501 1688 547 1743 si
577 1688 811 1760 adsequi
840 1704 1040 1743 eorum
1064 1689 1211 1743 facta
1239 1705 1355 1743 non
1383 1705 1705 1759 possumus,
1736 1689 1845 1743 im-

1947 465 2048 517 est.
2084 463 2205 534 Ipse
2234 463 2388 519 enim
2413 464 2512 536 qui
2539 463 2721 535 pridie
2740 480 2913 536 quam
2942 468 3059 537 pat.

2500 564 2801 615 Benedictio
2825 566 3024 629 populi.

2018 646 2185 714 Deus,
2214 644 2311 716 qui
2338 649 2465 700 tuos
2490 646 2772 716 apostolos
2796 646 3042 717 pretiosa
3069 646 3326 718 gentium
3362 648 3580 706 lumina

1947 739 2296 810 praeparasti,
2336 740 2473 794 dum
2500 739 2779 794 .Jacobum
2823 744 2879 794 et
2920 740 3236 796 Johannem
3276 743 3349 798 ad
3397 743 3579 799 inlus-

1946 832 2173 887 trandas
2201 832 2418 887 animas
2462 832 2611 887 inter
2632 848 2761 887 vasa
2790 833 3049 888 Ecclesiae
3088 835 3419 890 candelabra
3445 837 3579 893 ﬁdei

1947 925 2265 997 praetulisti.
2293 929 2495 982 Amen.
2538 927 2617 980 Da
2652 925 2803 997 plebi
2838 929 2953 982 tuae
2988 927 3219 998 imitari,
3251 930 3403 1000 quod
3431 946 3580 986 unus

1949 1020 2255 1087 exorando,
2280 1019 2423 1074 alius
2442 1020 2694 1075 docendo
2719 1020 3001 1075 formavit.
3033 1024 3233 1078 Amen.
3262 1023 3581 1079 Fructiﬁcet

1947 1112 2007 1167 in
2022 1114 2142 1168 hoc
2183 1115 2414 1186 populo,
2444 1113 2597 1186 quod
2622 1113 2923 1169 seminavit
2950 1114 3055 1170 iste
3085 1116 3276 1186 verbo,
3305 1117 3581 1189 plantavit

1948 1207 2039 1263 ille
2063 1208 2357 1280 martyrio.
2390 1210 2459 1263 Ut
2486 1224 2684 1263 eorum
2731 1208 3053 1264 interventu
3086 1209 3209 1264 haec
3236 1211 3403 1266 turba
3429 1211 3579 1268 illius

1947 1302 2232 1357 reﬁciatur
2257 1302 2574 1371 dulcedine,
2605 1319 2777 1373 supra
2802 1304 2964 1374 cujus
2988 1306 3185 1374 pectus
3202 1320 3363 1360 carus
3378 1306 3589 1361 Johan-‘

1946 1412 2047 1451 nes
2079 1396 2359 1451 accubuit.
2389 1398 2590 1451 Amen.
2636 1396 2796 1460 Quod
2834 1396 2952 1467 ipse
2994 1401 3264 1469 praestare
3306 1397 3576 1470 digneris,

1947 1489 2045 1562 qui
2069 1489 2130 1545 in
2156 1490 2428 1545 Trinitate
2447 1491 2717 1563 perfecta.

2469 1586 2587 1633 Post
2620 1584 3064 1635 communionem.

2018 1665 2257 1736 Repleti,
2280 1665 2536 1736 Domine,
2559 1667 2947 1737 apostolorum
2975 1666 3298 1722 celebritate
3327 1670 3577 1738 tuorum,

197 1783 359 1855 plere
395 1781 588 1838 saltim
615 1782 839 1837 monita
874 1782 1302 1838 contendamus.
1333 1782 1495 1847 Quod
1525 1782 1648 1855 ipse
1673 1798 1844 1855 praes-
1863 1780 1920 1854 B
1946 1774 2277 1855 Quaesumus
2301 1765 2367 1814 ut
2392 1764 2446 1815 te
2476 1776 2703 1855 semper
2730 1760 2790 1855 ίη
2817 1776 3015 1855 θοΓΨη
3047 1761 3580 1855 commemoratione

198 1883 321 1932 tare
355 1876 632 1948 digneris,
660 1875 759 1948 qui
781 1891 911 1931 cum
935 1878 1098 1931 Patre
1125 1880 1181 1931 et
1209 1876 1440 1947 Spiritu.

737 1977 985 2028 Collectio
1017 1977 1084 2027 ad
1117 1991 1322 2042 pacem.

268 2062 517 2118 Domine
561 2067 794 2133 aeterne,
834 2064 925 2118 cui
970 2063 1048 2118 ita
1086 2063 1148 2117 in
1193 2063 1402 2118 sanctis
1441 2062 1708 2135 apostolis
1737 2062 1848 2118 tuis

199 2157 409 2212 Iacobo
446 2162 506 2213 et
541 2157 804 2213 Iohanne
845 2157 1061 2228 placuit
1104 2174 1377 2213 arcanum
1420 2157 1848 2229 dispensationis

202 2250 401 2307 im.....
438 2255 503 2306 ut
548 2250 790 2322 glorioso
827 2250 1103 2323 passionis
1143 2252 1423 2323 exemplo,
1466 2251 1849 2324 apostolorum

206 2346 454 2401 chorum
482 2344 576 2399 ille
615 2344 981 2416 praecederet,
1012 2345 1117 2400 iste
1139 2345 1533 2416 praemitteret,
1571 2349 1741 2418 atque
1770 2345 1849 2399 ita

203 2438 363 2495 inter
384 2443 701 2511 utrumque
727 2455 864 2509 grex
891 2444 1381 2495 consummaretur
1397 2440 1616 2511 beatus,
1642 2444 1708 2494 ut
1733 2456 1849 2494 om-

207 2533 375 2589 nium
404 2533 765 2588 devotionem
799 2532 893 2587 illc
930 2534 1296 2605 praecederet,
1330 2533 1431 2588 iste
1468 2534 1845 2604 concluderet,

203 2627 481 2682 miserere
506 2626 706 2695 nostri,
736 2631 793 2681 et
830 2626 1033 2681 exaudi
1068 2643 1192 2695 nos,
1221 2630 1277 2682 et
1310 2630 1536 2698 praesta,
1576 2632 1643 2682 ut
1666 2627 1845 2699 possi-

202 2737 340 2776 mus
363 2720 769 2792 praedictorum
809 2723 1129 2791 martyrum
1163 2725 1395 2776 tuorum
1431 2721 1845 2792 apostolorum-

207 2831 348 2888 que,
374 2814 463 2869 vel
487 2813 643 2869 illius
667 2814 926 2885 exemplo
952 2814 1124 2870 ﬁdem
1151 2817 1367 2886 tenere,
1385 2832 1498 2887 qua
1524 2818 1846 2879 coronatur,

202 2910 297 2964 vel
328 2908 494 2963 istius
524 2907 853 2979 magisterio
884 2907 1177 2963 caritatem
1214 2908 1449 2979 discere,
1479 2926 1652 2981 quam
1691 2910 1849 2964 doce—

202 3007 328 3058 tur.
358 3004 465 3057 Per
489 3001 799 3057 Dominum
824 3005 1085 3058 nostrum
1107 3004 1300 3059 Jesum
1325 3002 1611 3059 Christum
1640 3003 1849 3060 Filium

202 3102 398 3164 tuum,
430 3095 529 3168 qui
555 3101 631 3153 te.

766 3190 1054 3241 Immolatio
1092 3190 1281 3240 missae.

280 3276 536 3348 Dignum
562 3280 619 3331 et
639 3274 861 3346 justum
890 3279 993 3331 est.
1013 3277 1153 3331 Vere
1184 3293 1414 3348 aequum
1443 3282 1499 3333 et
1519 3277 1739 3349 justum
1765 3281 1850 3333 est

203 3388 314 3426 nos
366 3369 471 3425 tibi
522 3369 731 3443 gratias
782 3387 972 3445 agere,
1028 3374 1155 3444 vota
1209 3372 1547 3443 persolvere,
1615 3372 1848 3427 Domine

206 3470 424 3535 sancte,
476 3466 643 3520 Pater
684 3465 1061 3537 omnipotens,
1106 3468 1315 3520 aeterne
1358 3467 1522 3521 Deus.
1572 3465 1847 3530 Quoniam

206 3559 315 3614 tibi
341 3558 584 3615 vivimus
609 3559 800 3614 omnia
827 3576 998 3632 opera
1022 3562 1141 3629 tua,
1173 3562 1229 3614 et
1250 3558 1311 3618 in
1337 3560 1555 3616 factura
1574 3575 1772 3614 eorum
1793 3564 1848 3615 te

206 3652 557 3709 conlaudant
575 3659 632 3709 et
648 3652 991 3709 benedicunt
1011 3669 1209 3708 omnes
1228 3653 1405 3709 sancti
1423 3652 1528 3722 tui,
1551 3671 1692 3725 quos
1706 3670 1850 3725 prae-

204 3746 501 3803 destinasti
533 3748 851 3803 conformes
877 3747 1000 3803 ﬁeri
1027 3747 1266 3819 imagini
1285 3747 1407 3802 Filii
1433 3747 1538 3803 tui.
1565 3749 1624 3802 In
1655 3747 1704 3819 1
1721 3745 1847 3820 98

205 3858 321 3914 quo
347 3842 663 3897 exaltatum
701 3846 785 3897 est
822 3854 1017 3897 cornu
1043 3841 1234 3898 salutis
1270 3858 1468 3897 eorum
1506 3841 1604 3913 qui
1638 3858 1850 3898 nomen

203 3936 350 4007 ejus,
382 3935 539 4007 quod
559 3939 643 3991 est
668 3951 837 4007 super
862 3952 1029 3992 omne
1064 3951 1293 4006 nomen,
1320 3952 1510 3991 coram
1534 3935 1765 4008 regibus
1792 3940 1848 3993 et

205 4029 584 4100 potestatibus
632 4029 804 4101 hujus
859 4029 1047 4084 saeculi
1100 4045 1234 4085 voce
1276 4028 1455 4084 libera
1496 4029 1844 4101 conﬁtentes,

202 4121 387 4193 ipsius
430 4121 659 4178 Domini
683 4122 983 4179 Salvatoris
1010 4124 1269 4194 exemplo
1300 4138 1405 4195 per
1435 4122 1689 4195 patibula
1724 4140 1844 4196 poe-

199 4230 440 4285 narum,
468 4216 541 4272 de
578 4216 1035 4288 persecutoribus
1061 4215 1174 4272 suis
1198 4220 1254 4272 et
1278 4216 1496 4271 diabolo
1522 4216 1843 4290 triumpha-

199 4314 365 4377 runt,
395 4315 453 4365 et
495 4326 731 4382 corpora
769 4327 872 4365 sua
906 4311 1102 4367 dantes
1142 4310 1385 4366 hostiam
1430 4311 1562 4381 Deo,
1602 4312 1848 4383 pretiosa

199 4402 313 4459 tibi
338 4408 530 4460 morte
567 4403 912 4460 ceciderunt.
946 4405 1025 4459 Ex
1056 4404 1260 4476 quibus
1295 4407 1519 4460 exstant
1541 4404 1844 4460 beatissimi

203 4497 453 4568 apostoli
493 4502 551 4554 et
575 4501 856 4570 martyres
880 4498 962 4553 tui
1000 4498 1236 4553 Iacobus
1272 4503 1329 4554 et
1367 4499 1668 4568 Johannes,
1711 4516 1847 4572 quo-

201 4606 342 4647 rum
366 4591 622 4648 natalem
655 4591 822 4648 hodie
850 4592 1216 4660 celebramus,
1244 4592 1598 4649 obsecrantes
1622 4593 1842 4648 miseri-

201 4684 464 4741 cordiam
503 4691 685 4753 tuam,
712 4685 963 4756 piissime
1004 4689 1173 4757 atque
1202 4686 1558 4757 omnipotens
1593 4688 1756 4758 Deus,
1784 4691 1850 4743 ut

201 4794 411 4834 eorum
436 4777 656 4834 meritis
682 4777 1141 4849 suffragantibus,
1172 4795 1368 4851 preces
1399 4785 1619 4836 nostras
1651 4780 1845 4853 propi-

200 4871 327 4927 tius
354 4871 643 4940 exaudias,
685 4887 790 4943 per
825 4871 1129 4927 Dominum
1167 4877 1425 4929 nostrum
1466 4875 1657 4930 Jesum
1692 4874 1849 4929 Chri-

204 4969 369 5020 stum
396 4962 602 5019 Filium
626 4968 811 5035 tuum,
830 4965 928 5036 qui
949 4971 1034 5022 est
1048 4970 1370 5022 sanctorum
1389 4967 1647 5022 omnium
1670 4967 1848 5024 virtus

203 5062 269 5113 et
294 5056 495 5129 gloria,
516 5057 752 5113 victoria
770 5062 1087 5130 martyrum
1103 5064 1161 5115 et
1179 5076 1402 5132 corona,
1422 5066 1615 5133 pastor
1633 5062 1845 5133 ovium,

204 5155 268 5206 et
299 5151 487 5207 hostia
512 5151 889 5221 sacerdotum,
918 5153 1234 5225 redemptio
1260 5155 1538 5226 gentium,
1569 5160 1625 5212 et
1649 5156 1845 5229 propi-

203 5242 373 5298 tiatio
413 5247 797 5315 peccatorum.
826 5248 970 5301 Ante
1005 5247 1167 5318 cujus
1193 5248 1621 5311 sacratissimam
1658 5251 1850 5307 sedem

204 5340 367 5391 stant
392 5336 585 5409 angeli
611 5341 779 5410 atque
797 5339 1142 5412 archangeli,
1173 5345 1230 5397 et
1254 5340 1373 5398 sine
1394 5343 1697 5399 cessatione
1722 5360 1850 5415 pro-

203 5429 485 5500 clamant,
512 5430 763 5487 dicentes
791 5448 803 5486 :
834 5432 1090 5502 Sanctus,
1125 5434 1380 5505 Sanctus,
1414 5436 1668 5492 Sanctus.

703 5542 951 5594 Collectio
974 5548 1095 5609 post
1124 5545 1360 5609 Sanctus,

280 5626 544 5683 Bosanna
591 5626 653 5683 in
695 5628 946 5685 excelsis.
985 5630 1127 5686 Vere
1168 5634 1412 5702 sanctus,
1454 5647 1583 5688 vere
1622 5630 1849 5690 benedi-

207 5725 342 5776 ctus
365 5720 638 5777 Dominus
677 5725 870 5778 noster
889 5722 1048 5780 Jesus
1072 5723 1326 5782 Christus
1360 5725 1535 5782 Filius
1562 5729 1714 5796 tuus,
1750 5729 1849 5803 qui

206 5813 456 5874 Sanctus
482 5814 545 5873 in
576 5815 782 5872 sanctis
814 5832 919 5890 pro
943 5822 1126 5876 morte
1164 5819 1357 5895 vitam,
1387 5837 1492 5898 pro
1524 5838 1694 5898 poena
1721 5824 1844 5899 glo.

544 5911 821 5983 Paeon.
865 5913 1102 5983 LXXII.

1946 1852 2261 1923 laudemus,
2309 1857 2365 1908 et
2404 1856 2562 1908 tuam
2603 1853 3071 1925 misericordiam,
3110 1854 3311 1911 iisdem
3358 1871 3582 1927 semper

1948 1946 2397 2018 deprecantibus,
2428 1964 2862 2020 consequamur.
2884 1950 2991 2004 Per
3016 1948 3337 2004 Dominum.

2498 2053 2749 2103 Collectio
2774 2053 3024 2117 sequitur.

2018 2132 2435 2204 Apostolorum,
2477 2150 2826 2206 quaesumus,
2883 2134 3136 2202 Domine,
3186 2133 3581 2191 intercessione

1947 2241 2051 2280 nos
2073 2227 2298 2298 adjuva,
2321 2244 2426 2299 pro
2444 2244 2691 2300 quorum
2705 2227 3078 2283 sollemnitate
3095 2228 3368 2299 laetantes,
3391 2232 3583 2284 sancta

1948 2323 2046 2375 tua
2072 2323 2428 2394 percepimus
2458 2323 2623 2378 dona.
2652 2324 2757 2378 Per
2784 2322 3106 2377 Dominum.

2092 2429 2204 2483 VH.
2247 2445 2405 2485 MISSA
2442 2446 2495 2485 ΙΝ
2549 2445 2750 2487 NATALE
2788 2443 3109 2486 sucronem
3148 2443 3438 2484 INFANTUM.

2024 2532 2183 2602 Deus,
2212 2532 2311 2604 qui
2338 2532 2663 2587 universam
2690 2533 2995 2588 Ecclesiam
3020 2536 3182 2587 tuam
3206 2531 3582 2602 pretiosorum

1951 2622 2142 2697 199
2172 2630 2490 2696 martyrum
2527 2629 2757 2680 tuorum
2794 2625 3119 2695 virtutibus,
3158 2625 3311 2679 velut
3354 2622 3584 2694 quibus-

1949 2718 2081 2772 dam
2120 2717 2352 2772 ﬂoribus
2393 2719 2692 2787 coronasti,
2730 2723 2795 2772 ut
2839 2734 2943 2789 per
2979 2717 3174 2785 trium,
3216 2717 3318 2771 hos
3352 2720 3583 2771 tuorum

1948 2811 2179 2866 testium
2223 2816 2280 2867 et
2327 2812 2769 2867 sollemnitatum
2825 2810 3062 2884 gloriam
3112 2814 3169 2865 et
3222 2808 3584 2865 devotionum

1948 2905 2207 2977 exempla
2256 2905 2588 2978 susciperes,
2635 2904 2779 2959 sicut
2807 2904 2866 2959 in
2905 2905 3011 2959 hoc
3040 2903 3149 2972 die,
3183 2920 3295 2975 quo
3333 2919 3436 2975 pro
3470 2903 3582 2956 Do-

1948 2999 2106 3054 mino
2130 3004 2323 3054 nostro
2349 3000 2477 3054 Jesu
2500 2998 2719 3055 Christo
2750 2998 3033 3053 lnfantum
3063 2996 3444 3052 innocentiam
3482 3012 3581 3051 ex-

1947 3093 2094 3148 tollis
2145 3108 2326 3165 usque
2374 3093 2447 3148 ad
2504 3092 2708 3148 merita
2758 3091 3107 3165 passionum.
3175 3090 3432 3146 Feliciter
3480 3107 3584 3162 pro

1869 3156 1923 3230 C
1949 3187 2170 3243 Christo
2194 3156 2408 3243 mortui
2428 3191 2589 3257 sunt;
2621 3187 2719 3242 sed
2736 3156 2953 3241 felicius
2977 3202 3108 3241 cum
3125 3185 3325 3241 eodem
3343 3184 3403 3239 in
3425 3156 3585 3240 aster-

1947 3280 2122 3337 nitate
2154 3281 2353 3337 victuri
2384 3298 2397 3336 :
2429 3281 2529 3353 qui
2556 3281 2627 3335 ad
2651 3281 2758 3335 hoc
2787 3284 3012 3335 tantum
3036 3296 3139 3352 per
3161 3279 3473 3333 humanam
3501 3276 3585 3333 in-

1948 3375 2275 3431 ﬁrmitatem
2285 3374 2401 3434 nati
2422 3378 2555 3430 sunt
2578 3374 2650 3429 ad
2670 3390 3008 3443 aerumnam,
3027 3377 3089 3427 ut
3103 3388 3206 3444 per
3221 3371 3315 3427 Dei
3341 3370 3583 3443 gratiam

1947 3475 2315 3526 nascerentur
2338 3474 2617 3540 martyres
2649 3467 2719 3522 ad
2756 3482 3043 3522 coronam.
3073 3467 3300 3535 Praesta,
3332 3465 3585 3536 omnipo-

1948 3567 2071 3618 tens
2095 3564 2261 3632 Deus,
2301 3562 2361 3617 in
2399 3563 2505 3616 hac
2552 3560 2929 3616 sollemnitate
2966 3558 3076 3615 diei
3102 3559 3296 3629 hujus,
3336 3561 3402 3614 ut
3440 3558 3583 3614 sicut

1948 3657 2056 3712 illis
2083 3655 2285 3712 dedisti
2310 3655 2527 3728 palmas
2544 3653 2814 3723 victoriae,
2838 3654 2915 3719 ita
2928 3653 3093 3709 nobis
3112 3669 3339 3726 quoque
3363 3668 3583 3708 consor-

1947 3752 2092 3807 tium
2116 3751 2335 3806 tribuas
2374 3749 2803 3822 sempiternum.
2842 3751 2948 3803 Per
2981 3748 3285 3803 Dominum
3324 3751 3582 3803 nostrum

1947 3847 2133 3901 Iesum
2159 3846 2445 3902 Christum
2484 3844 2685 3899 Filium
2712 3848 2898 3913 tuum,
2941 3842 3038 3916 qui
3066 3840 3434 3915 tecumjivit.

2499 3947 2746 3999 Collectio
2776 3946 3027 4011 sequitur.
3526 3997 3529 4001 4

2020 4032 2166 4090 Deus
2191 4034 2610 4107 omnipotentiae
2636 4050 2700 4088 ac
2725 4031 3066 4105 benignatis,
3094 4032 3239 4086 Deus
3268 4028 3582 4085 misericor-

1948 4134 2055 4189 diae
2082 4139 2250 4206 atque
2280 4133 2523 4206 pietatis,
2554 4133 2652 4206 qui
2678 4130 3120 4189 Bethleemiticae
3135 4128 3286 4200 plebi
3313 4145 3378 4182 ac
3402 4127 3581 4183 domi-

1947 4228 2090 4283 nicae
2140 4227 2349 4283 civitati
2424 4244 2528 4299 pro
2587 4226 2988 4298 temporalibus
3054 4221 3323 4277 aerumnis
3376 4220 3581 4292 gaudia

1949 4327 2160 4378 aeterna
2186 4321 2448 4391 tribuisti,
2476 4326 2542 4377 ut
2566 4320 2776 4376 Rachel
2801 4323 2993 4374 sancta
3015 4317 3241 4389 plorans
3260 4314 3403 4369 ﬁlios
3427 4329 3575 4386 suos,

1947 4432 2075 4489 quae
2106 4415 2443 4488 praeferebat
2468 4431 2538 4469 ex
2568 4414 2760 4469 dolore
2800 4414 3040 4480 luctum,
3075 4410 3253 4465 nollet
3282 4424 3353 4464 ex
3389 4425 3580 4464 conso-

1946 4510 2153 4566 latione
2201 4508 2486 4576 solatium,
2534 4508 2668 4580 quia
2716 4507 2848 4562 licet
2880 4505 3165 4561 videretur
3206 4504 3275 4560 de
3310 4504 3577 4578 praesenti
3616 4496 3625 4503 ’

1950 4605 2232 4660 lnfantum
2260 4602 2560 4658 amissione
2598 4600 2920 4672 conterrita,
2948 4604 3069 4656 erat
3094 4604 3287 4655 tamen
3320 4599 3485 4654 beata
3510 4598 3579 4655 de

1946 4702 2265 4771 martyrum
2289 4696 2665 4770 perpetuitate
2694 4711 2909 4752 secura.
2941 4695 3018 4749 Da
3055 4694 3291 4762 cunctis,
3320 4693 3576 4761 Domine,

1948 4793 2007 4848 in
2032 4794 2138 4848 hoc
2179 4793 2301 4847 loco
2343 4790 2797 4860 consistentibus,
2827 4793 2883 4844 et
2919 4787 3198 4843 universas
3239 4787 3390 4859 plebi
3416 4787 3578 4842 istius

1945 4888 2072 4957 loci,
2114 4892 2180 4943 ut
2215 4887 2292 4942 sic
2334 4886 2580 4941 habeant
2622 4901 2692 4940 ex
2734 4886 2943 4938 sanctae
2986 4884 3115 4937 vitae
3160 4880 3578 4936 conversatione

1946 4982 2217 5054 palmam,
2248 4980 2391 5036 sicut
2415 4979 2741 5035 habuerunt
2764 4977 2981 5049 parvuli
3009 4992 3079 5031 ex
3112 4974 3373 5047 passione
3397 4974 3574 5031 victo-

1947 5076 2110 5130 riam.
2132 5077 2239 5130 Per
2256 5074 2557 5131 Dominum
2574 5075 2834 5128 nostrum
2851 5072 3041 5126 Iesum
3061 5068 3349 5126 Christum
3372 5068 3577 5136 Filium

1947 5173 2132 5238 tuum,
2161 5168 2261 5242 qui
2287 5174 2476 5225 tecum
2502 5167 2658 5223 vivit.

2432 5270 2682 5321 Collectio
2711 5271 2830 5333 post
2851 5268 3080 5320 nomina.

2018 5356 2185 5426 Deus,
2213 5357 2313 5431 qui
2336 5356 2394 5413 id
2419 5356 2571 5428 quod
2596 5371 2699 5427 per
2723 5354 3020 5410 infantiam
3058 5353 3281 5410 videtur
3305 5354 3577 5426 exiguum

1948 5465 2226 5523 magnum
2248 5451 2385 5506 facis
2405 5467 2524 5506 esse
2542 5466 2646 5522 per
2669 5448 2891 5520 merita,
2929 5448 3029 5522 qui
3054 5448 3363 5520 primordia
3380 5449 3581 5503 adven-

1948 5546 2039 5598 tus
2080 5544 2167 5599 tui
2200 5543 2505 5616 triumphis
2547 5542 2822 5615 gloriﬁcas
2854 5543 3241 5615 parvulorum,
3279 5540 3437 5612 prius
3483 5552 3575 5590 eos

1947 5636 2221 5710 passionis
2246 5635 2515 5709 martyrio
2531 5654 2704 5710 quam
2729 5637 2907 5693 aetatis
2923 5636 3191 5710 provehis
3209 5631 3574 5692 incremento.

1949 5731 2105 5788 Felix
2152 5747 2305 5787 mors
2353 5748 2571 5803 eorum,
2628 5734 2684 5786 et
2733 5729 3106 5786 beatiﬁcanda
3156 5722 3423 5791 conditio,
3475 5734 3577 5791 per

1950 5841 2123 5899 quam
2147 5824 2225 5884 eis
2249 5826 2485 5899 contigit
2518 5830 2583 5882 ut
2620 5822 2897 5879 saevitiam
2934 5817 3316 5881 crudelissimi
3355 5809 3585 5869 Herodis

3249 5926 3286 5983 8
