4032 6180
316 269 318 274 ’
421 283 522 355 233

1215 288 1545 346 APPENDIX
1581 289 1670 344 AD
1705 287 1928 345 OPERA
1964 289 2197 348 SANCTI
2233 290 2534 350 GERMANI
2569 292 2994 350 PABJSIENSIS.

3680 296 3787 348 ‘236

423 409 733 471 devicerint
755 380 1180 480 triumphando,
1211 408 1268 459 et
1289 403 1576 460 Christum
1612 407 1970 459 mererentur
1993 403 2055 458 in
2075 416 2135 490 Α
2154 412 2367 476 pareat.
2388 408 2582 464 Cordis
2595 409 2772 464 nostri
2793 407 3094 480 praeputia,
3117 422 3248 480 quae
3267 405 3573 479 gentilibus
3589 404 3778 479 201

421 503 680 581 praemio.
712 503 793 558 Da
816 501 949 557 huic
967 499 1196 572 populo,
1225 501 1324 552 tuo
1345 497 1563 552 nomini
1589 501 1932 565 consecrato,
1955 513 2056 568 per

423 597 726 657 consimilis
748 594 943 668 gratia:
965 590 1532 662 administrationem,
1554 591 1890 646 meritorum
1907 590 2056 646 simi-

420 695 566 750 lium
603 689 956 763 dignitatem,
985 689 1051 740 ut
1087 685 1186 756 qui
1225 684 1375 740 hanc
1409 687 1732 740 sanctorum
1769 684 2054 740 Infantum

420 785 779 845 festivitatem
819 797 924 852 pro
971 779 1189 834 honore
1225 777 1472 834 nominis
1515 777 1598 834 tui
1645 777 1946 848 celebrant,
1983 778 2054 834 ad

421 883 676 954 ipsorum
705 875 992 930 Infantum
1021 872 1433 929 beatitudinem
1461 873 1718 944 profectu
1741 872 1872 927 fidei
1901 887 2051 928 sem-

418 991 524 1048 per
545 969 870 1028 ascendant.
896 967 1054 1033 Quod
1080 967 1199 1039 ipse
1230 970 1500 1039 praestare
1531 965 1802 1038 digneris,
1832 965 1950 1037 qui.

979 1068 1269 1120 Immolatio
1301 1068 1490 1119 misse.

489 1159 740 1232 Dignum
765 1161 821 1212 et
836 1157 1060 1228 justum
1085 1160 1187 1210 est.
1209 1155 1351 1210 Vere
1377 1153 1616 1227 dignum
1637 1157 1694 1210 et
1703 1153 1925 1225 justum
1946 1157 2050 1224 est,

417 1271 520 1311 nos
543 1251 647 1310 tibi
665 1266 891 1323 semper
915 1254 971 1305 et
992 1248 1199 1320 ubique
1220 1247 1428 1320 gratias
1453 1263 1645 1319 agere,
1674 1245 1907 1304 Domine
1931 1262 2055 1302 san-

417 1352 526 1419 cte,
559 1349 726 1403 Pater
757 1343 1135 1416 omnipotens,
1181 1347 1391 1398 reterne
1431 1343 1598 1411 Deus,
1635 1358 1740 1413 pro
1783 1341 1871 1396 his
1910 1357 2054 1412 prae-

417 1443 582 1514 cipue
621 1455 867 1512 quorum
895 1437 1172 1492 hodierno
1210 1435 1299 1491 die
1325 1452 1515 1491 annua
1557 1435 1855 1490 festivitate
1892 1451 2050 1490 reco-

417 1531 598 1586 lentes
625 1527 963 1584 memoriam
991 1523 1265 1597 passionis
1294 1524 1667 1594 celebramus,
1700 1541 1841 1596 quos
1875 1525 2049 1578 Hero-

418 1623 623 1679 dianus
665 1621 883 1678 satelles
919 1621 1230 1674 lactantum
1258 1616 1450 1690 200
1491 1622 1742 1672 matrum
1783 1617 2052 1672 uberibus

415 1714 708 1772 abstraxit.
739 1712 843 1779 Qui
867 1714 999 1784 jure
1019 1712 1287 1768 dicuntur
1312 1714 1630 1782 martyrum
1654 1711 1840 1778 flores,
1868 1709 1966 1782 qui
1990 1710 2051 1765 in

416 1809 604 1865 medio
631 1808 842 1880 frigore
865 1804 1210 1860 inﬁdelitatis
1237 1803 1438 1872 exorti,
1453 1803 1609 1860 velut
1632 1803 1847 1876 primas
1865 1819 2052 1858 erum-
2067 1793 2126 1865 Β

415 1906 614 1974 pentes
681 1899 943 1956 Ecclesia:
1017 1913 1270 1970 gemmas
1323 1897 1586 1970 qumdam
1646 1895 2053 1968 persecutionis

413 1995 620 2066 pruina
654 1992 933 2061 discussit,
976 1991 1244 2047 rutilante
1273 1991 1428 2046 fonte
1467 1991 1528 2045 in
1557 1990 1886 2046 Bethlehcm
1913 1989 2047 2044 civi-

413 2093 550 2143 tate.
585 2086 828 2142 Infantes
862 2084 1015 2141 enim
1041 2083 1178 2156 quia
1218 2088 1382 2138 aetate
1430 2083 1583 2155 loqui
1627 2099 1744 2138 non
1769 2087 2047 2154 poterant,

411 2180 640 2236 laudem
668 2179 892 2235 Domini
917 2195 1048 2234 cum
1079 2177 1284 2250 gaudio
1317 2175 1538 2249 [Forsan
1575 2177 1778 2249 gladio]
1827 2192 2052 2232 resona-

414 2273 571 2329 bant.
598 2272 772 2329 Occisi
801 2271 1134 2344 praedicant,
1165 2270 1316 2343 quod
1349 2269 1455 2324 vivi
1488 2287 1602 2324 non
1627 2273 1911 2342 poterant.
1941 2271 2048 2324 Lo-

415 2367 672 2434 quuntur
715 2360 1010 2433 sanguine,
1055 2359 1206 2432 quod
1247 2359 1444 2430 lingua
1478 2359 1878 2431 nequiverunt.
1913 2360 2052 2415 Con-

415 2455 549 2511 tulit
571 2453 660 2511 his
687 2453 1030 2527 martyrium
1052 2453 1300 2520 laudem,
1323 2452 1532 2523 quibus
1546 2452 1924 2524 abnegaverat
1947 2452 2052 2508 lin-

415 2564 529 2621 gua
569 2563 910 2604 sermonem.
943 2545 1244 2602 Praemith
1278 2545 1526 2600 Infantes
1565 2545 1754 2606 Infans
1795 2545 2050 2601 Christus
2098 2594 2107 2601 .

413 2641 485 2696 ad
521 2640 718 2712 caalos;
764 2639 1096 2697 transmittit
1137 2655 1278 2695 nova
1323 2639 1521 2694 exenia
1557 2639 1735 2710 Patri;
1771 2639 2051 2711 primitias

413 2733 644 2791 exhibet
659 2734 910 2790 Genitori
929 2733 1296 2788 Parvulorum
1315 2732 1498 2804 prima
1511 2732 1804 2804 martyria,
1819 2732 2050 2788 Herodis

411 2828 620 2885 scelere
645 2831 990 2902 perpetrata.
1017 2829 1252 2882 Praestat
1285 2826 1469 2881 hostia
1498 2825 1740 2898 corpori,
1771 2827 1909 2881 dum
1942 2843 2047 2882 no-

387 2923 536 2992 ‘cet;
563 2921 905 2978 beneﬁcium
931 2919 1150 2990 tribuit,
1173 2919 1311 2974 dum
1333 2919 1570 2990 occidit;
1599 2919 1893 2975 moriendo
1918 2920 2052 2975 vivi-

411 3020 526 3086 tur,
555 3013 806 3070 cadendo
833 3012 1171 3086 resurgitur,
1200 3011 1432 3068 victoria
1457 3029 1561 3084 per
1581 3011 1877 3068 interitum
1902 3029 2050 3068 com-

411 3109 704 3182 probatur.
747 3108 854 3161 Pro
899 3105 990 3160 his
1033 3121 1170 3177 ergo
1216 3105 1505 3160 beneﬁciis
1546 3108 1604 3160 et
1641 3123 1744 3178 pro
1783 3109 2050 3178 praesenti

411 3199 784 3258 sollemnitate
813 3198 1115 3254 immensas
1140 3197 1338 3270 pietati
1363 3202 1478 3254 tum
1507 3199 1717 3268 gratias
1743 3199 2050 3256 referentes

409 3295 597 3368 potius
623 3309 798 3366 quam
826 3291 1220 3364 rependentes,
1251 3307 1383 3346 cum
1409 3291 1615 3346 sanctis
1639 3293 1857 3363 angelis
1886 3297 1942 3348 et
1965 3311 2050 3349 ar-

409 3387 720 3461 changelis,
761 3385 860 3458 qui
893 3401 1076 3440 unum
1115 3388 1170 3440 te
1207 3385 1381 3440 Deum
1418 3384 1826 3457 dominantem,
1857 3386 2049 3442 distin-

405 3487 583 3552 ctum,
623 3497 729 3536 nec
773 3478 1044 3550 divisum;
1075 3477 1312 3549 trinum,
1349 3495 1454 3535 nec
1479 3479 1803 3552 triplicem;
1838 3481 2044 3553 solum,

409 3593 514 3633 nec
556 3573 913 3642 solitarium;
942 3589 1184 3628 consona
1219 3573 1518 3629 laudamus
1553 3565 1708 3646 voce,
1753 3574 2044 3631 dicentes:

411 3671 667 3739 Sanctus,
694 3667 948 3734 Sanctus,
971 3667 1227 3722 Sanctus.

955 3767 1268 3818 Benedictio
1289 3769 1491 3833 populi.

483 3857 648 3926 Deus,
677 3853 778 3926 qui
804 3853 908 3908 tibi
935 3854 1272 3908 consecrasti
1295 3854 1574 3926 primitias
1616 3861 1933 3930 martyrum
1976 3861 2046 3917 ab
2105 3904 2114 3918 .

411 3947 736 4006 innocentia
761 3946 1145 4019 parvulorum.
1173 3949 1374 4004 Amen.
1404 3949 1472 4002 Et
1499 3949 1656 4020 prius
1690 3950 1792 4005 tibi
1820 3958 2044 4025 coapta-

2155 501 2302 557 vitiis
2328 507 2720 571 excrevcrunt,
2738 503 3038 571 nonferro,
3065 502 3160 557 sed
3174 501 3379 573 spiritu
3401 500 3790 570 circumcidat,

2155 595 2332 651 donec
2350 596 2944 664 carnaliincremento,
2967 595 3314 650 facinoribus
3331 593 3654 666 amputatis,
3676 593 3794 648 hoc

2153 689 2336 744 solum
2372 689 2432 744 in
2468 695 2674 746 natura
2717 694 2907 745 nostra
2949 689 3116 744 faciat
3152 689 3358 758 vivere,
3404 688 3556 760 quod
3591 686 3700 742 sibi
3734 691 3796 742 et:

2153 783 2363 838 servire
2405 783 2584 840 valeat
2630 789 2688 840 et
2727 784 2969 856 placere.
3013 783 3174 849 Quod
3224 782 3345 855 ipse
3398 785 3668 854 praestare
3708 781 3797 836 di-

2155 881 2382 950 gnetur,
2407 877 2504 950 qui
2533 894 2664 933 cum
2692 879 2855 933 Patre
2883 882 2938 932 et
2963 876 3176 949 Spiritu
3199 881 3390 932 sancto
3415 875 3488 932 vi.
3507 879 3564 932 et
3587 891 3714 948 reg.

2703 966 2951 1016 Collectio
2976 965 3226 1030 sequitur.

2225 1040 2444 1108 Sancte,
2475 1037 2852 1110 omnipotens,
2888 1043 3098 1093 aeterne
3125 1038 3292 1108 Deus,
3321 1040 3386 1092 tu
3418 1053 3522 1092 nos
3547 1052 3790 1092 conver-

2152 1136 2278 1187 tens
2305 1132 2540 1199 viviﬁca,
2571 1135 2628 1187 et
2653 1148 2795 1204 quos
2819 1148 2979 1186 error
2997 1130 3325 1203 gentilitatis
3351 1129 3601 1198 involvit,
3629 1130 3796 1203 agni—

2152 1225 2320 1282 tionis
2367 1231 2483 1281 tum
2519 1242 2730 1282 munus
2771 1225 3039 1296 absolvat,
3085 1229 3152 1280 ut
3209 1225 3405 1280 aculeo
3452 1224 3649 1280 mortis
3693 1241 3794 1280 ex-

2150 1321 2346 1388 tincto,
2379 1319 2603 1375 aeternis
2628 1319 2978 1376 viviﬁcemur
3013 1319 3280 1388 oraculis;
3309 1322 3377 1374 ut
3397 1318 3542 1374 sicut
3563 1336 3668 1391 per
3693 1319 3790 1374 in-

2152 1413 2477 1470 firmitatem
2505 1414 2687 1469 carnis
2712 1412 3041 1468 servivimus
3077 1413 3372 1484 injustitiee
3392 1417 3448 1469 et
3475 1412 3790 1484 iniquitati,

2151 1510 2232 1566 ita
2264 1525 2417 1564 nunc
2459 1507 2680 1563 liberati
2715 1525 2749 1562 a
2796 1507 3058 1580 peccatis,
3095 1506 3406 1562 serviamus
3441 1505 3678 1578 justitize
3729 1507 3794 1561 in

2151 1602 2608 1659 sanctificatione.
2635 1603 2742 1656 Per
2766 1601 3074 1657 Dominum
3093 1603 3353 1656 nostrum
3379 1600 3570 1656 Iesum
3596 1600 3792 1655 Chris-

2150 1701 2274 1752 tum
2300 1695 2507 1751 Filium
2531 1699 2717 1750 tuum.

2631 1781 2882 1834 Collectio
2907 1786 3025 1847 post
3049 1783 3284 1834 nomina.

2219 1858 2438 1914 Auditis
2465 1856 2792 1912 nominibus
2813 1855 3168 1927 otferentum,
3184 1856 3384 1912 fratres
3412 1855 3792 1926 dilectissimi,

2148 1953 2434 2008 Christum
2475 1951 2783 2006 Dominum
2825 1951 3216 2022 deprecemur,
3254 1955 3318 2006 ut
3341 1951 3486 2005 sicut
3512 1967 3616 2022 pro
3659 1951 3794 2022 ejus

2149 2045 2584 2103 Circumcisione
2610 2044 2819 2100 carnali
2843 2044 3137 2099 sollemnia
3161 2044 3532 2114 celebramus,
3561 2045 3638 2099 ita
3664 2045 3793 2116 spi-

2149 2139 2397 2195 ritalium
2453 2138 2842 2211 nequitiamm
2902 2137 3184 2192 inlusione
3233 2135 3449 2192 devicta
3495 2133 3792 2208 laetemur,

2148 2237 2453 2306 praestante
2477 2233 2688 2306 pietate
2715 2248 2844 2302 sua;
2875 2235 2938 2286 ut
2969 2232 3092 2286 haec
3126 2230 3398 2286 sacriﬁcia
3433 2231 3513 2286 sic
3549 2230 3797 2287 viventi-

2148 2327 2254 2382 bus
2279 2325 2578 2399 proﬁciant
2601 2325 2673 2380 ad
2706 2323 3184 2394 emendationem,
3213 2328 3278 2380 ut
3301 2323 3581 2379 defunctis
3603 2325 3800 2396 opitu-

2148 2421 2338 2477 lentur
2382 2421 2453 2475 ad
2490 2419 2766 2491 requiem.
2815 2419 2922 2473 Per
2951 2417 3257 2473 Dominum
3287 2423 3550 2474 nostrum
3590 2419 3794 2474 Iesum

2149 2513 2434 2570 Christum
2460 2512 2666 2567 Filium
2686 2529 2875 2579 suum,
2904 2527 3095 2566 secum
3115 2511 3416 2581 viventem,
3446 2527 3796 2585 semperque

2149 2623 2313 2680 regn.
2342 2606 2402 2662 in
2439 2606 2658 2662 unitate
2689 2605 2928 2678 Spiritus
2955 2605 3131 2662 sancti
3157 2605 3218 2660 in
3245 2606 3449 2660 saecula
3479 2606 3675 2662 saecul.

2682 2693 2932 2744 Collectio
2961 2694 3025 2744 ad
3051 2707 3256 2759 pacem.

2220 2769 2369 2824 Deus
2392 2767 2492 2840 qui
2517 2767 2697 2839 magis
2724 2766 3207 2822 circumcisionem
3234 2767 3418 2824 cordis
3451 2784 3624 2840 quam
3651 2785 3794 2824 cor-

2148 2862 2303 2934 poris
2335 2862 2541 2934 diligis,
2571 2866 2629 2916 et
2665 2877 2780 2916 non
2805 2861 3055 2917 admittis
3083 2860 3370 2918 inductam
3395 2879 3500 2934 per
3533 2862 3798 2920 litteram

2147 2955 2416 3028 praeputii
2450 2954 2958 3024 circumcisionem,
3003 2955 3102 3010 sed
3143 2955 3276 3011 fidei
3337 2956 3606 3012 innexam
3648 2973 3795 3012 cum

2147 3050 2296 3104 bono
2341 3065 2509 3122 opere
2551 3049 2865 3120 caritatem,
2906 3053 2971 3104 tu
3006 3052 3227 3105 nostras
3257 3067 3422 3106 aures
3453 3051 3671 3122 deseca,
3713 3068 3798 3108 ne

2149 3143 2382 3198 audiant
2404 3141 2769 3214 sanguinem;
2801 3143 2990 3211 corda,
3018 3158 3090 3197 ne
3129 3147 3361 3200 teneant
3389 3145 3613 3216 dolum;
3645 3162 3796 3201 ocu-

2147 3237 2248 3306 los,
2292 3253 2364 3292 ne
2401 3237 2669 3292 invadant
2713 3236 2982 3292 alienum.
3028 3238 3111 3293 Tu
3153 3237 3214 3292 in
3257 3238 3518 3294 manibus
3555 3239 3796 3296 succide

2147 3330 2296 3402 quod
2324 3329 2544 3402 polluit,
2573 3330 2632 3384 in
2669 3330 2909 3402 pedibus
2945 3331 3098 3402 quod
3136 3331 3206 3386 ad
3240 3331 3452 3387 malum
3495 3333 3698 3405 currit,
3727 3333 3796 3390 in

2147 3422 2440 3496 prmputiis
2463 3417 2614 3496 quod
2641 3423 2893 3478 carnalia
2921 3424 3284 3496 concupiscit.
3317 3425 3398 3480 Tu
3423 3425 3608 3482 incide
3633 3427 3798 3499 quod

2146 3517 2340 3588 laniat,
2370 3516 2615 3590 praecide
2657 3518 2807 3590 quod
2852 3517 3130 3590 vulnerat,
3175 3517 3438 3575 abscinde
3463 3520 3619 3592 quod
3645 3520 3799 3577 lace-

2147 3614 2254 3678 rat,
2279 3610 2476 3667 excide
2502 3611 2654 3684 quod
2683 3611 2944 3667 scandala
2971 3611 3365 3684 incrementat,
3404 3618 3471 3669 ut
3491 3619 3798 3686 amputato

2145 3705 2412 3774 facinore,
2455 3706 2568 3760 sola
2600 3705 2661 3760 in
2701 3722 2805 3761 nos
2839 3705 3022 3762 valeat
3063 3707 3263 3763 caritas
3311 3708 3637 3782 propagari.
3683 3711 3800 3766 Per

2148 3799 2452 3856 Dominum
2477 3802 2736 3856 nostrum
2759 3801 2950 3856 Iesum
2973 3799 3260 3856 Christum
3289 3801 3490 3857 Filium
3520 3805 3717 3858 tuum.

2218 3958 2466 4032 Dignum
2493 3964 2550 4016 et
2567 3961 2790 4032 justum
2808 3889 3340 4034 ggcszggiequum
3369 3966 3428 4018 et
3444 3961 3672 4034 justum
3704 3971 3799 4022 est

412 4043 484 4100 sti
509 4043 570 4098 in
599 4040 946 4098 confessione
975 4039 1272 4094 infantiam
1298 4056 1471 4111 quam
1502 4041 1703 4115 lingua
1740 4045 2049 4104 solveretur
2145 4069 2249 4108 nos
2292 4052 2394 4108 tibi
2435 4055 2644 4125 gratias
2695 4071 2887 4126 agere,
2939 4059 3108 4128 teque
3149 4055 3482 4112 benedicere
3521 4057 3583 4112 in
3627 4059 3799 4114 omni

411 4137 473 4193 in
497 4136 687 4193 verba.
726 4138 928 4190 Amen.
957 4133 1212 4189 Concede
1236 4133 1465 4205 plebem
1489 4139 1645 4190 tuam
1683 4137 2048 4198 innocentem
2147 4151 2424 4219 tempore,
2451 4147 2832 4220 omnipotens,
2865 4151 3077 4204 aeterne
3110 4150 3276 4220 Deus,
3306 4149 3440 4222 quia
3473 4150 3535 4206 in
3560 4155 3618 4206 te
3644 4152 3797 4207 vivi-

411 4247 516 4304 per
553 4229 814 4302 gratiam,
851 4226 958 4283 etsi
997 4243 1112 4282 non
1157 4226 1270 4282 sint
1303 4230 1558 4300 tempore
1601 4231 1878 4304 sanguine
1920 4234 2046 4292 fuso
2145 4256 2295 4311 mus,
2315 4257 2616 4297 movemur
2638 4246 2696 4298 et
2719 4258 2938 4306 sumus,
2966 4246 3024 4298 et
3045 4243 3270 4298 nullum
3286 4247 3512 4316 tempus
3536 4245 3802 4302 nullum-

411 4323 702 4396 martyris.
757 4325 956 4378 Amen.
1008 4321 1272 4377 Servetur
1320 4320 1413 4376 hic
1475 4323 1720 4396 populus
1773 4333 2048 4400 purgatus
2146 4350 2258 4406 que
2281 4340 2638 4391 momentum
2661 4341 2748 4393 est
2771 4353 2886 4410 quo
2915 4355 2949 4392 a
2970 4337 3259 4393 beneﬁciis
3287 4337 3510 4411 pietatis
3537 4343 3656 4394 tum
3695 4357 3802 4397 va-

412 4416 772 4490 baptismate,
800 4415 900 4488 qui
925 4414 1029 4470 tibi
1053 4414 1320 4486 placitam
1336 4415 1516 4472 fecisti
1536 4417 1920 4477 innocentiam
1944 4440 2048 4496 per
2147 4444 2322 4484 cuum
2359 4434 2772 4501 transagamus.
2813 4430 2908 4486 His
2945 4435 3138 4486 autem
3179 4430 3398 4503 diebus,
3437 4449 3580 4504 quos
3619 4434 3802 4491 variis

416 4527 695 4614 cruorem.
724 4509 1165 4614 Amen.‘I.Jtnil‘lic
1184 4525 1286 4564 suo
1311 4509 1632 4614 interventu
1659 4530 1798 4586 grex
1821 4518 2049 4574 accedat
2066 4541 2126 4614 D
2149 4522 2592 4579 sollemnitatum
2619 4524 2800 4580 causis
2825 4525 3158 4581 salutarium
3192 4525 3355 4580 nobis
3378 4541 3620 4598 operum
3652 4531 3799 4584 tuo-

414 4621 520 4677 per
546 4603 854 4672 lavacrum,
891 4601 991 4657 ubi
1024 4601 1213 4658 felices
1253 4604 1473 4659 Parvuli
1508 4607 1721 4678 perfusi
1755 4625 1882 4665 rore
1927 4629 2050 4668 san-

417 4697 606 4771 guinis
659 4696 992 4770 gloriantur.
1043 4698 1244 4752 Amen.
1291 4698 1398 4752 Per
1438 4699 1741 4758 Dominum
1790 4708 2050 4764 nostrum

414 4792 605 4849 Iesum
637 4789 925 4846 Christum
973 4788 1175 4844 Filium
1219 4793 1406 4862 tuum,
1450 4783 1549 4864 qui
1588 4799 1777 4852 tecum
1821 4799 1958 4856 vivit
1995 4806 2051 4858 et

353 4925 364 4938 .
415 4889 639 4960 regnat.

416 5001 551 5059 VI".
606 5017 752 5059 ORDO
808 5015 982 5058 ΜΙΒΞΛΕ
1030 5015 1084 5056 IN
1141 5015 1560 5061 CIRCUMCISIONR
1610 5023 1801 5066 DOMINI
1856 5027 2049 5070 NOSTRI

1031 5087 1157 5128 IESU
1199 5088 1432 5131 CHRISTI.

489 5165 708 5223 Christo
733 5165 972 5221 Domino
997 5169 1207 5236 nostro,
1239 5167 1336 5239 qui
1355 5185 1460 5240 pro
1486 5169 1648 5226 nobis
1676 5172 1940 5246 dignatus
1968 5180 2054 5234 est

419 5275 586 5316 carne
626 5259 798 5329 nasci,
843 5259 971 5332 lege
1009 5260 1357 5332 circumcidi,
1399 5263 1636 5321 ﬂumine
1673 5265 1964 5340 baptizari,
1989 5271 2052 5327 in

419 5355 525 5410 hac
549 5356 742 5408 octava
778 5351 1091 5408 Nativitatis
1116 5355 1239 5426 ejus
1273 5355 1384 5426 die,
1413 5373 1526 5429 qua
1563 5357 1624 5413 in
1657 5375 1716 5414 se
1753 5361 2054 5420 Circumci-

419 5447 590 5504 sionis
626 5450 1040 5502 sacramentum
1069 5449 1384 5504 secundum
1415 5450 1686 5524 praecepti
1711 5453 1915 5510 veteris
1942 5455 2055 5513 for-

418 5558 571 5598 mam
601 5540 696 5613 agi
719 5539 914 5611 voluit,
931 5539 1134 5596 fratres
1159 5541 1455 5611 carissimi,
1476 5543 1771 5602 humiliter
1795 5547 2056 5621 deprece-

419 5651 570 5702 mur,
595 5639 662 5691 ut
697 5631 845 5690 intra
869 5633 1131 5689 Ecclesiae
1166 5637 1398 5690 uterum
1435 5652 1540 5692 nos
1577 5639 1826 5697 viventes
1851 5643 2054 5700 cotidie

419 5727 764 5785 recreatione
788 5726 1084 5798 parturiat,
1113 5741 1411 5799 quousque
1439 5729 1502 5785 in
1527 5731 1692 5788 nobis
1725 5750 1826 5790 sua
1849 5735 2052 5812 forma,

424 5816 481 5868 in
510 5832 621 5887 qua
651 5815 915 5885 perfectas
951 5812 1132 5870 astatis
1156 5813 1576 5885 plenitudinem
1601 5821 1918 5896 teneamus,
1948 5843 2054 5904 ap-

2147 4631 2279 4671 rum
2317 4621 2374 4672 et
2405 4633 2714 4672 munerum
2751 4618 3030 4674 memoria
3060 4618 3326 4692 signavit,
3351 4619 3442 4674 vel
3476 4618 3804 4679 innovante

2146 4708 2342 4765 laetitia
2367 4709 2642 4781 praeteriti
2661 4711 2873 4783 gaudii,
2893 4712 2984 4768 vel
3003 4712 3391 4784 permanentis
3402 4712 3540 4768 boni
3555 4717 3805 4786 tempus

2148 4801 2528 4876 agnoscimus.
2563 4805 2632 4858 Et
2663 4809 2964 4876 propterea
3005 4797 3324 4862 exultamus
3355 4805 3609 4875 uberius,
3653 4806 3806 4880 quia

2149 4895 2294 4952 sicut
2318 4895 2380 4952 in
2405 4911 2603 4952 recens
2631 4897 2906 4969 gaudium
2931 4897 3002 4954 de
3025 4898 3363 4955 venerabilis
3379 4899 3576 4971 gratiae
3600 4915 3808 4958 recor-

2149 4989 2375 5046 datione
2400 4989 2806 5047 reviviscimus.
2827 4991 2984 5048 Unde
2993 4991 3338 5048 hodiernum
3357 4989 3553 5066 202
3579 4991 3750 5050 diem
3769 5012 3811 5052 a

2151 5083 2242 5139 die
2280 5082 2556 5140 salutiferi
2593 5085 2802 5141 Natalis
2829 5089 3110 5156 octavum,
3145 5085 3402 5159 legitima
3441 5086 3678 5142 Domini
3717 5105 3816 5146 se-

2151 5177 2404 5232 cundum
2427 5193 2658 5233 carnem
2685 5177 2862 5250 geniti
2889 5178 3330 5236 Circumcisione
3348 5179 3668 5252 signatum,
3703 5199 3812 5239 or-

2151 5269 2342 5326 dinata
2383 5272 2918 5328 commemoratione
2955 5272 3286 5344 recolentes,
3322 5272 3666 5329 sacriﬁcium
3702 5292 3815 5348 pa-

2151 5363 2230 5419 cis
2252 5364 2314 5420 in
2337 5365 2478 5421 votis
2503 5365 2870 5422 sollemnibus
2897 5366 3264 5438 honoramus,
3291 5369 3351 5422 et
3385 5370 3560 5423 tantae
3585 5367 3813 5440 digna-

2151 5457 2320 5513 tionis
2343 5475 2484 5532 opus
2511 5459 2572 5514 in
2596 5458 2821 5514 Domini
2845 5459 3120 5516 Altissimi
3143 5459 3236 5532 pia
3265 5459 3590 5516 humilitate
3627 5476 3819 5520 vene—

2153 5567 2368 5607 ramur.
2407 5552 2514 5617 Qui
2547 5552 2693 5608 sicut
2718 5553 3123 5609 mortalitatem
3159 5557 3412 5609 nostram
3451 5553 3815 5629 adsumpsit,

2153 5647 2220 5700 ut
2257 5649 2502 5701 mortem
2544 5652 2921 5718 consumeret,
2969 5645 3048 5702 ita
3085 5651 3144 5702 et
3175 5647 3366 5719 jugun
3401 5645 3545 5719 legis
3583 5646 3652 5702 in
3701 5665 3822 5706 sua

2155 5751 2324 5794 carne
2361 5739 2626 5814 suscepit,
2666 5745 2733 5798 ut
2767 5740 2980 5814 jugum
3020 5739 3231 5798 diaboli
3267 5757 3300 5796 a
3343 5744 3540 5798 nostra
3577 5742 3822 5802 cervice

2157 5829 2480 5892 discuteret.
2508 5833 2882 5892 Circumcisus
2910 5838 2994 5892 est
3015 5834 3078 5892 in
3111 5849 3280 5892 carne
3309 5834 3562 5910 corporis
3587 5836 3818 5919 nostri,
