4054 6188
222 275 319 329 237

1306 271 1392 328 DE
1431 245 2150 330 LITURGIA‘GALLICANA
2190 273 2389 330 LIBER
2427 273 2516 329 Ill.

3478 281 3582 336 238

219 385 276 436 ut
298 397 408 436 nos
421 394 528 453 per
555 379 794 436 verbum
809 379 1049 452 Spiritus
1064 379 1156 434 sui
1174 379 1235 436 in
1255 381 1422 436 corde
1443 383 1694 455 purgati,
1722 382 1844 438 sine
1866 395 1925 468 Α
1943 381 2058 438 ritu
2108 387 2298 439 sancto
2347 381 2488 438 vivis
2535 387 2592 438 et
2628 397 2832 454 regnas
2873 382 2935 439 in
2978 384 3184 442 saecula
3220 386 3580 445 saeculorum.

219 476 398 530 carnis
412 474 648 530 vulnere
660 473 1196 530 circumcideremur
1209 473 1270 530 in
1286 475 1490 548 spiritu
1505 495 1524 548 ;
1545 482 1610 533 ut
1624 477 1852 550 utrique

216 569 372 624 sexui
396 569 697 642 proﬁceret
721 567 1074 624 circumcisio
1099 559 1386 641 spiritalis,
1429 571 1565 642 quia
1587 589 1691 644 pro
1717 574 1850 629 uni-

217 665 475 720 versitate
508 661 732 736 generis
766 662 1008 718 humani
1047 664 1298 720 Salvator
1335 665 1658 724 advenerat.
1695 668 1853 724 Unde

215 763 526 830 utrumque
550 773 750 813 sexum
775 761 1190 813 sacramentum
1214 759 1622 816 Incarnationis
1645 763 1855 834 ample-

217 868 317 907 xus
345 856 451 922 est,
483 851 792 924 suscipiens
816 850 1032 922 Virum,
1064 856 1230 908 natus
1267 870 1334 908 ex
1365 854 1614 911 Femina.
1643 857 1852 922 Quam-

214 945 432 1014 obrem,
469 944 726 1014 Domine,
762 943 1099 1000 sacriﬁcium
1138 946 1595 1005 Circumcisionis
1621 951 1852 1006 sollem-

215 1038 389 1095 nitate
413 1039 598 1094 votiva
645 1056 750 1112 pro
782 1043 990 1094 nostrae
1027 1039 1358 1096 aeternitatis
1399 1043 1606 1114 gaudio
1637 1045 1853 1118 suppli-

215 1133 354 1189 citer
370 1133 692 1200 offerentes,
707 1133 928 1204 placido
942 1131 1179 1204 dignare
1192 1140 1494 1206 conspectu
1509 1137 1852 1209 conspicere,

217 1233 265 1282 et
297 1226 668 1283 offerentium
694 1241 894 1298 preces
911 1227 1165 1298 placatus
1191 1229 1418 1300 exaudi,
1445 1247 1550 1302 per
1571 1231 1854 1288 Christum

216 1321 524 1377 Dominum
550 1324 831 1376 nostrum.
853 1323 958 1376 Per
985 1337 1155 1394 quem
1185 1322 1536 1394 majestatem
1562 1329 1720 1382 tuam
1739 1325 1858 1382 lau-

216 1413 357 1470 dant
373 1415 586 1486 angeli.

837 1485 960 1536 Post
996 1485 1236 1538 Sanctus.

285 1561 431 1617 Vere
479 1560 740 1630 Sanctus,
795 1577 926 1617 vere
975 1561 1307 1618 benedictus
1359 1561 1629 1619 Dominus
1667 1567 1859 1620 noster

217 1651 376 1706 Iesus
399 1649 660 1706 Christus
686 1649 860 1705 Filius
888 1654 1041 1720 tuus,
1071 1651 1171 1723 qui
1197 1650 1350 1707 venit
1379 1669 1632 1725 quaerere
1657 1657 1714 1710 et
1742 1655 1855 1710 sal-

219 1761 355 1799 vum
382 1743 571 1800 facere
597 1743 753 1816 quod
779 1743 1045 1816 perierat.
1088 1745 1209 1816 Ipse
1257 1745 1410 1802 enim
1438 1747 1622 1820 pridie
1662 1765 1850 1820 quam.

279 1907 296 1913 _
858 1844 982 1893 Post
1003 1847 1223 1895 secreta.

287 1920 422 1974 Haec
449 1935 578 1988 nos,
605 1917 862 1988 Domine,
881 1917 1142 1974 instituta
1161 1925 1217 1975 et
1227 1926 1508 1993 praecepta
1529 1922 1857 1986 retinentes,

224 2012 559 2085 suppliciter
580 2028 828 2082 oramus,
858 2012 941 2068 uti
980 2013 1086 2068 hoc
1111 2013 1448 2070 sacriﬁcium
1477 2015 1778 2088 suscipere,
1807 2022 1863 2074 et

224 2105 581 2172 benedicere,
641 2111 698 2161 et
735 2105 1082 2162 sanctiﬁcare
1136 2107 1408 2200 digneris,
1461 2115 1526 2166 ut
1565 2110 1664 2166 ﬁat
1700 2111 1862 2166 nobis

224 2200 578 2256 Eucharistia
603 2199 860 2273 legitima
885 2199 944 2254 in
985 2204 1084 2256 tuo
1116 2200 1370 2274 Filiique.
1397 2203 1484 2258 tui
1526 2203 1780 2276 nomine,
1807 2209 1864 2261 et

225 2295 466 2368 Spiritus
503 2293 703 2365 sancti,
748 2295 810 2349 in
859 2294 1421 2352 transformationem
1447 2295 1472 2324 "
1512 2299 1762 2371 corporis
1799 2316 1864 2354 ac

226 2388 519 2460 sanguinis
556 2388 782 2444 Domini
822 2387 920 2444 Dei
955 2389 1136 2445 nostri
1165 2389 1297 2446 Jesu
1332 2391 1540 2447 Christi
1577 2392 1864 2465 Unigeniti

227 2483 330 2539 tui.
367 2484 476 2538 Per
499 2499 674 2556 quem
700 2482 890 2538 omnia
914 2499 1092 2552 creas,
1121 2488 1308 2540 creata
1347 2485 1654 2554 benedicis,
1685 2487 1862 2544 bene-

229 2576 375 2630 dicta
425 2575 761 2647 sanctiﬁcas,
811 2580 869 2632 et
905 2577 1246 2633 sanctiﬁcata
1289 2578 1514 2650 largiris
1551 2581 1720 2651 Deus,
1767 2580 1866 2653 qui

231 2671 287 2726 in
311 2671 583 2727 Trinitate
608 2670 856 2743 perfecta
881 2671 1024 2727 vivis
1053 2677 1110 2728 et
1137 2687 1342 2744 regnas
1364 2671 1426 2728 in
1453 2673 1658 2729 saecula
1685 2691 1863 2731 saecu-

231 2765 437 2821 lorum.
643 2836 776 2886 Ante
800 2833 1089 2887 orationem
1112 2836 1457 2888 Dominicam.

301 2913 766 2986 Omnipotentem
807 2911 1220 2983 sempiternum
1254 2913 1558 2969 Dominum
1596 2915 1864 2988 deprece-

233 3025 384 3080 mur,
409 3012 478 3064 ut
503 3005 604 3078 qui
629 3006 691 3062 in
717 3005 942 3062 Domini
967 3006 1150 3062 nostri
1172 3007 1301 3062 Iesu
1320 3007 1526 3065 Christi
1556 3009 1866 3066 Circumci-

234 3104 389 3158 sione
399 3101 603 3158 tribuit
614 3099 786 3156 totius
797 3099 1094 3172 religionis
1105 3099 1337 3156 initium
1349 3103 1869 3177 perfectionemque

1951 479 2151 533 Amen.

2335 548 2585 599 Collectio
2618 551 2736 614 post
2769 549 3208 602 communionem.

2021 631 2233 688 Refecti
2263 632 2507 706 spiritali
2531 634 2676 704 cibo,
2721 639 2777 690 et
2815 635 3025 690 caelesti
3063 637 3266 708 poculo
3312 639 3582 712 reparati,

1952 726 2402 799 omnipotentem
2431 727 2632 798 Deum,
2655 729 2854 784 fratres
2879 729 3169 799 carissimi,
3193 731 3584 804 deprecemur,

1953 825 2017 874 ut
2039 819 2137 892 qui
2174 838 2278 876 nos
2303 821 2557 893 corporis
2597 821 2682 877 sui
2718 823 3148 896 participatione
3193 829 3251 880 et
3293 827 3588 899 sanguinis

1953 913 2224 971 effusione
2257 916 2518 987 redemit,
2564 915 2626 972 in
2661 916 2918 990 requiem
2951 919 3350 992 sempiternam
3389 920 3592 992 jubeat

1954 1009 2261 1065 conlocare.
2292 1011 2399 1066 Per
2425 1009 2732 1067 Dominum
2774 1016 3032 1068 nostrum
3069 1015 3261 1069 Jesum
3295 1013 3586 1070 Christum

1954 1101 2160 1159 Filium
2185 1121 2374 1161 suum.

2502 1175 2752 1227 Collectio
2786 1175 3037 1242 sequitur.

2026 1260 2461 1316 Miscricordiam
2481 1265 2660 1332 tuam,
2685 1261 2945 1332 Domine,
2967 1262 3248 1336 supplices
3269 1280 3587 1337 exoramus,

1955 1359 2020 1410 ut
2047 1355 2153 1410 hoc
2182 1358 2346 1411 tuum
2386 1356 2814 1412 Sacramentum
2843 1373 2962 1413 non
2994 1357 3066 1413 sit
3095 1357 3255 1412 nobis
3297 1362 3483 1414 reatus
3508 1359 3587 1413 ad

1955 1465 2202 1521 poenam,
2257 1450 2354 1505 sed
2403 1451 2502 1506 ﬁat
2545 1450 2868 1507 intercessio
2913 1451 3176 1508 salutaris
3223 1453 3294 1506 ad
3343 1452 3588 1508 veniam.

1954 1543 2112 1608 Quod
2140 1543 2262 1616 ipse
2287 1548 2557 1617 prazstare
2583 1545 2858 1618 digneris.

2483 1655 2787 1707 Benedictio
2804 1657 2831 1698 b
2859 1657 3058 1722 populi.

1878 1773 1940 1862 Β
2031 1821 2330 1876 Benedicat
2359 1838 2454 1876 vos
2483 1823 2758 1878 Dominus
2783 1822 3160 1895 omnipotens,
3191 1828 3247 1879 et
3274 1793 3378 1896 per
3405 1825 3591 1880 abun-

1962 1914 2214 1970 dantiam
2246 1914 2647 1972 misericordias
2687 1933 2804 1972 suae
2825 1933 2922 1971 cor
2944 1921 3207 1973 nostrum
3233 1918 3591 1982 conroboret.

1961 2010 2160 2064 Amen.
2200 2010 2441 2065 Mentem
2483 2009 2810 2080 sanctiﬁcat,
2849 2011 3023 2066 vitam
3056 2012 3384 2084 ampliﬁcet,
3428 2012 3593 2068 casti-

1961 2102 2216 2158 moniam
2252 2103 2498 2175 decoret,
2529 2108 2699 2177 atque
2729 2121 2926 2160 sensus
2951 2111 3163 2162 vestros
3189 2105 3248 2162 in
3271 2106 3435 2162 bonis
3455 2123 3593 2179 ope-

1961 2195 2120 2251 ribus
2145 2213 2369 2269 semper
2397 2197 2656 2254 aediﬁcet.
2683 2201 2884 2254 Amen.
2916 2201 3190 2272 Prospera
3213 2199 3446 2272 tribuat,
3489 2217 3594 2273 pa-

1964 2305 2088 2346 cem
2127 2291 2415 2360 concedat,
2462 2292 2705 2348 salutem
2749 2293 3019 2365 conferat,
3065 2294 3318 2366 quietem
3360 2293 3596 2364 nutriat,

1964 2383 2254 2440 caritatem
2277 2385 2518 2458 muniat,
2548 2389 2606 2442 et
2631 2387 2700 2441 ab
2727 2387 2991 2443 omnibus
3011 2387 3305 2444 diabolicis
3323 2391 3380 2444 et
3396 2388 3600 2444 huma-
3655 2445 3666 2452 ,

1963 2477 2051 2533 nis
2074 2477 2292 2545 insidiis
2319 2497 2420 2534 sua
2442 2495 2540 2536 vos
2567 2497 2793 2554 semper
2815 2481 3164 2554 protectione
3190 2487 3246 2538 et
3267 2481 3474 2540 virtute
3499 2483 3596 2538 de-

1964 2571 2174 2629 fendat.
2207 2575 2406 2629 Amen.
2436 2575 2504 2630 Et
2539 2574 2618 2630 ita
2656 2575 3020 2632 devotionem
3063 2580 3311 2633 vestram
3347 2577 3600 2649 placatus

1947 2687 2192 2744 semper
2214 2672 2500 2744 suscipiat,
2525 2677 2592 2728 ut
2619 2691 3014 2746 qumcumqute
3049 2674 3120 2730 ab
3144 2692 3210 2730 eo
3233 2675 3603 2747 postulaveri-

1967 2765 2056 2836 tis,
2084 2766 2391 2823 clementer
2416 2767 2706 2823 concedat.
2733 2770 2934 2842 Amen.
2955 2768 3188 2825 Auferat
3213 2769 3404 2825 omnia
3422 2769 3596 2841 mala,

1967 2881 2096 2937 quae
2129 2863 2325 2938 204
2355 2863 2625 2938 gessistis,
2657 2869 2716 2922 et
2744 2866 2959 2922 tribuat
2997 2867 3258 2939 gratiam,
3297 2884 3470 2940 quam
3504 2884 3600 2924 ro-

1969 2958 2160 3032 gastis.
2187 2957 2389 3016 Amen.
2415 2961 2522 3015 Per
2548 2959 2855 3016 Dominum
2886 2964 3146 3018 nostrum
3184 2963 3379 3018 Iesum
3403 2962 3599 3018 Chris-

1968 3057 2093 3109 tum
2119 3052 2322 3108 Filium
2348 3069 2537 3109 suum.

237 3152 388 3158 -____
405 3152 507 3158 -__
522 3152 601 3156 _-
621 3152 661 3156 -_
681 3152 782 3155 ην-
797 3152 816 3154 V-
835 3152 960 3172 mo-
1105 3152 1868 3177 -_--_"_-,--_--_-_-_-_,_-

237 3201 515 3264 constare,
545 3195 640 3250 det
662 3193 826 3250 nobis
859 3193 919 3249 in
947 3194 1072 3265 ejus
1108 3195 1369 3266 portione
1403 3197 1640 3268 censeri,
1671 3199 1730 3253 in
1756 3215 1870 3271 quo
1890 3152 1945 3229 Ο
1972 3197 2054 3251 ΙΧ.
2119 3211 2390 3254 murmur
2451 3211 2850 3261 PREFATIONES,
2915 3212 3024 3254 cru
3091 3213 3487 3258 COLLECTIONES
3551 3217 3603 3255 IN

235 3291 404 3346 totius
425 3288 622 3344 salutis
646 3289 915 3344 humanae
942 3290 1212 3360 perfectio
1239 3306 1462 3346 summa
1494 3291 1765 3364 consistit,
1813 3297 1870 3349 et

237 3384 549 3441 orationem
577 3399 750 3456 quam
782 3399 886 3438 nos
923 3383 1194 3439 Dominus
1218 3392 1415 3441 noster
1460 3385 1701 3458 edocuit,
1739 3403 1871 3443 cum

237 3479 445 3535 ﬁducia
467 3478 656 3535 dicere
683 3476 997 3550 permittat.
1036 3479 1200 3534 Pater
1225 3483 1438 3535 noster.

643 3576 764 3626 Post
793 3575 1084 3626 orationem
1119 3575 1462 3628 Dominicam.

2479 3283 2696 3324 VIGILIIS
2751 3283 3094 3324 ΕΡΗΙΡΗΔΝᾸΞ.

2659 3361 2914 3412 Praefatio.

2042 3445 2436 3502 Miraculorum
2458 3445 2791 3518 primordia,
2805 3463 2932 3518 quae
2947 3447 3221 3502 Dominus
3240 3451 3432 3504 noster
3447 3449 3472 3504 J
3477 3464 3605 3504 esus

1971 3539 2226 3598 Christus
2240 3537 2491 3612 proferre
2517 3538 2577 3594 in
2603 3539 2917 3612 adsumptae
2937 3541 3124 3596 carnis
3143 3540 3389 3597 novitate
3409 3540 3609 3614 digna-

312 3658 512 3714 Libem
550 3673 653 3712 nos
695 3673 728 3712 ἃ
769 3657 942 3725 malo,
972 3656 1329 3730 omnipotens
1371 3656 1566 3732 203
1609 3659 1776 3730 Deus,
1817 3664 1875 3716 et
1973 3640 2066 3691 tus
2091 3638 2194 3702 est,
2221 3633 2421 3732 fratres
2443 3631 2734 3732 carissimi,
2767 3633 2971 3732 debita
2986 3635 3336 3732 exultatione
3381 3651 3612 3691 venere-

243 3759 467 3826 prsesta,
497 3755 565 3808 ut
585 3751 766 3806 incisa
793 3750 944 3806 mole
969 3751 1305 3824 facinorum,
1347 3753 1462 3808 sola
1485 3751 1545 3808 in
1572 3770 1674 3808 nos
1696 3755 1874 3826 proﬁ-

241 3847 390 3902 ciant
429 3846 780 3902 incremanta
817 3845 1114 3902 virtutum.
1152 3847 1260 3902 Per
1285 3846 1590 3904 Dominum
1619 3851 1880 3904 nostrum

242 3943 432 3998 Iesum
453 3940 744 3997 Christum
768 3937 978 3998 Filium
1001 3943 1186 3997 tuum.

803 4038 1099 4090 Benedictio
1117 4039 1315 4105 papuli.

1974 3743 2126 3798 mur,
2154 3727 2286 3801 quia
2309 3726 2448 3782 dum
2477 3742 2536 3782 se
2563 3727 2744 3783 Deum
2783 3727 2932 3784 intra
2955 3728 3212 3784 humana
3239 3729 3449 3784 viscera
3472 3745 3606 3802 pro-

1978 3822 2214 3892 ferebat,
2235 3822 2359 3894 jam
2388 3821 2459 3876 de
2487 3821 2680 3877 salutis
2714 3827 2920 3879 nostra:
2943 3823 3292 3880 absolutione
3314 3823 3608 3880 tractabat.

1977 3918 2154 3972 Homo
2180 3921 2265 3973 est
2306 3914 2504 3988 utique
2537 3915 2807 3974 invitatus
2841 3918 2910 3973 ad
2957 3917 3218 3990 nuptias;
3263 3923 3320 3974 et
3357 3918 3510 3990 quod
3551 3917 3612 3972 in

1977 4011 2193 4085 nuptiis
2215 4010 2469 4084 protulit,
2498 4011 2680 4067 Deum
2698 4011 2976 4084 probavit.
3003 4012 3177 4084 Cujus
3203 4012 3486 4084 praeconia
3505 4027 3612 4066 nec

315 4115 464 4171 Deus
487 4129 683 4170 rerum
709 4114 967 4169 omnium
984 4119 1168 4170 rector
1187 4104 1243 4170 et
1259 4115 1534 4188 conditor,
1565 4117 1663 4189 qui
1689 4117 1881 4172 omnia
1979 4106 2131 4162 inter
2153 4105 2274 4178 ipsa
2298 4104 2529 4178 (Ιιιίάθω
2560 4104 2837 4162 Vinnium
2861 4122 3158 4178 Possumus
3176 4105 3500 4162 rudimenta
3521 4105 3615 4160 de“

241 4225 368 4283 qua:
399 4226 433 4264 a
459 4213 517 4265 te
539 4209 686 4264 facta
710 4211 864 4276 sunt,
891 4207 1185 4280 majestate
1223 4209 1450 4282 imples,
1477 4211 1709 4266 scientia
1729 4211 1882 4284 ordi-

1978 4216 2262 4272 promere,
2293 4199 2390 4255 sed
2411 4201 2550 4256 dum
2569 4203 2858 4256 tantarum
2884 4216 3079 4255 rerum
3103 4198 3473 4272 stupescimus
3501 4199 3617 4271 glo-

245 4321 362 4366 nas,
389 4303 600 4376 pietate
628 4301 892 4357 custodis,
932 4303 1131 4358 Amen,
1171 4303 1469 4376 Respice“;
1506 4303 1739 4376 dignare
1778 4306 1882 4360 hos
1979 4294 2146 4364 riam,
2195 4293 2576 4350 temeritatem
2618 4293 2973 4366 proferenda:
3012 4293 3197 4348 laudis
3232 4293 3608 4366 ingredimur.

245 4397 482 4472 populos
501 4402 651 4464 tuos,
679 4395 780 4469 qui
800 4411 903 4468 per
921 4394 1097 4451 nostri
1124 4395 1238 4452 oris
1256 4397 1510 4454 ofﬁcium
1531 4398 1880 4455 benedictio-

247 4509 389 4549 num
411 4497 646 4548 tuarum
671 4491 820 4546 dona
844 4490 1184 4546 desiderant.
1209 4493 1413 4548 Amen.
1447 4493 1621 4566 Reple
1651 4510 1748 4548 eos
1765 4498 1881 4550 tuae
1901 4533 1960 4606 Β

249 4585 485 4643 scientia
507 4584 834 4656 voluntatis,
861 4589 926 4640 ut
948 4585 1010 4640 in
1045 4585 1310 4640 omnibus
1347 4588 1743 4644 mandatorum
1768 4589 1880 4644 im-

252 4681 412 4754 perio
457 4680 568 4754 pias
623 4678 997 4736 venerationis
1035 4679 1388 4736 famulentur
1431 4681 1634 4740 ofﬁcio.
1678 4686 1882 4740 Amen.

254 4779 456 4832 Averte
471 4775 545 4831 ab
568 4773 660 4831 his
683 4775 984 4831 inhonesta
1008 4778 1064 4831 et
1090 4773 1283 4848 turpia
1317 4772 1618 4830 libidinum
1655 4779 1883 4849 probra.

255 4873 455 4926 Averte
509 4869 787 4941 jocundas
837 4872 894 4925 et
941 4868 1142 4924 noxias
1204 4884 1508 4942 corporum
1551 4871 1882 4944 voluptates.

254 4965 454 5020 Averte
479 4961 756 5019 invidiam
777 4961 888 5018 tuis
908 4961 1197 5018 beneﬁciis
1222 4967 1280 5018 et
1302 4962 1465 5018 bonis
1487 4964 1750 5021 omnibus
1771 4966 1883 5022 ini-

1981 4388 2188 4444 Humili
2216 4404 2355 4459 ergo
2386 4387 2639 4442 oratione
2673 4403 2968 4458 poscamus
2993 4392 3060 4442 ut
3083 4403 3188 4458 per
3211 4387 3401 4459 ipsum
3425 4387 3497 4442 ad
3527 4387 3613 4442 vi-

1981 4487 2098 4539 tam
2127 4486 2399 4538 aeternam
2424 4481 2588 4536 nobis
2615 4480 2900 4536 tribuatur
2939 4480 3250 4553 ingressus,
3280 4481 3440 4554 cujus
3463 4481 3614 4538 nati-

1983 4576 2169 4634 vitatis
2199 4574 2416 4631 lumine
2441 4573 2590 4630 orbis
2619 4573 2952 4630 inlustratus
2981 4580 3064 4631 est
3108 4575 3425 4632 universus.
3453 4577 3617 4643 Quod

1981 4671 2102 4745 ipse
2126 4671 2398 4744 prasstare
2425 4668 2714 4742 dignetur,
2745 4669 2844 4742 qui
2872 4669 2929 4725 in
2954 4669 3224 4726 Trinitate
3254 4670 3506 4744 perfecta
3533 4673 3616 4726 vi-

1985 4765 2064 4822 vit
2091 4769 2149 4821 et
2176 4767 2378 4837 regnat
2402 4763 2461 4818 in
2481 4763 2692 4818 saecula
2713 4763 3078 4820 saeculorum:

2533 4870 2783 4922 Collectio
2811 4870 3060 4935 sequitur.

2057 4957 2428 5031 Omnipotens
2453 4961 2510 5013 et
2533 4955 2852 5013 misericors
2881 4957 3048 5028 Deus,
3079 4956 3230 5028 plebi
3257 4961 3370 5013 tuae
3398 4959 3618 5031 suppli-

255 5058 483 5114 micam.
514 5061 713 5113 Amen.
732 5057 803 5112 Ut
827 5055 887 5110 in
907 5056 1065 5112 omni
1081 5056 1354 5128 patientia
1373 5061 1432 5114 et
1453 5058 1886 5130 longanimitate
1986 5053 2126 5109 citer
2150 5052 2412 5108 oxoranti
2435 5051 2527 5124 pia
2545 5049 2896 5124 benignitate
2917 5051 3216 5122 responde,
3239 5067 3412 5124 quam
3436 5054 3624 5110 cernis

257 5155 591 5220 crescentes,
634 5167 668 5204 a
707 5154 763 5205 te
805 5149 984 5205 vocati
1017 5150 1089 5205 ad
1129 5151 1355 5207 Patrem
1397 5152 1598 5208 aeterni
1633 5152 1884 5224 luminis,

257 5249 546 5302 transeant
585 5243 646 5299 in
684 5259 930 5316 regnum
961 5243 1320 5299 hereditariae
1355 5245 1645 5302 claritatis.
1683 5249 1884 5303 Amen.

329 5339 486 5404 Quod
509 5338 628 5412 ipse
656 5342 926 5411 praestare
945 5336 1216 5424 digneris,
1237 5339 1342 5412 qui
1363 5356 1493 5395 cum
1511 5342 1676 5396 Patre
1697 5344 1754 5395 et
1772 5339 1891 5413 Spi-

328 5474 352 5500 '
377 5474 533 5528 idem
559 5474 899 5527 vocabulum
923 5474 1074 5528 infra
1101 5474 1165 5528 in
1205 5474 1377 5530 missa
1419 5477 1490 5531 20
1535 5491 1642 5546 pro
1683 5474 1887 5530 Cathe-

259 5541 362 5598 ὼε
394 5543 576 5600 sancti
614 5541 787 5611 Petri,
827 5547 885 5598 et
917 5542 976 5600 in
1017 5543 1188 5600 missa
1233 5548 1298 5601 65
1336 5546 1406 5602 de
1445 5551 1636 5602 sancto
1677 5547 1888 5604 Leode-

328 5471 352 5500 '
377 5472 533 5528 idem
559 5471 899 5527 vocabulum
923 5471 1074 5528 infra
1101 5472 1165 5528 in
1205 5473 1377 5530 missa
1419 5477 1490 5531 20

1985 5147 2046 5202 in
2073 5146 2181 5202 hoc
2199 5147 2290 5202 die
2310 5145 2461 5202 ﬁdeli
2483 5145 2776 5202 devotione
2805 5144 3073 5216 gaudere,
3096 5144 3247 5216 quod
3267 5145 3540 5202 Dominus
3559 5165 3622 5202 ac

1987 5242 2137 5298 Deus
2179 5244 2388 5308 noster,
2418 5255 2552 5295 vera
2585 5237 2906 5294 humilitate
2938 5243 3219 5312 suscepta,
3249 5239 3328 5296 sic
3362 5240 3624 5296 servilem

1987 5335 2230 5392 formam
2255 5333 2694 5391 misericorditer
2721 5331 2968 5389 ostendit
3007 5332 3068 5388 in
3105 5333 3328 5406 sacculo,
3373 5338 3438 5390 ut
3477 5333 3622 5390 divi—

1989 5490 2118 5556 quae
2142 5477 2264 5530 erat
2285 5473 2357 5528 ad
2384 5471 2806 5556 prohibendum
2830 5471 2902 5526 ab
2928 5471 3138 5556 idolist.
3153 5471 3624 5556 communionem

1987 5544 2201 5618 tibique
2224 5544 2495 5618 praacedit
2516 5544 2858 5612 benedictio,
2901 5560 2972 5600 ex
3001 5544 3170 5618 dictis
3207 5544 3267 5598 in
3304 5544 3402 5598 lib.
3426 5555 3621 5618 1,_c_ap.

263 5613 436 5689 sario.
481 5616 625 5689 item
658 5614 718 5668 in
749 5607 958 5689 Missali
998 5615 1364 5689 Francorum,
1403 5634 1564 5689 num.
1613 5620 1645 5674 8
1669 5618 1784 5689 ubi
1821 5619 1890 5676 de
1991 5607 2247 5689 4,Αηῖιωῖ
2265 5617 2352 5688 14,
2397 5621 2665 5689 patetque
2700 5631 2787 5689 ex_
2808 5607 3120 5689 praemissis
3161 5619 3218 5689 e_t
3258 5607 3625 5689 sequentibus

263 5684 614 5742 ordinatione
645 5684 1148 5759 presbyterorum;
1201 5684 1429 5746 ίῐθωὶιι
1476 5688 1680 5746 Missali
1716 5689 1888 5748 Galli-

262 5771 419 5826 cana,
444 5773 611 5814 num.
634 5758 721 5813 17.

334 5825 364 5870 δ
384 5825 512 5886 Hec
557 5825 879 5886 benedictio
929 5832 1017 5886 est
1051 5829 1280 5890 alterius
1333 5833 1540 5907 missae,
1577 5833 1721 5894 forte
1771 5836 1894 5911 ejus

1991 5678 2196 5818 misgis,
2223 5678 2604 5762 praeterquam
2623 5687 2686 5744 in
2711 5678 2885 5743 missa
2921 5691 2982 5744 2t
3032 5699 3135 5759 pro
3160 5678 3622 5764 Quadragesimse

1992 5776 2074 5816 ιω
2121 5778 2174 5818 ο.

1992 5776 2174 5818 ωιιιο.
