4054 6188
428 353 531 406 239
1221 350 1551 405 APPENDIX
1586 349 1674 405 AD
1711 349 1934 406 OPERA
1969 348 2202 406 SANCTI
2237 347 2536 406 GERMANI
2575 341 2999 404 PARISIENSIS.
3341 419 3348 428 Χ
3695 348 3803 402 240

427 474 564 516 nam
588 459 902 532 potentiam
927 475 1088 515 suam
1115 458 1450 514 mirabiliter
1465 463 1804 516 monstraret
1826 461 1884 516 in
1900 461 2054 516 caelo.
2079 473 2138 546 Α
2157 460 2304 525 didit
2331 459 2495 516 nobis
2521 459 2720 514 salutis
2740 458 2970 530 jugum,
2999 459 3062 511 ut
3089 471 3291 512 omnes
3313 469 3418 510 nos
3450 454 3730 509 exaltaret
3749 454 3810 510 in

427 555 535 620 Qui
560 555 715 610 enim
739 571 844 626 pro
883 554 1044 608 nobis
1081 570 1224 624 puer
1262 553 1530 624 parvulus
1569 554 1698 624 fuit,
1735 555 1856 626 ipse
1892 555 1964 610 ad
1997 572 2084 614 se,
2157 571 2433 626 regnum,
2485 555 2709 608 Fratres
2781 550 3171 618 dilectissimi,
3236 549 3474 622 supplici
3545 549 3810 604 oratione
3907 546 3916 552 ’

427 663 625 720 magos
649 648 830 703 officio
863 646 1035 702 stella:
1062 645 1364 716 prmeuntis
1392 647 1646 702 adduxit.
1687 641 2058 704 Obsecremus
2155 664 2477 720 precemur,
2512 649 2574 701 ut
2630 647 2877 718 expellat
2921 646 2993 700 de
3045 644 3302 700 sensibus
3353 641 3563 698 nostris
3615 659 3812 714 prava;

425 740 636 813 itaque,
667 741 922 807 Domine,
953 739 1312 794 clementiam
1343 745 1520 810 tuam,
1544 747 1618 810 Zut
1644 742 1788 797 sicut
1819 742 1930 796 illis
1955 743 2054 797 de-

426 834 557 889 disti
580 833 868 888 Christum
886 837 1050 888 tuum
1078 849 1274 888 verum
1300 835 1478 890 Deum
1510 835 1568 890 in
1604 852 1735 891 vera
1770 852 1938 891 carne
1961 853 2055 891 co-

426 942 721 998 gnoscere,
752 926 829 980 sic
851 943 1056 981 omnes
1079 928 1280 982 ﬁdeles
1301 931 1448 995 tuos,
1473 946 1616 1000 quos
1636 933 1902 985 materno
1930 929 2058 984 sinu

425 1023 621 1074 sancta
662 1023 851 1090 gestat
892 1021 1161 1088 Ecclesia,
1217 1021 1275 1075 in
1317 1023 1586 1094 prmsenti
1621 1027 1882 1094 tempore
1932 1040 2060 1095 pro-

421 1117 584 1184 tegas
610 1112 833 1168 invicta:
865 1114 1085 1168 virtutis
1116 1115 1345 1183 auxilio,
1373 1120 1432 1170 et
1460 1117 1520 1170 in
1546 1117 1740 1172 futuro
1768 1116 1944 1172 facias
1974 1134 2059 1171 re-

420 1206 524 1277 gni
543 1207 780 1262 caelestis
806 1207 1044 1279 adipisci
1069 1225 1309 1264 munere
1342 1211 1714 1281 sempiterno.
1745 1212 1853 1265 Per
1873 1210 2060 1282 ipsum

422 1300 735 1356 Dominum
767 1305 1025 1356 nostrum
1063 1304 1257 1357 Jesum
1295 1304 1584 1359 Christum
1621 1304 1830 1360 Filium
1873 1309 2056 1372 tuum,

425 1394 523 1466 qui
542 1398 734 1450 tecum
765 1395 966 1450 beatus
997 1396 1068 1450 vi.

1127 1466 1381 1518 Praefatio.

495 1545 966 1617 Omnipotentem
1013 1548 1346 1616 Dominum,
1393 1549 1601 1603 fratres
1650 1549 1956 1618 carissimi,
2003 1553 2062 1604 et

421 1641 616 1695 Jesum
650 1639 939 1695 Christum
982 1641 1186 1696 Filium
1240 1642 1362 1712 ejus
1411 1646 1469 1695 et
1522 1643 1878 1697 Salvatorem
1926 1661 2056 1698 nos-

421 1736 598 1801 trum,
628 1732 724 1804 qui
754 1734 929 1788 tantis
959 1733 1262 1788 virtutibus
1291 1752 1350 1788 se
1375 1735 1764 1790 manifestavit
1784 1737 1842 1792 in
1872 1738 2056 1804 terris,

2158 741 2525 814 cogitationis
2556 741 2984 807 obscuritatem,
3019 743 3082 794 ut
3109 738 3278 793 nullis
3309 737 3583 807 deinceps
3611 753 3816 808 pecca-

2161 837 2349 888 torum
2383 832 2674 886 fuscemur
2719 831 2977 897 maculis,
3021 829 3226 901 quibus
3267 829 3444 900 jubar
3472 843 3588 882 suae
3619 827 3816 900 splen-

2160 926 2284 981 duit
2345 926 2618 982 caritatis.
2653 927 2760 981 Per
2787 924 3099 980 Dominum
3128 927 3390 979 nostrum
3427 925 3620 979 Jesum
3644 922 3809 978 Chri-

2161 1023 2311 1076 stum
2337 1020 2542 1076 Filium
2565 1024 2748 1088 tuum,
2780 1019 2877 1092 qui
2908 1035 3122 1075 secum.

2705 1143 2958 1194 Collectio
2998 1143 3252 1208 sequitur.

2230 1249 2444 1304 Exaudi
2472 1266 2576 1304 nos
2603 1247 2866 1303 salutaris
2895 1251 3108 1316 noster,
3139 1251 3197 1302 et
3227 1247 3376 1304 hanc
3398 1263 3654 1302 annuam
3680 1248 3801 1303 sol-

2161 1343 2476 1398 lemnitatis
2515 1346 2726 1397 nostrae
2765 1341 3134 1397 devotionem
3186 1341 3500 1412 dignanter
3541 1342 3804 1414 suscipe;

2160 1439 2224 1491 ut
2250 1437 2394 1491 sicut
2429 1436 2604 1507 Magis
2635 1435 2708 1491 ad
2736 1435 3126 1490 ostensionem
3157 1435 3422 1490 salutaris
3450 1435 3554 1490 viae
3581 1435 3814 1490 refulsit

2161 1531 2342 1598 stella,
2377 1529 2569 1603 206
2605 1530 2686 1585 ita
2725 1530 2933 1584 nostris
2967 1529 3262 1584 mentibus
3297 1545 3402 1600 per
3427 1528 3678 1600 gratiam
3715 1530 3804 1584 tui

2161 1623 2418 1678 muneris
2445 1625 2642 1678 lumen
2672 1622 2964 1690 infundas,
2993 1626 3057 1677 ut
3085 1621 3369 1693 possimus
3395 1621 3452 1677 in
3478 1621 3632 1677 viam
3659 1622 3811 1678 veri-

2161 1718 2294 1772 tatis
2329 1718 2688 1785 confitentes,
2727 1720 2784 1770 te
2825 1719 3188 1787 protegente,
3227 1715 3518 1770 incedere.
3545 1717 3658 1771 Per
3688 1715 3807 1770 Do-

421 1831 481 1882 et
520 1828 703 1882 multa
742 1827 1031 1882 mirabilia
1067 1828 1484 1884 demonstravit
1523 1829 1582 1884 in
1625 1831 1870 1902 populis,
1931 1831 2058 1885 uni-
2082 1854 2138 1928 B
2161 1811 2386 1867 minum
2411 1815 2672 1868 Ποεῗτωη
2695 1811 2886 1866 Jesum
2914 1811 3206 1866 Chrismm
3233 1809 3437 1869 Filium
3462 1813 3647 1866 tuum'

419 1919 567 1974 versi
607 1921 844 1974 summis
893 1921 1155 1992 precibus
1203 1922 1612 1994 deprecemur,
1660 1927 1723 1977 ut
1767 1923 1863 1994 qui
1907 1923 2062 1978 inﬁr-

421 2030 550 2068 mos
591 2014 827 2082 curavit,
866 2018 924 2068 et
964 2019 1226 2070 mortuos
1261 2015 1566 2084 suscitavit,
1604 2017 1861 2088 leprosos
1889 2035 2057 2072 mun-

421 2107 595 2176 davit,
642 2124 822 2162 caecos
858 2107 1241 2176 inluminavit,
1287 2112 1343 2164 et
1384 2110 1454 2164 de
1495 2111 1749 2182 quinque
1791 2111 2056 2182 panibus,

421 2205 478 2255 et
499 2202 722 2256 duobus
741 2202 990 2274 piscibus
1012 2203 1266 2274 quinque
1288 2203 1450 2258 milia
1471 2204 1774 2258 hominum
1795 2205 2019 2259 satiavit
2043 2222 2056 2271 ;

420 2298 484 2348 ut
527 2296 626 2365 qui
661 2296 784 2350 haec
832 2301 1100 2367 operatus
1147 2300 1233 2350 est
1273 2296 1332 2350 in
1375 2297 1558 2364 terris,
1607 2298 1772 2353 nobis
1829 2315 2056 2370 quoque

418 2386 700 2458 propitius
731 2387 930 2442 adesse
963 2387 1155 2462 205
1186 2389 1457 2460 dignetur
1481 2391 1539 2444 in
1571 2391 1788 2445 cunctis
1815 2390 2054 2458 delictis,

421 2479 682 2536 Salvator
708 2482 932 2548 mundi,
963 2483 1062 2554 qui
1091 2500 1219 2538 cum
1245 2487 1462 2539 mterno
1496 2485 1662 2539 Patre
1690 2485 1826 2539 vivit
1851 2488 1908 2539 et
1931 2501 2053 2555 reg.

969 2575 1220 2626 Collectio
1248 2576 1499 2641 sequitur.

490 2654 868 2726 Omnipotens
903 2657 1252 2728 sempiterne
1284 2658 1452 2725 Deus,
1486 2659 1690 2713 mundi
1735 2663 1962 2713 creator
2001 2662 2059 2712 et

415 2753 626 2816 rector,
655 2749 753 2821 qui
798 2750 950 2804 hunc
987 2755 1414 2822 superventurse
1453 2752 1855 2806 sollemnitatis
1903 2753 2056 2806 diem

418 2843 712 2898 electionis
769 2845 1030 2914 gentium
1087 2845 1354 2916 primitiis
1429 2847 1804 2914 consecrasti,
1881 2847 2056 2918 imple

416 2937 700 2991 mundum
733 2939 918 3008 gloria
941 2942 1060 3005 tua,
1090 2941 1149 2992 et
1179 2939 1420 3018 subditis
1449 2939 1551 2994 tibi
1584 2940 1808 3011 populis
1838 2957 1942 3012 per
1968 2941 2056 2994 lu-

414 3030 590 3084 minis
637 3029 720 3084 tui
767 3031 963 3084 lumen
1008 3047 1244 3102 appare,
1293 3035 1353 3085 ut
1408 3034 1656 3087 salutare
1697 3037 1862 3088 tuum
1908 3050 2056 3088 nova

417 3125 687 3178 caelorum
713 3123 968 3177 claritate
996 3124 1258 3178 mirabile
1287 3125 1494 3180 nostris
1517 3143 1746 3197 semper
1771 3127 2051 3182 innovan-

417 3216 505 3271 dis
529 3216 800 3272 cordibus
831 3216 1068 3272 oriatur.
1100 3219 1210 3272 Per
1235 3218 1547 3274 Dominum
1569 3223 1833 3276 nostrum
1862 3222 2054 3276 Jesum
2075 3228 2132 3304 ρ

416 3311 706 3367 Christum
735 3310 963 3380 Filium,
993 3311 1091 3383 qui
1118 3314 1309 3366 tecum
1341 3311 1476 3368 vivit
1507 3317 1564 3368 et
1593 3318 1819 3386 regnat.

1078 3406 1095 3437 '
1111 3406 1369 3458 Praefatio.

486 3488 672 3542 Deum
703 3487 1190 3558 omnipotentem,
1219 3488 1320 3560 qui
1339 3488 1506 3543 nobis
1529 3489 1695 3560 hujus
1731 3489 1914 3544 noctis
1945 3491 2056 3544 fes-

413 3579 695 3635 tivitatem
725 3581 981 3650 indulsit,
1013 3583 1220 3636 fratres
1246 3581 1545 3649 carissimi,
1569 3583 1967 3654 deprecemur,
1999 3588 2060 3638 ut

417 3674 517 3729 det
542 3674 708 3728 nobis
755 3674 930 3728 etiam
968 3676 1319 3730 munditiam
1365 3676 1572 3743 cordis,
1607 3681 1669 3730 ut
1702 3677 1848 3731 sicut
1875 3677 2052 3748 magi,

418 3767 583 3820 stella
613 3770 928 3836 praeeunte,
957 3768 1268 3822 Dominum
1296 3771 1488 3824 Jesum
1513 3770 1802 3824 Christum
1825 3771 2058 3825 invene-

415 3862 571 3926 runt,
605 3863 664 3912 et
688 3863 884 3930 optata
917 3862 1207 3915 consecuti
1240 3865 1373 3916 sunt
1401 3862 1632 3933 gaudia,
1656 3868 1828 3934 atque
1843 3865 2056 3936 apertis

416 3952 703 4006 thesauris
740 3952 874 4020 suis,
906 3953 1238 4008 obtulerunt
1268 3955 1320 4008 ei
1367 3972 1610 4010 munera
1643 3973 1872 4024 aurum,
1901 3959 2053 4024 thus,

418 4048 476 4100 et
513 4046 834 4117 myrrham,
865 4046 946 4100 ita
972 4050 1029 4099 et
1055 4064 1159 4101 nos
1189 4048 1392 4102 famuli
1422 4048 1528 4116 sui,
1563 4049 1823 4119 ejusdem
1860 4051 2054 4106 Salva-

415 4137 554 4194 toris
585 4138 765 4194 nostri
796 4139 1005 4195 auxilio
1031 4141 1378 4211 przemoniti,
1409 4145 1626 4196 terram
1658 4144 2056 4214 promissionis

415 4249 754 4288 mereamur
774 4233 1023 4305 ingredi,
1047 4237 1108 4288 ut
1132 4235 1490 4305 gaudeamus
1518 4252 1622 4290 nos
1643 4239 1860 4290 aeterna
1888 4237 2056 4308 regni

415 4327 656 4382 calestis
685 4328 1044 4398 possessione
1071 4328 1262 4383 ditari.
1299 4330 1407 4384 Per
1438 4329 1752 4384 Dominum
1796 4335 2055 4385 nostrum

413 4421 609 4477 Jesum
657 4422 947 4478 Christum
1006 4423 1210 4478 Filium
1260 4440 1456 4492 suum,
1508 4441 1700 4480 secum
1748 4424 2054 4494 viventem,

417 4529 764 4586 semperque
795 4521 1160 4588 regnantem.

979 4610 1228 4661 Collectio
1265 4611 1517 4675 sequitur.

490 4686 660 4753 Deus,
690 4687 787 4758 qui
815 4687 982 4742 Verbi
1008 4690 1092 4742 tui
1127 4689 1587 4748 incarnationem
1615 4692 1874 4764 praeclari
1904 4693 2059 4748 testi-

421 4777 620 4836 monio
641 4779 843 4834 sideris
865 4779 1152 4850 indicasti,
1180 4785 1335 4854 quod
1356 4785 1616 4841 videntes
1643 4788 1824 4859 magi,
1848 4786 2056 4843 oblatis

420 4875 777 4946 Majestatem
799 4876 959 4929 tuam
992 4876 1328 4930 muneribus
1349 4877 1683 4948 adorarunt,
1718 4881 1968 4936 concede
1996 4885 2060 4935 ut

421 4985 652 5041 semper
675 4969 735 5022 in
762 4969 1054 5024 mentibus
1080 4971 1290 5025 nostris
1315 4974 1426 5025 tuae
1455 4975 1732 5044 appareat
1753 4976 1930 5030 stellae
1961 4992 2058 5031 no-

419 5058 565 5130 titia,
593 5077 658 5117 ac
691 5067 886 5118 noster
911 5063 971 5118 in
999 5067 1098 5118 tua
1118 5063 1191 5118 sit
1211 5063 1570 5120 confessione
1601 5066 1922 5123 thesaurus.
1949 5070 2060 5124 Per

421 5153 732 5210 Dominum
754 5162 1013 5212 nostrum
1037 5160 1228 5214 Jesum
1248 5158 1536 5214 Christum
1559 5156 1763 5214 Filium
1789 5165 1974 5217 tuum.

1122 5252 1362 5304 Prefatio.

497 5327 968 5402 Omnipotentem
1019 5333 1440 5404 sempiternum
1500 5335 1848 5404 Dominum,
1901 5337 2060 5408 cujus

423 5435 541 5480 non
563 5423 758 5479 minor
781 5428 866 5479 est
891 5425 1284 5484 misericordia
1313 5446 1486 5500 quam
1512 5431 1786 5502 potestas,
1807 5430 1905 5502 qui
1929 5431 2062 5486 licet

425 5517 809 5576 aestimatione
845 5536 1086 5591 operum
1121 5522 1518 5579 universorum
1554 5541 1789 5581 suorum
1841 5525 2057 5594 vicerit,

421 5614 544 5688 ipée
578 5617 772 5669 tamen
819 5630 1053 5670 suorum
1078 5631 1320 5686 operum
1348 5619 1814 5690 magnitudinem
1846 5619 2060 5692 pietate

421 5709 584 5776 vicit,
660 5707 945 5764 mittendo
1011 5709 1178 5764 nobis
1246 5712 1442 5766 Jesum
1506 5713 1795 5770 Christum
1856 5713 2060 5769 Filium

422 5821 590 5859 suum
617 5803 930 5860 Dominum
959 5806 1244 5874 nostrum,
1267 5805 1428 5878 cujus
1465 5809 1522 5862 et
1548 5823 1692 5864 onus
1717 5808 1840 5864 leve
1871 5812 1976 5876 est,
2004 5811 2064 5864 et

416 5895 625 5976 jugum
653 5917 846 5974 suave,
867 5899 1130 5975 virginali
1161 5903 1325 5959 utero
1354 5905 1689 5978 procreatus
1717 5902 1794 5961 ad
1817 5903 1926 5961 hoc
1951 5905 2064 5960 tra-

2845 1935 3100 1987 Praefatio.

2231 2041 2538 2095 Narrantes
2564 2039 2764 2094 laudes
2792 2038 3044 2105 Domini,
3075 2041 3133 2092 et
3163 2037 3452 2110 potentias
3479 2040 3537 2092 et
3561 2037 3810 2092 mirabi-

2160 2132 2236 2189 lia
2267 2151 2394 2206 quae
2435 2133 2586 2201 fecit,
2620 2134 2828 2187 fratres
2862 2131 3161 2200 carissimi,
3197 2148 3328 2186 cum
3374 2134 3508 2186 ante
3556 2147 3808 2202 conspe-

2159 2231 2314 2282 ctum
2336 2227 2530 2299 populi
2552 2227 2637 2281 sui
2659 2243 2818 2281 mare
2843 2226 3142 2293 divideret,
3166 2226 3365 2280 lumen
3391 2225 3808 2297 praetenderet,

2158 2321 2356 2393 ignem
2385 2322 2703 2393 praeferret,
2738 2320 2858 2375 caeli
2881 2320 3090 2391 januas
3121 2319 3394 2390 aperiret,
3436 2335 3650 2390 panem
3698 2334 3808 2372 an-

2160 2415 2405 2486 gelicum
2475 2415 2859 2481 ministraret,
2907 2430 3181 2484 rogemus
3229 2413 3312 2467 uti
3357 2428 3586 2484 quoque
3638 2412 3810 2467 nobis

2159 2509 2436 2564 similibus
2478 2509 2750 2563 virtutum
2789 2525 3023 2562 suarum
3068 2506 3388 2562 circumdet
3427 2505 3700 2573 excubiis,
3729 2523 3806 2561 ne

2159 2605 2245 2657 vel
2276 2603 2469 2658 saeculi
2491 2603 2662 2674 hujus
2687 2603 2892 2658 ﬂuctus
2914 2602 3197 2670 obvolvat,
3225 2601 3313 2655 vel
3349 2601 3632 2655 incertum
3669 2600 3806 2654 vitae

2158 2714 2388 2752 cursum
2422 2698 2534 2752 iter
2576 2701 2792 2764 teneat,
2842 2697 2929 2752 vel
2969 2696 3092 2751 caeli
3141 2695 3330 2750 aditus
3383 2694 3630 2750 orationi
3681 2711 3806 2749 non

2158 2795 2372 2863 pateat,
2400 2793 2487 2846 vel
2513 2791 2678 2863 panis
2704 2791 2859 2844 vivus
2887 2790 3086 2857 vitam,
3111 2807 3169 2843 se
3199 2789 3488 2860 negando,
3514 2805 3632 2843 non
3660 2805 3810 2860 pre-

2157 2885 2310 2952 beat,
2341 2885 2440 2939 sed
2471 2885 2530 2939 in
2558 2884 3024 2956 redemptionem
3060 2882 3482 2954 adquisitionis,
3531 2885 3706 2954 atque
3743 2883 3807 2936 in

2157 2979 2392 3033 laudem
2419 2979 2616 3050 gloriae
2646 2995 2781 3045 suae,
2812 2977 2967 3049 quod
2992 2977 3194 3032 tribuit
3219 2976 3548 3048 aenigmate,
3579 2974 3808 3030 tribuat

2155 3073 2400 3128 veritati.
2451 3074 2560 3127 Per
2601 3073 2911 3128 Dominum
2956 3075 3218 3127 nostrum
3257 3073 3452 3127 Jesum
3503 3069 3802 3126 Christum

2159 3166 2363 3222 Filium
2387 3184 2572 3235 suum,
2603 3167 2700 3238 qui
2724 3167 2859 3221 vivit
2885 3169 2944 3220 et
2971 3169 3201 3237 regnat.

2712 3287 2962 3338 Clolectio
2991 3287 3242 3352 sequitur.

2231 3392 2484 3462 Operum
2504 3393 2758 3459 tuorum,
2787 3391 2955 3460 Deus,
2987 3394 3270 3462 quantum
3296 3389 3565 3446 miranda
3590 3392 3801 3462 poten-

2157 3484 2256 3552 tia,
2285 3487 2511 3539 tantum
2533 3484 2718 3556 magis
2743 3489 2829 3538 est
2857 3485 3044 3555 gratia
3065 3483 3378 3556 diligenda.
3401 3485 3518 3540 Tuo
3541 3501 3801 3557 namque

2158 3578 2402 3650 imperio
2429 3579 2593 3634 stella
2615 3578 2802 3649 magis
2829 3577 3100 3633 ducatum
3127 3578 3392 3650 praebuit,
3422 3581 3481 3633 et
3509 3595 3692 3650 usque
3728 3578 3803 3634 ad

2158 3673 2449 3728 Christum
2478 3675 2634 3728 certa
2679 3672 2902 3727 itineris
2946 3672 3264 3728 directione
3293 3671 3557 3744 perduxit
3595 3690 3609 3727 :
3638 3672 3805 3743 cujus

2157 3766 2487 3821 humanitas
2525 3783 2661 3821 vera
2694 3766 2774 3820 sic
2810 3767 2921 3821 fuit
2944 3766 3003 3821 in
3039 3783 3233 3835 carne,
3266 3769 3329 3820 ut
3361 3783 3496 3820 vera
3526 3765 3804 3837 majestas

2156 3861 2557 3933 resplenderet
2583 3860 2641 3914 in
2675 3877 2868 3932 opere.
2897 3861 3093 3915 Infans
3120 3859 3278 3914 enim
3314 3860 3478 3914 astris
3517 3859 3808 3914 famulan-

2155 3954 2306 4009 tibus
2355 3953 2694 4021 ostenditur,
2757 3957 2814 4009 et
2863 3973 2896 4010 a
2949 3953 3139 4026 magis
3187 3954 3454 4026 parvulus
3501 3953 3802 4008 adoratur.

2157 4049 2494 4112 Quaesumus
2533 4064 2692 4118 ergo,
2723 4047 2986 4115 Domine,
3011 4053 3073 4102 ut
3100 4048 3276 4102 etiam
3314 4049 3540 4102 nostros
3571 4063 3805 4102 errores

2157 4141 2607 4197 misericorditer
2649 4141 2923 4213 corrigas,
2961 4145 3019 4196 et
3048 4141 3122 4196 ad
3153 4141 3406 4196 veritatis
3437 4144 3551 4198 tum
3597 4141 3801 4195 saluti-

2156 4237 2341 4290 feram
2380 4235 2680 4303 visionem,
2726 4236 3088 4308 praecedente
3124 4253 3229 4291 nos
3264 4239 3378 4290 tuae
3409 4234 3805 4290 miserationis

2155 4329 2620 4396 inluminatione,
2675 4329 2974 4401 perducas.
3030 4330 3138 4384 Per
3178 4329 3488 4385 Dominum
3533 4333 3802 4386 nostrum

2154 4427 2348 4481 Jesum
2372 4424 2663 4480 Christum
2692 4423 2900 4479 Filium
2927 4427 3117 4478 tuum.

2853 4543 3104 4595 Praefatio.

2073 4607 2133 4680 D
2228 4649 2432 4716 Deum,
2475 4646 2572 4718 qui
2614 4645 2987 4701 sanctificavit
3026 4645 3294 4702 Iordanis
3335 4645 3573 4713 ﬂuenta,
3624 4645 3808 4702 bene~

2158 4741 2298 4798 dixit
2323 4740 2591 4812 conjugia
2621 4739 2989 4812 nuptialium,
3017 4740 3225 4795 fratres
3255 4739 3552 4807 carissimi,
3596 4739 3808 4811 depre-

2158 4851 2373 4902 cemur,
2405 4838 2468 4889 ut
2490 4834 2650 4906 cujus
2675 4833 2952 4889 miracula
2985 4834 3192 4900 annuis
3219 4833 3524 4889 recolimus
3554 4833 3802 4901 vicibus,

2159 4930 2279 4984 sola
2309 4929 2431 5000 ejus
2465 4928 2650 4999 gratia
2692 4944 3026 4983 mereamur
3062 4927 3486 4999 indulgentiam
3526 4930 3803 4998 peccato-

2158 5039 2307 5078 rum.
2345 5021 2509 5086 Quod
2541 5021 2663 5094 ipse
2697 5025 2969 5094 praestare
3001 5021 3291 5093 dignetur,
3322 5021 3420 5093 qui
3461 5036 3590 5076 cum
3632 5021 3810 5076 Patre

2161 5120 2218 5172 et
2242 5115 2455 5188 Spiritu
2483 5119 2680 5171 sancto
2704 5115 2840 5170 vivit
2865 5119 2926 5170 et
2947 5119 3175 5187 regnat.

2714 5236 2966 5289 Collectio
2993 5236 3245 5302 sequitur.

2233 5342 2446 5400 Exaudi
2475 5359 2598 5410 nos,
2629 5341 2894 5408 Domine,
2919 5340 2978 5396 in
3008 5342 3179 5413 hujus
3202 5337 3604 5396 sollemnitatis
3633 5355 3809 5394 excu-

2159 5436 2302 5507 bias,
2329 5440 2384 5491 et
2411 5451 2735 5508 quaesumus
2762 5439 2824 5490 ut
2852 5435 3037 5509 plebis
3065 5435 3235 5506 hujus
3263 5433 3438 5490 corda
3463 5433 3525 5488 in
3549 5433 3662 5488 tuis
3691 5434 3807 5488 mi-

2160 5530 2436 5585 rabilibus
2461 5534 2713 5586 sacratas
2731 5529 2835 5584 tibi
2863 5529 3126 5586 excubias
3138 5526 3581 5594 celebrantibus,
3603 5526 3813 5598 benig-

2163 5640 2269 5678 nus
2312 5623 2510 5680 adesse
2556 5623 2840 5696 digneris;
2887 5626 2946 5679 et
2990 5623 3088 5695 qui
3132 5620 3399 5678 Iordanis
3445 5619 3816 5676 sanctiﬁcare

2163 5716 2432 5788 dignatus
2487 5736 2546 5773 es
2602 5735 2800 5791 aquas,
2857 5734 2964 5773 nos
3011 5732 3241 5789 quoque
3291 5713 3396 5773 tibi
3469 5716 3701 5770 sanctos
3754 5715 3818 5772 et

2162 5810 2564 5868 immaculatos
2604 5812 2803 5868 sistere
2843 5811 3037 5868 facias.
3073 5810 3182 5877 Qui
3221 5825 3355 5868 cum
3385 5809 3556 5868 Patre
3591 5813 3653 5868 et
3679 5808 3815 5887 Spi-

2161 5905 2276 5965 ritu
2298 5909 2496 5964 sancto
2523 5906 2664 5964 vivis
2689 5909 2750 5963 et
2772 5921 3003 5984 regnas.
