4032 6180
253 311 368 374 2-H
1351 318 1439 376 DE
1475 318 1788 399 LITURGIA
1823 319 2196 379 GALLICANA
2232 321 2434 381 LIBER
2470 324 2560 381 III.

571 422 635 482 X.
675 438 836 484 [138A
873 441 929 485 IN
966 441 1187 485 VIGILIIS
1224 442 1591 488 aratrum.
1644 518 1651 523 ν
1926 430 2190 515 Apallor
2219 431 2347 489 vina
2373 430 2662 506 produxit.
2693 431 2895 491 Amen.
2932 432 3062 492 Esto
3098 439 3214 493 tuae
3249 432 3483 495 familiae
3517 435 3638 513 ipse

956 521 1211 572 Praefatio.
1376 599 1388 600 ί
1537 599 1548 600 7
1601 598 1610 600 _
1645 521 1650 523 ⁷
2004 527 2104 581 lux
2130 526 2369 598 itineris,
2398 527 2496 600 qui
2522 529 2683 584 stella
2708 528 2894 585 indice
2931 530 3267 588 clariﬁcatus
3303 548 3362 588 es
3396 534 3517 591 Rex
3545 552 3636 591 sa-

335 592 527 670 20'7
544 595 1011 669 lncorruptarum
1024 602 1361 654 naturarum
1374 598 1785 656 beneficiorum
1802 602 1882 658 Do

2003 619 2161 676 lutis.
2207 592 2435 677 Amen:
2452 622 2726 679 Converte
2768 624 2839 679 ad
2873 628 2929 679 te
2971 627 3348 697 quaerendum
3383 629 3637 701 stupidas

243 688 487 745 minum
525 707 590 745 ac
615 691 798 790 Πθυξη
827 694 1106 790 ξοῗῒῐξιιωτ
1146 691 1346 790 Ῡτδβῖθδ
1387 692 1681 790 carissimi:
1709 696 1907 769 ἀθΡΓθ·
2003 718 2223 770 mentes
2248 715 2571 785 hominum,
2601 717 2699 789 qui
2725 717 2979 790 nuptiale
3010 720 3263 776 convivio
3302 722 3517 777 vertisti
3549 724 3635 779 la-

245 799 479 855 cemur,
513 788 578 840 ut
606 801 709 839 nos
738 784 799 840 in
828 785 1182 858 Epiphaniae,
1223 787 1282 842 id
1318 791 1403 843 est
1439 787 1882 846 Manifestationi:

2002 807 2139 863 tices
2163 808 2223 863 in
2257 810 2564 865 falernum.
2594 784 2910 868 limem-Ut
2928 813 3129 884 juncta
3166 831 3299 870 cum
3330 817 3545 888 angelis
3575 818 3636 874 in

3534 326 3637 389 eis

241 895 379 934 suae
401 878 572 949 diem,
592 880 666 935 ad
692 896 908 935 sacram
934 881 1302 938 excubiarum
1320 882 1761 940 sollemnitatem
1791 886 1904 941 col-

2002 902 2256 970 excelsis,
2306 903 2420 958 Deo
2476 903 2580 958 tibi
2631 908 2817 959 cantet
2868 906 3103 977 gloriam
3148 908 3308 978 plebs
3358 914 3632 980 protecta.

243 972 457 1043 lectos,
483 973 621 1028 tales
659 973 844 1042 faciat,
884 974 984 1046 qui
1015 975 1471 1033 inlustrationem
1498 978 1901 1035 incarnationis
2001 996 2203 1051 Amen,
2249 997 2481 1067 Ρι-εθειει,
2524 997 2778 1053 Salvator
2814 972 3036 1070 mimi,
3217 972 3542 1059 cumpatre
3579 1009 3637 1061 et

242 1068 405 1138 ejus,
424 1068 509 1122 vel
534 1066 886 1124 nativitatem
904 1084 974 1124 ex
1002 1069 1251 1142 Virgine,
1273 1071 1360 1126 vel
1376 1071 1723 1143 baptismum
1747 1074 1902 1145 apud
2000 1088 2214 1161 spiritu
2244 1094 2436 1145 sancto
2460 1066 2621 1145 vivis.

240 1162 583 1230 Iordanem,
612 1162 700 1217 vel
738 1163 999 1219 mirabile
1033 1164 1185 1235 apud
1210 1164 1363 1220 Cana
1407 1164 1635 1237 signum
1670 1183 1774 1237 pro
1800 1184 1901 1222 no-

242 1260 373 1312 stra
408 1255 586 1311 salute
622 1256 909 1313 credimus
937 1257 1171 1326 factum,
1207 1262 1400 1314 nostro
1443 1259 1505 1314 in
1533 1260 1695 1315 nobis
1729 1277 1899 1333 opere

246 1350 738 1423 demonstremus,
775 1354 843 1407 ut
871 1342 1279 1408 beneficiorum
1324 1352 1768 1410 immensitatem
1802 1371 1899 1410 no-

241 1444 390 1499 stris
420 1442 867 1499 confessionibus
908 1445 1249 1502 lucidemur.
1290 1448 1395 1501 Per
1432 1447 1739 1503 Dominum
1774 1465 1899 1505 nos-

242 1542 414 1594 trum
439 1540 627 1594 Jesum
645 1539 932 1595 Christum
957 1539 1163 1595 Filium
1180 1557 1377 1596 suum:
1400 1541 1500 1614 qui
1525 1557 1719 1598 secum
1739 1543 1894 1599 vivit.

817 1638 1067 1689 Collectio
1090 1639 1338 1703 sequitur.

325 1714 495 1783 Deus,
516 1711 634 1785 qui,
654 1728 758 1784 per
783 1713 1153 1785 Unigenitum
1172 1716 1199 1770 ,Ι
1203 1732 1365 1771 esum
1379 1715 1669 1779 Christum
1689 1717 1896 1775 Filium

241 1810 422 1863 tuum
466 1806 773 1862 Dominum
822 1812 1104 1878 nostrum,
1154 1810 1659 1867 sanctiﬁcationem
1701 1812 1971 1891 salutisB

244 1906 484 1956 aeternae
504 1918 677 1973 aquas
692 1902 1160 1973 regenerantibus
1180 1904 1519 1976 praestitisti;
1545 1909 1619 1975 et,
1633 1906 1895 1963 veniente

241 2012 425 2068 super
477 2001 645 2066 caput
690 1994 843 2050 illius
890 1995 1129 2067 spiritali
1172 1998 1457 2069 columba,
1490 2016 1594 2070 per
1620 2000 1893 2073 Spiritum

243 2094 513 2145 sanctum
555 2089 675 2161 ipse
715 2090 948 2160 venisti;
993 2092 1160 2162 dona,
1207 2109 1555 2164 quaesumus,
1595 2099 1659 2149 ut
1704 2095 1894 2150 veniat

243 2200 425 2256 super
458 2184 605 2238 hanc
632 2200 866 2240 omnem
892 2185 1195 2241 Ecclesiam
1232 2190 1391 2241 tuam
1425 2186 1519 2242 illa
1549 2187 1889 2259 benedictio,

240 2294 376 2350 quae
430 2282 661 2333 cunctos
703 2277 923 2350 jugiter
960 2284 1240 2351 protegat,
1290 2297 1419 2353 quae
1474 2281 1727 2337 diversos
1770 2282 1891 2338 sine

243 2371 560 2427 cessatione
585 2372 903 2443 benedicat,
926 2389 1053 2444 quae
1081 2390 1314 2430 cursum
1339 2379 1394 2429 te
1424 2375 1784 2447 sequentium
1811 2376 1892 2431 di-

241 2465 415 2536 rigat,
460 2481 592 2537 quaa
630 2481 689 2519 se
726 2466 1100 2537 expectationi
1145 2468 1405 2523 omnium
1443 2468 1683 2539 januam
1724 2470 1889 2541 regni

242 2557 487 2613 caalestis
498 2558 735 2630 aperiat.
756 2560 863 2614 Per
883 2560 1188 2615 Dominum
1213 2565 1472 2617 nostrum
1488 2563 1679 2618 Jesum
1704 2563 1890 2620 Chris-

244 2657 373 2707 tum
399 2652 607 2708 Filium
630 2657 816 2721 tuum,
846 2653 945 2725 qui
972 2670 1197 2726 semper
1225 2659 1414 2711 tecum
1432 2655 1570 2712 vivit
1595 2660 1668 2712 et.

740 2750 989 2801 Collectio
1013 2755 1132 2814 post
1154 2752 1385 2803 nomina.
1458 2794 1463 2799 ,

315 2827 550 2895 Praesta,
580 2825 944 2898 omnipotens
971 2828 1136 2894 Deus,
1164 2844 1267 2898 per
1291 2827 1637 2885 ineffabilem
1663 2828 1886 2885 miseri-

244 2919 452 2975 cordiae
481 2924 598 2975 tuae
625 2918 936 2987 caritatem,
962 2924 1028 2975 ut
1049 2921 1210 2991 cujus
1228 2921 1407 2978 virtus
1424 2928 1594 2996 atque
1620 2924 1886 2995 majestas

243 3014 305 3068 in
334 3012 689 3068 mirabilium
713 3017 945 3068 tuorum
974 3013 1296 3071 diversitate
1322 3016 1542 3087 claruit,
1571 3017 1631 3072 in
1657 3022 1881 3073 nostra-

242 3123 374 3163 rum
401 3123 636 3179 quoque
670 3107 951 3162 mentium
985 3108 1379 3179 purificatione
1411 3111 1696 3167 clarescat.
1728 3113 1881 3166 Prae-

242 3206 461 3256 sentem
498 3201 695 3273 itaque
728 3200 1074 3257 oblationem
1108 3202 1187 3257 ita
1212 3201 1483 3271 inlabere,
1512 3207 1577 3258 ut
1600 3204 1882 3261 medelam
1902 3192 1956 3268 C

241 3295 581 3364 viventibus,
623 3294 900 3350 defunctis
943 3294 1309 3367 refrigerium
1348 3292 1625 3368 praestet;
1652 3302 1708 3354 et
1745 3314 1883 3370 quo-

244 3404 374 3443 rum
400 3388 585 3444 texuit
610 3388 867 3444 recitatio
898 3390 1194 3461 praemissa
1227 3392 1457 3459 sortem,
1494 3391 1645 3447 inter
1680 3392 1881 3448 electos

232 3482 434 3554 jubeas
489 3482 823 3555 adgregare.
880 3485 987 3539 Per
1030 3484 1342 3541 Dominum
1385 3489 1644 3542 nostrum
1687 3488 1879 3543 Iesum

242 3575 531 3631 Christum
555 3576 764 3631 Filium
788 3581 972 3632 tuum.

775 3669 1026 3721 Collectio
1060 3670 1126 3720 ad
1150 3684 1354 3735 pacem.

314 3745 461 3800 Deus
503 3744 876 3800 inluminator
917 3746 1173 3801 omnium
1217 3746 1497 3819 gentium,
1538 3747 1610 3802 da
1646 3748 1878 3821 populis

241 3837 351 3893 tuis
379 3840 662 3909 perpetua
678 3854 816 3909 pace
853 3839 1129 3910 gaudere;
1159 3842 1216 3895 et
1237 3840 1377 3895 illud
1404 3840 1601 3895 lumen
1627 3841 1875 3912 splendi-

241 3931 379 3986 dum
427 3930 666 3986 infunde
707 3931 971 3987 cordibus
996 3933 1224 4002 nostris,
1257 3949 1431 4005 quem
1467 3934 1647 3989 trium
1674 3950 1875 4007 mago-

241 4041 371 4080 rum
399 4023 689 4079 mentibus
729 4025 1011 4097 aspirasti,
1041 4027 1146 4081 Per
1169 4026 1476 4082 Dominum
1499 4030 1758 4083 nostrum
1782 4030 1874 4084 Je-

240 4134 366 4174 sum
391 4118 681 4174 Christum
709 4118 913 4173 Filium
938 4122 1124 4187 tuum,
1156 4124 1346 4175 tecum
1369 4121 1443 4177 vi.

801 4216 1090 4267 lmmolatio
1122 4216 1311 4267 missae.

311 4291 565 4364 Dignum
582 4294 640 4347 et
649 4290 873 4363 justum
894 4295 996 4347 est.
1026 4293 1165 4346 Vere
1192 4292 1431 4363 dignum
1448 4296 1504 4348 et
1515 4292 1741 4364 justum
1767 4298 1872 4365 est,

239 4401 340 4440 nos
367 4391 421 4440 te
458 4385 716 4455 laudare,
749 4384 1107 4457 omnipotens
1135 4386 1478 4457 sempiterna
1521 4389 1707 4458 Deus;
1739 4389 1876 4461 quia

239 4483 429 4534 notam
456 4479 640 4534 fecisti
680 4478 741 4533 in
769 4478 998 4551 populis
1036 4478 1303 4535 virtutem
1329 4484 1507 4551 tuam,
1541 4485 1597 4537 et
1623 4482 1873 4538 Salutare

2195 1202 2277 1256 ΧῘ.
2318 1217 2478 1259 MISSA
2516 1219 2568 1258 IN
2611 1219 2740 1258 DIEM
2781 1218 3026 1261 SANCTUM
3065 1222 3452 1265 EPHIPHANL‘E.’

2069 1304 2461 1361 Venerabilem
2490 1322 2555 1359 ac
2580 1305 2935 1377 primitivum
2963 1307 3022 1363 in
3058 1309 3414 1367 mirabilibus
3453 1311 3630 1384 Ephi-

1997 1396 2224 1469 phaniae
2253 1397 2426 1467 diem,
2456 1399 2515 1453 in
2542 1417 2655 1473 quo
2684 1405 2877 1456 noster
2904 1402 3252 1476 Redemptor
3277 1410 3333 1460 et
3359 1406 3632 1462 Dominus

1997 1492 2219 1546 virtutis
2250 1509 2366 1547 suae
2394 1493 2734 1549 documenta
2758 1496 3137 1567 praetendens,
3170 1498 3241 1552 ab
3264 1498 3426 1554 annis
3453 1500 3635 1557 infan-

1996 1585 2091 1641 tiae
2117 1590 2415 1657 paternam
2443 1588 2680 1658 protulit
2704 1590 3063 1661 potestatem,
3091 1591 3496 1664 obsequiorum
3526 1611 3631 1648 no-

1997 1684 2244 1734 strorum
2270 1680 2677 1736 famulantihus
2704 1682 2869 1753 votis,
2900 1687 2957 1738 et
2997 1684 3204 1739 celebri
3233 1687 3629 1756 sollemnitate,

1994 1773 2197 1829 fratres
2239 1774 2538 1844 carissimi,
2570 1791 2929 1846 veneremur,
2966 1777 3061 1848 pia
3100 1779 3486 1836 obsecratione
3526 1798 3631 1853 po-

1994 1872 2213 1923 scentes
2250 1872 2314 1922 ut
2346 1867 2445 1939 qui
2473 1872 2609 1923 tunc
2649 1886 2821 1941 aquas
2856 1870 2915 1924 in
2945 1872 3076 1925 vina
3105 1873 3364 1941 mutavit,
3387 1890 3538 1930 nunc
3568 1876 3632 1932 in

1994 1961 2331 2033 sanguinem
2358 1978 2526 2018 suum
2565 1963 2912 2019 oblationum
2955 1970 3280 2020 nostrarum
3320 1967 3450 2021 vina
3491 1984 3628 2023 con-

1992 2058 2191 2125 vertat,
2221 2059 2277 2109 et
2308 2056 2407 2127 qui
2449 2056 2572 2110 aliis
2607 2057 2960 2114 saturitatem
2990 2059 3133 2113 meri
3173 2060 3460 2130 potatione
3490 2079 3629 2117 con-

1993 2149 2174 2220 cessit,
2205 2166 2308 2204 nos
2336 2150 2640 2221 potationis
2674 2167 2789 2206 suae
2829 2151 3101 2208 libamine
3127 2157 3183 2208 et
3211 2154 3467 2210 Paracliti
3496 2155 3624 2227 Spi-

1991 2242 2134 2297 ritus
2176 2242 2457 2299 infusione
2499 2244 2829 2301 sanctificet.
2869 2247 2976 2300 Per
3014 2246 3318 2302 Dominum
3367 2251 3627 2305 nostrum

1989 2337 2179 2392 Iesum
2205 2337 2491 2393 Christum
2524 2337 2731 2394 Filium
2762 2356 2952 2411 suum,
2981 2341 3079 2412 qui
3106 2357 3299 2397 secum
3328 2341 3482 2400 vivit.

2541 2436 2791 2486 Collectio
2817 2436 3067 2501 sequitur.

2061 2516 2229 2586 Deus,
2262 2515 2360 2588 qui
2388 2515 2640 2572 miriﬁcis
2663 2517 2942 2573 virtutum
2967 2522 3199 2574 tuarum
3227 2517 3404 2592 signis
3434 2521 3628 2579 salutis

1988 2612 2199 2663 nostrae
2236 2610 2447 2665 indicia
2474 2610 2787 2682 declarasti,
2821 2612 2939 2683 qui,
2978 2612 3164 2685 magis
3192 2615 3349 2669 stella
3387 2616 3625 2687 praeful-

1990 2705 2158 2773 gente
2209 2703 2508 2775 degressis,
2564 2705 2798 2759 adorare
2843 2709 2899 2759 et
2936 2707 3251 2777 promereri
3306 2712 3362 2763 te
3409 2710 3626 2782 Regem

1987 2799 2267 2851 aeternum
2290 2797 2713 2869 Dominumque
2742 2800 3088 2870 perpetuum
3126 2799 3380 2870 mysticis
3415 2818 3622 2858 mune-

1984 2889 2142 2944 ribus
2184 2889 2517 2961 praestitisti,
2563 2891 2664 2963 qui
2709 2891 2770 2946 in
2821 2906 3054 2963 corpore
3106 2897 3298 2949 nostro
3344 2894 3623 2952 mirabilis

1984 2983 2254 3055 baptismi
2280 2990 2632 3040 sacramento
2660 2988 3026 3057 regeneratos
3057 3002 3126 3042 ex
3157 2987 3369 3060 Spiritu
3398 3006 3501 3044 nos
3528 2990 3625 3045 ab-

1982 3077 2091 3132 luis
2131 3079 2495 3149 renascendo,
2525 3081 2583 3133 et
2622 3078 2921 3135 ineffabilia
2961 3080 3231 3151 potentiae
3274 3083 3421 3137 dono
3454 3083 3622 3140 hodie

1982 3187 2155 3243 aquas
2181 3172 2240 3226 in
2266 3172 2398 3227 vina
2428 3173 2723 3244 mutando,
2762 3172 3050 3245 discipulis
3079 3174 3192 3229 tuis
3233 3179 3392 3232 tuam
3432 3178 3619 3233 mani-

1980 3265 2192 3321 festasti
2248 3264 2451 3339 209
2503 3266 2875 3338 divinitatem,
2930 3268 3133 3323 exaudi
3187 3286 3291 3324 nos
3340 3270 3621 3343 supplices

1980 3364 2109 3415 tuos
2135 3360 2206 3414 ob
2244 3360 2394 3415 diem
2440 3361 2831 3416 sacratissimze
2877 3362 3287 3434 sollemnitatis,
3318 3368 3375 3419 et
3415 3369 3620 3436 praesta

1978 3458 2062 3525 ut,
2080 3453 2258 3525 gloria
2271 3457 2369 3509 tua
2398 3454 2741 3523 inluminati,
2761 3455 2966 3510 saeculo
2992 3455 3327 3527 moriamur,
3346 3457 3453 3512 tibi
3473 3459 3615 3530 Regi

1980 3547 2200 3603 Christo
2241 3547 2512 3619 vivamus,
2555 3548 2806 3604 Salvator
2857 3547 3079 3620 mundi,
3110 3549 3213 3621 qui
3252 3567 3384 3605 cum
3428 3552 3611 3620 Patre,

1979 3645 2035 3697 et
2059 3640 2271 3713 Spiritu
2295 3645 2485 3697 sancto
2513 3640 2651 3697 vivis
2678 3645 2734 3697 et
2758 3657 2964 3714 regnas
2990 3642 3049 3698 in
3075 3643 3298 3698 saecula.

2466 3739 2717 3789 Collectio
2749 3742 2869 3804 post
2890 3738 3120 3790 nomina.

2050 3819 2268 3876 Auditis
2295 3819 2627 3876 nominibus
2664 3837 2729 3875 ac
2772 3820 3062 3876 desideriis
3104 3820 3467 3894 oﬂ‘erentum,
3505 3823 3616 3879 fra-

1976 3916 2090 3969 tres
2116 3914 2411 3986 carissimi,
2452 3914 2553 3970 Dei
2595 3916 2773 3970 Patris
2802 3915 3211 3987 omnipotentis
3250 3916 3613 3974 clementiam

1977 4008 2368 4080 deprecemur,
2396 4012 2462 4063 ut
2487 4008 2586 4081 qui
2609 4008 2778 4064 hodie
2806 4025 2910 4081 per
2937 4008 3145 4064 Filium
3171 4027 3342 4065 suum
3369 4011 3613 4068 miriﬁce

1976 4118 2140 4174 aquae
2178 4102 2426 4173 speciem
2466 4103 2638 4157 vertit
2664 4102 2725 4157 in
2763 4103 2981 4171 vinum,
3022 4103 3102 4158 ita
3144 4104 3404 4159 omnium
3438 4105 3613 4160 simul

1976 4195 2285 4252 oblationes
2302 4201 2359 4251 et
2384 4200 2516 4251 vota
2541 4201 2867 4252 convertere
2896 4197 3167 4269 dignetur
3189 4197 3250 4252 in
3274 4197 3611 4253 sacriﬁcium

1975 4289 2253 4360 divinum,
2272 4294 2328 4345 et
2349 4295 2579 4363 accepto
2605 4291 2776 4360 ferre,
2807 4294 2871 4345 ut
2895 4294 3124 4362 accepto
3153 4290 3281 4346 tulit
3307 4290 3446 4345 Abel
3467 4290 3612 4362 justi

1975 4383 2062 4439 sui
2099 4399 2338 4438 munera
2381 4389 2438 4438 et
2481 4384 2723 4439 Abrahae
2748 4384 3099 4447 ,Patriarchee
3144 4382 3232 4438 sui
3269 4382 3500 4438 hostias.
3543 4384 3612 4437 Et

1973 4494 2221 4549 quorum
2247 4476 2480 4531 nomina
2504 4477 2645 4532 texit
2668 4476 2921 4531 recitatio
2940 4476 3250 4547 prmmissa,
3278 4493 3475 4532 eorum
3496 4493 3611 4532 sor-

238 4578 404 4628 tuum
429 4572 651 4627 cunctis
680 4572 943 4644 gentibus
967 4572 1280 4642 declarasti,
1309 4573 1655 4630 hodiernum
1683 4576 1871 4631 decla-
1892 4568 1952 4639 D
1972 4575 2090 4626 tem
2129 4571 2279 4626 inter
2317 4570 2523 4625 electos
2555 4568 2755 4641 jubeat
2781 4568 3115 4641 adgregare.
3157 4572 3263 4625 Per
3302 4570 3607 4626 Dominum

238 4683 367 4722 rans
393 4666 567 4736 diem,
598 4666 660 4722 in
698 4682 830 4739 qua,
863 4666 935 4722 ad
972 4666 1319 4723 adorandam
1348 4667 1468 4724 veri
1492 4668 1661 4740 Regis
1686 4668 1872 4724 infan-

237 4759 398 4832 tiam,
427 4760 703 4816 excitatos
743 4761 813 4816 de
841 4760 1042 4816 mundi
1083 4761 1338 4832 partibus
1369 4761 1518 4817 viros
1547 4761 1752 4817 clarior
1779 4779 1871 4818 ce—

238 4855 373 4910 teris
406 4854 705 4924 sideribus,
740 4852 934 4928 208
975 4855 1134 4911 stella
1172 4855 1525 4927 perduceret,
1557 4860 1613 4911 et
1649 4855 1773 4911 caeli
1810 4873 1874 4911 ac

236 4951 400 5004 terrae
412 4947 744 5019 Dominum,
760 4948 821 5002 in
848 4950 1090 5005 salutem
1111 4948 1373 5004 omnium
1394 4949 1765 5021 corporaliter
1779 4966 1875 5005 na-

232 5045 379 5111 tum,
408 5041 604 5097 radius
628 5045 747 5097 tuae
771 5041 913 5097 lucis
939 5041 1280 5098 ostenderet.
1308 5043 1612 5114 Propterea
1630 5043 1875 5115 profusis

239 5136 456 5207 gaudiis
482 5139 639 5191 totus
674 5152 781 5208 per
808 5135 1006 5191 orbem
1030 5139 1318 5191 terrarum
1340 5136 1590 5191 mundus
1616 5137 1829 5193 exultat
1854 5156 1870 5193 :

236 5229 326 5283 sed
352 5235 409 5285 et
433 5245 701 5301 supernae
726 5229 1031 5285 concinunt
1046 5232 1353 5301 potestates
1371 5230 1654 5301 hymnum
1677 5230 1872 5302 gloriae

236 5327 366 5394 tuae,
396 5322 521 5378 sine
547 5322 661 5378 ﬁne
698 5323 947 5379 dicentes
980 5340 993 5378 :
1036 5323 1292 5393 Sanctus,
1333 5323 1584 5394 Sanctus,
1618 5324 1868 5380 Sanctus.

789 5418 1091 5471 Benedictio
1114 5420 1314 5485 populi.

298 5489 602 5569 Deus,'qui
615 5499 960 5568 praesentem
983 5495 1137 5551 diem
1155 5494 1232 5550 ita
1253 5495 1510 5568 dignaris
1533 5494 1789 5568 diligere,
1810 5501 1876 5552 ut

236 5604 365 5645 eum
387 5594 478 5646 tot
503 5589 743 5661 elegeris
762 5588 1050 5645 miraculis
1080 5588 1402 5644 inlustrare.
1431 5590 1635 5645 Amen.
1663 5590 1770 5655 Qui
1795 5590 1875 5646 di-

236 5688 439 5753 gnatus
493 5699 553 5739 es
605 5699 709 5755 pro
756 5682 936 5738 forma
989 5682 1222 5738 factum
1267 5681 1462 5738 salutis
1527 5686 1755 5754 nostrae,
1813 5683 1874 5739 in

233 5775 491 5833 Iordanis
518 5776 740 5833 fontem
767 5776 911 5832 Fons
937 5793 1103 5850 aquae
1122 5775 1263 5831 vivae
1283 5776 1640 5833 descendere.
1669 5778 1875 5834 Amen.

218 5864 295 5924 ἰιι
316 5886 431 5942 quo
468 5875 524 5927 te
568 5870 922 5928 adorandum
958 5870 1117 5929 stella
1154 5886 1349 5944 magos
1382 5870 1600 5947 docuit,
1629 5874 1686 5927 et
1710 5887 1873 5947 aqua

1973 4667 2236 4719 nostrum
2271 4664 2463 4718 Iesum
2504 4663 2794 4719 Christum
2828 4662 3039 4718 Filium
3075 4679 3265 4735 suum,
3297 4679 3490 4720 secum
3523 4663 3607 4719 vi-

1974 4761 2222 4823 ventem,
2255 4772 2591 4830 semperque
2617 4760 2974 4828 regnantem.

2498 4853 2749 4904 Collectio
2782 4854 2847 4904 ad
2873 4868 3078 4918 pacem.

2045 4934 2283 4989 Domine
2321 4933 2541 4990 Christe
2577 4936 2727 5004 Iesu,
2770 4934 2871 5006 qui
2909 4936 3201 5007 majestate
3237 4936 3496 4993 sublimis
3526 4954 3605 5009 es,

1974 5034 2030 5085 et
2068 5031 2343 5101 potestate
2372 5028 2667 5098 subnixus,
2709 5044 2841 5082 cum
2883 5028 2943 5099 _in
2985 5028 3193 5085 virtute
3227 5030 3406 5086 Patris
3444 5032 3607 5087 obse-

1973 5122 2167 5195 queris
2189 5121 2545 5194 jussionibus
2569 5122 2778 5193 Matris,
2809 5125 2876 5176 ut
2903 5125 2958 5177 et
2986 5121 3194 5178 Filium
3233 5124 3481 5181 hominis
3518 5143 3609 5182 os-

1972 5217 2233 5273 tenderes
2266 5215 2570 5289 obsequiis,
2600 5218 2657 5271 et
2686 5217 2868 5271 Deum
2906 5214 3223 5272 virtutibus
3246 5218 3608 5292 adprobares,

1974 5311 2071 5383 qui
2090 5312 2161 5367 ad
2181 5310 2440 5367 omnium
2460 5310 2720 5383 gentium
2738 5308 3084 5367 lavationem
3103 5312 3363 5369 Jordanis
3388 5315 3610 5371 alveum

1974 5404 2423 5461 sanctiﬁcaturus
2452 5403 2698 5476 intrasti,
2727 5408 2794 5460 ut
2835 5408 3065 5477 peccata
3098 5408 3293 5484 nostra
3328 5409 3614 5476 ablueres,

1976 5498 2458 5570 conscientiasque
2481 5514 2778 5570 purgares,
2810 5499 2973 5555 visita
3001 5499 3307 5556 Ecclesiam
3346 5507 3524 5571 tuam,
3554 5506 3611 5558 et

1972 5591 2183 5663 perfice
2213 5584 2658 5663 omnium‘vota;
2695 5609 2893 5665 pacem
2923 5593 3095 5649 etiam
3127 5610 3246 5649 non
3285 5594 3606 5666 petentibus

1972 5682 2198 5759 prmsta,
2232 5689 2295 5741 ut
2320 5686 2574 5743 osculum
2605 5687 2756 5760 quod
2774 5686 2835 5743 in
2859 5686 3025 5743 labiis
3050 5687 3236 5753 datur,
3259 5686 3320 5741 in
3345 5685 3607 5742 cordibus

1973 5795 2090 5833 non
2132 5783 2394 5852 negetur.
2426 5782 2585 5847 Quod
2608 5782 2731 5855 ipse
2754 5786 3021 5854 praestare
3046 5775 3317 5849 digneris,
3347 5779 3445 5849 qui
3472 5795 3604 5834 cum

1974 5874 2139 5930 Patre
2164 5876 2222 5929 et
2250 5873 2459 5949 Spiritu
2486 5880 2677 5932 sancto
2700 5874 2840 5931 vivis
2868 5878 2925 5928 et
2943 5884 3168 5941 regnas.
