4054 6188
411 283 522 350 243

1062 391 1396 444 Contestatio.

492 481 629 536 Vere
658 477 898 552 dignum
923 483 979 534 et
997 478 1217 550 justum
1247 483 1332 533 est
1357 492 1588 549 aequum
1617 482 1674 534 et
1691 478 1916 550 justum
1943 483 2047 550 est,

417 592 521 632 nos
557 575 661 632 tibi
701 590 926 645 semper
963 576 1020 628 et
1063 571 1276 643 ubique
1321 571 1530 642 gratias
1578 588 1768 643 agere,
1814 573 2053 628 Domine

422 675 632 739 sancte,
672 671 837 724 Pater
869 665 1248 737 omnipotens,
1279 669 1492 721 aeterne
1534 667 1698 722 Deus.
1745 667 1850 731 Qui
1887 667 2053 723 nobis

424 780 596 836 super
629 760 883 818 Iordanis
909 760 1133 815 alveum
1173 759 1241 814 de
1287 759 1434 814 caelis
1473 775 1667 815 vocem
1712 759 1770 815 in
1815 761 2051 816 modum

422 855 655 913 tonitrui
681 852 990 926 praebuisti,
1019 856 1085 908 ut
1109 852 1453 908 Salvatorem
1478 853 1667 908 saeculi
1697 853 2052 908 demonstra-

421 968 530 1019 res,
549 953 605 1003 et
629 949 855 1003 Patrem
881 946 1114 1002 luminis
1131 946 1327 1002 aeterni
1353 947 1704 1014 ostenderes;
1737 947 1901 1003 caelos
1927 963 2056 1019 ape-

421 1042 604 1110 ruisti,
623 1057 814 1096 aerem
833 1040 1189 1111 benedixisti,
1215 1040 1431 1096 fontem
1457 1041 1789 1112 puriﬁcasti,
1811 1046 1864 1096 et
1891 1045 2055 1096 tuum

422 1135 661 1192 Unicum
691 1150 794 1206 per
822 1133 1144 1189 columbam
1165 1133 1348 1188 sancti
1367 1133 1606 1205 Spiritus
1635 1133 2053 1191 demonstrasti.

421 1231 804 1301 Susceperunt
843 1229 1026 1283 fontes
1069 1226 1238 1282 hodie
1279 1227 1730 1282 benedictionem
1771 1231 1952 1298 tuam,
2000 1232 2058 1283 et

420 1325 676 1380 tulerunt
700 1321 1155 1376 maledictionem
1183 1326 1433 1376 nostram
1463 1339 1476 1376 :
1508 1321 1586 1376 ita
1605 1325 1670 1376 ut
1696 1321 2056 1377 credentibus

421 1415 876 1490 puriﬁcationem
919 1415 1178 1470 omnium
1231 1413 1568 1470 delictorum
1623 1414 1947 1486 exhibeant,
2001 1419 2059 1472 et

424 1512 539 1566 Deo
581 1509 725 1564 ﬁlios
769 1509 1158 1581 regenerando
1199 1507 1407 1562 faciant
1447 1507 1519 1563 ad
1553 1508 1724 1563 vitam
1759 1513 2053 1576 aeternam,

423 1620 565 1675 quos
593 1603 664 1658 ad
689 1603 1059 1674 temporalem
1081 1601 1253 1657 vitam
1275 1601 1512 1656 carnalis
1530 1601 1789 1658 nativitas
1810 1601 2053 1658 fuderat.

1218 282 1549 340 APPENDIX
1587 283 1676 338 AD
1711 282 1932 339 OPERA
1969 281 2200 341 SANCTI
2238 283 2537 342 GERMANI
2575 283 3002 343 PARISIENSIS.

3685 285 3793 343 244

2068 404 2130 478 Α
2147 395 2467 450 recurrenti
2502 399 2761 468 tempore
2803 393 3192 466 multiplicasti
3232 395 3430 450 Pastor
3465 391 3594 450 vina
3631 393 3798 467 prius

2148 489 2209 544 in
2236 487 2474 561 hydriis,
2507 489 2712 545 deinde
2729 489 2884 544 cibos
2905 489 2968 544 in
2995 488 3289 561 cophanis.
3315 491 3522 545 Amen.
3552 489 3795 546 Descen-

2151 583 2245 638 dat
2269 599 2302 637 a
2330 582 2556 638 sedibus
2583 583 2696 638 tuis
2736 599 2910 656 super
2935 583 3122 656 capita
3144 583 3496 639 famulorum
3523 587 3580 638 et
3600 583 3792 638 famu-

2149 677 2338 734 larum
2365 677 2597 732 tuarum
2625 676 2866 748 Spiritus
2891 681 3118 733 sanctus
3142 681 3274 733 tuus
3303 675 3418 745 ille,
3450 675 3550 748 qui
3575 676 3634 731 in
3662 679 3794 732 Jor-

2151 770 2318 840 dane,
2355 769 2680 842 baptizante
2719 771 2994 842 Johanne,
3023 770 3084 826 in
3123 771 3384 826 columba
3419 770 3800 842 corporaliter

2153 863 2303 918 visus
2341 865 2427 918 est
2467 863 2839 920 descendisse.
2868 869 3071 921 Amen.
3113 864 3291 937 Reple
3327 864 3549 920 animas
3589 881 3798 922 eorum

2152 958 2285 1013 vino
2301 956 2556 1029 justitiae,
2585 957 2682 1030 qui
2703 973 2963 1014 sermone
2991 962 3087 1014 tuo
3112 958 3282 1014 hodie
3308 975 3378 1014 ex
3404 975 3686 1031 aquarum
3713 975 3804 1014 sa-

2153 1067 2291 1125 pore
2329 1051 2584 1107 mutasti.
2633 1054 2834 1108 Amen.
2886 1053 3090 1108 Adesto
3140 1058 3252 1108 tuas
3292 1051 3446 1126 plebi
3498 1053 3801 1109 devotione

2157 1145 2344 1220 211
2399 1145 2673 1217 singulari
2717 1149 2772 1202 te
2819 1163 2974 1202 sacra
3013 1163 3119 1219 per
3159 1147 3431 1219 mysteria
3477 1131 3796 1203 veneranti.

2155 1245 2354 1296 Amen.
2401 1239 2654 1312 Porrige,
2706 1241 2920 1312 Pastor,
2965 1241 3222 1313 epulum,
3268 1257 3402 1312 quo,
3449 1240 3593 1296 victa
3642 1241 3800 1298 fame

2155 1333 2368 1405 saeculi,
2395 1333 2530 1389 cibis
2565 1334 2897 1390 aeternitatis
2921 1335 3130 1390 animm
3161 1335 3513 1407 saginentur.
3557 1335 3802 1390 lnfunde

2156 1428 2324 1482 etiam
2354 1443 2525 1500 super
2567 1443 2662 1484 eos
2687 1427 3025 1501 spiritalium
3053 1429 3201 1484 dona
3227 1429 3527 1498 virtutum,
3555 1433 3622 1484 ut
3649 1429 3802 1484 nihil

2156 1521 2216 1576 in
2245 1521 2324 1576 eis
2347 1521 2612 1576 inimicus
2639 1526 2738 1578 aut
2762 1521 3031 1578 violentia
3057 1522 3346 1594 subrepat,
3365 1526 3464 1576 aut
3485 1521 3684 1578 fraude
3707 1523 3804 1577 de-

2155 1615 2345 1686 cipiat.
2374 1618 2574 1670 Amen.
2604 1616 2713 1671 Sed
2744 1632 2847 1688 per
2873 1615 3039 1671 bonae
3066 1616 3507 1672 conversationis
3531 1632 3801 1688 perseve-

424 1698 566 1752 Nam
601 1712 742 1768 quos
778 1712 932 1751 mors
965 1712 1069 1766 per
1106 1695 1627 1767 praevaricationem
1667 1699 1913 1767 ceperat,
1954 1696 2058 1750 hos

2165 1707 2402 1763 rantiam
2427 1707 2486 1778 ii,
2515 1708 2615 1780 qui
2658 1709 2960 1781 adoptione
3001 1709 3184 1765 vocati
3220 1715 3354 1764 sunt
3393 1709 3663 1780 filiorum,
3705 1711 3801 1765 in-

425 1790 540 1846 vita
577 1794 786 1845 aeterna
824 1806 856 1842 a
900 1793 1081 1844 morte
1123 1788 1424 1861 recipiens,
1465 1788 1536 1844 ad
1579 1788 1847 1843 caelorum
1881 1805 2058 1860 regna

2165 1805 2308 1856 trare
2345 1802 2406 1857 in
2442 1802 2850 1874 possessionem
2889 1807 3219 1858 mereantur
3261 1803 3558 1859 heredum.
3589 1807 3802 1860 Amen.

426 1887 668 1940 revocat.
696 1882 848 1939 Unde
867 1877 1058 1938 debita
1087 1881 1432 1936 exultatione
1450 1898 1614 1937 voces
1634 1887 1852 1938 nostras
1864 1883 2058 1956 jungi-

425 1994 554 2032 mus
590 1975 1032 2032 confessionibus
1068 1975 1430 2048 angelorum,
1471 1975 1568 2047 qui
1611 1976 1848 2048 gloriam
1896 1980 2056 2032 tuam

427 2071 683 2126 mirabile
718 2074 1069 2125 sacramento
1093 2069 1368 2124 hodierna
1386 2069 1761 2125 sollemnitate
1780 2087 2056 2126 veneran-

424 2169 527 2235 tes,
561 2163 677 2238 21
693 2163 754 2238 ο
781 2179 885 2236 pro
911 2157 1265 2236 apparitione
1294 2165 1319 2217 J
1327 2179 1423 2218 esu
1450 2163 1656 2218 Christi
1687 2163 1910 2218 Domini
1933 2181 2059 2219 nos-

426 2258 520 2327 tri,
551 2263 608 2312 et
633 2275 736 2330 pro
761 2261 969 2312 nostra:
1003 2255 1306 2312 vocationis
1337 2256 1566 2311 exordio
1591 2256 1930 2312 sacrificium
1957 2257 2058 2312 tibi

426 2351 610 2406 laudis
637 2350 946 2420 offerimus,
975 2366 1078 2423 per
1103 2351 1291 2422 ipsum
1321 2349 1628 2406 Dominum
1648 2355 1930 2406 nostrum.
1954 2353 2061 2407 Per

426 2460 599 2517 quem
627 2443 976 2515 majestatem
1001 2447 1158 2499 tuam
1186 2444 1420 2500 laudant
1454 2444 1665 2516 angeli.

905 2553 1158 2606 Collectio
1187 2558 1307 2619 post.
1343 2555 1580 2604 Sanctus.

496 2639 634 2692 Vere
659 2640 905 2704 sanctus,
931 2651 1062 2692 vere
1087 2635 1418 2692 benedictus
1447 2635 1721 2691 Dominus
1751 2640 1942 2692 noster
1967 2637 2059 2692 Je-

426 2748 521 2786 sus
561 2729 820 2787 Christus
859 2729 1030 2785 Filius
1059 2733 1212 2798 tuus,
1246 2729 1345 2802 qui
1384 2729 1457 2784 ad
1499 2729 1788 2802 puerperii
1826 2730 2064 2786 caelestis

424 2824 723 2891 indicium,
752 2823 873 2879 hmo
900 2823 1071 2880 hodie
1108 2823 1350 2878 contulit
1385 2823 1603 2879 mundo
1639 2840 1758 2878 suae
1787 2823 2062 2879 miracula

428 2917 759 2990 maiestatis,
787 2921 854 2972 ut
875 2917 1222 2973 adorandam
1248 2917 1433 2988 magis
1462 2917 1782 2972 ostenderet
1808 2917 2059 2988 stellam;

429 3015 486 3067 et
512 3014 792 3066 transacto
819 3011 1092 3082 temporis
1125 3010 1438 3080 intervallo,
1471 3026 1646 3082 aquas
1679 3010 1740 3065 in
1771 3010 1902 3065 vino
1941 3028 2066 3066 mu-

426 3109 590 3174 taret,
618 3119 833 3176 suoque
856 3103 1192 3175 baptismate
1217 3103 1592 3158 sanctiﬁcaret
1623 3105 1837 3159 ﬂuenta
1865 3105 2062 3160 Jorda-

425 3197 535 3267 nis,
565 3153 998 3254 ίθειιδῖὶιπὶδῐῖιε
1027 3195 1301 3252 Dominus
1326 3201 1538 3253 noster.
1571 3197 1677 3264 Qui
1703 3197 1852 3270 prid.
1889 3215 2064 3271 quam
2084 3153 2140 3228 Ο

427 3296 667 3364 pateret.

1007 3362 1131 3412 Post
1161 3361 1484 3428 mysterium.

420 3434 426 3440 ’
499 3442 790 3501 Sacriﬁciis
836 3443 1233 3516 praesentibus,
1284 3443 1542 3513 Domine,
1579 3459 1930 3516 qumsumus,
1971 3445 2060 3500 in-

426 3538 594 3596 tende
623 3538 878 3612 placatus
906 3556 920 3594 :
963 3537 1174 3610 quibus
1205 3553 1320 3592 non
1352 3537 1475 3608 jam
1503 3537 1529 3567 ⁸
1568 3554 1794 3609 aurum,
1826 3538 1978 3606 thus,
2009 3543 2066 3594 et

427 3634 660 3705 myrrha
685 3631 994 3704 profertur,
1015 3632 1112 3686 sed
1144 3630 1337 3704 [quod]
1369 3631 1574 3688 iisdem
1600 3632 1936 3688 muneribus
1962 3632 2061 3688 de-

427 3728 692 3796 claratur,
721 3725 976 3794 offertur,
1021 3724 1370 3794 immolatur,
1415 3725 1678 3780 sumitur.
1723 3728 1828 3781 Per
1868 3726 2062 3781 Domi-

429 3835 570 3874 num
614 3813 871 3873 nostrum
916 3819 1106 3873 Iesum
1149 3817 1438 3873 Christum
1486 3819 1690 3873 Filium
1735 3825 1919 3890 tuum,
1961 3819 2063 3893 qui

429 3917 639 3982 tecum,
672 3915 728 3967 et
753 3927 884 3966 cum
911 3910 1123 3982 Spiritu
1151 3916 1342 3966 sancto
1369 3910 1444 3966 vi.

834 4013 964 4063 Ante
990 4011 1278 4062 orationem
1309 4010 1654 4063 Dominicam.

501 4103 621 4157 Non
658 4101 852 4155 nostro
903 4102 1336 4170 praesumentes,
1388 4097 1647 4169 Domine,
1687 4099 1912 4170 merito,
1965 4101 2063 4156 sed

430 4194 653 4251 Domini
681 4191 860 4249 nostri
901 4193 1032 4247 Jesu
1058 4191 1266 4248 Christi
1295 4191 1418 4247 Filii
1457 4192 1562 4260 tui,
1602 4209 1773 4264 quem
1800 4197 1865 4248 ut
1901 4210 2004 4250 nos
2029 4211 2063 4250 a

429 4288 676 4346 tenebris
701 4293 758 4344 et
783 4270 990 4343 umbra
1021 4285 1220 4342 mortis
1255 4285 1520 4342 liberaret
1545 4285 1768 4354 misisti,
1801 4287 2064 4343 obedien-

428 4389 512 4439 tes
541 4382 802 4455 imperio.
829 4381 1054 4453 lndigni
1069 4380 1301 4453 quidem
1320 4397 1517 4436 sumus
1536 4379 1766 4437 nomine
1791 4381 2058 4454 ﬁliorum,

428 4479 524 4534 scd
545 4477 821 4548 jubemur
847 4476 1032 4532 dicere
1060 4492 1074 4530 :
1106 4477 1270 4530 Pater
1294 4479 1504 4530 noster.

840 4579 962 4628 Post
984 4577 1274 4630 orationem
1299 4575 1645 4628 Dominicam.

498 4665 696 4722 Libera
721 4680 823 4720 nos
857 4681 891 4718 a
931 4663 1101 4735 malo,
1143 4662 1505 4736 omnipotens
1545 4666 1752 4719 eterne
1796 4664 1964 4734 Deus,
2006 4667 2064 4719 et

425 4760 717 4816 dominare
751 4763 816 4815 tu
851 4758 1050 4829 nostri,
1083 4757 1182 4830 qui
1218 4757 1418 4813 mortis
1445 4774 1480 4812 a
1505 4757 1665 4812 nobis
1691 4757 1942 4813 dominia
1967 4773 2059 4812 re-

423 4855 639 4929 pulisti,
704 4858 770 4910 ut
815 4857 912 4910 tua
955 4868 1202 4924 semper,
1257 4850 1519 4917 Domine,
1568 4851 1882 4923 cogitemus
1924 4868 2058 4906 cum

421 4949 708 5006 alacritate
734 4947 1020 5014 mandata,
1047 4962 1180 5001 cum
1205 4945 1410 5000 timore
1421 4943 1656 5015 judicia,
1680 4960 1810 5000 cum
1840 4945 2058 5000 exulta-

409 5044 576 5099 ’tione
603 5042 898 5115 promissa.
928 5043 1032 5097 Per
1058 5055 1191 5095 eum
1217 5038 1317 5111 qui
1337 5041 1524 5093 tecum
1551 5037 1706 5104 vivit,
1738 5037 2063 5094 dominatur

423 5144 479 5193 et
507 5141 710 5208 regnat
752 5137 900 5191 Deus
927 5134 987 5190 in
1016 5133 1233 5190 unitate
1261 5131 1506 5205 Spiritus
1541 5130 1718 5186 sancti
1754 5131 1813 5186 in
1857 5133 2062 5188 saecula

425 5229 788 5288 saeculorum.

973 5297 1278 5349 Benedictio
1317 5294 1516 5361 pOpuli.

494 5382 864 5454 Omnipotens
879 5379 1090 5436 Artifex
1101 5420 1116 5448 ,
1130 5378 1230 5451 qui
1251 5393 1401 5450 stepe
1413 5375 1872 5449 quamplurimis,
1891 5377 2060 5433 hodie

426 5483 618 5534 tamen
644 5473 965 5546 insignibus
991 5479 1046 5529 te
1071 5470 1368 5528 declarasti
1393 5469 1704 5526 miraculis.
1731 5472 1932 5526 Amen.
1949 5469 2060 5534 Qui

495 5621 520 5650 ⁸
560 5623 687 5677 11ωο
714 5618 914 5676 eadem
951 5614 1123 5670 verba
1154 5613 1215 5670 in
1255 5613 1507 5670 oratione
1537 5611 1759 5668 Secreta
1785 5627 1888 5684 pro
1923 5609 2056 5684 Epi-

423 5693 635 5766 phania
670 5692 728 5747 in
767 5687 976 5766 Ordine
1016 5686 1379 5758 Gregoriano.
1406 5684 1553 5766 Olim
1590 5685 1934 5766 Francoer
1974 5697 2061 5765 r_e-

427 5755 556 5838 ges,
565 5764 824 5838 exemplo
844 5755 1168 5838 magorum,
1191 5774 1418 5838 aurum,
1439 5755 1574 5838 thus
1597 5758 1655 5810 et
1677 5755 1974 5838 myrrham
1997 5755 2058 5838 in

423 5825 514 5891 die
534 5825 873 5908 Epiphania:
899 5825 975 5890 ad
1006 5825 1182 5889 altare
1219 5825 1550 5897 offerebant,
1591 5841 1661 5882 ex
1699 5825 1901 5897 Nangii
1937 5825 2059 5882 Gal-

2155 1897 2226 1950 llt
2249 1911 2380 1950 cum
2416 1895 2550 1950 hinc
2591 1896 2886 1952 transferri
2918 1896 3220 1968 migrando
3258 1897 3647 1970 praecipietur,
3687 1897 3809 1952 illic

2155 1988 2379 2044 admitti
2416 1989 2799 2060 permittatur,
2826 1991 2980 2046 unde
3009 1996 3064 2047 te
3107 1992 3290 2047 Deum
3327 1991 3580 2048 adoravit
3615 1991 3806 2063 magis

2157 2082 2503 2138 admiratum
2547 2083 2773 2159 adstaps
2825 2084 2980 2139 sidus
3029 2085 3328 2157 praesepio.
3382 2088 3583 2142 Amen.
3635 2084 3805 2150 Quod

2157 2177 2278 2248 ipse
2305 2181 2576 2249 prmstare
2612 2177 2884 2250 digneris,
2915 2177 3015 2251 qui
3047 2177 3109 2232 in
3144 2177 3414 2236 Trinitate
3447 2178 3698 2253 perfecta
3725 2177 3807 2232 vi-

2158 2270 2256 2339 vis,
2289 2269 2596 2326 dominaris
2623 2276 2680 2327 et
2705 2288 2931 2344 regnas.
2953 2274 3155 2327 Amen.

2707 2365 2828 2415 Post
2850 2363 3244 2416 Eucharistiam.

2233 2438 2486 2495 Divinam
2550 2440 3016 2512 misericordiam,
3068 2442 3270 2498 fratres
3311 2441 3608 2511 carissimi,
3657 2457 3799 2496 con-

2161 2533 2314 2590 cordi
2345 2534 2597 2590 oratione
2633 2551 2949 2607 poscamus,
2985 2535 3073 2592 uti
3115 2536 3238 2592 haec
3275 2537 3562 2594 salutifera
3597 2536 3798 2593 Sacra-

2162 2633 2356 2683 menta
2378 2629 2585 2684 nostris
2611 2634 2835 2701 recepta
2868 2631 3191 2702 pectoribus
3214 2630 3518 2703 puriﬂcent
3543 2630 3802 2687 animam

2162 2738 2480 2795 corpusque
2507 2723 2875 2794 sanctificent,
2906 2729 3076 2797 atque
3102 2725 3163 2780 in
3193 2741 3354 2798 spem
3378 2725 3691 2780 caelestium
3716 2725 3801 2780 vi-

2162 2831 2315 2872 scera
2333 2816 2546 2888 pariter
2559 2821 2616 2873 et
2633 2818 2802 2873 corda
2821 2817 3177 2876 conﬁrment.
3203 2819 3363 2886 Quod
3382 2819 3502 2893 ipse
3525 2824 3802 2892 praestare

2163 2908 2449 2982 dignetur,
2478 2911 2578 2983 qui
2605 2911 2738 2968 vivit
2765 2916 2822 2968 et
2849 2915 3074 2986 regnat.

2700 3000 2952 3051 Collectio
2985 3000 3234 3065 sequitur.

2237 3073 2492 3147 Respice,
2522 3075 2784 3146 Domine,
2825 3076 3105 3149 propitius
3140 3077 3212 3132 ad
3249 3076 3476 3148 plebem
3519 3081 3715 3149 tuam;
3745 3083 3804 3134 et

2164 3185 2336 3242 quam
2361 3168 2566 3224 divinis
2588 3170 2792 3226 tribuis
2815 3172 3104 3244 {proficere
3136 3171 3523 3240 sacramentis,
3561 3173 3633 3228 ab
3669 3189 3798 3228 om-

2161 3264 2330 3318 nibus
2356 3263 2580 3319 absolve
2607 3265 2872 3336 peccatis.
2912 3266 3020 3321 Per
3059 3265 3365 3321 Dominum
3403 3269 3664 3322 nostrum
3704 3268 3798 3324 Je-

2163 3374 2292 3413 sum
2318 3357 2609 3413 Christum
2635 3358 2842 3414 Filium
2867 3363 3054 3416 tuum.

2163 3452 2271 3507 XII.
2323 3467 2482 3508 MISSA
2529 3469 2583 3509 IN
2630 3469 3010 3510 ADSUMPTIONE
3043 3453 3073 3495 δ
3110 3471 3328 3512 suam
3375 3471 3554 3512 mula:
3602 3473 3804 3514 unus

2771 3541 2960 3582 DOMINI
3005 3541 3218 3584 NOSTRI.

2235 3612 2528 3668 Generosa:
2575 3611 2688 3669 diei
2725 3613 3026 3670 dominicae
3067 3615 3364 3672 Genitricis
3401 3616 3802 3688 inexplicabile

2163 3709 2597 3774 sacramentum,
2650 3711 2810 3763 tanto
2852 3709 3034 3781 magis
3073 3707 3470 3781 praeconabile,
3515 3717 3800 3783 quantum

2165 3801 2249 3854 est
2273 3799 2422 3855 inter
2453 3799 2716 3856 homines
2749 3801 3149 3874 Assumptione
3189 3803 3433 3876 Virginis
3458 3803 3754 3877 singulare
3786 3823 3801 3861 :

2162 3893 2314 3964 apud
2337 3909 2512 3966 quem
2545 3893 2675 3950 vitae
2699 3895 2997 3966 integritas
3033 3895 3281 3953 obtinuit
3306 3897 3528 3968 Filium,
3559 3902 3618 3954 et
3645 3915 3806 3954 mors

2163 4003 2278 4042 non
2319 3986 2536 4043 invenit
2573 4003 2677 4059 par
2724 3989 3055 4061 exemplum
3091 4007 3105 4044 :
3145 4005 3250 4045 nec
3299 3991 3490 4046 minus
3528 3991 3806 4064 ingerens

2163 4085 2453 4152 stuporem
2499 4081 2570 4137 de
2615 4081 2875 4150 transitu,
2930 4098 3106 4154 quam
3157 4084 3568 4141 exultationem
3611 4085 3806 4142 ferens

2162 4173 2330 4229 unico
2349 4174 2510 4230 beata
2537 4176 2606 4231 de
2644 4181 2831 4248 partu.
2863 4177 2985 4232 Non
3014 4177 3199 4232 solum
3229 4178 3506 4234 mirabilis
3533 4179 3800 4251 pignore,

2162 4267 2317 4339 quod
2361 4268 2469 4323 fide
2503 4271 2789 4342 concepit;
2837 4270 2934 4325 sed
2979 4270 3352 4326 translatione
3395 4272 3802 4344 praedicabilis,

2161 4377 2275 4433 qua
2299 4362 2584 4434 migravit.
2626 4362 2864 4434 Speciali
2888 4364 3160 4436 tripudio,
3200 4364 3405 4421 affectu
3428 4365 3798 4436 multimodo,

2161 4455 2313 4510 fideli
2336 4460 2483 4526 voto,
2509 4457 2710 4512 fratres
2735 4457 3103 4528 dilectissimi,
3121 4459 3288 4514 corde
3312 4458 3686 4531 deprecemur
3705 4465 3799 4532 _at-

2080 4532 2140 4604 D
2163 4553 2340 4619 tento,
2368 4553 2434 4604 ut
2473 4549 2594 4620 ejus
2626 4550 2803 4622 adjuti
2844 4550 3176 4606 muniamur
3211 4551 3504 4624 suffragio,
3533 4569 3665 4626 qua:
3703 4554 3805 4608 fce-

2161 4642 2344 4697 cunda
2372 4642 2558 4714 Virgo,
2592 4643 2753 4699 beata
2788 4644 2857 4700 de
2883 4649 3071 4716 partu,
3103 4645 3253 4700 clara
3283 4644 3352 4701 de
3395 4646 3620 4715 merito,
3661 4645 3802 4702 felix

2159 4735 2500 4807 prmdicatur
2542 4737 2803 4793 abscessu
2860 4755 2874 4793 :
2932 4738 3289 4794 obsecrantes
3345 4739 3798 4797 misericordiam

2159 4829 2550 4902 Redemptoris
2587 4831 2785 4901 nostri,
2813 4835 2879 4886 ut
2917 4831 3376 4888 circumstantem
3412 4833 3638 4905 plebem
3663 4835 3805 4892 illuc

2159 4923 2426 4995 dignetur
2461 4924 2840 4995 introducere,
2869 4941 2983 4997 quo
3007 4925 3232 4982 beatam
3259 4929 3504 4983 matrem
3539 4927 3802 4998 Mariam,

2159 5017 2565 5073 famulantibus
2590 5018 2876 5090 apostolis,
2903 5020 3192 5076 transtulit
3219 5019 3289 5075 ad
3316 5021 3614 5076 honorem.
3637 5023 3802 5086 Quod

2158 5111 2278 5182 ipse
2316 5113 2585 5183 praestare
2611 5111 2899 5184 dignetur,
2946 5113 3045 5186 qui
3085 5129 3217 5168 cum
3260 5115 3448 5183 Patre,
3489 5117 3546 5170 et
3583 5114 3806 5187 Spiritu

2158 5209 2350 5260 sancto
2375 5203 2490 5278 21
2507 5203 2568 5278 2
2593 5198 2728 5261 vivit
2751 5210 2808 5262 et
2831 5211 3035 5278 regnat
3059 5208 3207 5262 Deus
3229 5206 3290 5262 in
3316 5207 3505 5263 saecul.

2699 5298 2951 5350 Collectio
2977 5299 3229 5365 sequitur.

2227 5374 2396 5442 Deus,
2418 5374 2519 5448 qui
2537 5375 2676 5430 dum
2707 5391 2853 5447 opus
2868 5375 3010 5432 illud
3034 5376 3266 5432 fabricae
3289 5377 3622 5447 mundialis,
3640 5381 3803 5450 quod

2155 5465 2274 5522 sola
2297 5467 2524 5540 imperii
2554 5468 2810 5540 jussione
2837 5483 3146 5542 creaveras,
3186 5469 3375 5544 perire
3401 5485 3518 5528 non
3555 5472 3800 5545 pateris,

2156 5608 2263 5664 lico
2289 5610 2700 5680 continuatore,
2727 5612 2801 5668 ad
2825 5628 3042 5668 annum
3071 5615 3227 5670 1578.

2225 5681 2254 5721 δ
2271 5683 2698 5759 Assumptionis
2735 5684 2916 5759 beatae
2959 5685 3142 5759 Mariae
3170 5686 3378 5759 festum
3415 5686 3568 5759 apud
3605 5687 3805 5759 Gallos

2155 5752 2598 5832 seuFrancosin
2620 5755 2886 5810 Januario
2913 5755 3204 5832 quondam
3225 5752 3576 5814 celebratum
3594 5757 3800 5832 fuisse,

2155 5823 2404 5881 diximus
2430 5825 2489 5882 in
2516 5825 2614 5884 lib.
2641 5842 2701 5899 ιι,
2731 5843 2894 5883 num.
2923 5823 3012 5884 22.
