4054 6188
252 287 352 343 212i

1333 280 1421 341 DE
1457 279 1770 338 LlTUBGlA
1805 282 2178 343 GALLICANA
2215 285 2414 342 LIBER
2451 283 2540 342 lll.

3504 277 3608 344 246

247 395 477 451 domum
487 387 592 447 tibi
611 385 674 446 in
688 385 881 446 alvum
893 385 1142 460 Virginis
1160 387 1470 461 fabricasti,
1485 391 1544 446 et
1562 407 1635 446 ne
1655 387 1873 464 periret
1890 402 1950 480 Α
1971 393 2338 454 [edictionem
2365 391 2425 453 in
2439 393 2637 450 dolore
2659 397 2915 467 generat,
2937 391 3049 450 ista
3060 387 3528 450 benedictionem
3546 389 3610 449 in

247 504 377 562 gens
400 504 436 542 a
454 488 512 542 te
531 487 838 558 plasmata,
861 486 1127 544 revelasti
1151 485 1374 542 saeculis
1389 484 1652 541 inaudita
1662 489 1873 558 myste-

246 583 340 651 ria,
369 583 454 650 ut,
483 597 661 654 quem
694 582 965 637 caelorum
999 583 1221 638 excelsa
1241 597 1360 636 non
1385 561 1650 652 capiunt;
1661 597 1872 652 parvus

247 676 502 751 puellulae
541 677 700 730 alvus
741 674 1088 745 includeret,
1125 691 1436 747 precamur
1473 675 1774 746 supplices,
1809 678 1874 730 ut

243 772 305 826 de
330 769 559 843 quibus,
587 773 647 824 et
672 786 779 841 pro
801 769 1008 842 quibus
1033 769 1330 841 suscepisti
1362 769 1629 824 membra
1654 772 1874 825 morta-

243 865 326 932 lia,
355 863 754 918 intercedente
784 863 956 920 beata
990 862 1166 920 Maria
1195 861 1473 935 genitrice
1516 866 1633 932 tua,
1664 879 1871 935 capere

243 957 425 1025 facias,
469 956 690 1013 devicta
729 956 920 1013 saeculi
959 957 1298 1025 ambitione,
1327 956 1647 1026 victoriam,
1675 957 1872 1012 Salva-

243 1057 323 1108 tor
349 1051 578 1119 mundi,
611 1051 709 1123 qui
748 1069 882 1108 cum
927 1055 1144 1108 aeterno
1182 1054 1350 1107 Patre
1384 1050 1522 1106 vivis
1563 1054 1622 1105 et
1663 1067 1872 1123 regnas

239 1148 377 1202 Deus
403 1145 466 1202 in
497 1145 720 1200 unitate
750 1145 996 1218 Spiritus
1021 1146 1204 1202 sancti
1234 1147 1385 1202 Deus
1412 1145 1471 1200 in
1497 1145 1689 1200 saecul.

711 1234 964 1284 Collectio
992 1238 1110 1299 post
1140 1235 1373 1285 nomina.

304 1305 702 1362 Habitatorem
737 1305 1030 1377 virginalis
1079 1305 1331 1377 hospitii,
1377 1305 1666 1376 Sponsum
1718 1303 1872 1358 beati

241 1399 494 1466 thalami,
528 1399 845 1455 Dominum
873 1399 1249 1467 tabernaculi,
1278 1415 1481 1470 regem
1522 1397 1747 1469 templi,
1776 1397 1872 1469 qui

239 1511 360 1550 eam
387 1493 788 1548 innocentiam
812 1491 1056 1548 contulit
1081 1491 1374 1559 Genitrici,
1403 1509 1518 1564 qua
1535 1491 1876 1563 dignaretur

237 1589 532 1644 incarnata
546 1587 738 1642 Deitas
760 1587 1208 1659 generari;qua3
1237 1585 1378 1640 nihil
1406 1586 1595 1642 szecnli
1625 1583 1872 1654 conscia,

239 1683 453 1737 tantum
478 1681 744 1754 precibus
792 1697 959 1736 mens
989 1683 1230 1749 attenta,
1261 1679 1450 1734 tenuit
1473 1679 1785 1751 puritatem
1816 1677 1874 1733 in

1971 491 2154 546 salute
2187 488 2512 544 conﬁrmat.
2551 488 2703 544 Illius
2733 489 2976 562 perﬁdia
3009 486 3265 560 serpenti
3299 484 3608 556 consensit,

1971 585 2279 657 conjugem
2299 583 2540 654 decepit,
2557 585 2780 654 prolem
2803 582 3128 651 damnavit;
3153 581 3322 652 hujus
3342 579 3614 636 obedien-

1971 679 2052 735 tia
2075 681 2308 734 Patrem
2334 677 2676 744 conciliavit,
2719 677 2921 732 Filium
2952 677 3182 744 meruit,
3211 675 3612 748 posteritatem

1973 773 2233 829 absolvit.
2269 773 2369 827 Illa
2410 771 2720 827 amaritudi
2767 787 2862 825 em
2896 769 3057 842 pomi
3088 785 3255 824 succo
3305 769 3610 841 propinat;

1972 867 2081 923 ista
2112 884 2430 940 perennem
2461 865 2829 921 dulcedinem
2853 863 2982 918 Nati
3016 863 3176 918 fonte
3213 861 3476 917 desudat.
3514 863 3616 918 Illa

1973 962 2181 1017 acerbo
2209 965 2378 1034 gustu
2419 962 2692 1016 natorum
2731 958 2933 1012 dentes
2976 955 3286 1022 deterruit;
3321 956 3442 1010 haec
3483 971 3614 1010 sua-

1971 1056 2184 1112 vissimi
2228 1055 2394 1127 panis
2441 1051 2764 1110 blandienti
2800 1051 2926 1106 cibo
2967 1049 3255 1117 formavit,
3299 1049 3389 1104 cui
3427 1050 3616 1103 nullus

1973 1150 2217 1222 deperit,
2241 1149 2350 1204 nisi
2377 1149 2471 1221 qui
2500 1148 2570 1204 de
2600 1148 2708 1201 hoc
2727 1161 2878 1218 pane
2906 1144 3344 1214 saturaritfauce
3372 1142 3610 1228 fastidit.

1973 1245 2087 1301 Sed
2109 1245 2234 1315 jam
2263 1245 2488 1298 veteres
2519 1240 2768 1313 gemitus
2793 1239 2850 1294 in
2881 1237 3096 1309 gaudia
3120 1253 3270 1292 nova
3298 1239 3612 1292 vertamus.

1971 1339 2058 1393 Ad
2091 1341 2149 1392 te
2189 1354 2327 1410 ergo
2363 1335 2724 1402 revertimur,
2759 1333 2932 1404 Virgo
2971 1333 3127 1400 foeta,
3160 1331 3337 1387 Mater
3379 1330 3615 1398 intacta,

1973 1431 2234 1486 nesciens
2258 1431 2442 1486 virum
2473 1445 2777 1502 puerpera,
2801 1428 3088 1482 honorata
3109 1441 3213 1496 per
3238 1422 3462 1492 Filium,
3495 1439 3614 1478 non

1973 1527 2210 1598 polluta.
2235 1525 2406 1590 Felix,
2435 1540 2538 1594 per
2558 1537 2735 1594 quam
2766 1519 2930 1575 nobis
2951 1519 3244 1591 insperata
3267 1516 3479 1589 gaudia
3501 1532 3619 1570 suc-

1974 1621 2282 1675 cesserant.
2314 1618 2486 1688 Cujus
2527 1616 2672 1670 sicut
2703 1613 2974 1687 gratulati
3013 1629 3210 1667 sumus
3256 1615 3406 1678 ortu,
3433 1609 3616 1681 tripu-

1975 1713 2256 1769 diavimus
2281 1714 2468 1784 partu,
2491 1710 2571 1765 ita
2598 1709 2988 1782 gloriﬁcamur
3011 1707 3070 1760 in
3109 1703 3374 1760 transitu.
3409 1705 3620 1759 Parum

239 1777 510 1873 “doubus’
535 1791 710 1847 quam
724 1774 1267 1873 Percepgljatangedl
1287 1773 1949 1873 bened‘ct‘Onﬁ‘ﬁ‘sFe'B
1974 1809 2215 1864 fortasse
2239 1807 2448 1873 fuerat,
2476 1805 2522 1860 si
2551 1807 2608 1858 te
2636 1802 2892 1859 Christus
2928 1801 3050 1854 solo
3079 1797 3489 1854 sanctificasset
3530 1795 3618 1851 in-

237 1869 378 1924 ribus
401 1887 416 1936 ;
447 1885 554 1924 nec
581 1885 686 1941 per
710 1867 1180 1940 Assumptionem
1203 1868 1274 1923 de
1303 1871 1492 1922 morte
1523 1867 1702 1922 sensit
1722 1866 1870 1921 inlu-

236 1964 395 2030 viem,
414 1979 549 2035 quae
560 1963 689 2018 vitae
702 1961 950 2034 portavit
967 1963 1278 2017 Auctorem
1294 1979 1308 2030 ;
1331 1961 1541 2016 fratres
1571 1960 1872 2030 carissimi,

237 2057 360 2114 fusis
391 2056 664 2130 precibus
683 2055 992 2112 Dominum
1015 2055 1417 2127 imploremus,
1443 2058 1505 2110 ut
1536 2055 1658 2125 ejus
1685 2053 1871 2108 indul-

240 2152 430 2224 gentia
447 2152 583 2207 illuc
605 2150 860 2206 defuncti
885 2149 1206 2205 liberentur
1227 2166 1260 2204 a
1280 2151 1518 2217 tartaro,
1544 2163 1658 2220 quo
1687 2148 1875 2203 beatae

237 2245 476 2318 Virginis
505 2246 850 2300 translatum
883 2252 1133 2316 corpusll|
1167 2241 1254 2297 est
1283 2242 1354 2297 de
1389 2241 1670 2314 sepulcro.
1710 2241 1874 2306 Quod

237 2340 342 2413 ipse
373 2343 656 2414 praestare
686 2339 977 2410 dignetur,
1002 2337 1098 2410 qui
1125 2337 1185 2392 in
1213 2336 1468 2392 trinitate
1496 2335 1756 2408 perfecta
1798 2333 1871 2390 vi.

760 2427 1012 2478 Collectio
1048 2427 1112 2477 ad
1140 2439 1344 2490 pacem.

303 2503 455 2556 Deus
479 2499 817 2555 universalis
843 2498 1127 2555 machinae
1157 2500 1528 2570 propagator,
1553 2496 1652 2569 qui
1672 2495 1732 2551 in
1750 2512 1878 2552 san-

240 2595 331 2650 ctis
358 2593 720 2666 spiritaliter,
746 2593 807 2649 in
833 2593 1008 2648 Matre
1033 2609 1168 2648 vero
1194 2591 1427 2662 Virgine
1459 2591 1635 2646 etiam
1670 2605 1872 2661 corpo-

241 2689 431 2744 raliter
452 2687 755 2756 habitasti;
795 2703 926 2758 quae
953 2687 1135 2742 ditata
1158 2689 1272 2740 tuas
1301 2683 1679 2757 plenitudinis
1711 2683 1878 2738 uber-

241 2787 365 2850 tate,
407 2781 853 2836 mansuetudine
899 2780 1134 2848 ﬂorens,
1178 2779 1419 2834 caritate
1461 2777 1682 2850 vigens,
1719 2793 1874 2848 .pace

242 2877 516 2948 gaudens,
537 2874 753 2947 pietate
770 2875 1124 2946 praecellens,
1150 2873 1222 2928 ab
1241 2873 1452 2944 angelo
1475 2871 1661 2943 gratia
1680 2871 1872 2943 plena,

241 2971 304 3024 ab
323 2969 620 3025 Elisabeth
638 2967 964 3036 benedicta,
985 2985 1020 3023 a
1052 2967 1330 3024 Gentibus
1356 2965 1567 3021 merito
1593 2965 1872 3037 praedica-

243 3069 324 3119 tur
341 3064 548 3129 beata;
577 3062 737 3134 cujus
765 3061 930 3118 nobis
954 3061 1098 3116 ﬁdes
1122 3059 1485 3132 mysterium,
1512 3061 1709 3131 partus
1733 3075 1874 3131 gau-

1975 1901 2170 1970 troitu,
2190 1900 2296 1956 nisi
2315 1899 2491 1954 etiam
2505 1898 2682 1952 talem
2695 1897 2945 1950 matrem
2969 1892 3338 1948 adornassset
3363 1905 3616 1960 egressu.

1977 1997 2146 2050 Recte
2189 1994 2262 2048 ab
2293 1993 2412 2064 ipse
2453 1993 2716 2061 suscepta
2740 2005 2802 2042 es
2826 1988 2886 2042 in
2909 1983 3314 2056 Assumptione
3354 1982 3616 2051 feliciter,

1977 2105 2149 2160 quem
2180 2087 2274 2158 pie
2309 2083 2606 2157 suscepisti
2645 2084 2998 2152 conceptura
3024 2095 3129 2150 per
3157 2078 3360 2146 ﬁdem,
3393 2080 3458 2132 ut
3491 2093 3620 2148 quas

1976 2186 2145 2237 terra;
2170 2197 2288 2236 non
2311 2195 2439 2234 eras
2468 2176 2718 2244 conscia,
2751 2190 2868 2230 non
2903 2177 3132 2229 teneret
3165 2189 3340 2244 rupes
3377 2171 3616 2226 inclusa.

1975 2277 2119 2331 Vere
2151 2273 2387 2330 diversis
2416 2271 2613 2326 infulis
2640 2269 2838 2325 anima
2867 2268 3174 2339 redempta
3207 2283 3220 2321 :
3248 2265 3339 2320 cui
3375 2263 3621 2336 apostoli

1975 2385 2203 2424 sacrum
2223 2367 2477 2422 reddunt
2495 2364 2858 2435 obsequium,
2877 2361 3070 2433 angeli
3090 2363 3348 2427 cantum,
3365 2357 3621 2415 Christus

1975 2464 2324 2535 amplexum,
2349 2459 2519 2532 nubis
2536 2458 2885 2524 vehiculum,
2915 2454 3230 2528 assumptio
3259 2451 3616 2525 paradisum,

1973 2558 2128 2612 inter
2180 2557 2386 2611 choros
2427 2553 2720 2624 virginum
2790 2550 2975 2622 gloria
3035 2548 3457 2620 principatum,
3515 2561 3622 2616 per

1976 2649 2264 2708 Christum
2312 2646 2622 2702 Dominum
2675 2647 2959 2699 nostrum.
3013 2641 3116 2698 Cui
3168 2640 3378 2713 Angeli
3443 2642 3619 2710 atque

1926 2769 1932 2775 ~
1974 2741 2323 2814 Archangeli
2350 2757 2468 2795 non
2500 2754 2642 2794 cess.

2469 2825 2718 2880 Collectio
2743 2827 2862 2890 post
2884 2825 3122 2874 Sanctus.

2043 2907 2188 2960 Vere
2215 2903 2464 2969 sanctus,
2492 2915 2625 2954 vere
2655 2897 2938 2970 gloriosus
2965 2892 3310 2966 Unigenitus
3340 2895 3470 2948 tuus
3505 2893 3618 2948 Do-

1976 3000 2168 3056 minus
2201 2999 2398 3052 noster
2419 2996 2580 3050 Jesus
2607 2992 2883 3058 Christus,
2916 2989 3012 3062 qui
3039 3005 3171 3044 cum
3201 2988 3270 3044 de
3295 3003 3418 3055 suo,
3446 2984 3616 3041 Geni-

1976 3094 2088 3151 tori
2127 3095 2277 3148 esset
2319 3089 2574 3162 aequalis,
2605 3087 2678 3142 de
2723 3089 2920 3142 nostro
2965 3083 3150 3138 factus
3191 3083 3279 3137 est
3315 3080 3510 3136 minor
3543 3079 3616 3134 ab

242 3157 414 3224 dium,
439 3157 554 3212 vita
575 3155 1228 3260 provectum,ldiscessus
1242 3153 1433 3257 attulit
1451 3153 1560 3260 hop
1581 3151 1873 3260 festivum;
1898 3153 1954 3228 ρ
1981 3186 2222 3260 angens,
2274 3187 2333 3240 et
2377 3151 2444 3239 ἐι
2489 3151 2657 3238 Pa'tre
2705 3179 2928 3236 habens
2971 3175 3493 3240 immortalitatem,
3552 3189 3621 3228 ex

241 3267 544 3323 precamur
567 3249 871 3321 supplices,
894 3253 957 3304 ut
983 3265 1206 3322 pacem,
1234 3264 1362 3320 qua}
1391 3247 1450 3301 in
1473 3245 1878 3318 adsumptione

240 3344 422 3400 Matris
483 3347 620 3398 tunc
656 3342 956 3415 praebuisti
1004 3341 1313 3414 discipulis,
1363 3341 1658 3397 solemnib
1697 3355 1882 3412 nuper

244 3437 504 3510 largiaris
576 3436 636 3492 in
703 3437 939 3505 cunctis,
991 3437 1251 3492 Salvator
1311 3434 1534 3504 mundi,
1591 3433 1688 3507 qui
1749 3450 1880 3490 cum

245 3533 426 3594 Patre,
458 3534 521 3586 et
547 3529 762 3603 Spiritu
789 3532 986 3586 sancto
1016 3529 1174 3585 vivis.

889 3618 1222 3670 Contestatio.

310 3693 559 3765 Dignum
586 3695 645 3747 et
658 3691 878 3764 justum
907 3695 1010 3759 est,
1043 3690 1412 3763 omnipotens
1442 3690 1611 3756 Deus,
1641 3703 1746 3742 nos
1779 3684 1880 3741 tibi

246 3803 482 3859 magnas
505 3787 711 3842 merito
734 3785 948 3858 gratias
972 3802 1166 3857 agere,
1189 3789 1453 3855 tempore
1481 3779 1878 3848 celeberrimo,

245 3880 330 3935 die
349 3897 472 3952 prae
491 3879 697 3935 ceteris
717 3879 1081 3935 honorando.
1109 3879 1232 3943 Quo
1254 3876 1439 3932 ﬁdelis
1459 3875 1672 3930 Israhel
1693 3890 1882 3945 egres-

244 3991 330 4028 sus
353 3977 441 4029 est
460 3974 533 4028 de
549 3975 816 4046 Egypto,
842 3990 954 4045 quo
973 3973 1145 4043 Virgo
1169 3971 1269 4026 Dei
1290 3969 1544 4026 Genitrix
1565 3969 1636 4024 de
1660 3967 1879 4023 mundo

245 4067 506 4140 migravit
521 4067 596 4123 ad
612 4067 920 4124 Christum.
945 4067 1082 4131 Quae
1099 4082 1206 4120 nec
1219 4065 1289 4120 de
1308 4063 1677 4136 corruptione
1699 4077 1881 4116 susce-

246 4160 324 4232 pit
351 4160 710 4234 contagium,
741 4159 938 4235 213
969 4176 1076 4215 nec
1115 4158 1528 4214 resolutionem
1557 4155 1791 4228 pertulit
1821 4153 1878 4209 in

245 4257 534 4327 sepulcro;
567 4255 884 4326 pollutione
920 4253 1120 4322 libera,
1165 4251 1427 4324 germine
1469 4249 1740 4322 gloriosa,
1789 4264 1877 4304 as-

246 4349 569 4422 sumptione
610 4365 812 4404 secura
837 4347 1104 4419 paradiso
1143 4345 1278 4401 dote
1311 4346 1578 4416 prmlata;
1621 4341 1881 4397 nesciens

245 4443 457 4498 damna
479 4443 551 4498 de
572 4442 746 4510 coitu,
769 4436 1005 4496 sumens
1025 4443 1158 4494 vota
1178 4439 1249 4494 de
1271 4440 1488 4504 fructu;
1515 4453 1631 4492 non
1653 4433 1882 4491 subdita

1977 3283 2153 3339 Matre
2179 3279 2336 3352 quod
2367 3278 2694 3333 moreretur
2713 3271 3053 3345 adsumpsit,
3084 3273 3148 3325 ut
3169 3269 3228 3324 in
3259 3285 3318 3323 se
3348 3267 3622 3323 liberaret

1979 3392 2164 3448 genus
2196 3375 2520 3430 humanum
2547 3370 2619 3425 de
2647 3371 2886 3435 tartaro,
2921 3367 3060 3421 dum
3096 3363 3284 3436 ipsum
3313 3377 3470 3415 mors
3501 3375 3618 3414 non

1980 3467 2240 3526 tenuitin
2261 3466 2543 3538 sepulcro.
2569 3461 2685 3536 21
2701 3462 2762 3534 4
2785 3464 2906 3533 Ipse
2929 3457 3086 3513 enim
3112 3455 3260 3528 prid.
3291 3469 3468 3526 quam
3497 3454 3616 3524 pat.

2565 3557 2692 3606 Post
2716 3551 3044 3618 mysterium.

2050 3631 2391 3698 Descendat,
2434 3627 2698 3693 Domine,
2747 3616 2807 3680 in
2844 3622 2933 3678 his
2977 3617 3268 3676 sacriﬁciis
3306 3619 3419 3672 tuae
3447 3616 3622 3672 bene-

1981 3725 2246 3783 dictionis
2286 3727 2606 3780 coasternus
2637 3723 2694 3775 et
2725 3718 3066 3790 cooperator
3097 3711 3409 3770 Paraclitus
3443 3709 3621 3784 Spiri-

1980 3825 2090 3889 tus,
2134 3823 2198 3876 ut
2233 3817 2588 3876 oblationem
2616 3830 2792 3886 quam
2828 3811 2932 3866 tibi
2959 3809 3031 3864 de
3064 3811 3166 3863 tua
3201 3809 3354 3861 terra
3380 3803 3620 3860 fructifi-

1980 3919 2147 3970 cante
2205 3911 2600 3985 porregimus,
2653 3905 2906 3963 cmlestic
2969 3897 3508 3975 permuneratione,
3567 3902 3622 3953 te

1979 4008 2391 4074 sanctiﬁcante,
2405 4020 2722 4070 sumamus,
2736 4004 2800 4055 ut
2811 3998 3090 4054 translata
3103 3997 3270 4067 fruge
3283 3993 3340 4048 in
3357 4007 3620 4064 corpore,

1979 4103 2154 4158 calice
2187 4102 2247 4158 in
2285 4115 2508 4166 cruore,
2542 4093 2810 4169 proﬁciat
2837 4091 3080 4159 meritis,
3114 4088 3270 4161 quod
3312 4085 3622 4142 obtulimus

1978 4214 2083 4268 pro
2114 4195 2354 4251 delictis.
2392 4195 2608 4248 Praesta
2644 4189 3016 4261 omnipotens
3043 4185 3212 4252 Deus,
3251 4179 3348 4253 qui
3385 4177 3523 4234 vivis
3561 4180 3622 4232 et

1979 4307 2193 4362 regnas
2219 4289 2280 4344 in
2312 4287 2538 4341 saecula.

2389 4381 2522 4430 Ante
2547 4375 2836 4426 orationem
2861 4367 3206 4421 Dominicam.

2055 4451 2286 4519 Exaudi,
2319 4450 2688 4521 omnipotens
2715 4448 2930 4500 aeterne
2959 4443 3108 4496 Deus
3143 4435 3459 4510 supplicem
3499 4436 3620 4508 ple-

247 4535 412 4592 d0101'
415 4537 430 4591 ί
461 4553 570 4608 Per
599 4539 854 4608 Partum:
888 4551 1004 4590 n0“
1038 4532 1224 4589 labori
1267 4549 1374 4605 Per
1414 4530 1741 4596 ῖΓθΠδίῘυιῐην
1775 4527 2115 4604 necDbem
2158 4550 2318 4601 tuam
2365 4543 2438 4599 ob
2482 4543 2766 4597 honorem
2825 4533 3015 4593 Mariaa
3057 4530 3405 4589 beatissimus
3460 4528 3620 4602 geni-

247 4629 361 4684 vita
387 4630 704 4698 voluntate,
729 4645 837 4684 nec
864 4629 1038 4683 funus
1063 4626 1300 4682 solvitur
1317 4625 1369 4680 vi
1397 4627 1636 4679 naturae.
1659 4622 1885 4694 Specio-

247 4742 338 4779 sus
375 4725 683 4790 thalamus,
720 4721 791 4777 de
841 4738 954 4794 quo
995 4720 1204 4793 dignus
1241 4718 1435 4791 prodit
1469 4719 1742 4790 Sponsus,
1789 4717 1883 4770 lux

248 4818 525 4889 gentium,
558 4833 690 4888 spes
727 4815 1006 4883 ﬁdelium,
1046 4831 1176 4886 spes
1219 4812 1498 4880 ﬁdelium,
1532 4809 1728 4882 praedo
1765 4808 1882 4864 dae-

247 4928 506 4982 monum,
533 4909 794 4968 confusio
820 4909 1172 4976 Judeeorum,
1199 4907 1492 4962 vasculum
1519 4905 1670 4972 vitae,
1699 4903 1886 4959 taber-

245 5007 513 5061 naculum
547 5004 765 5077 glorize,
785 5003 1066 5076 templum
1087 5001 1312 5056 caeleste
1338 5016 1351 5054 :
1374 4999 1535 5070 cujus
1559 4996 1885 5072 juvenculze

245 5100 450 5155 melius
475 5099 850 5172 predicantur
881 5096 1108 5164 merita,
1143 5111 1274 5151 cum
1297 5093 1506 5149 veteris
1529 5093 1659 5148 Evee
1693 5089 1886 5146 confe-

245 5197 452 5249 runtur
480 5193 762 5264 exempla.
785 5191 1084 5263 Siquidem
1104 5189 1213 5244 ista
1243 5186 1461 5244 mundo
1487 5186 1663 5241 vitam
1684 5186 1882 5256 protu-

249 5287 336 5356 lit,
365 5289 458 5343 illa
481 5289 673 5359 legem
700 5285 901 5342 mortis
928 5283 1176 5352 invexit;
1201 5282 1298 5338 illa
1332 5278 1745 5354 prevaricando
1779 5293 1885 5359 nos

248 5351 524 5452 perdidit,
541 5351 660 5436 ista
685 5378 1021 5454 generando
1053 5376 1306 5433 salvavit.
1333 5351 1437 5433 illa
1466 5391 1571 5430 nos
1595 5389 1770 5446 pomo
1786 5351 1884 5428 'ar-

249 5475 406 5530 boris
431 5476 492 5531 in
521 5475 648 5548 ipsa
691 5473 883 5530 radice
917 5471 1227 5545 percussit;
1271 5486 1338 5526 ex
1375 5469 1544 5541 hujus
1583 5467 1747 5540 virga
1781 5465 1886 5521 ﬂos

251 5569 408 5639 exiit,
434 5569 534 5642 qui
559 5585 665 5624 nos
685 5567 862 5624 odore
885 5566 1168 5633 reﬁceret,
1187 5564 1356 5637 fruge
1370 5564 1616 5618 curaret.
1646 5561 1746 5616 Illa
1767 5575 1886 5614 ma-

325 5693 354 5724 ⁸
374 5694 588 5752 Eadem
611 5691 719 5746 fuit
736 5689 1032 5762 persuasio
1054 5689 1313 5762 Gregorii
1340 5686 1514 5762 episc.
1541 5683 1886 5743 Turonensis

255 5765 316 5820 in
351 5765 444 5820 lib.
479 5781 495 5819 ι
527 5765 598 5819 de
624 5763 816 5820 Gloria
841 5765 1182 5833 martyrum,
1214 5779 1340 5833 cap.
1369 5763 1424 5814 4.

331 5837 360 5876 δ
387 5835 718 5912 Legendum
740 5837 904 5910 puto,
929 5827 1436 5906 sollemniterfseu,
1474 5833 1536 5887 ut
1567 5831 1785 5888 veteres
1818 5827 1885 5884 li-

1982 4641 2165 4710 tricis;
2219 4643 2277 4694 et
2319 4637 2400 4692 ita
2445 4651 2646 4708 preces
2685 4633 2910 4688 nostras
2928 4627 3216 4714 benignus
3262 4623 3522 4691 intende,
3562 4625 3626 4678 ut

1984 4753 2114 4792 cum
2156 4731 2367 4789 ﬁducia
2419 4729 2609 4786 dicere
2661 4741 2993 4782 mereamur
3039 4721 3388 4788 orationem,
3449 4733 3624 4790 quam

1985 4846 2090 4884 nos
2120 4826 2398 4883 Dominus
2423 4827 2620 4880 noster
2641 4823 2803 4878 Jesus
2829 4818 3084 4876 Christus
3107 4815 3280 4871 Filius
3305 4816 3435 4868 tuus
3457 4826 3624 4867 orare

1985 4923 2062 4978 sic
2091 4919 2304 4990 docuit,
2325 4918 2522 4975 dicens
2553 4933 2566 4972 :
2593 4917 2783 4971 Pater.

2398 5013 2520 5062 Post
2547 5008 2837 5060 orationem
2861 5003 3208 5056 Dominicam.

2057 5087 2263 5143 Libera
2285 5102 2388 5141 nos
2409 5084 2480 5139 ab
2503 5081 2664 5138 omni
2689 5081 2864 5147 malo,
2885 5078 2956 5132 ab
2980 5074 3141 5132 omni
3169 5071 3400 5140 delicto,
3426 5073 3628 5126 auctor

1988 5181 2248 5238 omnium
2297 5180 2586 5234 bonorum
2635 5177 2694 5230 et
2732 5171 3016 5240 conditor,
3067 5171 3245 5236 Deus;
3283 5171 3342 5222 et
3379 5167 3624 5222 interce-

1987 5277 2160 5332 dente
2199 5275 2370 5330 beata
2406 5270 2582 5328 Maria
2624 5266 2902 5342 genitrice
2946 5269 3066 5332 tua,
3113 5265 3316 5320 contra
3353 5257 3627 5316 cotidiani

1987 5370 2166 5426 hostis
2201 5366 2436 5424 insidias
2472 5362 2764 5420 cotidiana
2802 5376 2908 5416 nos
2955 5357 3315 5431 protectione
3356 5351 3626 5418 defende,

1987 5465 2248 5520 Salvator
2290 5458 2516 5526 mundi,
2557 5455 2655 5531 qui
2689 5471 2823 5511 cum
2859 5455 3048 5522 Patre,
3087 5455 3145 5510 et
3179 5450 3394 5526 Spiritu
3429 5444 3627 5500 sancto

1987 5557 2123 5613 vivis
2154 5558 2213 5611 et
2236 5569 2470 5626 regnas.

1986 5681 2096 5750 bri,
2124 5681 2514 5752 sollemniter,
2540 5677 2927 5752 prosollemm'
2947 5686 3138 5752 ηζψενε
3298 5727 3484 5752 Δμιμιέ

2057 5729 2096 5796 ξ’
2110 5729 2252 5808 alii?
2259 5729 2477 5808 alim;
2491 5729 2639 5822 qdin
2651 5729 2702 5822 le
2991 5729 3098 5797 h'oc
3117 5741 3264 5803 loco,
3289 5729 3484 5788 cales“
3495 5742 3624 5798 per-

1985 5827 2300 5896 mutatione,
2330 5827 2391 5882 ut
2414 5817 3004 5897 seq’uentia'probant.
