4032 6180
401 306 504 366 247

609 454 611 457 -
959 413 1259 469 Benedictio
1279 411 1476 478 populi.

471 496 638 564 Deus,
674 493 792 567 qui,
827 510 957 550 cum
989 497 1046 548 te
1088 510 1204 548 non
1229 491 1464 562 capiunt
1499 487 1641 556 caeli,
1675 487 1944 559 dignatus
1973 503 2034 541 es

399 590 461 648 in
487 593 703 663 templo
737 589 883 646 uteri
912 585 1214 658 Virginalis
1245 583 1479 640 includi.
1512 585 1718 638 Amen.
1751 584 1822 637 Ut
1848 584 2034 636 mater

397 687 624 758 integra
655 685 895 740 haberet
921 683 1171 736 fructum
1201 679 1273 734 de
1317 678 1538 751 spiritu,
1571 681 1629 732 et
1652 667 2031 747 incorruptio-

400 798 537 836 nem
565 779 634 833 de
663 781 848 850 partu.
877 777 1080 830 Amen.
1105 775 1189 829 Da
1213 773 1366 846 plebi
1397 773 1684 843 Angelum
1711 769 2030 837 custodem,

402 875 498 946 qui
523 873 723 928 Filium
747 870 952 938 Mariae,
977 869 1091 924 ﬁde
1113 867 1491 938 concipiente,
1520 863 1800 936 praedixit.
1828 866 2030 918 Amen.

401 966 728 1026 Sanctiﬁcet
758 981 1001 1036 gregem
1036 967 1200 1018 tuum
1240 962 1338 1016 illa
1372 958 1720 1024 benedictio,
1751 974 1877 1028 qua
1913 957 2034 1011 sine

372 1059 619 1117 ‘semine
645 1061 900 1114 humano
927 1057 1398 1126 Redemptorem,
1426 1052 1673 1123 Virginis
1702 1051 1948 1106 firmavit
1973 1051 2034 1105 in

400 1159 582 1210 utero.
611 1155 816 1208 Amen.
843 1153 932 1220 Ut,
963 1155 1018 1205 te
1045 1151 1408 1222 protegente,
1443 1147 1655 1201 exultet
1685 1143 1934 1200 Ecclesia
1964 1145 2034 1198 de

401 1251 753 1322 congregato
793 1246 1037 1318 populo;
1067 1244 1210 1298 sicut
1240 1242 1415 1297 Maria
1453 1240 1666 1296 meruit
1699 1238 1932 1310 gloriari
1963 1239 2034 1292 de

399 1344 607 1399 fructu.
654 1344 859 1396 Amen.
911 1339 1076 1404 Quod
1125 1337 1245 1409 ipse
1300 1338 1574 1408 praestare
1621 1331 1894 1404 digneris,
1939 1332 2035 1402 qui

400 1454 531 1492 cum
561 1437 729 1491 Patre
761 1437 820 1489 et
846 1433 1061 1504 Spiritu
1093 1434 1290 1486 sancto
1312 1430 1450 1484 vivis
1475 1431 1534 1484 et
1561 1443 1770 1498 regnas
1799 1428 1947 1481 Deus
1975 1425 2033 1480 in

402 1531 610 1586 saecula
632 1529 988 1583 saeculorum.
1017 1527 1222 1580 Amen.

945 1610 1067 1658 Post
1087 1604 1485 1657 Eucharistiam.

469 1686 704 1754 Adesto,
757 1701 1102 1757 quaesumus,
1160 1681 1404 1737 Domine
1459 1679 1724 1735 ﬁdelibus
1789 1677 1916 1744 tuis,
1975 1679 2037 1730 ut

1183 303 1516 360 APPENDIX
1552 301 1640 356 AD
1679 299 1901 356 OPERA
1938 286 2172 352 SANCTI
2208 295 2508 352 GERMANI
2545 291 2972 348 PARISIENSIS.

2054 405 2230 493 Avit.
2281 407 2424 461 Vere
2473 405 2562 460 est
2617 400 2774 458 enim
2839 398 3212 457 honorandus
3266 396 3435 470 huius
3487 393 3600 450 diei
3663 410 3770 450 na-

3664 286 3772 340 248

2133 500 2280 566 talis,
2309 516 2438 572 quae
2469 497 2546 552 sic
2573 499 2806 551 terrena
2833 492 3206 568 generatione
3241 489 3564 563 processsit,
3603 488 3666 542 ut
3697 486 3776 542 ad

2135 593 2447 649 divinitatis
2485 589 2837 647 consortium
2872 605 2976 661 per
3013 585 3509 643 consecrationem
3529 580 3775 655 virgini-

2135 689 2271 743 tatis
2297 687 2644 760 perveniret.
2676 687 2785 740 Per
2813 683 3146 740 Dominum.

2661 785 2908 838 Collectio
2935 784 3001 836 ad
3033 797 3236 848 pacem.

2205 877 2359 931 Lieta
2390 891 2514 941 nos,
2558 873 2823 942 Domine,
2875 885 3220 944 quaesumus,
3263 867 3449 924 beatas
3498 862 3780 936 martyris

2137 973 2247 1024 tuae
2267 971 2460 1040 Agnes
2483 967 2758 1022 festivitas
2785 981 3014 1036 semper
3038 961 3301 1034 excipiat,
3331 977 3458 1032 qua:
3485 962 3542 1013 et
3559 957 3777 1029 jocun-
3820 961 3828 966 '

2137 1063 2378 1118 ditatem
2413 1062 2578 1117 nobis
2611 1077 2726 1115 sua:
2765 1056 3216 1130 gloriﬁcationis,
3263 1057 3320 1109 et
3357 1052 3512 1126 pacis
3541 1051 3783 1107 sinceri-

2135 1159 2318 1210 tatem
2363 1155 2651 1221 infundat,
2693 1157 2752 1208 et
2797 1152 2902 1208 tibi
2949 1168 3053 1207 nos
3089 1149 3298 1205 reddat
3334 1150 3616 1220 acceptos.
3662 1147 3783 1202 Per

2136 1249 2465 1305 Dominum.

2803 1315 3110 1368 Immolatio.

2206 1408 2348 1460 Vere
2393 1405 2654 1478 dignum,
2689 1408 2746 1458 et
2773 1403 2992 1475 justum
3029 1403 3134 1456 est.
3175 1399 3299 1456 Tibi
3347 1398 3524 1464 enim,
3573 1396 3777 1452 Domi-

2138 1519 2230 1568 ne,
2265 1502 2412 1556 festa
2448 1499 2781 1555 solemnitas
2806 1496 3014 1568 agitur,
3045 1493 3148 1549 tibi
3177 1493 3299 1549 dies
3324 1495 3544 1547 sacrata
3575 1489 3775 1564 216

2135 1595 2476 1662 celebratur,
2511 1609 2684 1664 quam
2725 1592 2911 1646 beata
2941 1591 3134 1660 Agnes
3170 1585 3406 1658 virginis
3445 1584 3681 1656 sanguis
3711 1583 3777 1638 in

2135 1688 2388 1743 veritatis
2419 1690 2530 1741 tuas
2561 1683 2959 1740 testificatione
2997 1683 3280 1754 profusus,
3313 1679 3621 1751 magnifico
3664 1695 3779 1732 no—

399 1797 528 1854 quae
540 1778 1056 1852 sumpsitﬁdelitel‘,
1078 1781 1136 1830 et
1154 1778 1351 1830 mente
1370 1774 1475 1829 Sibi
1495 1777 1552 1830 et
1566 1789 1826 1846 corpore,
1849 1771 2034 1826 Βθᾶὶδδ
2055 1793 2112 1864 Β
2136 1781 2308 1836 minis
2343 1780 2426 1834 tui
2479 1781 2698 1834 honore
2759 1776 3023 1849 signavit.
3068 1775 3170 1831 Cui
3216 1774 3291 1829 ad
3345 1772 3782 1828 miriﬁcandam

395 1874 582 1930 Mariae
607 1871 1017 1928 intercessione
1047 1869 1350 1924 custodiat.
1394 1869 1560 1934 Quod
1592 1868 1713 1940 ipse
1763 1868 2034 1938 praestare

397 1967 670 2040 digneris,
699 1965 795 2038 qui
822 1983 953 2021 cum
985 1967 1201 2020 aeterno
1227 1965 1394 2018 Patre
1421 1963 1558 2018 vivis
1587 1964 1644 2016 et
1667 1978 1898 2033 regnas.

950 2048 1202 2100 Collectio
1227 2047 1478 2111 sequitur.

468 2125 826 2192 Quaesumus,
841 2122 1085 2177 Domine
1099 2122 1248 2175 Deus
1267 2122 1481 2188 noster,
1503 2122 1585 2188 ut,
1609 2118 2032 2174 interveniente

394 2219 565 2274 beata
588 2217 780 2286 Maria,
805 2218 1168 2272 sacrosancta
1189 2213 1482 2286 mysteria,
1514 2229 1642 2284 quae
1663 2212 2030 2284 sumpsimus,

396 2315 526 2368 actu
561 2313 980 2383 subsequamur
1021 2313 1079 2364 et
1116 2325 1306 2375 sensu,
1351 2311 1410 2361 et
1453 2307 1574 2377 ejus
1605 2306 1770 2362 nobis
1810 2305 2034 2361 indulta

394 2405 629 2462 refectio
659 2405 836 2461 vitam
875 2405 1136 2460 conferat
1181 2401 1594 2472 sempiternam
1625 2417 1730 2472 per
1767 2417 1900 2455 eum
1937 2400 2034 2472 qui

395 2503 586 2557 tecum
611 2503 670 2555 et
699 2515 830 2554 cum
852 2497 1064 2570 Spiritu
1097 2501 1293 2552 sancto
1321 2495 1457 2550 vivit
1488 2498 1546 2548 et
1573 2499 1800 2567 regnat.

465 2600 595 2654 XIII.
625 2613 785 2655 MISSA
811 2615 867 2652 IN
892 2612 1093 2653 NATALE
1115 2611 1286 2652 AGNES
1313 2609 1548 2650 vmonvis
1577 2609 1641 2649 ar
1670 2609 1960 2650 MARTYRIS.

467 2689 659 2763 215
701 2691 762 2744 In
789 2689 973 2743 beata}
1011 2686 1280 2757 martyris
1310 2688 1503 2756 Agnes
1543 2683 1804 2738 natalitia
1853 2683 2029 2755 tripu-

397 2783 639 2850 diantes,
672 2783 880 2837 fratres
911 2779 1209 2848 carissimi,
1234 2780 1440 2835 devoto
1467 2777 1639 2833 corde
1663 2777 1909 2832 Domino
1939 2776 2034 2831 ad-

394 2876 678 2932 sistamus.
706 2877 849 2930 Vere
883 2874 1040 2929 enim
1070 2873 1240 2944 hujus
1273 2876 1359 2928 est
1385 2871 1760 2927 honorandus
1805 2869 2030 2938 natalis,

395 2986 524 3042 quae
554 2969 632 3024 sic
661 2969 799 3023 nata
825 2970 910 3022 est
932 2967 1172 3034 mundo,
1203 2969 1266 3021 ut
1293 2966 1365 3020 sit
1394 2967 1531 3021 caelo
1559 2968 1796 3032 renata;
1825 2964 1903 3018 sic
1929 2963 2033 3018 sub

396 3064 584 3118 morte
625 3061 770 3134 legis
809 3064 1128 3132 procreata,
1159 3063 1222 3113 ut
1248 3061 1574 3116 contereret
1611 3057 1815 3112 mortis
1845 3060 2036 3112 aucto-

395 3173 549 3223 rem;
599 3155 677 3210 sic
723 3154 955 3210 infirmo
986 3171 1121 3208 sexu
1151 3152 1403 3219 condita,
1444 3155 1506 3206 ut
1545 3151 1860 3206 metuenda
1902 3151 2110 3238 virisC

393 3249 638 3305 fortibus
665 3246 985 3320 despiceret
1013 3248 1305 3302 tormenta
1329 3263 1342 3313 ;
1376 3245 1454 3300 sic
1480 3243 1669 3316 fragili
1699 3245 2030 3301 conditione

394 3341 694 3416 producta,
721 3344 782 3396 ut
800 3341 990 3412 puella
1009 3338 1326 3410 virginibus
1351 3341 1409 3393 et
1429 3337 1808 3410 potestatibus
1838 3339 2035 3394 trium-

395 3437 618 3508 pharet.
652 3435 696 3490 Ο
723 3451 859 3490 vera
894 3433 1182 3500 nobilitas,
1228 3449 1356 3504 quae
1400 3432 1480 3487 sic
1516 3434 1749 3486 terrena
1795 3449 2036 3504 genera-

395 3529 552 3584 tione
587 3527 882 3600 processit,
930 3530 994 3582 ut
1031 3527 1106 3582 ad
1145 3525 1456 3581 divinitatis
1502 3525 1857 3581 consortium
1901 3543 2030 3598 per-

393 3623 642 3679 veniret!
666 3623 907 3679 Oremus
936 3639 1075 3694 ergo
1107 3625 1168 3677 ut
1195 3638 1298 3694 pro
1331 3620 1496 3676 nobis
1522 3620 1868 3676 interveniat
1902 3638 2034 3692 pre-

395 3717 574 3784 cibus,
614 3733 742 3788 quaa
784 3717 962 3788 digna
1005 3714 1228 3772 adsistit
1273 3713 1478 3770 divinis
1517 3713 1827 3769 obtutibus.
1869 3715 2034 3779 Quod

393 3809 516 3883 ipse
545 3813 818 3882 praestare
865 3809 1136 3881 dignetur
1169 3809 1265 3882 qui
1306 3825 1438 3864 cum
1479 3809 1668 3875 Patre,
1718 3811 1776 3863 et
1819 3809 2034 3880 Spiritu

400 3906 598 3958 sancto
618 3902 756 3956 vivit
787 3905 845 3956 et
867 3905 1092 3973 regnat.

953 3982 1205 4032 Collectio
1231 3981 1482 4046 sequitur.

467 4059 616 4112 Deus
645 4055 888 4112 victricis
912 4058 1103 4128 Agnes
1132 4057 1361 4128 adjutor
1390 4061 1448 4110 et
1483 4057 1802 4128 praemium,
1831 4059 2036 4115 exaudi

396 4167 501 4207 nos
539 4149 689 4205 illius
726 4150 1072 4216 interventu,
1104 4149 1264 4221 cujus
1288 4149 1568 4222 passionis
1599 4153 1854 4206 natalem
1885 4155 2034 4208 cele-

389 4245 663 4310 bramus;
705 4243 794 4299 cui
841 4243 986 4299 tanti
1027 4242 1282 4298 muneris
1325 4243 1572 4314 gratiam
1616 4245 1924 4314 contulisti,
1974 4249 2037 4300 ut

394 4338 708 4406 diabolum,
745 4337 842 4410 qui
884 4353 988 4408 per
1031 4339 1206 4391 Evam
1253 4336 1574 4391 humanum
1618 4353 1801 4408 genus
1862 4355 2034 4394 omne

391 4431 765 4500 subverterat,
794 4433 997 4486 tenera
1023 4433 1192 4486 aetate
1217 4431 1411 4502 Agnes
1438 4432 1783 4498 contereret,
1815 4435 1873 4486 et
1899 4448 2034 4486 sexu

2138 1874 2383 1946 gratiam
2404 1877 2584 1940 tuam,
2608 1871 2666 1926 in
2689 1875 2891 1925 tenero
2924 1869 3112 1924 adhuc
3139 1883 3398 1939 corpore,
3433 1869 3490 1921 et
3519 1865 3780 1920 necdum

2136 1969 2390 2041 puellare
2415 1967 2556 2021 ﬂore
2569 1968 2816 2031 maturo,
2845 1965 2995 2018 hanc
3025 1962 3296 2016 virtutem
3316 1959 3450 2014 fidei
3473 1962 3531 2014 et
3551 1958 3784 2030 patien-

2137 2061 2230 2115 tiae
2261 2059 2662 2116 fortitudinem
2695 2055 3007 2124 contulisti,
3041 2059 3103 2110 ut
3129 2053 3356 2110 saevitia;
3388 2051 3786 2125 persecutoris

2137 2173 2255 2210 non
2307 2154 2540 2208 cederet
2583 2151 2908 2207 constantia
2956 2149 3273 2220 virginalis,
3297 2163 3410 2220 quo
3468 2145 3790 2219 gloriosior

2136 2249 2300 2304 ﬁeret
2323 2264 2534 2303 corona
2564 2244 2855 2317 martyrii;
2887 2243 3023 2316 quia
3053 2243 3208 2297 inter
3240 2241 3448 2297 acerba
3493 2239 3786 2312 supplicia

2136 2359 2242 2397 nec
2267 2341 2421 2397 sexui
2452 2339 2640 2413 potuit
2660 2339 2904 2410 eripere,
2924 2354 3030 2391 nec
3047 2335 3220 2392 aetati.
3245 2336 3420 2406 Hujus
3443 2334 3618 2406 igitur
3636 2350 3784 2405 pas-

2136 2436 2312 2492 sionis
2336 2435 2490 2490 diem
2515 2433 2798 2489 hodierna
2825 2431 3130 2486 devotione
3153 2430 3530 2497 celebrantes,
3559 2427 3780 2482 immo-

2134 2532 2321 2585 lamus
2345 2528 2466 2597 tibi,
2500 2527 2741 2584 Domine
2788 2527 2937 2581 Deus
2977 2527 3189 2592 noster,
3227 2522 3520 2578 victimam
3561 2521 3780 2576 laudis.

2137 2625 2322 2688 Quam
2354 2639 2486 2678 cum
2516 2621 2654 2677 Filio
2696 2624 2794 2675 tuo
2827 2618 3072 2674 Domino
3100 2620 3296 2674 nostro
3338 2620 3396 2672 et
3423 2619 3619 2671 sancto
3649 2615 3786 2686 Spi-

2134 2718 2268 2784 ritu,
2302 2734 2405 2790 per
2434 2715 2754 2771 claritatem
2778 2717 3145 2786 regnantem,
3178 2728 3308 2766 cum
3335 2709 3556 2782 angelis
3587 2712 3646 2764 et
3678 2727 3781 2764 ar-

2136 2810 2430 2883 changelis
2463 2807 2908 2876 dominationes,
2946 2806 3316 2880 principatus,
3351 2808 3408 2860 et
3434 2806 3780 2876 potestates,

2136 2905 2279 2973 coeli,
2311 2905 2700 2974 coelorumque
2726 2902 2979 2970 virtutes,
3009 2918 3074 2956 ac
3104 2893 3276 2955 béata
3316 2898 3584 2971 seraphin
3614 2899 3785 2954 socia

2137 2997 2487 3054 exultatione
2517 2996 2942 3064 concelebrant,
2976 2994 3232 3050 dicentes
3260 3009 3274 3048 :
3309 2993 3570 3048 Sanctus.

2206 3121 2334 3176 XIV.
2377 3134 2537 3174 MISSA
2575 3135 2630 3174 IN
2669 3133 2872 3174 NATALE
2911 3131 3128 3172 sxncrn
3167 3131 3402 3172 meum
3439 3130 3700 3171 vmcms.

2207 3231 2606 3286 Venerabilcm
2629 3247 2692 3284 ac
2715 3227 3024 3283 sublimem
3041 3228 3227 3283 beatae
3246 3227 3514 3299 martyris
3528 3226 3782 3283 Caeciliae

2137 3326 2462 3398 passionem
2490 3326 2548 3378 et
2572 3326 2831 3378 sanctam
2865 3321 3295 3377 solemnitatem
3325 3321 3421 3392 pia
3463 3321 3780 3378 devotione

2135 3421 2510 3485 celebrantes,
2533 3420 2998 3473 conservatorem
3042 3415 3302 3471 omnium
3328 3417 3526 3484 Deum,
3562 3416 3780 3470 fratres

2135 3513 2432 3580 carissimi,
2461 3512 2858 3582 deprecemur,
2892 3513 2954 3570 ut
2996 3508 3104 3582 piis
3142 3509 3402 3564 Ecclesiae
3441 3525 3554 3564 suae
3584 3509 3776 3581 preci-

2133 3609 2239 3663 bus
2265 3606 2606 3679 propitiatus
2637 3605 2902 3672 adsistat;
2937 3607 2994 3658 et
3015 3603 3158 3658 sicut
3182 3603 3264 3658 illi
3290 3603 3461 3658 hodie
3494 3619 3779 3658 coronam

2136 3697 2311 3765 dedit,
2356 3697 2520 3752 nobis
2567 3713 2795 3768 quoque
2834 3695 3293 3751 misericordiam
3323 3693 3620 3766 largiatur.
3665 3695 3782 3749 Per

2136 3792 2446 3848 Dominum
2476 3793 2736 3846 nostrum
2774 3791 2967 3846 Iesum
2999 3788 3286 3845 Christum
3328 3787 3530 3844 Filium
3581 3805 3778 3856 suum,

2137 3903 2330 3942 secum
2359 3885 2666 3941 viventem.

2693 3965 2941 4016 Collectio
2960 3965 3210 4030 sequitur.

2208 4053 2586 4125 Omnipotens
2625 4051 2974 4123 sempiterne
3003 4053 3170 4120 Deus,
3208 4051 3307 4124 qui
3343 4050 3506 4123 eligis
3538 4050 3784 4107 inﬁrma

2135 4147 2356 4214 mundi,
2407 4149 2470 4200 ut
2510 4145 2682 4200 fortia
2727 4162 2966 4218 quaeque
3007 4145 3348 4214 confundas,
3397 4145 3471 4201 da
3511 4145 3678 4200 nobis
3715 4147 3782 4201 in

2135 4241 2440 4297 festivitate
2463 4242 2673 4294 sanctae
2711 4239 2948 4296 Caeciliae
2995 4243 3265 4312 martyree
3310 4256 3566 4311 congrua
3605 4239 3784 4296 devo-

2137 4336 2292 4391 tione
2325 4334 2598 4408 gaudere,
2640 4335 2703 4388 ut
2739 4336 2797 4388 et
2827 4333 3150 4405 potentiam
3181 4335 3344 4388 tuam
3380 4333 3438 4388 in
3480 4333 3603 4404 ejus
3637 4349 3781 4405 pas-

2135 4430 2296 4486 sione
2349 4427 2668 4495 laudemus,
2720 4431 2777 4481 et
2819 4427 3111 4498 provisum
3159 4427 3328 4484 nobis
3382 4427 3781 4500 percipiamus

388 4524 637 4580 inbecilli
693 4527 1008 4596 superaret,
1053 4524 1306 4579 veritatis
1360 4524 1722 4580 confectione
1775 4523 2421 4613 proster-Dauxilium.
2466 4524 2576 4578 Per
2613 4521 2925 4577 Dominum
2951 4523 3214 4576 nostrum
3239 4523 3435 4577 Jesum
3482 4521 3783 4576 Christum

389 4621 556 4673 neret
583 4634 597 4672 :
630 4617 925 4673 evidenter
951 4619 1261 4674 ostendens
1287 4619 1443 4690 quod
1472 4635 1589 4674 non
1619 4620 1804 4674 solum
1829 4635 2030 4690 perpe-

386 4714 502 4766 tuae
545 4711 887 4781 virginitatis
927 4716 1185 4783 martyra
1231 4715 1383 4768 esset
1427 4714 1485 4766 et
1529 4705 1698 4784 virgo’
1740 4729 2032 4781 mansura,

387 4805 488 4860 sed
517 4805 666 4877 Agni
693 4804 1044 4861 immaculati
1071 4823 1282 4876 sponsa
1306 4805 1432 4862 fieri
1453 4809 1778 4860 mereretur
1805 4806 2032 4879 integre

389 4899 460 4954 de
491 4898 748 4954 nomine.
777 4899 1029 4955 Adsume
1071 4915 1208 4970 ergo
1247 4899 1418 4970 hujus
1459 4899 1721 4954 sacriﬁcii
1766 4899 2032 4957 immola-

384 4993 606 5048 tionem
633 4995 949 5064 gratanter,
983 4993 1079 5065 qui
1109 4992 1395 5048 coronasti
1421 4992 1730 5064 gloriosam
1770 5011 1873 5065 pro
1912 4997 2036 5050 tan-

384 5085 457 5140 tis
483 5087 702 5141 meritis
729 5087 1035 5160 virginem.
1061 5088 1171 5142 Per
1197 5087 1511 5143 Dominum
1544 5089 1804 5144 nostrum
1839 5090 2032 5146 Jesum

403 5179 690 5236 Christum
722 5181 927 5237 Filium
957 5184 1140 5237 tuum.

889 5263 1140 5314 Collectio
1166 5266 1285 5329 post
1307 5264 1540 5316 nomine.

456 5339 624 5407 Deus,
649 5339 745 5410 qui
771 5339 1094 5412 virgineum
1117 5342 1322 5398 ﬂorem
1349 5359 1454 5414 per
1475 5341 1666 5398 Mariae
1688 5345 1921 5398 uterum
1943 5357 2032 5397 re-

383 5449 578 5502 novas,
623 5432 873 5490 reddens
920 5419 1178 5492 nobisin
1221 5437 1395 5492 Matre
1429 5436 1674 5508 virgine,
1723 5436 1878 5507 quod
1923 5452 2029 5508 per

380 5527 840 5584 incontinentem
915 5529 1206 5601 perditum
1273 5530 1464 5586 fuerat
1511 5533 1759 5585 matrem
1784 5571 1798 5598 ,
1853 5545 2029 5600 quam

381 5625 688 5694 sequentes
719 5625 931 5678 sanctas
973 5624 1224 5696 virgines
1257 5640 1388 5678 cum
1424 5624 1620 5695 palma
1661 5621 1923 5695 martyrii
1953 5622 2028 5678 ad

381 5719 544 5772 tuum
573 5734 752 5789 usque
789 5719 1112 5773 thalamum
1143 5719 1550 5790 pervenerunt.
1587 5719 1666 5772 Ex
1705 5717 1912 5790 quibus
1942 5720 2028 5772 est

379 5809 552 5864 beata
566 5811 760 5881 Agnes
776 5813 1052 5882 martyra,
1072 5811 1234 5882 cujus
1249 5809 1422 5866 hodie
1444 5810 1724 5882 passionis
1751 5811 2022 5866 solemni-

382 5902 470 5953 tas
487 5900 697 5976 agitur,
716 5918 846 5976 qua
859 5919 964 5960 nos
981 5903 1054 5961 ad
1067 5903 1328 5962 laetitiam
1347 5920 1464 5961 suae
1483 5903 1804 5962 devotionis
1821 5903 2026 5962 excita-

2135 4616 2341 4673 Filium
2369 4620 2555 4671 tuum.

2633 4686 2885 4738 Collectio
2907 4689 3026 4750 post
3042 4685 3273 4736 nomine.

2205 4773 2462 4844 Respice,
2521 4772 2786 4840 Domine,
2827 4789 3175 4844 quaesumus,
3214 4771 3444 4844 plebem
3487 4775 3650 4826 tuam
3707 4773 3789 4828 de

2135 4870 2346 4922 sanctae
2378 4865 2615 4921 Caeciliae
2639 4866 2907 4937 martyris
2929 4865 3347 4937 gloriﬁcatione
3382 4863 3790 4936 gratulantem

2136 4964 2192 5016 et
2223 4959 2650 5031 beneplacitum
2687 4959 2872 5015 tribue
2921 4962 3280 5015 sacratarum
3329 4958 3436 5014 tibi
3484 4959 3789 5016 mentium

2134 5055 2496 5120 famulatum,
2525 5057 2588 5108 ut
2621 5053 2718 5125 qui
2754 5054 2813 5108 in
2855 5053 3064 5109 sanctis
3101 5053 3214 5108 tuis
3241 5057 3297 5109 te
3338 5053 3627 5109 honorare
3656 5070 3790 5110 non

2134 5147 2422 5215 desinunt,
2449 5151 2730 5220 perpetua
2769 5148 3055 5204 donorum
3088 5150 3322 5203 tuorum
3360 5145 3628 5219 largitate
3671 5164 3790 5220 po-

2133 5243 2384 5310 tiantur;
2439 5245 2496 5297 et
2538 5241 2694 5314 quod
2725 5241 3026 5297 visibiliter
3073 5241 3364 5311 exhibent,
3413 5241 3792 5298 invisibiliter

2133 5336 2601 5410 adprehendant;
2636 5338 2698 5390 ut
2727 5335 2872 5390 sicut
2895 5335 3047 5391 illius
3078 5339 3244 5407 grata
3269 5338 3406 5390 sunt
3435 5335 3668 5405 merita,
3697 5336 3789 5394 sic

2130 5435 2342 5486 nostras
2395 5429 2679 5486 servitutis
2733 5432 2970 5502 accepta
3021 5428 3343 5484 reddantur
3395 5428 3604 5484 ofﬁcia.
3663 5431 3790 5486 Per

2129 5524 2440 5581 Dominum
2475 5526 2738 5580 nostrum
2774 5525 2972 5580 Iesum
3009 5522 3302 5580 Christum
3345 5521 3552 5578 Filium
3583 5525 3782 5582 tuum.

2655 5626 2906 5678 Collectio
2925 5625 2992 5677 ad
3014 5639 3220 5691 pacem.

2197 5712 2421 5768 Sanctae
2447 5717 2720 5786 martyras
2753 5717 2861 5768 tuae
2888 5711 3147 5780 Caeciliae,
3178 5713 3442 5780 Domine,
3481 5712 3784 5784 supplica-

2128 5805 2378 5862 tionibus
2411 5807 2599 5863 tribue
2642 5823 2748 5862 nos
2795 5805 2996 5875 foveri,
3043 5809 3109 5861 ut
3155 5805 3316 5878 cujus
3373 5806 3786 5866 venerabilem

2129 5899 2577 5960 sollemnitatem
2597 5900 2982 5976 praevenimus
3013 5899 3308 5976 obsequio,
3339 5899 3464 5974 ejus
3490 5899 3783 5959 interces-
