4032 6180
174 311 280 371 249

1264 328 1351 385 DE
1389 330 1700 388 LITURGIA
1735 333 2106 392 GALLICANA
2147 336 2345 392 LIBER
2383 335 2472 395 Ill.

3441 341 3544 395 250

173 425 944 530 sionibus_contmendemur
971 437 1031 490 et
1048 435 1286 492 meritis.
1311 439 1379 493 Et
1407 443 1636 511 praesta,
1665 458 1816 514 quae-
1835 455 1896 530 Α
1915 447 2068 516 simi,
2085 445 2499 521 omnipotentis
2517 447 2623 508 Dei
2639 445 3096 505 misericordiam
3116 449 3399 526 supplices
3419 467 3547 508 exoo

170 536 398 589 sumus,
428 523 694 592 Domine,
727 525 920 600 217
959 531 1020 584 ut
1047 547 1156 602 pax
1185 549 1313 604 qum
1337 534 1628 604 profertur
1651 535 1811 592 inla-

169 614 282 671 biis
316 616 494 673 etiam
522 619 789 676 cordibus
811 638 926 677 non
954 627 1220 696 negetur.
1247 627 1373 682 Per.

741 721 1032 772 Immolatio
1055 722 1244 775 misse.

239 796 503 868 Dignum
527 802 584 854 et
601 799 822 870 justum
845 805 949 870 est,
978 819 1209 876 aequum
1234 808 1293 860 et
1320 807 1569 863 salutare
1587 812 1692 878 est,
1708 826 1814 868 nos

169 889 276 944 tibi
315 909 546 964 semper
574 895 789 964 gratias
819 912 1013 967 agere,
1049 898 1415 970 omnipotens
1462 903 1811 974 sempiterna

165 983 350 1052 Deus,
375 986 473 1057 qui
498 987 722 1058 perﬁcis
743 988 799 1043 in
817 989 1151 1046 inﬁrmitate
1179 993 1463 1049 virtutem.
1481 995 1624 1060 Quia
1640 997 1812 1053 beata

163 1079 545 1152 gloriosaque
583 1081 828 1150 Caecilia,
863 1083 1132 1157 despecto
1167 1088 1368 1143 mundi
1405 1090 1694 1161 conjugio,
1737 1091 1810 1146 ad

163 1174 470 1230 consortia
514 1193 764 1248 superna
808 1180 1184 1250 contendens,
1217 1199 1323 1237 nec
1353 1185 1520 1238 aetate
1548 1185 1811 1240 mutabili

161 1269 497 1340 praepedita
540 1274 646 1337 est,
678 1289 784 1326 nec
830 1271 1132 1329 inlecebris
1165 1278 1253 1330 e‘st
1280 1282 1546 1333 revocata
1571 1279 1810 1334 carnali-

161 1362 297 1430 bus,
325 1379 432 1417 nec
445 1381 576 1418 sexu
593 1365 921 1436 fragilitatis
947 1367 1221 1424 deterrita
1246 1387 1259 1437 ;
1293 1371 1394 1426 sed
1419 1372 1570 1428 inter
1588 1375 1805 1446 puella-

159 1473 254 1511 res
291 1473 502 1525 annos,
536 1458 687 1514 inter
717 1461 907 1516 saeculi
945 1462 1363 1532 blandimenta,
1403 1466 1555 1520 inter
1593 1468 1804 1539 suppli-

160 1550 329 1605 cium
374 1554 866 1624 persequentium,
907 1557 1288 1628 multiplicem
1319 1559 1616 1616 victoriam
1644 1562 1806 1635 virgo

158 1648 332 1699 casta
357 1650 614 1718 martyre
644 1646 919 1719 implevit,
947 1652 1005 1704 et
1033 1651 1107 1705 ad
1135 1652 1418 1722 potiorem
1451 1655 1806 1728 triumphum

159 1755 368 1794 secum
418 1739 492 1794 ad
541 1757 724 1812 regna
767 1743 1014 1798 caelestia
1055 1745 1442 1816 Valerianum,
1489 1750 1578 1804 cui
1619 1751 1808 1806 fuerat

1915 559 2130 610 remus,
2162 545 2226 597 ut
2257 541 2584 600 interventu
2611 543 2794 600 sancti
2821 543 3133 599 Clementis
3172 545 3445 602 antistitis
3489 549 3547 604 et

1913 638 2184 709 martyris
2222 640 2337 708 sui,
2383 639 2668 695 defunctis
2709 639 3134 696 absolutionem
3157 685 3172 710 ,
3226 641 3546 698 viventibus

1914 732 2130 788 tribuat
2169 733 2432 788 salutem.
2464 734 2743 790 Memores
2770 734 2947 790 etiam
2975 735 3152 790 simus
3179 736 3542 792 ﬁdelissimo-

1913 844 2043 882 rum
2078 843 2311 882 suorum
2355 827 2645 884 Sisennii‘
2671 831 2845 900 atque
2875 829 3208 898 Theodorus,
3237 833 3301 884 ut
3338 830 3545 902 quibus
3647 887 3656 893 ,

1912 937 2018 992 per
2057 920 2294 976 beatum
2337 924 2654 993 martyrem
2683 921 2859 977 ﬁdem
2889 940 2948 977 se
2978 923 3254 979 credendi
3279 923 3540 993 inseruit,

1913 1014 1995 1068 eis
2036 1013 2287 1084 paradisi
2319 1031 2502 1086 regna
2541 1014 2872 1087 participet.
2903 1017 3012 1070 Per
3052 1017 3363 1072 Dominum
3407 1033 3539 1073 nos-

1912 1111 2062 1162 trum
2085 1109 2278 1162 Jesum
2308 1108 2598 1164 Christum
2625 1109 2828 1164 Filium
2855 1125 3040 1178 suum,
3067 1126 3261 1165 secum
3287 1109 3360 1164 vi.

2437 1203 2687 1254 Collectio
2715 1202 2780 1253 ad
2807 1216 3010 1266 pacem.

1979 1276 2372 1333 Concordator
2401 1277 2721 1346 discordiae,
2755 1281 2813 1334 et
2847 1278 3010 1350 origo
3047 1278 3334 1334 societatis
3372 1282 3536 1334 aeter-

1909 1388 2000 1426 nae
2016 1369 2260 1426 indivisa
2280 1370 2545 1442 Trinitas,
2569 1373 2739 1440 Deus,
2755 1372 2853 1443 qui
2875 1371 3125 1428 Sisennii
3140 1371 3541 1427 inﬁdelitatem

1909 1465 1980 1519 ab
2014 1465 2278 1520 Ecclesiae
2321 1465 2541 1520 unitate
2574 1465 2939 1537 disjunctam,
2981 1483 3088 1538 per
3115 1469 3376 1520 sanctum
3414 1467 3538 1522 Cle-

1906 1561 2164 1613 mentem
2192 1559 2510 1614 antistitem
2547 1564 2604 1614 et
2635 1560 2831 1615 subdis
2861 1560 3156 1615 catholicae
3181 1559 3337 1626 ﬁdei,
3363 1563 3421 1614 et
3448 1559 3537 1614 in-

1909 1651 2089 1706 uectis
2115 1655 2408 1723 perpetuae
2437 1654 2682 1721 caritati,
2717 1653 2924 1709 exaudi
2951 1671 3151 1725 preces
3187 1656 3430 1720 nostras,
3469 1652 3536 1706 il-

1906 1747 2138 1817 lamque
2167 1746 2334 1801 nobis
2359 1763 2562 1817 pacem
2594 1747 2803 1814 tribue,
2837 1763 3012 1818 quam
3044 1747 3336 1818 quondam
3369 1747 3542 1801 aethe-

161 1837 371 1905 nupta,
397 1833 680 1905 perduxit.
714 1836 781 1889 Et
809 1836 888 1892 sic
913 1854 1190 1894 coronam
1231 1841 1521 1912 pudicitia:
1571 1845 1801 1914 meruit,
1825 1832 1882 1904 B
1906 1856 2030 1894 rem
2057 1855 2397 1894 ascensurus
2430 1840 2704 1911 apostolis
2742 1841 3042 1912 reliquisti,
3085 1844 3147 1894 ut
3171 1840 3268 1911 qui
3296 1857 3540 1912 praesen-

159 1932 216 1981 ut
261 1927 499 1998 regium
527 1928 846 1985 thalamum
884 1948 1002 1986 non
1041 1934 1226 1988 solum
1268 1934 1450 2006 virgo,
1485 1937 1586 1991 sed
1631 1939 1805 1994 etiam

159 2025 426 2092 martyra
451 2021 712 2091 intraret,
735 2041 840 2095 per
867 2024 1153 2082 Christum
1183 2028 1495 2084 Dominum
1521 2037 1802 2087 nostrum.

157 2116 267 2169 Per
295 2131 476 2188 quem
494 2117 850 2189 Majestatem
872 2121 1032 2174 tuam
1051 2121 1293 2177 laudant
1309 2124 1537 2195 Angeli,
1560 2125 1807 2182 adorant

161 2208 330 2264 Dom.

720 2281 1020 2334 Benedictio
1053 2285 1256 2350 papuli.

229 2360 498 2429 Summe,
532 2364 770 2434 optime,
797 2363 1330 2424 misericordissime
1358 2369 1525 2439 Deus,
1559 2372 1804 2429 benedic

161 2456 414 2510 famulos
445 2459 506 2510 et
531 2456 776 2512 famulas
808 2461 949 2514 tuas.
982 2462 1187 2516 Amen.
1217 2463 1422 2518 Tribue
1463 2464 1544 2519 eis
1569 2483 1674 2538 per
1713 2467 1800 2522 in-

160 2553 493 2604 terventum
509 2553 723 2606 sancta:
741 2552 980 2608 Caecilia:
997 2554 1251 2626 virginis,
1271 2574 1370 2613 cor
1393 2557 1450 2613 in
1478 2563 1576 2615 tuo
1603 2578 1802 2618 amore

161 2645 492 2712 sollicitum,
521 2643 580 2698 in
627 2648 726 2700 tuo
765 2646 971 2702 timore
1019 2649 1310 2720 devotum,
1358 2652 1417 2706 in
1456 2656 1554 2708 tuo
1581 2655 1802 2711 honore

161 2739 506 2810 perfectum.
528 2741 731 2793 Amen.
757 2740 838 2794 Da
854 2741 935 2795 eis
947 2743 1424 2814 tranquillitatem
1451 2750 1798 2820 temporum,

161 2831 565 2886 salubritatem
591 2849 918 2904 corporum,
939 2837 1193 2908 salutem
1217 2839 1560 2895 animarum.
1591 2843 1797 2898 Amen.

158 2926 489 2980 lereantur
521 2929 575 2980 te
606 2926 720 2981 ﬁde
751 2945 1030 2999 quaerere,
1062 2931 1329 3001 operibus
1358 2933 1637 3003 invenire,
1667 2953 1797 3008 gra-

160 3021 235 3074 tia
253 3019 818 3091 promereri.Amen.
833 3019 904 3077 Et
922 3022 1018 3078 illa
1039 3025 1310 3080 studeant
1331 3043 1524 3098 agere,
1541 3032 1596 3084 te
1624 3032 1797 3100 teste;

163 3130 289 3184 quae
315 3113 498 3184 digna
524 3113 669 3168 ﬁant
691 3114 750 3168 in
775 3118 1266 3187 remuneratione,
1283 3124 1336 3176 te
1353 3121 1566 3192 judice.
1591 3125 1795 3179 Amen.

1905 1933 2052 1988 tium
2091 1933 2376 1988 labiorum
2405 1933 2783 2004 impressione
2811 1933 3038 2005 inligati
3067 1933 3284 1988 fuerint
3323 1935 3536 2000 osculo,

1907 2031 2004 2082 tua
2031 2025 2292 2082 custodia
2335 2028 2558 2099 paciﬁci
2601 2031 2988 2099 permaneant
3026 2028 3084 2082 in
3129 2028 3340 2082 futuro.
3371 2026 3538 2092 Quod

1907 2121 2026 2192 ipse
2057 2123 2332 2192 praestare
2353 2121 2608 2192 digneris
2635 2121 2732 2193 qui
2758 2138 2887 2178 cum
2907 2123 3092 2177 Patre.

2473 2214 2764 2265 Immolatio
2789 2213 2977 2265 misse.

1976 2291 2227 2362 Dignum
2258 2295 2316 2345 et
2328 2291 2552 2362 justum
2581 2295 2684 2345 est.
2718 2293 2859 2345 Vere
2889 2291 3130 2362 dignum
3159 2293 3263 2358 est,
3299 2307 3404 2346 nos
3432 2287 3540 2345 tibi

1904 2385 2119 2456 gratias
2157 2401 2360 2456 agere,
2407 2385 2650 2440 Domine
2691 2388 2906 2453 sancte,
2943 2386 3112 2440 Pater
3146 2384 3537 2457 omnipotens,

1904 2481 2119 2533 aeterne
2137 2480 2305 2546 Deus,
2330 2479 2389 2533 in
2408 2479 2795 2534 sollemnitate
2817 2479 2998 2534 sancti
3015 2478 3286 2550 martyris
3311 2477 3396 2533 tui
3412 2478 3537 2534 Cle-

1901 2572 2132 2627 mentis.
2162 2572 2272 2637 Qui
2289 2573 2698 2643 cognationem
2726 2573 2960 2644 reliquit
2977 2576 3034 2628 et
3053 2572 3322 2644 patriam,
3339 2573 3396 2627 et
3411 2573 3542 2644 post

1903 2666 2142 2722 odorem
2173 2666 2257 2720 tui
2293 2666 2545 2722 nominis
2592 2669 2776 2722 terras
2813 2666 3114 2737 mariaque
3150 2669 3536 2733 transmeans,

1901 2760 2315 2831 abnegansque
2353 2759 2750 2832 semetipsum,
2792 2776 3021 2814 erucem
3053 2758 3539 2830 peregrinationis

1901 2853 2240 2924 adsumpsit,
2281 2857 2344 2908 ut
2377 2857 2434 2907 te
2465 2870 2568 2924 per
2594 2854 2988 2924 apostolorum
3027 2854 3262 2908 tuorum
3295 2851 3538 2922 vestigia

1901 2951 2256 3020 sequeretur.
2307 2947 2410 3003 Cui
2439 2951 2518 3015 tu,
2552 2947 2818 3015 Domine,
2855 2945 3174 3002 secundum
3207 2944 3538 3018 promissio-

1899 3057 2036 3096 nem
2059 3041 2182 3096 Filii
2207 3041 2308 3108 tui,
2323 3043 2444 3096 tam
2466 3041 2526 3096 in
2548 3041 2816 3114 presenti
2838 3042 3044 3096 saeculo
3067 3057 3245 3112 quam
3263 3040 3323 3095 in
3343 3041 3534 3096 futuro

1902 3135 2286 3206 centuplicata
2315 3135 2574 3191 muneris
2594 3135 2834 3208 praemia
2860 3134 3202 3207 repensasti.
3235 3135 3380 3189 Nam
3404 3133 3538 3188 bea-

161 3207 326 3272 QIIOd
357 3208 482 3301 ipse
511 3210 786 3278 prwstare
830 3210 1104 3282 digneris,
1145 3212 1245 3285 qui
1271 3213 1330 3268 in
1360 3215 1634 3272 Trinitate
1668 3234 1797 3289 per-
1822 3205 1877 3280 C
1901 3205 2105 3284 tissimi
2128 3229 2283 3284 Petri
2303 3245 2438 3284 mox
2457 3205 2703 3285 traditus
2730 3205 3064 3301 disciplinis,
3094 3230 3365 3300 parentes
3394 3244 3538 3299 quos

159 3303 310 3356 facta
333 3300 493 3369 vivis,
529 3301 867 3371 dominaris,
895 3307 953 3358 et
982 3321 1212 3377 regnas.

227 3410 332 3463 XV.
365 3424 526 3465 ιιειεΑ
563 3427 620 3467 m
660 3427 860 3468 NATALE
898 3427 1086 3470 SANCTI
1125 3430 1417 3473 cum}:an
1457 3433 1725 3478 EPISCOPI.

231 3507 392 3562 Diem
407 3507 562 3564 hunc
577 3508 842 3580 gloriosa:
855 3510 1136 3582 passionis
1156 3514 1338 3568 sancti
1364 3531 1428 3570 ac
1454 3517 1799 3573 venerabilis

161 3601 476 3656 Clementis
495 3601 766 3674 episcopi,
782 3620 886 3675 per
906 3621 1082 3676 quem
1104 3608 1497 3678 superstitiosa
1509 3610 1800 3682 gentilitas

162 3695 390 3750 conruit
409 3695 765 3765 Iudaeorum,
797 3701 854 3752 et
880 3698 1025 3753 ﬁdes
1040 3700 1322 3756 catholica
1343 3701 1404 3756 in
1425 3703 1601 3758 corda
1621 3704 1799 3760 homi-

163 3807 298 3845 num
332 3789 599 3858 radiavit,
633 3791 841 3846 fratres
879 3792 1175 3862 carissimi,
1209 3796 1468 3852 revol'uto
1514 3797 1652 3852 anni
1689 3798 1794 3853 cir-

160 3885 308 3949 culo,
334 3883 534 3938 debito
578 3901 924 3940 veneremur
971 3886 1279 3959 obsequio,
1313 3889 1542 3944 Domini
1584 3891 1799 3948 miseri-

161 3977 416 4032 cordiam
459 3981 786 4048 exorantes,
835 3983 899 4034 ut
942 3980 1038 4053 qui
1079 3998 1210 4036 cum
1257 3983 1456 4038 lumen
1499 3985 1797 4042 teterrimo

159 4071 499 4143 gentilitatis
529 4072 712 4128 errori
732 4073 995 4145 praebuit,
1030 4092 1136 4130 nos
1153 4093 1256 4131 suo
1275 4077 1492 4133 lumine
1520 4079 1710 4135 oriens
1731 4097 1796 4136 ex

159 4166 277 4221 alto
304 4165 582 4220 clariﬁcet
612 4183 626 4221 :
659 4167 757 4238 qui
789 4167 948 4223 illum
975 4185 1150 4224 sacrae
1178 4171 1490 4242 praeposuit
1522 4173 1793 4242 ecclesiae,

159 4276 266 4314 nos
295 4259 400 4314 sub
423 4259 813 4316 mundialium
843 4262 996 4317 fasce
1027 4279 1294 4318 curarum
1324 4269 1644 4336 gementes,
1673 4267 1796 4339 ipso

159 4357 458 4420 exorante,
488 4340 786 4409 sublevare
837 4354 1128 4426 dignetur.
1175 4359 1284 4411 Per
1337 4357 1646 4415 Dominum
1690 4377 1792 4416 no-

158 4451 338 4502 strum
366 4448 562 4502 Jesum
583 4447 874 4503 Christum
904 4449 1108 4504 Filium
1127 4467 1316 4519 suum,
1351 4467 1544 4507 secum
1570 4452 1642 4508 vi.

708 4545 962 4596 Collectio
987 4547 1237 4611 sequitur.

229 4620 452 4676 Christe
475 4619 844 4692 omnipotens
863 4621 1033 4690 Deus,
1054 4622 1150 4693 qui
1170 4622 1406 4678 beatum
1436 4623 1795 4682 Clementem

159 4713 476 4769 antistitem
502 4718 742 4786 propter
763 4731 976 4770 nomen
998 4718 1161 4771 tuum
1190 4715 1248 4770 in
1277 4717 1578 4773 altitudine
1599 4720 1794 4788 maris,

159 4823 523 4879 paganorum
557 4811 899 4880 tempestate
932 4807 1126 4883 218
1155 4809 1492 4880 dimersum,
1513 4813 1650 4868 utin
1671 4831 1792 4870 cer-

154 4903 372 4957 tamine
391 4901 651 4974 probasti
677 4902 980 4972 bellorum,
1001 4903 1080 4958 ita
1106 4907 1236 4976 post
1261 4904 1476 4960 bellum
1493 4907 1796 4978 patefactis

158 4996 346 5051 arenis
371 4996 571 5052 educis
595 4996 927 5067 gloriosum,
953 5014 1280 5070 quaesumus
1306 4998 1582 5070 pietatem
1613 5004 1792 5071 tuam,

159 5095 216 5144 ut
257 5107 362 5145 nos
405 5107 442 5144 a
482 5091 960 5162 concupiscentia:
989 5091 1256 5163 procellis
1293 5095 1505 5162 erutos,
1534 5095 1794 5152 Paterna;

159 5183 350 5254 gloriae
400 5188 784 5255 repraesentes
831 5184 1112 5254 innoxios,
1142 5185 1405 5241 Salvator
1430 5187 1652 5243 mundi.
1687 5188 1794 5254 Qui

156 5294 280 5334 cum
325 5281 553 5333 aeterno
603 5279 771 5334 Patre
801 5278 938 5334 vivis
959 5281 1018 5334 et
1045 5295 1256 5351 regnas
1293 5280 1443 5336 Deus
1483 5280 1544 5336 in
1573 5281 1792 5339 unitate

159 5371 416 5444 Spiritus.

647 5442 898 5494 Collectio
923 5445 1044 5508 post
1065 5442 1297 5494 nomina.

222 5528 537 5584 Nominum
560 5528 705 5584 serie
732 5530 914 5585 relata
939 5529 1366 5598 defunctorum,
1395 5531 1603 5586 fratres
1628 5531 1795 5588 caris-

224 5671 247 5702 ⁸
273 5671 437 5744 ΗὶηίιΔ
457 5670 740 5744 probatur
779 5671 1093 5744 antiquitas
1108 5673 1393 5744 Actorum
1441 5672 1623 5728 sancti
1673 5674 1794 5731 Cle-

161 5743 381 5825 mentis,
404 5741 486 5824 .in
525 5741 732 5825 quibus
757 5741 1070 5825 laudantur
1099 5743 1788 5825 Si‘sinniusLlVervmlmp:

161 5813 471 5882 familiaris,
505 5813 748 5887 ejusque
795 5831 934 5871 uxor
976 5815 1298 5883 Theodore,
1331 5831 1366 5870 a
1389 5815 1684 5872 Clemente
1717 5813 1790 5874 ad

159 5881 328 5941 ﬁdem
357 5886 640 5942 conversi.

1899 3323 1961 3377 in
1991 3323 2227 3395 genitali
2251 3325 2373 3379 solo
2400 3323 2756 3394 perdiderat,
2787 3324 2846 3377 in
2879 3326 3117 3378 externa
3145 3321 3385 3392 regione
3415 3337 3534 3376 res-

1901 3417 2090 3484 tituis;
2121 3433 2266 3488 quos
2291 3420 2538 3471 terrenae
2570 3415 2962 3488 generationis
2988 3415 3280 3482 amiserat,
3328 3413 3536 3470 divina:

1899 3509 2095 3564 reddis
2125 3514 2347 3566 naturas
2371 3510 2700 3581 participes.
2735 3509 2956 3564 Deinde
2985 3507 3249 3579 magistri
3279 3507 3366 3562 sui
3389 3507 3536 3562 vica-

1897 3603 2050 3658 rium
2075 3620 2180 3675 per
2200 3603 2467 3658 ordinem
2497 3603 2888 3674 subrogando,
2918 3603 3197 3658 Romanae
3226 3600 3402 3669 urbis,
3435 3617 3531 3656 cu-

1891 3697 1986 3768 jus
2015 3700 2254 3769 propter
2270 3700 2327 3751 te
2355 3696 2697 3768 despexerat
2717 3695 3082 3767 dignitatem,
3104 3697 3306 3749 tenere
3329 3693 3535 3749 consti-

1896 3790 2010 3844 tuis
2035 3790 2447 3862 principatum.
2474 3791 2584 3845 Pro
2607 3806 2722 3861 quo
2747 3789 3085 3845 transituria
3111 3787 3389 3856 claritate,
3423 3803 3530 3843 cae-

1897 3885 2025 3939 lesti
2061 3884 2202 3939 facis
2241 3884 2463 3940 honore
2493 3883 2891 3956 conspicuum.
2927 3884 3230 3938 Postremo
3267 3881 3532 3953 martyrii

1897 3977 2082 4049 gloria
2109 3975 2302 4051 219
2333 3977 2729 4047 sublimatum,
2759 3993 2864 4050 pro
2903 3975 3322 4048 temporalibus
3359 3974 3534 4048 gestis

1897 4072 1970 4127 ad
2001 4075 2281 4127 aeternam
2328 4072 2595 4144 provehis
2641 4088 2942 4140 coronam,
2970 4087 3076 4143 per
3099 4070 3388 4126 Christum
3418 4070 3530 4124 Do-

1896 4165 2123 4220 minum
2151 4169 2434 4222 nostrum.
2474 4168 2583 4221 Per
2617 4182 2794 4238 quem
2821 4165 3178 4236 Majestatem
3214 4166 3377 4218 tuam
3408 4163 3528 4217 lau-

1897 4257 2038 4312 dant
2057 4260 2284 4330 Angeli,
2314 4263 2488 4331 atque
2517 4258 2848 4330 archangeli
2879 4274 2995 4312 non
3013 4258 3241 4312 cessant
3257 4256 3526 4320 clamare,

1897 4350 2176 4420 dicentes,
2207 4353 2468 4421 Sanctus,
2507 4353 2767 4420 Sanctus,
2805 4352 3067 4407 Sanctus.

2446 4444 2748 4496 Benedictio
2772 4444 2973 4508 pOpuli.

1965 4519 2166 4576 Custos
2196 4519 2520 4588 sacerdotii,
2541 4519 2762 4574 dicator
2788 4517 3070 4590 martyrii,
3099 4517 3294 4589 palma
3323 4515 3526 4570 trium-

1814 4581 1874 4654 D
1899 4612 2016 4684 phi,
2049 4614 2198 4668 Deus
2221 4613 2468 4669 benedic
2497 4581 2745 4668 famulos
2775 4614 2834 4666 et
2867 4581 3120 4666 famulas
3137 4613 3284 4665 tuas.
3317 4611 3525 4665 Amen.

1897 4707 2060 4762 Dona
2081 4707 2164 4762 eis
2180 4707 2450 4778 martyris
2472 4706 2643 4778 hujus
2660 4705 2900 4761 obtentu
2919 4706 3075 4760 recte
3101 4704 3311 4771 vivere,
3340 4703 3531 4760 sobrie

1898 4815 2092 4871 agere,
2125 4799 2430 4856 salubriter
2473 4800 2820 4857 conversari.
2852 4801 3062 4854 Amen.
3102 4799 3174 4854 Ut
3216 4798 3314 4853 illa
3350 4799 3530 4869 agant

1897 4911 2000 4949 suo
2041 4893 2302 4962 arbitrio,
2341 4911 2470 4966 quae
2514 4894 2694 4967 digna
2723 4893 3049 4949 habeantur
3074 4895 3174 4948 tuo
3208 4890 3426 4963 judicio
3473 4893 3532 4944 et

1897 4986 2139 5060 indigna
2192 4987 2562 5044 inveniantur
2617 4987 2914 5058 subjacere
2973 4985 3268 5058 supplicio.
3317 4985 3525 5039 Amen.

1897 5081 2064 5146 Quod
2106 5081 2227 5152 ipse
2272 5085 2546 5154 praestare
2595 5080 2852 5154 digneris
2891 5080 2993 5152 qui
3018 5080 3077 5134 in
3099 5077 3373 5134 Trinitate
3402 5093 3530 5150 per-

1896 5175 2046 5230 fecta
2071 5174 2211 5230 vivis
2237 5178 2295 5230 et
2316 5192 2546 5248 regnas.

2036 5279 2168 5334 XVI.
2211 5294 2370 5336 MISSA
2409 5295 2597 5336 SA‘NCTI
2639 5293 2922 5335 samamm
2949 5279 2978 5322 ι)
3025 5291 3269 5334 EPISCOPI
3322 5292 3385 5332 ar

2555 5364 2848 5407 MARTYRIS.

1967 5439 2171 5508 Deum,
2189 5439 2287 5512 qui
2297 5439 2658 5495 immortales
2671 5438 3056 5512 gloriosorum
3073 5440 3398 5512 martyrum
3410 5439 3528 5510 pal-

1895 5547 2020 5587 mas
2031 5531 2371 5604 triumphali
2390 5547 2592 5588 cruore
2603 5532 2875 5606 perfudit,
2899 5533 2958 5588 et
2980 5531 3215 5589 beatam
3227 5531 3342 5588 diei
3359 5531 3525 5602 huius

1961 5685 1993 5748 ig
2031 5673 2640 5748 'I‘_olosati_um_scilicet
2677 5675 2958 5748 episcopi,
3000 5675 3177 5748 cujus
3201 5673 3411 5748 festum
3460 5685 3521 5748 ru

1893 5744 2016 5799 Kal.
2041 5744 2349 5823 _Decemb._,
2371 5745 2453 5823 _id
2495 5746 2671 5823 est_in
2695 5739 2902 5823 Vigiliji
2931 5739 3414 5823 sanctinndrete,
3447 5739 3518 5794 de

1893 5829 2007 5887 quo
2036 5814 2210 5886 infra,
2238 5815 2336 5873 ubi
2365 5819 2534 5875 Roma
2560 5813 2823 5878 Garonn'w
2850 5819 3052 5875 Tolosa
3082 5813 3304 5870 dicitur.
