4032 6180
490 309 583 372 2:51

1283 317 1613 375 Al’PENDlX
1651 317 1738 372 AD
1775 316 1996 375 OPERA
2033 316 2266 374 SANCTI
2305 317 2603 375 GERMANI
2641 315 3068 374 PARlSlE-NSIS.

3750 316 3864 376 252

485 427 937 486 sollemnitatem
965 428 1080 487 suis
1106 445 1208 502 pro
1228 444 1286 484 se
1306 425 1666 484 vincentibus
1679 425 1984 498 dedicavit,
2003 426 2116 484 fra-
2142 437 2201 514 Α
2221 443 2353 484 cum
2375 431 2488 484 tuae
2511 427 2820 500 Majestatis
2841 443 3012 501 super
3034 443 3141 486 nos
3160 423 3492 502 apparuerit
3512 425 3712 500 gloria,
3736 441 3870 484 me-

487 525 604 580 tres
629 523 932 593 carissimi,
957 523 1290 597 suppliciter
1316 539 1570 592 oremus,
1599 525 1662 579 ut
1687 522 1786 596 qui
1817 523 1978 578 dedit
2006 522 2121 578 diei

486 617 658 690 hujus
679 618 1148 686 sollemnitatem,
1166 617 1263 672 det
1289 619 1526 690 plenum
1555 616 1960 673 sollemnitatis
1991 617 2123 672 effe-

489 716 666 768 ctum.
701 711 808 777 Qui
821 711 982 766 dedit
991 711 1100 767 hoc
1116 712 1270 784 quod
1290 713 1474 766 cultus
1489 711 1813 767 festivitatis
1830 709 2123 784 amplecti-

488 808 601 873 tur,
631 805 729 860 det
757 808 818 860 ut
842 804 1048 860 affectu
1068 804 1390 860 devotionis
1415 794 1741 860 imitemur:
1761 806 1832 861 Et
1850 803 2124 876 quicquid

489 901 686 955 sancto
705 898 826 954 viro
853 915 918 954 ac
943 899 1277 955 beatissimo
1299 899 1653 972 martyrisuo
1685 899 1998 955 Saturnino
2027 899 2124 953 ho-

486 990 688 1048 dierno
715 992 807 1048 die
835 993 1054 1065 profuit
1079 993 1152 1048 ad
1173 993 1444 1065 gloriam,
1469 993 1634 1050 nobis
1650 993 1916 1066 proficiat
1941 993 2016 1048 ad
2037 1009 2124 1048 sa-

489 1087 691 1141 lutem.
737 1087 846 1142 Per
906 1086 1217 1143 Dominum
1268 1092 1530 1144 nostrum
1583 1089 1777 1144 Jesum
1835 1086 2122 1143 Christum

489 1179 693 1237 Filium
717 1197 903 1250 suum,
931 1181 1028 1254 qui
1049 1198 1244 1238 secum
1273 1186 1330 1237 et
1356 1199 1486 1238 cum
1519 1181 1734 1254 Spiritu
1759 1185 1977 1237 sancto.

1045 1270 1296 1322 Collectio
1319 1271 1571 1336 sequitur.

559 1341 810 1409 Debitas,
835 1342 1204 1414 omnipotens
1233 1343 1583 1415 sempiterne
1614 1343 1785 1411 Deus,
1817 1342 2124 1398 referimus

489 1436 706 1508 gratias
730 1437 863 1491 Jesu
888 1436 1112 1492 Christo
1139 1438 1388 1493 Domino
1407 1441 1624 1504 nostro,
1651 1437 1710 1491 in
1728 1437 1892 1508 cujus
1921 1436 2121 1492 simili-

491 1529 754 1585 tudinem
775 1530 1142 1586 beatissimus
1162 1531 1526 1600 Saturninus,
1557 1531 1695 1586 dum
1723 1530 1959 1586 offerret
1971 1531 2126 1586 victi-

490 1640 670 1691 mam,
688 1623 806 1695 ipse
825 1625 889 1679 fit
911 1623 1172 1691 victima;
1203 1625 1338 1680 dum
1353 1625 1738 1680 sacerdotium
1753 1626 1968 1680 electus
1979 1625 2120 1696 agit,

489 1717 1084 1788 martyriumdevotus
1105 1717 1384 1790 implevit,
1412 1722 1475 1774 ut
1490 1735 1595 1790 per
1614 1718 1996 1774 eminentiam
2008 1719 2125 1788 jus.

2221 521 2465 578 ritorum
2493 525 2822 579 nostrorum
2851 522 3067 579 tribuas
3093 521 3534 595 indulgentiam,
3559 539 3662 594 per
3691 522 3863 579 Chri-

2223 620 2374 672 stum
2403 617 2718 673 Dominum
2751 620 3032 672 nostrum.
3049 617 3149 674 Cui
3173 617 3382 672 merito
3409 631 3612 672 omnes
3639 617 3867 689 angeli,

2225 713 2398 782 atque
2415 711 3073 782 archangeli,cherubim
3093 727 3322 784 quoque
3346 711 3710 783 etseraphim
3735 711 3870 766 sine

2222 803 2648 861 intermissione
2683 806 3066 878 proclamant,
3099 805 3354 862 dicentes
3385 821 3397 860 :
3427 804 3689 873 Sanctus,
3717 804 3872 861 San.

2223 901 2366 966 ctus,
2389 899 2647 954 Sanctus.

2293 1003 2447 1059 XVII.
2479 1017 2639 1060 mssa
2676 1019 2730 1060 IN
2770 1019 2973 1060 manu;
3011 1018 3199 1060 sucu
3238 1019 3462 1060 unum
3497 1019 3786 1060 arosrou.

2907 1091 3162 1142 Praefatio.

2293 1172 2682 1244 Apostolicum
2709 1176 2766 1228 et
2787 1173 2896 1228 toti
2926 1173 3146 1228 almum
3180 1173 3386 1228 smculo
3415 1171 3593 1242 diem,
3624 1190 3742 1246 quo
3767 1191 3868 1230 re-

2224 1267 2360 1322 tifex
2389 1267 2481 1323 ille
2510 1269 2819 1340 praeclarus
2847 1267 3108 1322 Andreas
3137 1269 3267 1338 post
3283 1265 3693 1323 inluminatam
3717 1285 3873 1340 pra:-

2225 1361 2509 1417 dicatione
2520 1361 2796 1416 Achaiam
2816 1360 2966 1416 felici
2991 1359 3270 1432 martyrio
3293 1359 3601 1428 decoravit,
3626 1363 3714 1416 vel
3736 1378 3878 1434 pro-

2224 1455 2332 1528 prii
2373 1456 2628 1528 corporis
2662 1454 2914 1512 hostiam
2950 1454 3131 1510 crucis
3167 1453 3416 1526 insignia
3453 1455 3874 1526 amplectenda

2225 1549 2487 1621 gestavit,
2513 1550 2718 1604 fratres
2744 1548 3043 1617 carissimi,
3071 1548 3308 1604 intentis
3335 1547 3614 1616 sensibus,
3639 1552 3699 1604 et
3729 1533 3873 1604 totis

2224 1642 2533 1698 visceribus
2581 1645 2928 1711 excolamus,
2973 1642 3250 1714 inclytam
3297 1641 3718 1714 omnipotentis
3763 1643 3874 1698 Dei

2225 1736 2681 1792 misericordiam
2702 1737 3098 1809 deprecantes,
3116 1735 3195 1792 uti
3216 1736 3368 1792 hunc
3385 1737 3662 1809 populum
3677 1737 3876 1793 crucis

485 1811 629 1866 titiae
661 1815 832 1883 atque
861 1811 1130 1880 victorias,
1175 1817 1232 1867 et
1275 1813 1432 1867 testis
1464 1813 1637 1868 fuerit
1663 1815 1720 1867 et
1747 1812 1987 1867 antistes
2017 1828 2030 1867 :
2065 1811 2123 1866 in
2145 1818 2202 1891 Β
2226 1848 2342 1886 sum
2359 1831 2652 1902 signaculo
2671 1829 2854 1905 221
2878 1829 3874 1903 praemonita"),illucjubeatadire,

489 1922 602 1977 quo
635 1905 942 1976 proficiens
970 1905 1106 1961 fidei
1135 1907 1400 1974 latitudo,
1432 1907 1571 1962 dum
1599 1907 1938 1964 cathedram
1955 1905 2124 1961 susci-

488 1999 573 2071 pit
601 1999 943 2064 sanctitatis,
981 2017 1256 2056 coronam
1287 2001 1478 2072 rapuit
1502 2001 1800 2072 passionis.
1821 2002 1904 2055 Ita
1931 2001 2126 2072 Majes-

486 2097 670 2148 tatem
717 2097 898 2161 tuam,
946 2093 1212 2162 Domine,
1250 2095 1533 2166 supplices
1569 2111 1892 2161 exoramus,
1924 2097 1988 2148 ut
2027 2095 2123 2166 qui

489 2189 543 2242 ei
587 2191 808 2243 tantam
855 2205 960 2259 pro
989 2187 1224 2243 nomine
1257 2192 1354 2243 tuo
1387 2189 1696 2260 praestitisti
1730 2189 2120 2259 tolerantiam,

487 2298 591 2353 per
621 2281 744 2352 ejus
777 2280 1248 2338 intercessionem
1295 2282 1513 2337 tribuas
1563 2299 1668 2353 pro
1721 2281 1942 2337 delictis
1967 2284 2120 2354 plebi

487 2373 618 2445 huic
654 2374 905 2430 veniam.
933 2377 1043 2432 Per
1067 2376 1376 2432 Dominum
1409 2379 1669 2431 nostrum
1697 2377 1890 2431 Jesum
1931 2377 2118 2432 Chris-

489 2469 612 2524 tum
634 2467 836 2524 Filium
869 2472 1051 2525 tuum.

979 2559 1230 2610 Collectio
1252 2563 1370 2622 post
1391 2558 1624 2609 nomina.

553 2631 825 2701 Magnum
871 2631 1036 2687 nobis
1073 2635 1160 2686 est
1206 2647 1550 2703 semperque
1581 2631 1868 2698 festivum,
1911 2633 2122 2686 fratres

485 2723 785 2792 carissimi,
801 2725 1008 2780 summi
1031 2723 1317 2796 pontiﬁcis
1334 2727 1391 2779 et
1405 2724 1674 2796 martyris
1695 2724 1991 2780 Saturnini
2005 2741 2125 2779 me-

485 2818 627 2887 ritis,
662 2819 930 2891 depensis
953 2818 1200 2874 ﬁdeliter
1225 2819 1488 2890 precibus
1517 2835 1774 2885 exorare,
1809 2818 1908 2890 qui
1935 2819 2124 2874 Salva-

484 2913 626 2968 toris
654 2911 848 2985 220
875 2911 1056 2968 nostri
1088 2915 1378 2983 prmccpta
1408 2912 1756 2978 custodiens,
1785 2929 1902 2966 non
1933 2913 2120 2967 solum

485 3005 871 3060 sacerdotium
895 3022 961 3060 ac
983 3005 1115 3058 vitae
1145 3005 1567 3060 beatitudinem
1595 3004 1826 3072 meruit,
1858 3022 1917 3059 se
1945 3005 2122 3060 etiam

484 3097 632 3152 tanti
663 3098 899 3153 honoris
938 3098 1192 3153 officium
1241 3098 1391 3152 felici
1440 3098 1716 3169 martyrio
1745 3099 2118 3154 consecravit.

484 3193 594 3247 Per
617 3191 778 3262 cujus
791 3191 1012 3246 meritis
1037 3191 1418 3263 deprecemur
1429 3191 1892 3263 omnipotentem
1915 3193 2119 3260 Deum,
2143 3189 2198 3264 C

487 3289 550 3340 ut
594 3285 707 3340 illic
753 3285 1159 3341 defunctorum
1200 3285 1425 3340 animas
1462 3286 1775 3340 transferat
1814 3303 1849 3340 a
1879 3288 2119 3354 tartaro,

488 3396 601 3451 quo
641 3379 802 3435 illum
830 3396 1001 3436 causa
1029 3379 1246 3434 amoris
1281 3379 1364 3434 sui
1401 3379 1706 3434 adsumere
1739 3378 2011 3450 dignatus
2037 3382 2123 3435 est

484 3473 1003 3547 posttriumphum.
1018 3476 1126 3529 Per
1139 3474 1450 3530 Dominum
1464 3477 1723 3529 nostrum
1743 3474 1938 3530 Jesum
1959 3473 2120 3529 Chri-

486 3573 637 3624 stum
658 3569 862 3623 Filium
889 3585 1078 3635 suum,
1109 3585 1326 3624 secum.

1010 3655 1261 3707 Collectio
1289 3655 1355 3706 ad
1384 3669 1589 3720 pacem.

554 3730 722 3796 Deus‘,
747 3729 847 3800 qui
872 3729 1089 3784 viscera
1108 3728 1520 3784 misericordiae
1537 3732 1710 3800 atque
1740 3727 2121 3782 uberi—multi-

487 3822 637 3894 plici,
670 3821 748 3876 sic
767 3825 994 3878 sanctos
1013 3825 1140 3878 tuos
1155 3839 1399 3877 coronas
1419 3838 1520 3892 pro
1547 3821 1788 3888 meritis,
1813 3825 1877 3876 ut
1904 3821 2118 3878 discor-

487 3915 753 3971 dantium
775 3915 1002 3972 animos
1014 3932 1218 3972 eorum
1241 3914 1649 3970 intercessione
1673 3915 1954 3986 pacifices,
1971 3932 2122 3986 qua:-

488 4025 684 4064 sumus
710 4026 814 4082 per
832 4009 1221 4076 interventum
1253 4009 1434 4064 sancti
1455 4006 1748 4064 Saturnini
1777 4008 2045 4063 antistitis
2066 4013 2125 4065 et

488 4104 756 4176 martyris
777 4103 856 4159 tui
875 4106 939 4158 ut
957 4103 1320 4174 pacificatam
1352 4103 1606 4174 plebem,
1638 4103 1806 4174 hujus
1831 4102 2122 4158 festivitati

487 4200 808 4266 collectam,
841 4196 920 4253 sic
950 4197 1021 4252 ab
1048 4196 1209 4252 omni
1235 4197 1528 4251 simultate
1553 4213 1806 4268 separes,
1839 4199 1904 4250 ut
1931 4197 2118 4267 perfe-

485 4296 637 4347 ctam
655 4295 754 4348 tuo
776 4291 1107 4363 conspectui
1125 4289 1340 4346 habere
1366 4289 1640 4361 digneris.
1673 4291 1783 4345 Per
1811 4289 2121 4346 Dominum

486 4390 748 4442 nostrum
777 4387 972 4442 Jesum
997 4384 1286 4442 Christum
1317 4383 1518 4439 Filium
1537 4386 1724 4438 tuum.

1131 4473 1472 4524 Contestatio.

557 4547 808 4617 Dignum
833 4549 893 4601 et
911 4546 1132 4617 justum
1159 4550 1264 4602 est.
1298 4545 1598 4618 Optimum
1620 4562 1759 4600 sane
1791 4549 1895 4612 est,
1927 4545 2117 4602 nobis-
2140 4561 2200 4635 Β

487 4656 598 4710 que
625 4639 857 4712 speciali
885 4639 1190 4695 devotione
1232 4640 1606 4712 praecipuum,
1636 4639 2119 4712 omnipotentiam

488 4735 664 4800 tuam,
685 4731 931 4788 Trinitas
971 4733 1140 4801 Deus,
1163 4750 1267 4804 pro
1314 4736 1651 4789 cunctorum
1677 4733 2120 4806 triumphalibus

484 4825 668 4898 poenis
725 4825 954 4882 servitio
1001 4824 1216 4897 linguae
1273 4826 1646 4898 supplicantis
1694 4829 1987 4896 extollere,
2016 4828 2119 4884 sed

485 4919 770 4992 praecipue
783 4920 893 4975 hoc
907 4921 1168 4992 tempore
1183 4919 1415 4974 beatum
1429 4919 2119 4989 Saturninum,tremendi

485 5013 737 5070 nominis
771 5013 854 5069 tui
885 5012 1514 5069 conclamantissimum
1548 5016 1755 5069 testem
1786 5014 1980 5071 debito
2011 5015 2115 5071 ho-

484 5123 623 5162 nore
651 5107 936 5178 suscipere
965 5123 978 5162 :
1013 5123 1186 5179 quem
1212 5107 1381 5162 turba
1413 5106 1717 5178 gentilium
1755 5124 1888 5164 cum
1927 5109 2114 5181 impu-

483 5200 548 5256 lit
573 5217 604 5255 e
635 5201 794 5269 fano,
817 5199 1010 5256 intulit
1032 5201 1194 5256 coelo.
1226 5199 1526 5273 Siquidem
1555 5201 1677 5274 ipse
1698 5201 1958 5274 pontifex
1985 5204 2118 5258 tuus

485 5294 556 5348 ab
573 5293 826 5376 Orientis
843 5293 1102 5365 partibus
1117 5293 1177 5350 in
1198 5295 1402 5350 urbem
1412 5293 1762 5350 Tolosatium
1777 5294 2114 5364 destinatus,

483 5389 666 5444 Roma
697 5387 982 5444 Garonnas
1013 5387 1074 5444 in
1107 5388 1290 5444 vicem
1319 5388 1472 5444 Petri
1494 5388 1597 5456 tui,
1626 5391 1748 5443 tam
1772 5388 2114 5444 cathedram

482 5497 657 5553 quam
684 5480 1027 5554 martyrium
1052 5481 1493 5540 consummavit.
1527 5481 1689 5537 Unde
1718 5480 2119 5538 benedicimus

483 5579 558 5644 tc,
601 5575 866 5642 Domine,
898 5575 957 5630 in
985 5575 1252 5647 operibus
1279 5575 1410 5642 tuis,
1443 5577 1503 5628 et
1526 5573 1808 5646 supplices
1842 5574 2114 5647 depreca-

479 5685 629 5735 mur,
661 5671 724 5724 ut
745 5667 1022 5740 spiritalia
1033 5665 1340 5723 Christiani
1355 5667 1552 5738 populi
1575 5651 1866 5724 desideria
1891 5669 2118 5724 sollem-

484 5761 634 5815 niter
680 5760 1052 5832 impleantur,
1097 5762 1158 5814 et
1203 5758 1600 5816 misericordia
1645 5777 1680 5816 a
1721 5763 1778 5816 te
1807 5761 1988 5833 petita
2014 5777 2118 5833 per

483 5852 664 5907 sancti
679 5852 761 5908 tui
778 5849 1073 5908 Saturnini
1091 5850 1366 5924 suffragia
1383 5852 1649 5910 celeriter
1669 5852 2031 5926 impetretur.
2046 5855 2118 5912 Ut

2225 1924 2678 1980 adminiculante
2717 1925 2852 1994 ﬁde,
2885 1941 2999 1997 quo
3033 1928 3255 1996 martyr
3287 1923 3578 1996 praecessit
3616 1923 3873 1996 impleto

2225 2019 2566 2074 certamine.
2615 2018 2781 2084 Quod
2825 2017 2944 2090 ipse
2976 2022 3248 2090 praestare
3281 2017 3571 2090 dignetur,
3600 2017 3704 2090 qui
3733 2035 3873 2074 cum

2223 2113 2390 2167 Patre
2419 2115 2478 2167 et
2503 2111 2719 2184 Spiritu
2750 2114 2948 2168 sancto
2974 2111 3110 2166 vivit
3139 2114 3200 2166 et
3225 2127 3348 2183 reg.

2781 2205 3032 2256 Collectio
3057 2204 3307 2268 sequitur.

2295 2281 2516 2337 Christe
2542 2281 2808 2348 Domine,
2824 2279 3068 2336 crucifer
3079 2279 3346 2352 gloriose,
3363 2278 3460 2351 qui
3472 2278 3869 2336 constantiam

2222 2375 2375 2432 beati
2401 2374 2648 2430 Andreae
2680 2374 2925 2446 apostoli
2945 2376 3183 2446 propter
3212 2371 3458 2445 gloriam
3492 2372 3576 2427 tui
3607 2374 3870 2429 nominis

2223 2467 2476 2523 crucifixi
2513 2467 2594 2522 ita
2625 2467 2960 2522 confortasti
2998 2467 3057 2521 in
3099 2463 3320 2539 proelio,
3367 2469 3430 2520 ut
3468 2467 3783 2522 extolleres
3807 2467 3864 2524 in

2223 2561 2540 2633 triumpho,
2576 2561 2782 2616 exaudi
2809 2561 2963 2616 hunc
2976 2563 3183 2616 coetum
3197 2558 3512 2632 supplicem
3526 2576 3593 2615 ac
3614 2577 3870 2632 praesen-

2222 2659 2364 2722 tem,
2381 2657 2438 2709 et
2465 2657 2675 2726 praesta
2697 2658 2758 2709 ut
2781 2653 2880 2726 qui
2908 2654 3018 2709 hoc
3045 2657 3306 2725 tempore
3333 2652 3456 2724 ejus
3483 2654 3870 2710 sollemnitati

2225 2748 2484 2803 debitum
2514 2749 2698 2804 fcenus
2725 2747 3088 2814 exsolvimus,
3119 2747 3325 2802 futuris
3349 2747 3715 2819 temporibus
3738 2766 3869 2804 mo-

2223 2843 2361 2912 dum
2390 2842 2520 2896 vitae
2543 2841 2896 2909 castissimus,
2911 2840 3035 2913 ipso
3054 2840 3393 2914 opitulante,
3422 2857 3741 2896 servemus.
3761 2843 3874 2898 Per

2223 2939 2300 3002 te,
2330 2935 2551 2991 Christe
2591 2935 2853 2991 Salvator
2885 2934 3110 3002 mundi,
3153 2933 3250 3006 qui
3279 2951 3410 2989 cum
3443 2938 3662 2990 aeterno
3693 2936 3872 2990 Patre

2223 3029 2380 3096 vivis,
2425 3027 2743 3084 dominaris
2781 3031 2839 3083 et
2871 3045 3082 3100 regnas
3108 3029 3257 3083 DBus
3285 3027 3343 3083 in
3372 3027 3589 3083 unitate
3617 3027 3876 3101 Spiritus

2223 3122 2402 3178 sancti
2431 3121 2489 3176 in
2519 3123 2725 3177 saecula
2742 3123 3101 3178 saeculorum.

2717 3215 2969 3266 Collectio
3001 3217 3118 3280 post
3135 3213 3366 3264 nomina.

2294 3289 2765 3360 Omnipotentem
2785 3291 2980 3344 Deum
3000 3307 3066 3344 ac
3087 3289 3398 3344 Dominum
3427 3291 3711 3356 nostrum,
3743 3291 3871 3346 fra-

2222 3389 2340 3440 tres
2367 3383 2662 3451 carissimi,
2689 3383 3085 3456 deprecemur,
3123 3386 3186 3437 ut
3209 3383 3494 3439 hodierna
3530 3384 3872 3454 sollemnia,

2224 3495 2338 3550 que
2367 3494 2472 3550 pro
2514 3477 2706 3532 natale
2735 3476 3050 3532 beatissimi
3099 3475 3344 3548 apostoli
3371 3479 3431 3532 et
3458 3477 3733 3548 martyris
3777 3479 3872 3533 sui

2222 3572 2466 3628 Andreas
2495 3570 2865 3643 suscepimus,
2897 3569 3002 3625 sibi
3029 3569 3150 3642 ipse
3177 3569 3578 3638 commendet;
3619 3587 3690 3626 ac
3719 3571 3877 3626 sicut

2224 3664 2307 3720 illi
2331 3665 2505 3720 hodie
2547 3665 2620 3721 ob
2661 3663 3135 3736 praedicationem
3175 3663 3332 3718 verbi
3367 3663 3454 3718 sui
3485 3667 3676 3736 capto,
3709 3665 3879 3722 inter

2222 3760 2447 3814 vincula
2474 3758 2736 3826 carceris,
2768 3758 3000 3830 ﬂagella
3029 3760 3090 3813 et
3113 3757 3294 3813 crucis
3328 3773 3532 3812 necem
3559 3757 3771 3826 adfuit,
3813 3763 3879 3814 et

2223 3853 2295 3908 de
2327 3852 2618 3924 triumpho
2661 3851 2838 3908 nobili
2877 3867 3156 3907 coronam
3195 3850 3374 3919 dedit,
3404 3851 3483 3906 ita
3525 3850 3878 3908 interventu

2222 3947 2346 4017 ejus
2391 3947 2559 4002 nobis
2602 3946 2662 4000 in
2705 3963 2764 4000 se
2807 3944 3193 4012 credentibus,
3225 3945 3322 4016 qui
3364 3945 3645 4016 pressuris
3687 3945 3878 4016 hujus

2223 4039 2448 4106 mundi,
2480 4043 2538 4094 et
2563 4038 2783 4094 insidiis
2811 4037 3122 4094 adversarii
3143 4038 3480 4110 fatigamur,
3501 4037 3564 4092 in
3585 4039 3880 4094 omnibus

2221 4133 2637 4190 tentationibus
2649 4133 2872 4202 adesse,
2893 4149 2958 4188 ac
2979 4131 3435 4188 misericordiam
3448 4131 3648 4204 largiri
3661 4133 3886 4205 digne-

2223 4232 2334 4296 tur,
2365 4231 2424 4283 et
2438 4227 2786 4283 oﬂ'erentum
2806 4244 2872 4282 ac
2893 4229 3265 4299 pausantum,
3298 4243 3430 4298 qua:
3454 4225 3696 4282 recitata
3727 4233 3884 4283 sunt

2222 4321 2482 4390 nomina,
2511 4321 2769 4394 Apostoli
2805 4320 2893 4375 sui
2932 4319 3344 4376 intercessione
3375 4320 3714 4375 sanctificet.
3757 4321 3885 4378 Per

2221 4416 2530 4472 Dominum
2571 4419 2833 4472 nostrum
2877 4417 3072 4470 Jesum
3098 4413 3388 4471 Christum
3419 4413 3625 4470 Filium
3665 4431 3882 4485 suum,

2222 4527 2418 4566 secum
2447 4509 2554 4564 viv.

2757 4579 3008 4632 Collectio
3032 4579 3099 4630 ad
3124 4593 3328 4644 pacem.

2290 4657 2674 4729 Omnipotens
2699 4655 3053 4728 sempiterna
3079 4657 3248 4725 Deus,
3265 4655 3361 4730 qui
3383 4657 3546 4710 tanta
3581 4653 3688 4710 tibi
3720 4659 3888 4714 cari-

2219 4753 2335 4808 tate
2377 4751 2614 4806 beatum
2656 4750 2951 4806 Andream
2998 4751 3324 4823 apostolum
3362 4747 3611 4815 vinxisti,
3657 4752 3728 4805 ut
3771 4757 3889 4809 tuo

2219 4844 2426 4901 auxilio
2471 4843 2675 4900 mundi
2723 4843 2982 4900 vinceret
3022 4843 3246 4912 ﬂuctus,
3298 4842 3487 4898 carnis
3525 4846 3892 4904 contereret

2217 4942 2430 5007 motus,
2445 4937 2796 5010 nitentisque
2819 4937 2995 5010 gladii
3008 4954 3126 4994 non
3139 4941 3374 5010 paveret
3385 4935 3664 5003 adsultus,
3681 4954 3889 5009 quem

2218 5049 2353 5090 crux
2379 5033 2602 5088 elevata
2617 5030 2866 5104 suscepit
2893 5030 3199 5100 humilem,
3215 5035 3280 5086 ut
3301 5030 3633 5087 restitueret
3657 5031 3896 5092 trium-

2219 5127 2521 5199 phantem,
2553 5125 2811 5198 paciﬁca,
2845 5142 3196 5198 qumsumus,
3225 5125 3375 5180 hanc
3403 5123 3700 5183 familiam
3747 5130 3897 5202 ejus

2218 5219 2594 5276 sollemnitati
2609 5220 2934 5286 collectam,
2961 5223 3026 5274 ut
3045 5219 3185 5274 dum
3210 5218 3430 5290 praebet
3455 5220 3652 5276 oscula
3675 5227 3900 5294 pmxi-

2219 5313 2349 5382 mis,
2376 5312 2684 5384 indulgens
2710 5311 3053 5368 laedentibus
3077 5312 3306 5370 veniam
3331 5312 3593 5369 obtineat
3623 5331 3741 5386 pro
3775 5319 3899 5375 de»

2219 5407 2382 5463 lictis.
2410 5409 2520 5462 Per
2549 5406 2864 5461 Dominum
2895 5410 3157 5464 nostrum
3197 5409 3392 5464 Jesum
3435 5407 3742 5466 Christum
3791 5413 3896 5470 Εἱ-

2218 5500 2358 5556 lium
2383 5502 2571 5570 tuum,
2605 5498 2704 5572 qui
2729 5503 2944 5556 tecum.

2865 5593 3199 5645 Contestatio.

2288 5666 2540 5738 Dignum
2558 5670 2616 5722 et
2633 5667 2855 5741 justum
2875 5671 2979 5736 est,
3011 5683 3244 5740 aequum
3271 5670 3330 5724 et
3351 5667 3575 5740 justum
3597 5672 3716 5739 est,
3751 5675 3900 5747 pie-

2216 5757 2323 5816 tati
2349 5763 2462 5816 tuaa
2476 5760 2798 5818 ineffabiles
2822 5761 3038 5834 gratias
3047 5763 3286 5833 referre,
3301 5761 3703 5835 omnipotens,
3723 5784 3908 5828 sem-

2216 5853 2443 5928 piterne
2459 5855 2644 5923 Deus;
2669 5858 2728 5912 et
2747 5855 3139 5914 inaestimabili
3152 5856 3367 5932 gaudio
3383 5855 3733 5931 passionem
3753 5866 3908 5924 tuo-
