  <div class='ocr_page' id='page_1' title='image "/cluster/home/n/w/nwhite01/storage/ocr_20150623/72/hvd.32044054758768/132.png"; bbox 0 0 4032 6180; ppageno 0'>
   <div class='ocr_carea' id='block_1_1' title="bbox 169 334 275 389">
    <p class='ocr_par' dir='ltr' id='par_1_1' title="bbox 169 334 275 389">
     <span class='ocr_line' id='line_1_1' title="bbox 169 334 275 389; baseline -0.009 0"><span class='ocrx_word' id='word_1_1' title='bbox 169 334 275 389; x_wconf 76' lang='lat'><strong>253</strong></span> 
     </span>
    </p>
   </div>
   <div class='ocr_carea' id='block_1_2' title="bbox 1257 331 2466 402">
    <p class='ocr_par' dir='ltr' id='par_1_2' title="bbox 1257 331 2466 402">
     <span class='ocr_line' id='line_1_2' title="bbox 1257 331 2466 402; baseline 0.008 -10"><span class='ocrx_word' id='word_1_2' title='bbox 1257 335 1342 393; x_wconf 81' lang='lat' dir='ltr'><strong>DE</strong></span> <span class='ocrx_word' id='word_1_3' title='bbox 1382 331 1692 395; x_wconf 75' lang='lat' dir='ltr'><strong>LITURGIA</strong></span> <span class='ocrx_word' id='word_1_4' title='bbox 1729 338 2101 399; x_wconf 72' lang='lat' dir='ltr'><strong>GALLICANA</strong></span> <span class='ocrx_word' id='word_1_5' title='bbox 2140 341 2339 400; x_wconf 79' lang='lat' dir='ltr'><strong>LIBER</strong></span> <span class='ocrx_word' id='word_1_6' title='bbox 2377 345 2466 402; x_wconf 85' lang='lat' dir='ltr'><strong>lll.</strong></span> 
     </span>
    </p>
   </div>
   <div class='ocr_carea' id='block_1_3' title="bbox 3431 347 3536 406">
    <p class='ocr_par' dir='ltr' id='par_1_3' title="bbox 3431 347 3536 406">
     <span class='ocr_line' id='line_1_3' title="bbox 3431 347 3536 406; baseline 0 0"><span class='ocrx_word' id='word_1_7' title='bbox 3431 347 3536 406; x_wconf 68' lang='grc'><strong>234</strong></span> 
     </span>
    </p>
   </div>
   <div class='ocr_carea' id='block_1_4' title="bbox 169 439 3538 535">
    <p class='ocr_par' dir='ltr' id='par_1_4' title="bbox 169 439 3538 535">
     <span class='ocr_line' id='line_1_4' title="bbox 169 439 3538 535; baseline 0.005 -38"><span class='ocrx_word' id='word_1_8' title='bbox 169 456 303 498; x_wconf 85' lang='lat' dir='ltr'><strong>rum</strong></span> <span class='ocrx_word' id='word_1_9' title='bbox 333 439 646 515; x_wconf 65' lang='lat' dir='ltr'><strong>praedicare</strong></span> <span class='ocrx_word' id='word_1_10' title='bbox 667 443 1017 511; x_wconf 82' lang='lat' dir='ltr'><strong>sanctorum,</strong></span> <span class='ocrx_word' id='word_1_11' title='bbox 1046 459 1152 517; x_wconf 89' lang='lat' dir='ltr'><strong>per</strong></span> <span class='ocrx_word' id='word_1_12' title='bbox 1173 444 1463 501; x_wconf 79' lang='lat' dir='ltr'><strong>Christum</strong></span> <span class='ocrx_word' id='word_1_13' title='bbox 1490 445 1803 503; x_wconf 90' lang='lat' dir='ltr'><strong>Dominum</strong></span> <span class='ocrx_word' id='word_1_14' title='bbox 1826 460 1886 535; x_wconf 69' lang='grc' dir='ltr'><strong>Α</strong></span> <span class='ocrx_word' id='word_1_15' title='bbox 1907 450 2047 507; x_wconf 88' lang='lat' dir='ltr'><strong>dera</strong></span> <span class='ocrx_word' id='word_1_16' title='bbox 2087 452 2312 522; x_wconf 88' lang='lat' dir='ltr'><strong>sedens,</strong></span> <span class='ocrx_word' id='word_1_17' title='bbox 2349 455 2570 514; x_wconf 90' lang='lat' dir='ltr'><strong>almum</strong></span> <span class='ocrx_word' id='word_1_18' title='bbox 2605 457 2771 514; x_wconf 86' lang='lat' dir='ltr'><strong>nobis</strong></span> <span class='ocrx_word' id='word_1_19' title='bbox 2802 457 2976 529; x_wconf 86' lang='lat' dir='ltr'><strong>sidus,</strong></span> <span class='ocrx_word' id='word_1_20' title='bbox 3007 458 3208 516; x_wconf 86' lang='lat' dir='ltr'><strong>beatos</strong></span> <span class='ocrx_word' id='word_1_21' title='bbox 3248 456 3538 532; x_wconf 72' lang='lat' dir='ltr'><strong>apostolos</strong></span> 
     </span>
    </p>
   </div>
   <div class='ocr_carea' id='block_1_5' title="bbox 169 536 1809 613">
    <p class='ocr_par' dir='ltr' id='par_1_5' title="bbox 169 536 1809 613">
     <span class='ocr_line' id='line_1_5' title="bbox 169 536 1809 613; baseline 0.004 -22"><span class='ocrx_word' id='word_1_22' title='bbox 169 539 458 593; x_wconf 82' lang='lat' dir='ltr'><strong>nostrum.</strong></span> <span class='ocrx_word' id='word_1_23' title='bbox 475 536 581 604; x_wconf 84' lang='lat' dir='ltr'><strong>Qui</strong></span> <span class='ocrx_word' id='word_1_24' title='bbox 610 538 781 594; x_wconf 90' lang='lat' dir='ltr'><strong>beato</strong></span> <span class='ocrx_word' id='word_1_25' title='bbox 803 538 1046 595; x_wconf 66' lang='lat' dir='ltr'><strong>Andreae</strong></span> <span class='ocrx_word' id='word_1_26' title='bbox 1059 539 1118 594; x_wconf 91' lang='lat' dir='ltr'><strong>in</strong></span> <span class='ocrx_word' id='word_1_27' title='bbox 1132 539 1320 613; x_wconf 91' lang='lat' dir='ltr'><strong>prima</strong></span> <span class='ocrx_word' id='word_1_28' title='bbox 1336 539 1634 597; x_wconf 89' lang='lat' dir='ltr'><strong>vocatione</strong></span> <span class='ocrx_word' id='word_1_29' title='bbox 1649 540 1809 598; x_wconf 88' lang='lat' dir='ltr'><strong>dedit</strong></span> 
     </span>
    </p>
   </div>
   <div class='ocr_carea' id='block_1_6' title="bbox 165 631 1808 708">
    <p class='ocr_par' dir='ltr' id='par_1_6' title="bbox 165 631 1808 708">
     <span class='ocr_line' id='line_1_6' title="bbox 165 631 1808 708; baseline 0.003 -22"><span class='ocrx_word' id='word_1_30' title='bbox 165 631 375 698; x_wconf 83' lang='lat' dir='ltr'><strong>ﬁdem,</strong></span> <span class='ocrx_word' id='word_1_31' title='bbox 406 634 465 687; x_wconf 89' lang='lat' dir='ltr'><strong>et</strong></span> <span class='ocrx_word' id='word_1_32' title='bbox 491 632 548 687; x_wconf 91' lang='lat' dir='ltr'><strong>in</strong></span> <span class='ocrx_word' id='word_1_33' title='bbox 573 633 836 704; x_wconf 81' lang='lat' dir='ltr'><strong>passione</strong></span> <span class='ocrx_word' id='word_1_34' title='bbox 879 633 1115 690; x_wconf 90' lang='lat' dir='ltr'><strong>donavit</strong></span> <span class='ocrx_word' id='word_1_35' title='bbox 1147 633 1466 690; x_wconf 81' lang='lat' dir='ltr'><strong>victoriam.</strong></span> <span class='ocrx_word' id='word_1_36' title='bbox 1493 637 1808 708; x_wconf 77' lang='lat' dir='ltr'><strong>Acceperat</strong></span> 
     </span>
    </p>
   </div>
   <div class='ocr_carea' id='block_1_7' title="bbox 163 726 1806 802">
    <p class='ocr_par' dir='ltr' id='par_1_7' title="bbox 163 726 1806 802">
     <span class='ocr_line' id='line_1_7' title="bbox 163 726 1806 802; baseline 0.003 -22"><span class='ocrx_word' id='word_1_37' title='bbox 163 726 291 781; x_wconf 68' lang='lat' dir='ltr'><strong>haec</strong></span> <span class='ocrx_word' id='word_1_38' title='bbox 315 729 558 798; x_wconf 84' lang='lat' dir='ltr'><strong>utraque</strong></span> <span class='ocrx_word' id='word_1_39' title='bbox 578 727 780 782; x_wconf 85' lang='lat' dir='ltr'><strong>beatus</strong></span> <span class='ocrx_word' id='word_1_40' title='bbox 798 728 1085 796; x_wconf 78' lang='lat' dir='ltr'><strong>Andreas;</strong></span> <span class='ocrx_word' id='word_1_41' title='bbox 1104 728 1234 783; x_wconf 91' lang='lat' dir='ltr'><strong>ideo</strong></span> <span class='ocrx_word' id='word_1_42' title='bbox 1248 727 1498 784; x_wconf 83' lang='lat' dir='ltr'><strong>habebat</strong></span> <span class='ocrx_word' id='word_1_43' title='bbox 1515 733 1572 784; x_wconf 92' lang='lat' dir='ltr'><strong>et</strong></span> <span class='ocrx_word' id='word_1_44' title='bbox 1589 729 1645 784; x_wconf 91' lang='lat' dir='ltr'><strong>in</strong></span> <span class='ocrx_word' id='word_1_45' title='bbox 1664 747 1806 802; x_wconf 71' lang='lat' dir='ltr'><strong>pras-</strong></span> 
     </span>
    </p>
   </div>
   <div class='ocr_carea' id='block_1_8' title="bbox 163 819 1802 894">
    <p class='ocr_par' dir='ltr' id='par_1_8' title="bbox 163 819 1802 894">
     <span class='ocr_line' id='line_1_8' title="bbox 163 819 1802 894; baseline 0.002 -19"><span class='ocrx_word' id='word_1_46' title='bbox 163 819 462 877; x_wconf 85' lang='lat' dir='ltr'><strong>dicatione</strong></span> <span class='ocrx_word' id='word_1_47' title='bbox 499 822 906 890; x_wconf 90' lang='lat' dir='ltr'><strong>constantiam,</strong></span> <span class='ocrx_word' id='word_1_48' title='bbox 938 826 997 876; x_wconf 93' lang='lat' dir='ltr'><strong>et</strong></span> <span class='ocrx_word' id='word_1_49' title='bbox 1027 822 1088 877; x_wconf 91' lang='lat' dir='ltr'><strong>in</strong></span> <span class='ocrx_word' id='word_1_50' title='bbox 1118 822 1383 894; x_wconf 84' lang='lat' dir='ltr'><strong>passione</strong></span> <span class='ocrx_word' id='word_1_51' title='bbox 1411 823 1802 880; x_wconf 79' lang='lat' dir='ltr'><strong>tolerantiam.</strong></span> 
     </span>
    </p>
   </div>
   <div class='ocr_carea' id='block_1_9' title="bbox 163 915 1802 991">
    <p class='ocr_par' dir='ltr' id='par_1_9' title="bbox 163 915 1802 991">
     <span class='ocr_line' id='line_1_9' title="bbox 163 915 1802 991; baseline 0.003 -23"><span class='ocrx_word' id='word_1_52' title='bbox 163 915 276 979; x_wconf 84' lang='lat' dir='ltr'><strong>Qui</strong></span> <span class='ocrx_word' id='word_1_53' title='bbox 306 919 440 986; x_wconf 90' lang='lat' dir='ltr'><strong>post</strong></span> <span class='ocrx_word' id='word_1_54' title='bbox 469 915 664 988; x_wconf 90' lang='lat' dir='ltr'><strong>iniqua</strong></span> <span class='ocrx_word' id='word_1_55' title='bbox 693 917 950 984; x_wconf 89' lang='lat' dir='ltr'><strong>verbera,</strong></span> <span class='ocrx_word' id='word_1_56' title='bbox 969 915 1163 991; x_wconf 95' lang='lat'><strong>222</strong></span> <span class='ocrx_word' id='word_1_57' title='bbox 1181 920 1313 988; x_wconf 91' lang='lat' dir='ltr'><strong>post</strong></span> <span class='ocrx_word' id='word_1_58' title='bbox 1337 917 1580 972; x_wconf 89' lang='lat' dir='ltr'><strong>carceris</strong></span> <span class='ocrx_word' id='word_1_59' title='bbox 1607 922 1802 990; x_wconf 67' lang='lat' dir='ltr'><strong>saepta,</strong></span> 
     </span>
    </p>
   </div>
   <div class='ocr_carea' id='block_1_10' title="bbox 159 1009 1808 1081">
    <p class='ocr_par' dir='ltr' id='par_1_10' title="bbox 159 1009 1808 1081">
     <span class='ocr_line' id='line_1_10' title="bbox 159 1009 1808 1081; baseline 0.002 -19"><span class='ocrx_word' id='word_1_60' title='bbox 159 1009 441 1081; x_wconf 84' lang='lat' dir='ltr'><strong>alligatus</strong></span> <span class='ocrx_word' id='word_1_61' title='bbox 466 1009 776 1081; x_wconf 91' lang='lat' dir='ltr'><strong>suspendio</strong></span> <span class='ocrx_word' id='word_1_62' title='bbox 803 1026 863 1064; x_wconf 88' lang='lat' dir='ltr'><strong>se</strong></span> <span class='ocrx_word' id='word_1_63' title='bbox 892 1027 1099 1081; x_wconf 90' lang='lat' dir='ltr'><strong>purum</strong></span> <span class='ocrx_word' id='word_1_64' title='bbox 1128 1010 1469 1066; x_wconf 84' lang='lat' dir='ltr'><strong>sacrificium</strong></span> <span class='ocrx_word' id='word_1_65' title='bbox 1483 1009 1808 1066; x_wconf 90' lang='lat' dir='ltr'><strong>tibiobtulit</strong></span> 
     </span>
    </p>
   </div>
   <div class='ocr_carea' id='block_1_11' title="bbox 159 1103 1800 1178">
    <p class='ocr_par' dir='ltr' id='par_1_11' title="bbox 159 1103 1800 1178">
     <span class='ocr_line' id='line_1_11' title="bbox 159 1103 1800 1178; baseline 0.002 -20"><span class='ocrx_word' id='word_1_66' title='bbox 159 1103 310 1158; x_wconf 89' lang='lat' dir='ltr'><strong>Deo.</strong></span> <span class='ocrx_word' id='word_1_67' title='bbox 327 1103 594 1159; x_wconf 85' lang='lat' dir='ltr'><strong>Extendit</strong></span> <span class='ocrx_word' id='word_1_68' title='bbox 618 1103 956 1160; x_wconf 86' lang='lat' dir='ltr'><strong>mitissimus</strong></span> <span class='ocrx_word' id='word_1_69' title='bbox 981 1103 1219 1160; x_wconf 89' lang='lat' dir='ltr'><strong>brachia</strong></span> <span class='ocrx_word' id='word_1_70' title='bbox 1251 1105 1324 1160; x_wconf 87' lang='lat' dir='ltr'><strong>ad</strong></span> <span class='ocrx_word' id='word_1_71' title='bbox 1351 1106 1540 1173; x_wconf 67' lang='lat' dir='ltr'><strong>caelos,</strong></span> <span class='ocrx_word' id='word_1_72' title='bbox 1579 1107 1800 1178; x_wconf 83' lang='lat' dir='ltr'><strong>ample-</strong></span> 
     </span>
    </p>
   </div>
   <div class='ocr_carea' id='block_1_12' title="bbox 157 1197 1803 1271">
    <p class='ocr_par' dir='ltr' id='par_1_12' title="bbox 157 1197 1803 1271">
     <span class='ocr_line' id='line_1_12' title="bbox 157 1197 1803 1271; baseline 0.002 -19"><span class='ocrx_word' id='word_1_73' title='bbox 157 1197 348 1252; x_wconf 79' lang='lat' dir='ltr'><strong>ctitur</strong></span> <span class='ocrx_word' id='word_1_74' title='bbox 386 1197 566 1252; x_wconf 91' lang='lat' dir='ltr'><strong>crucis</strong></span> <span class='ocrx_word' id='word_1_75' title='bbox 591 1197 878 1266; x_wconf 84' lang='lat' dir='ltr'><strong>vexillum,</strong></span> <span class='ocrx_word' id='word_1_76' title='bbox 911 1197 1113 1269; x_wconf 81' lang='lat' dir='ltr'><strong>defigit</strong></span> <span class='ocrx_word' id='word_1_77' title='bbox 1145 1199 1206 1253; x_wconf 90' lang='lat' dir='ltr'><strong>in</strong></span> <span class='ocrx_word' id='word_1_78' title='bbox 1249 1199 1456 1254; x_wconf 83' lang='lat' dir='ltr'><strong>osculis</strong></span> <span class='ocrx_word' id='word_1_79' title='bbox 1501 1216 1622 1268; x_wconf 90' lang='lat' dir='ltr'><strong>ora,</strong></span> <span class='ocrx_word' id='word_1_80' title='bbox 1654 1199 1803 1271; x_wconf 80' lang='lat' dir='ltr'><strong>Agni</strong></span> 
     </span>
    </p>
   </div>
   <div class='ocr_carea' id='block_1_13' title="bbox 155 1291 1805 1365">
    <p class='ocr_par' dir='ltr' id='par_1_13' title="bbox 155 1291 1805 1365">
     <span class='ocr_line' id='line_1_13' title="bbox 155 1291 1805 1365; baseline 0.002 -20"><span class='ocrx_word' id='word_1_81' title='bbox 155 1291 468 1362; x_wconf 77' lang='lat' dir='ltr'><strong>cognoscit</strong></span> <span class='ocrx_word' id='word_1_82' title='bbox 487 1309 717 1347; x_wconf 89' lang='lat' dir='ltr'><strong>arcana.</strong></span> <span class='ocrx_word' id='word_1_83' title='bbox 743 1291 1002 1364; x_wconf 85' lang='lat' dir='ltr'><strong>Denique</strong></span> <span class='ocrx_word' id='word_1_84' title='bbox 1031 1292 1170 1348; x_wconf 89' lang='lat' dir='ltr'><strong>dum</strong></span> <span class='ocrx_word' id='word_1_85' title='bbox 1200 1292 1274 1348; x_wconf 89' lang='lat' dir='ltr'><strong>ad</strong></span> <span class='ocrx_word' id='word_1_86' title='bbox 1293 1293 1614 1365; x_wconf 82' lang='lat' dir='ltr'><strong>patibulum</strong></span> <span class='ocrx_word' id='word_1_87' title='bbox 1637 1294 1805 1348; x_wconf 89' lang='lat' dir='ltr'><strong>duce-</strong></span> 
     </span>
    </p>
   </div>
   <div class='ocr_carea' id='block_1_14' title="bbox 156 1385 1805 1458">
    <p class='ocr_par' dir='ltr' id='par_1_14' title="bbox 156 1385 1805 1458">
     <span class='ocr_line' id='line_1_14' title="bbox 156 1385 1805 1458; baseline 0.001 -18"><span class='ocrx_word' id='word_1_88' title='bbox 156 1388 350 1452; x_wconf 80' lang='lat' dir='ltr'><strong>retur,</strong></span> <span class='ocrx_word' id='word_1_89' title='bbox 380 1385 442 1440; x_wconf 90' lang='lat' dir='ltr'><strong>in</strong></span> <span class='ocrx_word' id='word_1_90' title='bbox 473 1401 638 1440; x_wconf 86' lang='lat' dir='ltr'><strong>cruce</strong></span> <span class='ocrx_word' id='word_1_91' title='bbox 672 1386 1140 1458; x_wconf 87' lang='lat' dir='ltr'><strong>suspenderetur,</strong></span> <span class='ocrx_word' id='word_1_92' title='bbox 1171 1403 1342 1441; x_wconf 88' lang='lat' dir='ltr'><strong>carne</strong></span> <span class='ocrx_word' id='word_1_93' title='bbox 1369 1387 1713 1458; x_wconf 88' lang='lat' dir='ltr'><strong>patiebatur,</strong></span> <span class='ocrx_word' id='word_1_94' title='bbox 1747 1391 1805 1442; x_wconf 91' lang='lat' dir='ltr'><strong>et</strong></span> 
     </span>
    </p>
   </div>
   <div class='ocr_carea' id='block_1_15' title="bbox 154 1479 1801 1551">
    <p class='ocr_par' dir='ltr' id='par_1_15' title="bbox 154 1479 1801 1551">
     <span class='ocr_line' id='line_1_15' title="bbox 154 1479 1801 1551; baseline 0.002 -19"><span class='ocrx_word' id='word_1_95' title='bbox 154 1479 373 1550; x_wconf 76' lang='lat' dir='ltr'><strong>spiritu</strong></span> <span class='ocrx_word' id='word_1_96' title='bbox 385 1480 747 1551; x_wconf 74' lang='lat' dir='ltr'><strong>loquebatur.</strong></span> <span class='ocrx_word' id='word_1_97' title='bbox 768 1479 1126 1536; x_wconf 85' lang='lat' dir='ltr'><strong>Obliviscitur</strong></span> <span class='ocrx_word' id='word_1_98' title='bbox 1137 1480 1317 1535; x_wconf 85' lang='lat' dir='ltr'><strong>crucis</strong></span> <span class='ocrx_word' id='word_1_99' title='bbox 1328 1484 1640 1549; x_wconf 89' lang='lat' dir='ltr'><strong>tormenta,</strong></span> <span class='ocrx_word' id='word_1_100' title='bbox 1661 1481 1801 1536; x_wconf 90' lang='lat' dir='ltr'><strong>dum</strong></span> 
     </span>
    </p>
   </div>
   <div class='ocr_carea' id='block_1_16' title="bbox 153 1559 1803 1647">
    <p class='ocr_par' dir='ltr' id='par_1_16' title="bbox 153 1559 1803 1647">
     <span class='ocr_line' id='line_1_16' title="bbox 153 1559 1803 1647; baseline 0.001 -19"><span class='ocrx_word' id='word_1_101' title='bbox 153 1574 224 1628; x_wconf 88' lang='lat' dir='ltr'><strong>de</strong></span> <span class='ocrx_word' id='word_1_102' title='bbox 253 1589 432 1628; x_wconf 84' lang='lat' dir='ltr'><strong>cruce</strong></span> <span class='ocrx_word' id='word_1_103' title='bbox 453 1573 743 1629; x_wconf 82' lang='lat' dir='ltr'><strong>Christum</strong></span> <span class='ocrx_word' id='word_1_104' title='bbox 759 1559 1072 1646; x_wconf 65' lang='lat' dir='ltr'><strong>prtéconat.</strong></span> <span class='ocrx_word' id='word_1_105' title='bbox 1093 1574 1387 1639; x_wconf 86' lang='lat' dir='ltr'><strong>Quantum</strong></span> <span class='ocrx_word' id='word_1_106' title='bbox 1413 1574 1571 1630; x_wconf 88' lang='lat' dir='ltr'><strong>enim</strong></span> <span class='ocrx_word' id='word_1_107' title='bbox 1595 1591 1803 1647; x_wconf 91' lang='lat' dir='ltr'><strong>corpus</strong></span> 
     </span>
    </p>
   </div>
   <div class='ocr_carea' id='block_1_17' title="bbox 155 1667 1804 1740">
    <p class='ocr_par' dir='ltr' id='par_1_17' title="bbox 155 1667 1804 1740">
     <span class='ocr_line' id='line_1_17' title="bbox 155 1667 1804 1740; baseline 0.001 -19"><span class='ocrx_word' id='word_1_108' title='bbox 155 1668 284 1737; x_wconf 82' lang='lat' dir='ltr'><strong>ejus</strong></span> <span class='ocrx_word' id='word_1_109' title='bbox 323 1667 379 1722; x_wconf 91' lang='lat' dir='ltr'><strong>in</strong></span> <span class='ocrx_word' id='word_1_110' title='bbox 413 1667 573 1738; x_wconf 85' lang='lat' dir='ltr'><strong>ligno</strong></span> <span class='ocrx_word' id='word_1_111' title='bbox 600 1667 1045 1736; x_wconf 88' lang='lat' dir='ltr'><strong>extendebatur,</strong></span> <span class='ocrx_word' id='word_1_112' title='bbox 1082 1671 1308 1723; x_wconf 90' lang='lat' dir='ltr'><strong>tantum</strong></span> <span class='ocrx_word' id='word_1_113' title='bbox 1345 1669 1403 1723; x_wconf 92' lang='lat' dir='ltr'><strong>in</strong></span> <span class='ocrx_word' id='word_1_114' title='bbox 1434 1667 1633 1740; x_wconf 79' lang='lat' dir='ltr'><strong>lingua</strong></span> <span class='ocrx_word' id='word_1_115' title='bbox 1681 1669 1804 1739; x_wconf 89' lang='lat' dir='ltr'><strong>ejus</strong></span> 
     </span>
    </p>
   </div>
   <div class='ocr_carea' id='block_1_18' title="bbox 157 1760 1800 1833">
    <p class='ocr_par' dir='ltr' id='par_1_18' title="bbox 157 1760 1800 1833">
     <span class='ocr_line' id='line_1_18' title="bbox 157 1760 1800 1833; baseline 0 -17"><span class='ocrx_word' id='word_1_116' title='bbox 157 1761 426 1816; x_wconf 84' lang='lat' dir='ltr'><strong>Christus</strong></span> <span class='ocrx_word' id='word_1_117' title='bbox 451 1761 828 1828; x_wconf 89' lang='lat' dir='ltr'><strong>exaltabatur,</strong></span> <span class='ocrx_word' id='word_1_118' title='bbox 861 1760 997 1833; x_wconf 83' lang='lat' dir='ltr'><strong>quia</strong></span> <span class='ocrx_word' id='word_1_119' title='bbox 1023 1761 1284 1832; x_wconf 87' lang='lat' dir='ltr'><strong>pendens</strong></span> <span class='ocrx_word' id='word_1_120' title='bbox 1306 1761 1362 1816; x_wconf 92' lang='lat' dir='ltr'><strong>in</strong></span> <span class='ocrx_word' id='word_1_121' title='bbox 1385 1762 1565 1833; x_wconf 91' lang='lat' dir='ltr'><strong>ligno,</strong></span> <span class='ocrx_word' id='word_1_122' title='bbox 1595 1761 1800 1818; x_wconf 89' lang='lat' dir='ltr'><strong>sociari</strong></span> 
     </span>
    </p>
   </div>
   <div class='ocr_carea' id='block_1_19' title="bbox 1904 545 3533 625">
    <p class='ocr_par' dir='ltr' id='par_1_19' title="bbox 1904 545 3533 625">
     <span class='ocr_line' id='line_1_19' title="bbox 1904 545 3533 625; baseline 0.005 -25"><span class='ocrx_word' id='word_1_123' title='bbox 1904 545 2206 619; x_wconf 84' lang='lat' dir='ltr'><strong>reliquisti,</strong></span> <span class='ocrx_word' id='word_1_124' title='bbox 2233 565 2481 620; x_wconf 88' lang='lat' dir='ltr'><strong>quorum</strong></span> <span class='ocrx_word' id='word_1_125' title='bbox 2507 550 2826 625; x_wconf 87' lang='lat' dir='ltr'><strong>speciosam</strong></span> <span class='ocrx_word' id='word_1_126' title='bbox 2857 552 3342 622; x_wconf 85' lang='lat' dir='ltr'><strong>cohortem,felici</strong></span> <span class='ocrx_word' id='word_1_127' title='bbox 3369 551 3533 608; x_wconf 84' lang='lat' dir='ltr'><strong>clari-</strong></span> 
     </span>
    </p>
   </div>
   <div class='ocr_carea' id='block_1_20' title="bbox 1905 642 3532 721">
    <p class='ocr_par' dir='ltr' id='par_1_20' title="bbox 1905 642 3532 721">
     <span class='ocr_line' id='line_1_20' title="bbox 1905 642 3532 721; baseline 0.006 -27"><span class='ocrx_word' id='word_1_128' title='bbox 1905 642 2022 695; x_wconf 91' lang='lat' dir='ltr'><strong>tate</strong></span> <span class='ocrx_word' id='word_1_129' title='bbox 2053 642 2390 713; x_wconf 88' lang='lat' dir='ltr'><strong>pollentem,</strong></span> <span class='ocrx_word' id='word_1_130' title='bbox 2415 645 2571 716; x_wconf 90' lang='lat' dir='ltr'><strong>prius</strong></span> <span class='ocrx_word' id='word_1_131' title='bbox 2597 647 2940 721; x_wconf 73' lang='lat' dir='ltr'><strong>praeelegisti</strong></span> <span class='ocrx_word' id='word_1_132' title='bbox 2967 649 3196 718; x_wconf 87' lang='lat' dir='ltr'><strong>merito,</strong></span> <span class='ocrx_word' id='word_1_133' title='bbox 3223 653 3282 704; x_wconf 93' lang='lat' dir='ltr'><strong>ut</strong></span> <span class='ocrx_word' id='word_1_134' title='bbox 3311 647 3532 720; x_wconf 72' lang='lat' dir='ltr'><strong>praede-</strong></span> 
     </span>
    </p>
   </div>
   <div class='ocr_carea' id='block_1_21' title="bbox 1906 733 3538 816">
    <p class='ocr_par' dir='ltr' id='par_1_21' title="bbox 1906 733 3538 816">
     <span class='ocr_line' id='line_1_21' title="bbox 1906 733 3538 816; baseline 0.006 -28"><span class='ocrx_word' id='word_1_135' title='bbox 1906 733 2150 790; x_wconf 89' lang='lat' dir='ltr'><strong>stinares</strong></span> <span class='ocrx_word' id='word_1_136' title='bbox 2204 735 2264 791; x_wconf 89' lang='lat' dir='ltr'><strong>in</strong></span> <span class='ocrx_word' id='word_1_137' title='bbox 2304 755 2507 809; x_wconf 88' lang='lat' dir='ltr'><strong>regno.</strong></span> <span class='ocrx_word' id='word_1_138' title='bbox 2548 743 2754 797; x_wconf 86' lang='lat' dir='ltr'><strong>Amen.</strong></span> <span class='ocrx_word' id='word_1_139' title='bbox 2809 742 3071 798; x_wconf 89' lang='lat' dir='ltr'><strong>Concede</strong></span> <span class='ocrx_word' id='word_1_140' title='bbox 3127 743 3407 816; x_wconf 91' lang='lat' dir='ltr'><strong>propitius</strong></span> <span class='ocrx_word' id='word_1_141' title='bbox 3436 741 3538 798; x_wconf 85' lang='lat' dir='ltr'><strong>cir-</strong></span> 
     </span>
    </p>
   </div>
   <div class='ocr_carea' id='block_1_22' title="bbox 1904 832 3534 908">
    <p class='ocr_par' dir='ltr' id='par_1_22' title="bbox 1904 832 3534 908">
     <span class='ocr_line' id='line_1_22' title="bbox 1904 832 3534 908; baseline 0.006 -25"><span class='ocrx_word' id='word_1_142' title='bbox 1904 832 2292 885; x_wconf 89' lang='lat' dir='ltr'><strong>cumstantem</strong></span> <span class='ocrx_word' id='word_1_143' title='bbox 2333 832 2564 903; x_wconf 88' lang='lat' dir='ltr'><strong>plebem</strong></span> <span class='ocrx_word' id='word_1_144' title='bbox 2600 835 2780 891; x_wconf 91' lang='lat' dir='ltr'><strong>crucis</strong></span> <span class='ocrx_word' id='word_1_145' title='bbox 2815 839 2926 892; x_wconf 73' lang='lat' dir='ltr'><strong>tuae</strong></span> <span class='ocrx_word' id='word_1_146' title='bbox 2960 837 3173 892; x_wconf 91' lang='lat' dir='ltr'><strong>muniri</strong></span> <span class='ocrx_word' id='word_1_147' title='bbox 3217 837 3534 908; x_wconf 90' lang='lat' dir='ltr'><strong>signaculo,</strong></span> 
     </span>
    </p>
   </div>
   <div class='ocr_carea' id='block_1_23' title="bbox 1906 923 3532 1002">
    <p class='ocr_par' dir='ltr' id='par_1_23' title="bbox 1906 923 3532 1002">
     <span class='ocr_line' id='line_1_23' title="bbox 1906 923 3532 1002; baseline 0.006 -25"><span class='ocrx_word' id='word_1_148' title='bbox 1906 925 1970 978; x_wconf 91' lang='lat' dir='ltr'><strong>ut</strong></span> <span class='ocrx_word' id='word_1_149' title='bbox 1991 923 2322 980; x_wconf 88' lang='lat' dir='ltr'><strong>universum</strong></span> <span class='ocrx_word' id='word_1_150' title='bbox 2348 932 2579 999; x_wconf 89' lang='lat' dir='ltr'><strong>superet</strong></span> <span class='ocrx_word' id='word_1_151' title='bbox 2602 930 2854 985; x_wconf 65' lang='lat' dir='ltr'><strong>adversm</strong></span> <span class='ocrx_word' id='word_1_152' title='bbox 2883 931 3184 1002; x_wconf 86' lang='lat' dir='ltr'><strong>potestatis</strong></span> <span class='ocrx_word' id='word_1_153' title='bbox 3219 930 3532 987; x_wconf 90' lang='lat' dir='ltr'><strong>incursum.</strong></span> 
     </span>
    </p>
   </div>
   <div class='ocr_carea' id='block_1_24' title="bbox 1903 1019 3537 1098">
    <p class='ocr_par' dir='ltr' id='par_1_24' title="bbox 1903 1019 3537 1098">
     <span class='ocr_line' id='line_1_24' title="bbox 1903 1019 3537 1098; baseline 0.006 -26"><span class='ocrx_word' id='word_1_154' title='bbox 1903 1019 2110 1074; x_wconf 83' lang='lat' dir='ltr'><strong>Amen.</strong></span> <span class='ocrx_word' id='word_1_155' title='bbox 2126 1019 2368 1075; x_wconf 86' lang='lat' dir='ltr'><strong>lnfunde</strong></span> <span class='ocrx_word' id='word_1_156' title='bbox 2382 1021 2641 1077; x_wconf 89' lang='lat' dir='ltr'><strong>sensibus</strong></span> <span class='ocrx_word' id='word_1_157' title='bbox 2653 1023 2776 1094; x_wconf 86' lang='lat' dir='ltr'><strong>ejus</strong></span> <span class='ocrx_word' id='word_1_158' title='bbox 2787 1024 3099 1096; x_wconf 89' lang='lat' dir='ltr'><strong>apostolica</strong></span> <span class='ocrx_word' id='word_1_159' title='bbox 3110 1025 3407 1098; x_wconf 82' lang='lat' dir='ltr'><strong>dogmata,</strong></span> <span class='ocrx_word' id='word_1_160' title='bbox 3423 1041 3537 1097; x_wconf 90' lang='lat' dir='ltr'><strong>qua</strong></span> 
     </span>
    </p>
   </div>
   <div class='ocr_carea' id='block_1_25' title="bbox 1903 1115 3536 1186">
    <p class='ocr_par' dir='ltr' id='par_1_25' title="bbox 1903 1115 3536 1186">
     <span class='ocr_line' id='line_1_25' title="bbox 1903 1115 3536 1186; baseline 0.005 -20"><span class='ocrx_word' id='word_1_161' title='bbox 1903 1115 1962 1166; x_wconf 90' lang='lat' dir='ltr'><strong>te</strong></span> <span class='ocrx_word' id='word_1_162' title='bbox 1991 1115 2418 1186; x_wconf 89' lang='lat' dir='ltr'><strong>contempletur</strong></span> <span class='ocrx_word' id='word_1_163' title='bbox 2443 1120 2641 1172; x_wconf 88' lang='lat' dir='ltr'><strong>mente</strong></span> <span class='ocrx_word' id='word_1_164' title='bbox 2663 1135 2889 1174; x_wconf 89' lang='lat' dir='ltr'><strong>serena.</strong></span> <span class='ocrx_word' id='word_1_165' title='bbox 2911 1121 3118 1174; x_wconf 84' lang='lat' dir='ltr'><strong>Amen.</strong></span> <span class='ocrx_word' id='word_1_166' title='bbox 3141 1120 3214 1174; x_wconf 88' lang='lat' dir='ltr'><strong>Ut</strong></span> <span class='ocrx_word' id='word_1_167' title='bbox 3229 1118 3285 1174; x_wconf 92' lang='lat' dir='ltr'><strong>in</strong></span> <span class='ocrx_word' id='word_1_168' title='bbox 3312 1118 3409 1173; x_wconf 90' lang='lat' dir='ltr'><strong>illo</strong></span> <span class='ocrx_word' id='word_1_169' title='bbox 3429 1120 3536 1174; x_wconf 88' lang='lat' dir='ltr'><strong>tre-</strong></span> 
     </span>
    </p>
   </div>
   <div class='ocr_carea' id='block_1_26' title="bbox 1904 1205 3538 1284">
    <p class='ocr_par' dir='ltr' id='par_1_26' title="bbox 1904 1205 3538 1284">
     <span class='ocr_line' id='line_1_26' title="bbox 1904 1205 3538 1284; baseline 0.005 -24"><span class='ocrx_word' id='word_1_170' title='bbox 1904 1205 2502 1276; x_wconf 62' lang='lat' dir='ltr'><strong>mendojdiscussionis</strong></span> <span class='ocrx_word' id='word_1_171' title='bbox 2520 1212 2806 1283; x_wconf 90' lang='lat' dir='ltr'><strong>tempore,</strong></span> <span class='ocrx_word' id='word_1_172' title='bbox 2830 1228 3033 1267; x_wconf 90' lang='lat' dir='ltr'><strong>eorum</strong></span> <span class='ocrx_word' id='word_1_173' title='bbox 3054 1212 3538 1284; x_wconf 70' lang='lat' dir='ltr'><strong>defenseturprae-</strong></span> 
     </span>
    </p>
   </div>
   <div class='ocr_carea' id='block_1_27' title="bbox 1903 1298 3534 1377">
    <p class='ocr_par' dir='ltr' id='par_1_27' title="bbox 1903 1298 3534 1377">
     <span class='ocr_line' id='line_1_27' title="bbox 1903 1298 3534 1377; baseline 0.004 -25"><span class='ocrx_word' id='word_1_174' title='bbox 1903 1298 2068 1367; x_wconf 91' lang='lat' dir='ltr'><strong>sidio,</strong></span> <span class='ocrx_word' id='word_1_175' title='bbox 2099 1317 2346 1372; x_wconf 90' lang='lat' dir='ltr'><strong>quorum</strong></span> <span class='ocrx_word' id='word_1_176' title='bbox 2379 1307 2467 1358; x_wconf 87' lang='lat' dir='ltr'><strong>est</strong></span> <span class='ocrx_word' id='word_1_177' title='bbox 2490 1307 2684 1360; x_wconf 88' lang='lat' dir='ltr'><strong>secuta</strong></span> <span class='ocrx_word' id='word_1_178' title='bbox 2716 1308 3092 1377; x_wconf 71' lang='lat' dir='ltr'><strong>praeceptum.</strong></span> <span class='ocrx_word' id='word_1_179' title='bbox 3121 1307 3330 1362; x_wconf 83' lang='lat' dir='ltr'><strong>Amen.</strong></span> <span class='ocrx_word' id='word_1_180' title='bbox 3368 1305 3534 1372; x_wconf 86' lang='lat' dir='ltr'><strong>Quod</strong></span> 
     </span>
    </p>
   </div>
   <div class='ocr_carea' id='block_1_28' title="bbox 1903 1391 3532 1472">
    <p class='ocr_par' dir='ltr' id='par_1_28' title="bbox 1903 1391 3532 1472">
     <span class='ocr_line' id='line_1_28' title="bbox 1903 1391 3532 1472; baseline 0.004 -25"><span class='ocrx_word' id='word_1_181' title='bbox 1903 1391 2023 1464; x_wconf 90' lang='lat' dir='ltr'><strong>ipse</strong></span> <span class='ocrx_word' id='word_1_182' title='bbox 2066 1397 2340 1465; x_wconf 65' lang='lat' dir='ltr'><strong>praestare</strong></span> <span class='ocrx_word' id='word_1_183' title='bbox 2388 1396 2663 1468; x_wconf 82' lang='lat' dir='ltr'><strong>digneris,</strong></span> <span class='ocrx_word' id='word_1_184' title='bbox 2693 1397 2790 1470; x_wconf 88' lang='lat' dir='ltr'><strong>qui</strong></span> <span class='ocrx_word' id='word_1_185' title='bbox 2835 1415 2966 1454; x_wconf 91' lang='lat' dir='ltr'><strong>cum</strong></span> <span class='ocrx_word' id='word_1_186' title='bbox 3014 1401 3202 1468; x_wconf 82' lang='lat' dir='ltr'><strong>Patre,</strong></span> <span class='ocrx_word' id='word_1_187' title='bbox 3233 1403 3292 1455; x_wconf 91' lang='lat' dir='ltr'><strong>et</strong></span> <span class='ocrx_word' id='word_1_188' title='bbox 3318 1397 3532 1472; x_wconf 88' lang='lat' dir='ltr'><strong>Spiritu</strong></span> 
     </span>
    </p>
   </div>
   <div class='ocr_carea' id='block_1_29' title="bbox 1903 1487 2782 1563">
    <p class='ocr_par' dir='ltr' id='par_1_29' title="bbox 1903 1487 2782 1563">
     <span class='ocr_line' id='line_1_29' title="bbox 1903 1487 2782 1563; baseline 0.008 -23"><span class='ocrx_word' id='word_1_189' title='bbox 1903 1490 2100 1543; x_wconf 90' lang='lat' dir='ltr'><strong>sancto</strong></span> <span class='ocrx_word' id='word_1_190' title='bbox 2128 1487 2264 1543; x_wconf 87' lang='lat' dir='ltr'><strong>vivis</strong></span> <span class='ocrx_word' id='word_1_191' title='bbox 2287 1493 2344 1544; x_wconf 89' lang='lat' dir='ltr'><strong>et</strong></span> <span class='ocrx_word' id='word_1_192' title='bbox 2373 1507 2584 1563; x_wconf 83' lang='lat' dir='ltr'><strong>regnas</strong></span> <span class='ocrx_word' id='word_1_193' title='bbox 2614 1492 2782 1548; x_wconf 89' lang='lat' dir='ltr'><strong>Deus.</strong></span> 
     </span>
    </p>
   </div>
   <div class='ocr_carea' id='block_1_30' title="bbox 1937 1623 3500 1691">
    <p class='ocr_par' dir='ltr' id='par_1_30' title="bbox 1937 1623 3500 1691">
     <span class='ocr_line' id='line_1_30' title="bbox 1937 1623 3500 1691; baseline 0.006 -15"><span class='ocrx_word' id='word_1_194' title='bbox 1937 1623 2111 1677; x_wconf 84' lang='lat' dir='ltr'><strong>XVIII.</strong></span> <span class='ocrx_word' id='word_1_195' title='bbox 2139 1638 2297 1680; x_wconf 69' lang='lat' dir='ltr'><strong>MISSA</strong></span> <span class='ocrx_word' id='word_1_196' title='bbox 2334 1641 2387 1681; x_wconf 80' lang='lat' dir='ltr'><strong>IN</strong></span> <span class='ocrx_word' id='word_1_197' title='bbox 2428 1641 2629 1682; x_wconf 55' lang='lat' dir='ltr'><strong>manu:</strong></span> <span class='ocrx_word' id='word_1_198' title='bbox 2667 1642 2885 1684; x_wconf 61' lang='lat' dir='ltr'><strong>suam</strong></span> <span class='ocrx_word' id='word_1_199' title='bbox 2922 1645 3206 1691; x_wconf 64' lang='lat' dir='ltr'><strong>nummus</strong></span> <span class='ocrx_word' id='word_1_200' title='bbox 3242 1645 3500 1687; x_wconf 76' lang='lat' dir='ltr'><strong>vmcms.</strong></span> 
     </span>
    </p>
   </div>
   <div class='ocr_carea' id='block_1_31' title="bbox 1973 1731 3536 1808">
    <p class='ocr_par' dir='ltr' id='par_1_31' title="bbox 1973 1731 3536 1808">
     <span class='ocr_line' id='line_1_31' title="bbox 1973 1731 3536 1808; baseline 0.005 -24"><span class='ocrx_word' id='word_1_201' title='bbox 1973 1731 2156 1785; x_wconf 91' lang='lat' dir='ltr'><strong>Deum</strong></span> <span class='ocrx_word' id='word_1_202' title='bbox 2179 1732 2666 1804; x_wconf 90' lang='lat' dir='ltr'><strong>omnipotentem,</strong></span> <span class='ocrx_word' id='word_1_203' title='bbox 2700 1735 2926 1790; x_wconf 87' lang='lat' dir='ltr'><strong>Fratres</strong></span> <span class='ocrx_word' id='word_1_204' title='bbox 2957 1735 3256 1803; x_wconf 87' lang='lat' dir='ltr'><strong>carissimi,</strong></span> <span class='ocrx_word' id='word_1_205' title='bbox 3286 1735 3382 1808; x_wconf 90' lang='lat' dir='ltr'><strong>qui</strong></span> <span class='ocrx_word' id='word_1_206' title='bbox 3415 1738 3536 1792; x_wconf 85' lang='lat' dir='ltr'><strong>tan-</strong></span> 
     </span>
    </p>
   </div>
   <div class='ocr_carea' id='block_1_32' title="bbox 157 1826 1796 1928">
    <p class='ocr_par' dir='ltr' id='par_1_32' title="bbox 157 1826 1796 1928">
     <span class='ocr_line' id='line_1_32' title="bbox 157 1826 1796 1928; baseline 0.001 -20"><span class='ocrx_word' id='word_1_207' title='bbox 157 1872 211 1909; x_wconf 82' lang='lat' dir='ltr'><strong>se</strong></span> <span class='ocrx_word' id='word_1_208' title='bbox 246 1855 308 1908; x_wconf 88' lang='lat' dir='ltr'><strong>ei</strong></span> <span class='ocrx_word' id='word_1_209' title='bbox 341 1855 760 1926; x_wconf 83' lang='lat' dir='ltr'><strong>gratulabatur.</strong></span> <span class='ocrx_word' id='word_1_210' title='bbox 787 1826 1055 1910; x_wconf 49' lang='lat' dir='ltr'><strong>Absolvi;</strong></span> <span class='ocrx_word' id='word_1_211' title='bbox 1081 1872 1139 1910; x_wconf 92' lang='lat' dir='ltr'><strong>se</strong></span> <span class='ocrx_word' id='word_1_212' title='bbox 1165 1872 1280 1910; x_wconf 92' lang='lat' dir='ltr'><strong>non</strong></span> <span class='ocrx_word' id='word_1_213' title='bbox 1305 1826 1522 1928; x_wconf 71' lang='lat' dir='ltr'><strong>patitur</strong></span> <span class='ocrx_word' id='word_1_214' title='bbox 1550 1826 1583 1911; x_wconf 88' lang='lat' dir='ltr'><strong>a</strong></span> <span class='ocrx_word' id='word_1_215' title='bbox 1611 1873 1796 1924; x_wconf 91' lang='lat' dir='ltr'><strong>cruce,</strong></span> 
     </span>
    </p>
   </div>
   <div class='ocr_carea' id='block_1_33' title="bbox 1905 1826 3539 1928">
    <p class='ocr_par' dir='ltr' id='par_1_33' title="bbox 1905 1826 3539 1902">
     <span class='ocr_line' id='line_1_33' title="bbox 1905 1826 3539 1902; baseline 0.004 -23"><span class='ocrx_word' id='word_1_216' title='bbox 1905 1828 2023 1879; x_wconf 91' lang='lat' dir='ltr'><strong>tum</strong></span> <span class='ocrx_word' id='word_1_217' title='bbox 2038 1826 2384 1897; x_wconf 86' lang='lat' dir='ltr'><strong>prudentem</strong></span> <span class='ocrx_word' id='word_1_218' title='bbox 2396 1826 2789 1899; x_wconf 84' lang='lat' dir='ltr'><strong>virginitatem</strong></span> <span class='ocrx_word' id='word_1_219' title='bbox 2804 1829 2937 1884; x_wconf 83' lang='lat' dir='ltr'><strong>fidei</strong></span> <span class='ocrx_word' id='word_1_220' title='bbox 2950 1830 3226 1884; x_wconf 88' lang='lat' dir='ltr'><strong>sociatam</strong></span> <span class='ocrx_word' id='word_1_221' title='bbox 3242 1829 3400 1902; x_wconf 87' lang='lat' dir='ltr'><strong>apice</strong></span> <span class='ocrx_word' id='word_1_222' title='bbox 3420 1831 3539 1902; x_wconf 89' lang='lat' dir='ltr'><strong>glo-</strong></span> 
     </span>
    </p>
   </div>
   <div class='ocr_carea' id='block_1_34' title="bbox 157 1948 1795 2022">
    <p class='ocr_par' dir='ltr' id='par_1_34' title="bbox 157 1948 1795 2022">
     <span class='ocr_line' id='line_1_34' title="bbox 157 1948 1795 2022; baseline 0.001 -20"><span class='ocrx_word' id='word_1_223' title='bbox 157 1967 228 2002; x_wconf 86' lang='lat' dir='ltr'><strong>ne</strong></span> <span class='ocrx_word' id='word_1_224' title='bbox 247 1952 514 2020; x_wconf 80' lang='lat' dir='ltr'><strong>tepescat</strong></span> <span class='ocrx_word' id='word_1_225' title='bbox 541 1953 838 2004; x_wconf 84' lang='lat' dir='ltr'><strong>certamen</strong></span> <span class='ocrx_word' id='word_1_226' title='bbox 865 1948 924 2004; x_wconf 88' lang='lat' dir='ltr'><strong>in</strong></span> <span class='ocrx_word' id='word_1_227' title='bbox 953 1949 1437 2021; x_wconf 87' lang='lat' dir='ltr'><strong>tempore.Turba</strong></span> <span class='ocrx_word' id='word_1_228' title='bbox 1463 1949 1795 2022; x_wconf 85' lang='lat' dir='ltr'><strong>circumspi-</strong></span> 
     </span>
    </p>
   </div>
   <div class='ocr_carea' id='block_1_35' title="bbox 159 2042 1796 2115">
    <p class='ocr_par' dir='ltr' id='par_1_35' title="bbox 159 2042 1796 2115">
     <span class='ocr_line' id='line_1_35' title="bbox 159 2042 1796 2115; baseline 0.001 -19"><span class='ocrx_word' id='word_1_229' title='bbox 159 2043 254 2102; x_wconf 88' lang='lat' dir='ltr'><strong>cit.</strong></span> <span class='ocrx_word' id='word_1_230' title='bbox 286 2047 346 2098; x_wconf 87' lang='lat' dir='ltr'><strong>et</strong></span> <span class='ocrx_word' id='word_1_231' title='bbox 368 2045 682 2109; x_wconf 89' lang='lat' dir='ltr'><strong>lamentat;</strong></span> <span class='ocrx_word' id='word_1_232' title='bbox 715 2042 942 2097; x_wconf 85' lang='lat' dir='ltr'><strong>demitti</strong></span> <span class='ocrx_word' id='word_1_233' title='bbox 975 2060 1008 2098; x_wconf 90' lang='lat' dir='ltr'><strong>a</strong></span> <span class='ocrx_word' id='word_1_234' title='bbox 1037 2043 1262 2098; x_wconf 90' lang='lat' dir='ltr'><strong>vinculo</strong></span> <span class='ocrx_word' id='word_1_235' title='bbox 1297 2044 1472 2115; x_wconf 91' lang='lat' dir='ltr'><strong>cupit,</strong></span> <span class='ocrx_word' id='word_1_236' title='bbox 1507 2061 1679 2115; x_wconf 91' lang='lat' dir='ltr'><strong>quem</strong></span> <span class='ocrx_word' id='word_1_237' title='bbox 1707 2061 1796 2098; x_wconf 89' lang='lat' dir='ltr'><strong>re-</strong></span> 
     </span>
    </p>
   </div>
   <div class='ocr_carea' id='block_1_36' title="bbox 159 2135 1796 2209">
    <p class='ocr_par' dir='ltr' id='par_1_36' title="bbox 159 2135 1796 2209">
     <span class='ocr_line' id='line_1_36' title="bbox 159 2135 1796 2209; baseline 0 -17"><span class='ocrx_word' id='word_1_238' title='bbox 159 2140 496 2209; x_wconf 88' lang='lat' dir='ltr'><strong>paratorem</strong></span> <span class='ocrx_word' id='word_1_239' title='bbox 511 2136 724 2190; x_wconf 89' lang='lat' dir='ltr'><strong>mentis</strong></span> <span class='ocrx_word' id='word_1_240' title='bbox 745 2135 1034 2208; x_wconf 85' lang='lat' dir='ltr'><strong>intelligit.</strong></span> <span class='ocrx_word' id='word_1_241' title='bbox 1053 2137 1256 2192; x_wconf 89' lang='lat' dir='ltr'><strong>Laxari</strong></span> <span class='ocrx_word' id='word_1_242' title='bbox 1281 2137 1534 2208; x_wconf 86' lang='lat' dir='ltr'><strong>postulat</strong></span> <span class='ocrx_word' id='word_1_243' title='bbox 1552 2137 1796 2208; x_wconf 91' lang='lat' dir='ltr'><strong>justum,</strong></span> 
     </span>
    </p>
   </div>
   <div class='ocr_carea' id='block_1_37' title="bbox 161 2229 1801 2303">
    <p class='ocr_par' dir='ltr' id='par_1_37' title="bbox 161 2229 1801 2303">
     <span class='ocr_line' id='line_1_37' title="bbox 161 2229 1801 2303; baseline 0.001 -19"><span class='ocrx_word' id='word_1_244' title='bbox 161 2249 226 2285; x_wconf 87' lang='lat' dir='ltr'><strong>ne</strong></span> <span class='ocrx_word' id='word_1_245' title='bbox 255 2232 468 2302; x_wconf 86' lang='lat' dir='ltr'><strong>pereat</strong></span> <span class='ocrx_word' id='word_1_246' title='bbox 486 2231 731 2302; x_wconf 91' lang='lat' dir='ltr'><strong>populus</strong></span> <span class='ocrx_word' id='word_1_247' title='bbox 751 2230 858 2285; x_wconf 91' lang='lat' dir='ltr'><strong>hoc</strong></span> <span class='ocrx_word' id='word_1_248' title='bbox 881 2229 1108 2286; x_wconf 92' lang='lat' dir='ltr'><strong>delicto.</strong></span> <span class='ocrx_word' id='word_1_249' title='bbox 1136 2233 1362 2285; x_wconf 89' lang='lat' dir='ltr'><strong>Interea</strong></span> <span class='ocrx_word' id='word_1_250' title='bbox 1379 2230 1569 2286; x_wconf 90' lang='lat' dir='ltr'><strong>fundit</strong></span> <span class='ocrx_word' id='word_1_251' title='bbox 1590 2231 1801 2303; x_wconf 79' lang='lat' dir='ltr'><strong>Martyr</strong></span> 
     </span>
    </p>
   </div>
   <div class='ocr_carea' id='block_1_38' title="bbox 159 2323 1794 2397">
    <p class='ocr_par' dir='ltr' id='par_1_38' title="bbox 159 2323 1794 2397">
     <span class='ocr_line' id='line_1_38' title="bbox 159 2323 1794 2397; baseline 0.001 -18"><span class='ocrx_word' id='word_1_252' title='bbox 159 2324 453 2396; x_wconf 79' lang='lat' dir='ltr'><strong>spiritum,</strong></span> <span class='ocrx_word' id='word_1_253' title='bbox 500 2340 864 2396; x_wconf 90' lang='lat' dir='ltr'><strong>possessurus</strong></span> <span class='ocrx_word' id='word_1_254' title='bbox 902 2323 1238 2396; x_wconf 88' lang='lat' dir='ltr'><strong>sempiterni</strong></span> <span class='ocrx_word' id='word_1_255' title='bbox 1275 2324 1489 2378; x_wconf 74' lang='lat' dir='ltr'><strong>Iudicis</strong></span> <span class='ocrx_word' id='word_1_256' title='bbox 1526 2341 1794 2397; x_wconf 81' lang='lat' dir='ltr'><strong>regnum.</strong></span> 
     </span>
    </p>
   </div>
   <div class='ocr_carea' id='block_1_39' title="bbox 156 2417 1796 2490">
    <p class='ocr_par' dir='ltr' id='par_1_39' title="bbox 156 2417 1796 2490">
     <span class='ocr_line' id='line_1_39' title="bbox 156 2417 1796 2490; baseline 0 -17"><span class='ocrx_word' id='word_1_257' title='bbox 156 2421 264 2474; x_wconf 85' lang='lat' dir='ltr'><strong>Per</strong></span> <span class='ocrx_word' id='word_1_258' title='bbox 291 2419 458 2490; x_wconf 86' lang='lat' dir='ltr'><strong>cujus</strong></span> <span class='ocrx_word' id='word_1_259' title='bbox 481 2417 708 2473; x_wconf 87' lang='lat' dir='ltr'><strong>meritis</strong></span> <span class='ocrx_word' id='word_1_260' title='bbox 734 2417 985 2472; x_wconf 90' lang='lat' dir='ltr'><strong>concede</strong></span> <span class='ocrx_word' id='word_1_261' title='bbox 1013 2418 1196 2486; x_wconf 90' lang='lat' dir='ltr'><strong>nobis,</strong></span> <span class='ocrx_word' id='word_1_262' title='bbox 1229 2417 1599 2490; x_wconf 88' lang='lat' dir='ltr'><strong>omnipotens</strong></span> <span class='ocrx_word' id='word_1_263' title='bbox 1628 2419 1796 2488; x_wconf 88' lang='lat' dir='ltr'><strong>Deus,</strong></span> 
     </span>
    </p>
   </div>
   <div class='ocr_carea' id='block_1_40' title="bbox 159 2511 1798 2583">
    <p class='ocr_par' dir='ltr' id='par_1_40' title="bbox 159 2511 1798 2583">
     <span class='ocr_line' id='line_1_40' title="bbox 159 2511 1798 2583; baseline 0.001 -16"><span class='ocrx_word' id='word_1_264' title='bbox 159 2517 217 2568; x_wconf 90' lang='lat' dir='ltr'><strong>ut</strong></span> <span class='ocrx_word' id='word_1_265' title='bbox 245 2530 282 2566; x_wconf 86' lang='lat' dir='ltr'><strong>a</strong></span> <span class='ocrx_word' id='word_1_266' title='bbox 304 2512 479 2567; x_wconf 89' lang='lat' dir='ltr'><strong>malis</strong></span> <span class='ocrx_word' id='word_1_267' title='bbox 509 2511 782 2567; x_wconf 89' lang='lat' dir='ltr'><strong>omnibus</strong></span> <span class='ocrx_word' id='word_1_268' title='bbox 813 2511 920 2566; x_wconf 92' lang='lat' dir='ltr'><strong>tuti</strong></span> <span class='ocrx_word' id='word_1_269' title='bbox 949 2515 1122 2583; x_wconf 88' lang='lat' dir='ltr'><strong>atque</strong></span> <span class='ocrx_word' id='word_1_270' title='bbox 1145 2511 1388 2580; x_wconf 83' lang='lat' dir='ltr'><strong>defensi,</strong></span> <span class='ocrx_word' id='word_1_271' title='bbox 1422 2511 1525 2566; x_wconf 88' lang='lat' dir='ltr'><strong>tibi</strong></span> <span class='ocrx_word' id='word_1_272' title='bbox 1551 2512 1798 2568; x_wconf 91' lang='lat' dir='ltr'><strong>Domino</strong></span> 
     </span>
    </p>
   </div>
   <div class='ocr_carea' id='block_1_41' title="bbox 159 2604 1795 2677">
    <p class='ocr_par' dir='ltr' id='par_1_41' title="bbox 159 2604 1795 2677">
     <span class='ocr_line' id='line_1_41' title="bbox 159 2604 1795 2677; baseline 0.001 -16"><span class='ocrx_word' id='word_1_273' title='bbox 159 2610 354 2662; x_wconf 85' lang='lat' dir='ltr'><strong>nostro</strong></span> <span class='ocrx_word' id='word_1_274' title='bbox 373 2606 496 2661; x_wconf 92' lang='lat' dir='ltr'><strong>Deo</strong></span> <span class='ocrx_word' id='word_1_275' title='bbox 514 2609 858 2677; x_wconf 81' lang='lat' dir='ltr'><strong>martyrum,</strong></span> <span class='ocrx_word' id='word_1_276' title='bbox 879 2609 936 2660; x_wconf 90' lang='lat' dir='ltr'><strong>et</strong></span> <span class='ocrx_word' id='word_1_277' title='bbox 949 2604 1198 2677; x_wconf 88' lang='lat' dir='ltr'><strong>Principi</strong></span> <span class='ocrx_word' id='word_1_278' title='bbox 1227 2606 1644 2677; x_wconf 87' lang='lat' dir='ltr'><strong>apostolorum,</strong></span> <span class='ocrx_word' id='word_1_279' title='bbox 1673 2607 1795 2662; x_wconf 87' lang='lat' dir='ltr'><strong>lau-</strong></span> 
     </span>
    </p>
   </div>
   <div class='ocr_carea' id='block_1_42' title="bbox 159 2698 1794 2772">
    <p class='ocr_par' dir='ltr' id='par_1_42' title="bbox 159 2698 1794 2772">
     <span class='ocr_line' id='line_1_42' title="bbox 159 2698 1794 2772; baseline 0 -18"><span class='ocrx_word' id='word_1_280' title='bbox 159 2700 260 2755; x_wconf 85' lang='lat' dir='ltr'><strong>des</strong></span> <span class='ocrx_word' id='word_1_281' title='bbox 289 2717 528 2772; x_wconf 82' lang='lat' dir='ltr'><strong>semper</strong></span> <span class='ocrx_word' id='word_1_282' title='bbox 556 2702 615 2754; x_wconf 90' lang='lat' dir='ltr'><strong>et</strong></span> <span class='ocrx_word' id='word_1_283' title='bbox 642 2699 857 2770; x_wconf 82' lang='lat' dir='ltr'><strong>gratias</strong></span> <span class='ocrx_word' id='word_1_284' title='bbox 881 2698 1202 2754; x_wconf 89' lang='lat' dir='ltr'><strong>referamus</strong></span> <span class='ocrx_word' id='word_1_285' title='bbox 1230 2716 1361 2755; x_wconf 90' lang='lat' dir='ltr'><strong>cum</strong></span> <span class='ocrx_word' id='word_1_286' title='bbox 1383 2700 1606 2771; x_wconf 87' lang='lat' dir='ltr'><strong>angelis</strong></span> <span class='ocrx_word' id='word_1_287' title='bbox 1625 2704 1682 2754; x_wconf 90' lang='lat' dir='ltr'><strong>et</strong></span> <span class='ocrx_word' id='word_1_288' title='bbox 1705 2717 1794 2754; x_wconf 91' lang='lat' dir='ltr'><strong>ar-</strong></span> 
     </span>
    </p>
   </div>
   <div class='ocr_carea' id='block_1_43' title="bbox 159 2793 1796 2865">
    <p class='ocr_par' dir='ltr' id='par_1_43' title="bbox 159 2793 1796 2865">
     <span class='ocr_line' id='line_1_43' title="bbox 159 2793 1796 2865; baseline 0 -17"><span class='ocrx_word' id='word_1_289' title='bbox 159 2793 477 2865; x_wconf 87' lang='lat' dir='ltr'><strong>changelis,</strong></span> <span class='ocrx_word' id='word_1_290' title='bbox 511 2793 612 2864; x_wconf 88' lang='lat' dir='ltr'><strong>qui</strong></span> <span class='ocrx_word' id='word_1_291' title='bbox 651 2793 894 2864; x_wconf 89' lang='lat' dir='ltr'><strong>gloriam</strong></span> <span class='ocrx_word' id='word_1_292' title='bbox 921 2795 1082 2848; x_wconf 86' lang='lat' dir='ltr'><strong>tuam</strong></span> <span class='ocrx_word' id='word_1_293' title='bbox 1121 2810 1238 2848; x_wconf 93' lang='lat' dir='ltr'><strong>non</strong></span> <span class='ocrx_word' id='word_1_294' title='bbox 1269 2795 1492 2848; x_wconf 85' lang='lat' dir='ltr'><strong>cessant</strong></span> <span class='ocrx_word' id='word_1_295' title='bbox 1522 2794 1796 2862; x_wconf 88' lang='lat' dir='ltr'><strong>clamare,</strong></span> 
     </span>
    </p>
   </div>
   <div class='ocr_carea' id='block_1_44' title="bbox 159 2887 439 2942">
    <p class='ocr_par' dir='ltr' id='par_1_44' title="bbox 159 2887 439 2942">
     <span class='ocr_line' id='line_1_44' title="bbox 159 2887 439 2942; baseline -0.004 -1"><span class='ocrx_word' id='word_1_296' title='bbox 159 2887 439 2942; x_wconf 84' lang='lat' dir='ltr'><strong>dicentes.</strong></span> 
     </span>
    </p>
   </div>
   <div class='ocr_carea' id='block_1_45' title="bbox 653 2956 1306 3021">
    <p class='ocr_par' dir='ltr' id='par_1_45' title="bbox 653 2956 1306 3021">
     <span class='ocr_line' id='line_1_45' title="bbox 653 2956 1306 3021; baseline -0.002 -14"><span class='ocrx_word' id='word_1_297' title='bbox 653 2956 904 3008; x_wconf 85' lang='lat' dir='ltr'><strong>Collectio</strong></span> <span class='ocrx_word' id='word_1_298' title='bbox 929 2959 1049 3021; x_wconf 81' lang='lat' dir='ltr'><strong>post</strong></span> <span class='ocrx_word' id='word_1_299' title='bbox 1069 2956 1306 3007; x_wconf 70' lang='lat' dir='ltr'><strong>Sanctus.</strong></span> 
     </span>
    </p>
   </div>
   <div class='ocr_carea' id='block_1_46' title="bbox 223 3037 1798 3107">
    <p class='ocr_par' dir='ltr' id='par_1_46' title="bbox 223 3037 1798 3107">
     <span class='ocr_line' id='line_1_46' title="bbox 223 3037 1798 3107; baseline -0.001 -12"><span class='ocrx_word' id='word_1_300' title='bbox 223 3040 502 3095; x_wconf 82' lang='lat' dir='ltr'><strong>Hosanna</strong></span> <span class='ocrx_word' id='word_1_301' title='bbox 536 3038 594 3094; x_wconf 92' lang='lat' dir='ltr'><strong>in</strong></span> <span class='ocrx_word' id='word_1_302' title='bbox 629 3037 881 3094; x_wconf 84' lang='lat' dir='ltr'><strong>excelsis.</strong></span> <span class='ocrx_word' id='word_1_303' title='bbox 913 3039 1057 3093; x_wconf 81' lang='lat' dir='ltr'><strong>Vere</strong></span> <span class='ocrx_word' id='word_1_304' title='bbox 1082 3041 1331 3107; x_wconf 90' lang='lat' dir='ltr'><strong>sanctus,</strong></span> <span class='ocrx_word' id='word_1_305' title='bbox 1373 3055 1506 3094; x_wconf 86' lang='lat' dir='ltr'><strong>vere</strong></span> <span class='ocrx_word' id='word_1_306' title='bbox 1530 3039 1798 3095; x_wconf 87' lang='lat' dir='ltr'><strong>benedic-</strong></span> 
     </span>
    </p>
   </div>
   <div class='ocr_carea' id='block_1_47' title="bbox 159 3131 1798 3205">
    <p class='ocr_par' dir='ltr' id='par_1_47' title="bbox 159 3131 1798 3205">
     <span class='ocr_line' id='line_1_47' title="bbox 159 3131 1798 3205; baseline 0 -18"><span class='ocrx_word' id='word_1_307' title='bbox 159 3137 267 3200; x_wconf 88' lang='lat' dir='ltr'><strong>tus,</strong></span> <span class='ocrx_word' id='word_1_308' title='bbox 295 3150 430 3188; x_wconf 83' lang='lat' dir='ltr'><strong>vere</strong></span> <span class='ocrx_word' id='word_1_309' title='bbox 476 3132 762 3205; x_wconf 89' lang='lat' dir='ltr'><strong>gloriosus</strong></span> <span class='ocrx_word' id='word_1_310' title='bbox 799 3131 1081 3188; x_wconf 88' lang='lat' dir='ltr'><strong>Dominus</strong></span> <span class='ocrx_word' id='word_1_311' title='bbox 1110 3135 1309 3188; x_wconf 88' lang='lat' dir='ltr'><strong>noster</strong></span> <span class='ocrx_word' id='word_1_312' title='bbox 1338 3134 1499 3188; x_wconf 85' lang='lat' dir='ltr'><strong>Jesus</strong></span> <span class='ocrx_word' id='word_1_313' title='bbox 1541 3133 1798 3189; x_wconf 82' lang='lat' dir='ltr'><strong>Christus</strong></span> 
     </span>
    </p>
   </div>
   <div class='ocr_carea' id='block_1_48' title="bbox 157 3212 1872 3299">
    <p class='ocr_par' dir='ltr' id='par_1_48' title="bbox 157 3212 1872 3299">
     <span class='ocr_line' id='line_1_48' title="bbox 157 3212 1872 3299; baseline 0 -17"><span class='ocrx_word' id='word_1_314' title='bbox 157 3227 491 3293; x_wconf 78' lang='lat' dir='ltr'><strong>Filiustuus,</strong></span> <span class='ocrx_word' id='word_1_315' title='bbox 508 3227 606 3298; x_wconf 87' lang='lat' dir='ltr'><strong>qui</strong></span> <span class='ocrx_word' id='word_1_316' title='bbox 618 3227 854 3282; x_wconf 90' lang='lat' dir='ltr'><strong>beatum</strong></span> <span class='ocrx_word' id='word_1_317' title='bbox 864 3226 1161 3281; x_wconf 82' lang='lat' dir='ltr'><strong>Andream</strong></span> <span class='ocrx_word' id='word_1_318' title='bbox 1190 3227 1514 3298; x_wconf 91' lang='lat' dir='ltr'><strong>apostolum</strong></span> <span class='ocrx_word' id='word_1_319' title='bbox 1541 3227 1797 3299; x_wconf 90' lang='lat' dir='ltr'><strong>primum</strong></span> <span class='ocrx_word' id='word_1_320' title='bbox 1817 3212 1872 3288; x_wconf 85' lang='lat' dir='ltr'><strong>C</strong></span> 
     </span>
    </p>
   </div>
   <div class='ocr_carea' id='block_1_49' title="bbox 157 3319 1796 3392">
    <p class='ocr_par' dir='ltr' id='par_1_49' title="bbox 157 3319 1796 3392">
     <span class='ocr_line' id='line_1_49' title="bbox 157 3319 1796 3392; baseline 0.001 -17"><span class='ocrx_word' id='word_1_321' title='bbox 157 3321 461 3387; x_wconf 84' lang='lat' dir='ltr'><strong>electione,</strong></span> <span class='ocrx_word' id='word_1_322' title='bbox 491 3319 701 3376; x_wconf 85' lang='lat' dir='ltr'><strong>exinde</strong></span> <span class='ocrx_word' id='word_1_323' title='bbox 727 3319 1047 3376; x_wconf 85' lang='lat' dir='ltr'><strong>certamine</strong></span> <span class='ocrx_word' id='word_1_324' title='bbox 1077 3319 1448 3375; x_wconf 86' lang='lat' dir='ltr'><strong>consecravit.</strong></span> <span class='ocrx_word' id='word_1_325' title='bbox 1482 3322 1604 3392; x_wconf 89' lang='lat' dir='ltr'><strong>lpse</strong></span> <span class='ocrx_word' id='word_1_326' title='bbox 1637 3320 1796 3376; x_wconf 90' lang='lat' dir='ltr'><strong>enim</strong></span> 
     </span>
    </p>
   </div>
   <div class='ocr_carea' id='block_1_50' title="bbox 157 3413 568 3486">
    <p class='ocr_par' dir='ltr' id='par_1_50' title="bbox 157 3413 568 3486">
     <span class='ocr_line' id='line_1_50' title="bbox 157 3413 568 3486; baseline -0.002 -16"><span class='ocrx_word' id='word_1_327' title='bbox 157 3413 342 3486; x_wconf 88' lang='lat' dir='ltr'><strong>pridie</strong></span> <span class='ocrx_word' id='word_1_328' title='bbox 367 3431 568 3486; x_wconf 88' lang='lat' dir='ltr'><strong>quam.</strong></span> 
     </span>
    </p>
   </div>
   <div class='ocr_carea' id='block_1_51' title="bbox 662 3483 1294 3550">
    <p class='ocr_par' dir='ltr' id='par_1_51' title="bbox 662 3483 1294 3550">
     <span class='ocr_line' id='line_1_51' title="bbox 662 3483 1294 3550; baseline -0.002 -15"><span class='ocrx_word' id='word_1_329' title='bbox 662 3483 912 3536; x_wconf 86' lang='lat' dir='ltr'><strong>Collectio</strong></span> <span class='ocrx_word' id='word_1_330' title='bbox 936 3487 1056 3550; x_wconf 88' lang='lat' dir='ltr'><strong>post</strong></span> <span class='ocrx_word' id='word_1_331' title='bbox 1072 3487 1294 3535; x_wconf 85' lang='lat' dir='ltr'><strong>secreta.</strong></span> 
     </span>
    </p>
   </div>
   <div class='ocr_carea' id='block_1_52' title="bbox 225 3565 1795 3638">
    <p class='ocr_par' dir='ltr' id='par_1_52' title="bbox 225 3565 1795 3638">
     <span class='ocr_line' id='line_1_52' title="bbox 225 3565 1795 3638; baseline 0.001 -17"><span class='ocrx_word' id='word_1_332' title='bbox 225 3567 558 3623; x_wconf 79' lang='lat' dir='ltr'><strong>Recolimus</strong></span> <span class='ocrx_word' id='word_1_333' title='bbox 586 3569 665 3632; x_wconf 89' lang='lat' dir='ltr'><strong>te,</strong></span> <span class='ocrx_word' id='word_1_334' title='bbox 688 3565 954 3633; x_wconf 90' lang='lat' dir='ltr'><strong>Domine,</strong></span> <span class='ocrx_word' id='word_1_335' title='bbox 984 3583 1218 3638; x_wconf 89' lang='lat' dir='ltr'><strong>passum</strong></span> <span class='ocrx_word' id='word_1_336' title='bbox 1245 3583 1348 3638; x_wconf 92' lang='lat' dir='ltr'><strong>pro</strong></span> <span class='ocrx_word' id='word_1_337' title='bbox 1379 3566 1583 3622; x_wconf 91' lang='lat' dir='ltr'><strong>mundi</strong></span> <span class='ocrx_word' id='word_1_338' title='bbox 1612 3567 1795 3622; x_wconf 89' lang='lat' dir='ltr'><strong>salute</strong></span> 
     </span>
    </p>
   </div>
   <div class='ocr_carea' id='block_1_53' title="bbox 158 3659 1795 3732">
    <p class='ocr_par' dir='ltr' id='par_1_53' title="bbox 158 3659 1795 3732">
     <span class='ocr_line' id='line_1_53' title="bbox 158 3659 1795 3732; baseline -0.001 -17"><span class='ocrx_word' id='word_1_339' title='bbox 158 3661 460 3728; x_wconf 89' lang='lat' dir='ltr'><strong>humilem,</strong></span> <span class='ocrx_word' id='word_1_340' title='bbox 491 3660 592 3715; x_wconf 89' lang='lat' dir='ltr'><strong>sed</strong></span> <span class='ocrx_word' id='word_1_341' title='bbox 622 3659 908 3714; x_wconf 88' lang='lat' dir='ltr'><strong>credimus</strong></span> <span class='ocrx_word' id='word_1_342' title='bbox 939 3659 1246 3714; x_wconf 90' lang='lat' dir='ltr'><strong>subsistere</strong></span> <span class='ocrx_word' id='word_1_343' title='bbox 1283 3677 1513 3732; x_wconf 89' lang='lat' dir='ltr'><strong>semper</strong></span> <span class='ocrx_word' id='word_1_344' title='bbox 1536 3660 1596 3714; x_wconf 92' lang='lat' dir='ltr'><strong>in</strong></span> <span class='ocrx_word' id='word_1_345' title='bbox 1622 3659 1795 3715; x_wconf 82' lang='lat' dir='ltr'><strong>Geni-</strong></span> 
     </span>
    </p>
   </div>
   <div class='ocr_carea' id='block_1_54' title="bbox 158 3739 1792 3828">
    <p class='ocr_par' dir='ltr' id='par_1_54' title="bbox 158 3739 1792 3828">
     <span class='ocr_line' id='line_1_54' title="bbox 158 3739 1792 3828; baseline -0.001 -19"><span class='ocrx_word' id='word_1_346' title='bbox 158 3757 278 3809; x_wconf 87' lang='lat' dir='ltr'><strong>tore</strong></span> <span class='ocrx_word' id='word_1_347' title='bbox 295 3759 635 3828; x_wconf 87' lang='lat' dir='ltr'><strong>potentem:</strong></span> <span class='ocrx_word' id='word_1_348' title='bbox 670 3769 990 3826; x_wconf 88' lang='lat' dir='ltr'><strong>precamur,</strong></span> <span class='ocrx_word' id='word_1_349' title='bbox 1017 3755 1079 3806; x_wconf 89' lang='lat' dir='ltr'><strong>ut</strong></span> <span class='ocrx_word' id='word_1_350' title='bbox 1100 3753 1197 3824; x_wconf 90' lang='lat' dir='ltr'><strong>qui</strong></span> <span class='ocrx_word' id='word_1_351' title='bbox 1215 3752 1285 3808; x_wconf 92' lang='lat' dir='ltr'><strong>de</strong></span> <span class='ocrx_word' id='word_1_352' title='bbox 1314 3753 1518 3809; x_wconf 87' lang='lat' dir='ltr'><strong>altario</strong></span> <span class='ocrx_word' id='word_1_353' title='bbox 1541 3757 1641 3809; x_wconf 90' lang='lat' dir='ltr'><strong>tuo</strong></span> <span class='ocrx_word' id='word_1_354' title='bbox 1662 3739 1792 3825; x_wconf 85' lang='lat' dir='ltr'><strong>par-</strong></span> 
     </span>
    </p>
   </div>
   <div class='ocr_carea' id='block_1_55' title="bbox 159 3846 1792 3920">
    <p class='ocr_par' dir='ltr' id='par_1_55' title="bbox 159 3846 1792 3920">
     <span class='ocr_line' id='line_1_55' title="bbox 159 3846 1792 3920; baseline 0.001 -18"><span class='ocrx_word' id='word_1_355' title='bbox 159 3849 484 3920; x_wconf 88' lang='lat' dir='ltr'><strong>ticipamur,</strong></span> <span class='ocrx_word' id='word_1_356' title='bbox 509 3865 644 3902; x_wconf 88' lang='lat' dir='ltr'><strong>cum</strong></span> <span class='ocrx_word' id='word_1_357' title='bbox 661 3846 846 3902; x_wconf 89' lang='lat' dir='ltr'><strong>beatis</strong></span> <span class='ocrx_word' id='word_1_358' title='bbox 863 3847 1137 3918; x_wconf 88' lang='lat' dir='ltr'><strong>apostolis</strong></span> <span class='ocrx_word' id='word_1_359' title='bbox 1153 3846 1213 3902; x_wconf 92' lang='lat' dir='ltr'><strong>in</strong></span> <span class='ocrx_word' id='word_1_360' title='bbox 1235 3847 1556 3902; x_wconf 70' lang='lat' dir='ltr'><strong>cmlestibus</strong></span> <span class='ocrx_word' id='word_1_361' title='bbox 1583 3847 1792 3920; x_wconf 85' lang='lat' dir='ltr'><strong>glorie-</strong></span> 
     </span>
    </p>
   </div>
   <div class='ocr_carea' id='block_1_56' title="bbox 161 3939 1791 4012">
    <p class='ocr_par' dir='ltr' id='par_1_56' title="bbox 161 3939 1791 4012">
     <span class='ocr_line' id='line_1_56' title="bbox 161 3939 1791 4012; baseline 0.001 -16"><span class='ocrx_word' id='word_1_362' title='bbox 161 3959 305 3998; x_wconf 86' lang='lat' dir='ltr'><strong>mur.</strong></span> <span class='ocrx_word' id='word_1_363' title='bbox 331 3944 570 4009; x_wconf 58' lang='lat' dir='ltr'><strong>Praesta,</strong></span> <span class='ocrx_word' id='word_1_364' title='bbox 607 3941 868 3996; x_wconf 89' lang='lat' dir='ltr'><strong>Salvator</strong></span> <span class='ocrx_word' id='word_1_365' title='bbox 891 3939 1115 4008; x_wconf 91' lang='lat' dir='ltr'><strong>mundi,</strong></span> <span class='ocrx_word' id='word_1_366' title='bbox 1149 3939 1243 4012; x_wconf 90' lang='lat' dir='ltr'><strong>qui</strong></span> <span class='ocrx_word' id='word_1_367' title='bbox 1281 3957 1412 3996; x_wconf 91' lang='lat' dir='ltr'><strong>cum</strong></span> <span class='ocrx_word' id='word_1_368' title='bbox 1443 3943 1662 3996; x_wconf 73' lang='lat' dir='ltr'><strong>aeterno</strong></span> <span class='ocrx_word' id='word_1_369' title='bbox 1687 3942 1791 3997; x_wconf 39' lang='lat' dir='ltr'><strong>Pas</strong></span> 
     </span>
    </p>
   </div>
   <div class='ocr_carea' id='block_1_57' title="bbox 158 4035 980 4108">
    <p class='ocr_par' dir='ltr' id='par_1_57' title="bbox 158 4035 980 4108">
     <span class='ocr_line' id='line_1_57' title="bbox 158 4035 980 4108; baseline -0.001 -18"><span class='ocrx_word' id='word_1_370' title='bbox 158 4041 240 4091; x_wconf 85' lang='lat' dir='ltr'><strong>tre</strong></span> <span class='ocrx_word' id='word_1_371' title='bbox 266 4039 325 4090; x_wconf 91' lang='lat' dir='ltr'><strong>et</strong></span> <span class='ocrx_word' id='word_1_372' title='bbox 352 4035 576 4108; x_wconf 89' lang='lat' dir='ltr'><strong>Spiritu</strong></span> <span class='ocrx_word' id='word_1_373' title='bbox 597 4037 795 4091; x_wconf 88' lang='lat' dir='ltr'><strong>sancto</strong></span> <span class='ocrx_word' id='word_1_374' title='bbox 823 4035 980 4090; x_wconf 88' lang='lat' dir='ltr'><strong>vivis.</strong></span> 
     </span>
    </p>
   </div>
   <div class='ocr_carea' id='block_1_58' title="bbox 431 4131 1518 4184">
    <p class='ocr_par' dir='ltr' id='par_1_58' title="bbox 431 4131 1518 4184">
     <span class='ocr_line' id='line_1_58' title="bbox 431 4131 1518 4184; baseline -0.005 0"><span class='ocrx_word' id='word_1_375' title='bbox 431 4133 688 4184; x_wconf 85' lang='lat' dir='ltr'><strong>Collectio</strong></span> <span class='ocrx_word' id='word_1_376' title='bbox 712 4136 830 4184; x_wconf 87' lang='lat' dir='ltr'><strong>ante</strong></span> <span class='ocrx_word' id='word_1_377' title='bbox 859 4131 1150 4184; x_wconf 86' lang='lat' dir='ltr'><strong>orationem</strong></span> <span class='ocrx_word' id='word_1_378' title='bbox 1176 4131 1518 4183; x_wconf 87' lang='lat' dir='ltr'><strong>Dominicam.</strong></span> 
     </span>
    </p>
   </div>
   <div class='ocr_carea' id='block_1_59' title="bbox 223 4215 1792 4287">
    <p class='ocr_par' dir='ltr' id='par_1_59' title="bbox 223 4215 1792 4287">
     <span class='ocr_line' id='line_1_59' title="bbox 223 4215 1792 4287; baseline 0.001 -17"><span class='ocrx_word' id='word_1_379' title='bbox 223 4215 393 4282; x_wconf 88' lang='lat' dir='ltr'><strong>Deus,</strong></span> <span class='ocrx_word' id='word_1_380' title='bbox 425 4215 525 4287; x_wconf 89' lang='lat' dir='ltr'><strong>qui</strong></span> <span class='ocrx_word' id='word_1_381' title='bbox 576 4218 805 4270; x_wconf 90' lang='lat' dir='ltr'><strong>sanctos</strong></span> <span class='ocrx_word' id='word_1_382' title='bbox 847 4215 1138 4286; x_wconf 90' lang='lat' dir='ltr'><strong>apostolos</strong></span> <span class='ocrx_word' id='word_1_383' title='bbox 1191 4217 1338 4282; x_wconf 89' lang='lat' dir='ltr'><strong>tuos,</strong></span> <span class='ocrx_word' id='word_1_384' title='bbox 1368 4217 1665 4287; x_wconf 87' lang='lat' dir='ltr'><strong>exemptos</strong></span> <span class='ocrx_word' id='word_1_385' title='bbox 1719 4215 1792 4271; x_wconf 90' lang='lat' dir='ltr'><strong>ab</strong></span> 
     </span>
    </p>
   </div>
   <div class='ocr_carea' id='block_1_60' title="bbox 154 4307 1788 4380">
    <p class='ocr_par' dir='ltr' id='par_1_60' title="bbox 154 4307 1788 4380">
     <span class='ocr_line' id='line_1_60' title="bbox 154 4307 1788 4380; baseline 0.001 -17"><span class='ocrx_word' id='word_1_386' title='bbox 154 4309 322 4380; x_wconf 85' lang='lat' dir='ltr'><strong>hujus</strong></span> <span class='ocrx_word' id='word_1_387' title='bbox 345 4309 542 4364; x_wconf 63' lang='lat' dir='ltr'><strong>seculi</strong></span> <span class='ocrx_word' id='word_1_388' title='bbox 569 4308 853 4376; x_wconf 83' lang='lat' dir='ltr'><strong>fluctibus,</strong></span> <span class='ocrx_word' id='word_1_389' title='bbox 888 4307 1164 4379; x_wconf 87' lang='lat' dir='ltr'><strong>angelicis</strong></span> <span class='ocrx_word' id='word_1_390' title='bbox 1182 4307 1399 4379; x_wconf 89' lang='lat' dir='ltr'><strong>jussisti</strong></span> <span class='ocrx_word' id='word_1_391' title='bbox 1421 4308 1659 4363; x_wconf 70' lang='lat' dir='ltr'><strong>coetibus</strong></span> <span class='ocrx_word' id='word_1_392' title='bbox 1688 4308 1788 4364; x_wconf 87' lang='lat' dir='ltr'><strong>ad-</strong></span> 
     </span>
    </p>
   </div>
   <div class='ocr_carea' id='block_1_61' title="bbox 154 4400 1788 4474">
    <p class='ocr_par' dir='ltr' id='par_1_61' title="bbox 154 4400 1788 4474">
     <span class='ocr_line' id='line_1_61' title="bbox 154 4400 1788 4474; baseline 0 -17"><span class='ocrx_word' id='word_1_393' title='bbox 154 4419 420 4474; x_wconf 78' lang='lat' dir='ltr'><strong>gregare,</strong></span> <span class='ocrx_word' id='word_1_394' title='bbox 437 4419 585 4474; x_wconf 89' lang='lat' dir='ltr'><strong>quos</strong></span> <span class='ocrx_word' id='word_1_395' title='bbox 597 4400 773 4457; x_wconf 90' lang='lat' dir='ltr'><strong>etiam</strong></span> <span class='ocrx_word' id='word_1_396' title='bbox 797 4401 906 4456; x_wconf 89' lang='lat' dir='ltr'><strong>tuis</strong></span> <span class='ocrx_word' id='word_1_397' title='bbox 929 4401 1405 4473; x_wconf 66' lang='lat' dir='ltr'><strong>praeceptionibus</strong></span> <span class='ocrx_word' id='word_1_398' title='bbox 1417 4401 1788 4471; x_wconf 70' lang='lat' dir='ltr'><strong>inhmrentes,</strong></span> 
     </span>
    </p>
   </div>
   <div class='ocr_carea' id='block_1_62' title="bbox 153 4493 1788 4567">
    <p class='ocr_par' dir='ltr' id='par_1_62' title="bbox 153 4493 1788 4567">
     <span class='ocr_line' id='line_1_62' title="bbox 153 4493 1788 4567; baseline 0.001 -17"><span class='ocrx_word' id='word_1_399' title='bbox 153 4496 405 4567; x_wconf 87' lang='lat' dir='ltr'><strong>qualiter</strong></span> <span class='ocrx_word' id='word_1_400' title='bbox 439 4499 498 4550; x_wconf 88' lang='lat' dir='ltr'><strong>te</strong></span> <span class='ocrx_word' id='word_1_401' title='bbox 537 4495 989 4567; x_wconf 88' lang='lat' dir='ltr'><strong>deprecarentur</strong></span> <span class='ocrx_word' id='word_1_402' title='bbox 1023 4495 1355 4550; x_wconf 78' lang='lat' dir='ltr'><strong>exhortator</strong></span> <span class='ocrx_word' id='word_1_403' title='bbox 1384 4493 1671 4567; x_wconf 91' lang='lat' dir='ltr'><strong>piissimus</strong></span> <span class='ocrx_word' id='word_1_404' title='bbox 1701 4495 1788 4551; x_wconf 90' lang='lat' dir='ltr'><strong>in-</strong></span> 
     </span>
    </p>
   </div>
   <div class='ocr_carea' id='block_1_63' title="bbox 151 4585 1870 4660">
    <p class='ocr_par' dir='ltr' id='par_1_63' title="bbox 151 4585 1870 4660">
     <span class='ocr_line' id='line_1_63' title="bbox 151 4585 1870 4660; baseline 0.001 -16"><span class='ocrx_word' id='word_1_405' title='bbox 151 4590 437 4656; x_wconf 84' lang='lat' dir='ltr'><strong>formasti,</strong></span> <span class='ocrx_word' id='word_1_406' title='bbox 485 4589 772 4660; x_wconf 88' lang='lat' dir='ltr'><strong>supplices</strong></span> <span class='ocrx_word' id='word_1_407' title='bbox 819 4605 1167 4660; x_wconf 67' lang='lat' dir='ltr'><strong>quaesumus,</strong></span> <span class='ocrx_word' id='word_1_408' title='bbox 1215 4592 1278 4643; x_wconf 88' lang='lat' dir='ltr'><strong>ut</strong></span> <span class='ocrx_word' id='word_1_409' title='bbox 1318 4588 1416 4660; x_wconf 91' lang='lat' dir='ltr'><strong>qui</strong></span> <span class='ocrx_word' id='word_1_410' title='bbox 1457 4587 1584 4644; x_wconf 90' lang='lat' dir='ltr'><strong>illos</strong></span> <span class='ocrx_word' id='word_1_411' title='bbox 1621 4585 1870 4658; x_wconf 89' lang='lat' dir='ltr'><strong>hilariD</strong></span> 
     </span>
    </p>
   </div>
   <div class='ocr_carea' id='block_1_64' title="bbox 151 4681 1790 4753">
    <p class='ocr_par' dir='ltr' id='par_1_64' title="bbox 151 4681 1790 4753">
     <span class='ocr_line' id='line_1_64' title="bbox 151 4681 1790 4753; baseline 0.001 -16"><span class='ocrx_word' id='word_1_412' title='bbox 151 4684 330 4738; x_wconf 77' lang='lat' dir='ltr'><strong>aifatu</strong></span> <span class='ocrx_word' id='word_1_413' title='bbox 352 4681 661 4738; x_wconf 86' lang='lat' dir='ltr'><strong>salubriter</strong></span> <span class='ocrx_word' id='word_1_414' title='bbox 684 4681 964 4750; x_wconf 88' lang='lat' dir='ltr'><strong>imbuisti,</strong></span> <span class='ocrx_word' id='word_1_415' title='bbox 998 4681 1165 4736; x_wconf 89' lang='lat' dir='ltr'><strong>nobis</strong></span> <span class='ocrx_word' id='word_1_416' title='bbox 1192 4681 1376 4753; x_wconf 89' lang='lat' dir='ltr'><strong>ipsam</strong></span> <span class='ocrx_word' id='word_1_417' title='bbox 1406 4698 1639 4753; x_wconf 91' lang='lat' dir='ltr'><strong>precem</strong></span> <span class='ocrx_word' id='word_1_418' title='bbox 1660 4699 1790 4738; x_wconf 89' lang='lat' dir='ltr'><strong>cum</strong></span> 
     </span>
    </p>
   </div>
   <div class='ocr_carea' id='block_1_65' title="bbox 153 4775 1788 4848">
    <p class='ocr_par' dir='ltr' id='par_1_65' title="bbox 153 4775 1788 4848">
     <span class='ocr_line' id='line_1_65' title="bbox 153 4775 1788 4848; baseline 0.002 -18"><span class='ocrx_word' id='word_1_419' title='bbox 153 4777 362 4832; x_wconf 79' lang='lat' dir='ltr'><strong>ﬁducia</strong></span> <span class='ocrx_word' id='word_1_420' title='bbox 390 4775 698 4848; x_wconf 85' lang='lat' dir='ltr'><strong>permittas</strong></span> <span class='ocrx_word' id='word_1_421' title='bbox 726 4776 980 4830; x_wconf 87' lang='lat' dir='ltr'><strong>clamare</strong></span> <span class='ocrx_word' id='word_1_422' title='bbox 1011 4775 1102 4830; x_wconf 91' lang='lat' dir='ltr'><strong>vel</strong></span> <span class='ocrx_word' id='word_1_423' title='bbox 1131 4775 1354 4831; x_wconf 87' lang='lat' dir='ltr'><strong>dicere:</strong></span> <span class='ocrx_word' id='word_1_424' title='bbox 1382 4777 1553 4831; x_wconf 91' lang='lat' dir='ltr'><strong>Pater</strong></span> <span class='ocrx_word' id='word_1_425' title='bbox 1573 4780 1788 4833; x_wconf 89' lang='lat' dir='ltr'><strong>noster.</strong></span> 
     </span>
    </p>
   </div>
   <div class='ocr_carea' id='block_1_66' title="bbox 429 4871 1510 4937">
    <p class='ocr_par' dir='ltr' id='par_1_66' title="bbox 429 4871 1510 4937">
     <span class='ocr_line' id='line_1_66' title="bbox 429 4871 1510 4937; baseline -0.002 -12"><span class='ocrx_word' id='word_1_426' title='bbox 429 4873 686 4925; x_wconf 85' lang='lat' dir='ltr'><strong>Collectio</strong></span> <span class='ocrx_word' id='word_1_427' title='bbox 709 4877 830 4937; x_wconf 83' lang='lat' dir='ltr'><strong>post</strong></span> <span class='ocrx_word' id='word_1_428' title='bbox 854 4872 1142 4924; x_wconf 88' lang='lat' dir='ltr'><strong>orationem</strong></span> <span class='ocrx_word' id='word_1_429' title='bbox 1167 4871 1510 4924; x_wconf 83' lang='lat' dir='ltr'><strong>Dominicam.</strong></span> 
     </span>
    </p>
   </div>
   <div class='ocr_carea' id='block_1_67' title="bbox 223 4955 1789 5032">
    <p class='ocr_par' dir='ltr' id='par_1_67' title="bbox 223 4955 1789 5032">
     <span class='ocr_line' id='line_1_67' title="bbox 223 4955 1789 5032; baseline 0 -20"><span class='ocrx_word' id='word_1_430' title='bbox 223 4955 420 5032; x_wconf 82' lang='lat'><strong>223</strong></span> <span class='ocrx_word' id='word_1_431' title='bbox 437 4957 529 5012; x_wconf 75' lang='lat' dir='ltr'><strong>Ab</strong></span> <span class='ocrx_word' id='word_1_432' title='bbox 561 4956 893 5012; x_wconf 90' lang='lat' dir='ltr'><strong>omnimalo</strong></span> <span class='ocrx_word' id='word_1_433' title='bbox 910 4973 1017 5012; x_wconf 90' lang='lat' dir='ltr'><strong>nos</strong></span> <span class='ocrx_word' id='word_1_434' title='bbox 1041 4955 1221 5028; x_wconf 90' lang='lat' dir='ltr'><strong>eripe,</strong></span> <span class='ocrx_word' id='word_1_435' title='bbox 1238 4956 1607 5028; x_wconf 90' lang='lat' dir='ltr'><strong>omnipotens</strong></span> <span class='ocrx_word' id='word_1_436' title='bbox 1620 4957 1789 5027; x_wconf 90' lang='lat' dir='ltr'><strong>Deus,</strong></span> 
     </span>
    </p>
   </div>
   <div class='ocr_carea' id='block_1_68' title="bbox 150 5049 1793 5124">
    <p class='ocr_par' dir='ltr' id='par_1_68' title="bbox 150 5049 1793 5124">
     <span class='ocr_line' id='line_1_68' title="bbox 150 5049 1793 5124; baseline 0 -18"><span class='ocrx_word' id='word_1_437' title='bbox 150 5055 210 5106; x_wconf 86' lang='lat' dir='ltr'><strong>et</strong></span> <span class='ocrx_word' id='word_1_438' title='bbox 217 5054 431 5124; x_wconf 67' lang='lat' dir='ltr'><strong>praesta</strong></span> <span class='ocrx_word' id='word_1_439' title='bbox 450 5053 516 5106; x_wconf 89' lang='lat' dir='ltr'><strong>ut</strong></span> <span class='ocrx_word' id='word_1_440' title='bbox 526 5049 705 5122; x_wconf 88' lang='lat' dir='ltr'><strong>jubar</strong></span> <span class='ocrx_word' id='word_1_441' title='bbox 725 5049 1027 5121; x_wconf 87' lang='lat' dir='ltr'><strong>apostolici</strong></span> <span class='ocrx_word' id='word_1_442' title='bbox 1049 5049 1288 5105; x_wconf 89' lang='lat' dir='ltr'><strong>luminis</strong></span> <span class='ocrx_word' id='word_1_443' title='bbox 1299 5049 1657 5118; x_wconf 91' lang='lat' dir='ltr'><strong>circumdati,</strong></span> <span class='ocrx_word' id='word_1_444' title='bbox 1673 5068 1793 5108; x_wconf 90' lang='lat' dir='ltr'><strong>om-</strong></span> 
     </span>
    </p>
   </div>
   <div class='ocr_carea' id='block_1_69' title="bbox 153 5142 1788 5216">
    <p class='ocr_par' dir='ltr' id='par_1_69' title="bbox 153 5142 1788 5216">
     <span class='ocr_line' id='line_1_69' title="bbox 153 5142 1788 5216; baseline 0.001 -16"><span class='ocrx_word' id='word_1_445' title='bbox 153 5163 285 5202; x_wconf 87' lang='lat' dir='ltr'><strong>nem</strong></span> <span class='ocrx_word' id='word_1_446' title='bbox 327 5161 560 5202; x_wconf 73' lang='lat' dir='ltr'><strong>naavum</strong></span> <span class='ocrx_word' id='word_1_447' title='bbox 606 5142 869 5198; x_wconf 89' lang='lat' dir='ltr'><strong>criminis</strong></span> <span class='ocrx_word' id='word_1_448' title='bbox 905 5160 1038 5199; x_wconf 90' lang='lat' dir='ltr'><strong>cum</strong></span> <span class='ocrx_word' id='word_1_449' title='bbox 1068 5143 1297 5216; x_wconf 89' lang='lat' dir='ltr'><strong>pompis</strong></span> <span class='ocrx_word' id='word_1_450' title='bbox 1327 5143 1520 5198; x_wconf 56' lang='lat' dir='ltr'><strong>saeculi</strong></span> <span class='ocrx_word' id='word_1_451' title='bbox 1553 5161 1788 5216; x_wconf 90' lang='lat' dir='ltr'><strong>respua-</strong></span> 
     </span>
    </p>
   </div>
   <div class='ocr_carea' id='block_1_70' title="bbox 151 5236 1790 5296">
    <p class='ocr_par' dir='ltr' id='par_1_70' title="bbox 151 5236 1790 5296">
     <span class='ocr_line' id='line_1_70' title="bbox 151 5236 1790 5296; baseline 0 -2"><span class='ocrx_word' id='word_1_452' title='bbox 151 5242 422 5296; x_wconf 87' lang='lat' dir='ltr'><strong>mus.Per</strong></span> <span class='ocrx_word' id='word_1_453' title='bbox 437 5237 752 5295; x_wconf 89' lang='lat' dir='ltr'><strong>Dominum</strong></span> <span class='ocrx_word' id='word_1_454' title='bbox 778 5240 1039 5294; x_wconf 89' lang='lat' dir='ltr'><strong>nostrum</strong></span> <span class='ocrx_word' id='word_1_455' title='bbox 1057 5239 1250 5294; x_wconf 74' lang='lat' dir='ltr'><strong>Iesum</strong></span> <span class='ocrx_word' id='word_1_456' title='bbox 1272 5236 1562 5294; x_wconf 88' lang='lat' dir='ltr'><strong>Christum</strong></span> <span class='ocrx_word' id='word_1_457' title='bbox 1585 5238 1790 5295; x_wconf 87' lang='lat' dir='ltr'><strong>Filium</strong></span> 
     </span>
    </p>
   </div>
   <div class='ocr_carea' id='block_1_71' title="bbox 151 5337 330 5389">
    <p class='ocr_par' dir='ltr' id='par_1_71' title="bbox 151 5337 330 5389">
     <span class='ocr_line' id='line_1_71' title="bbox 151 5337 330 5389; baseline 0.017 -3"><span class='ocrx_word' id='word_1_458' title='bbox 151 5337 330 5389; x_wconf 87' lang='lat' dir='ltr'><strong>tuum.</strong></span> 
     </span>
    </p>
   </div>
   <div class='ocr_carea' id='block_1_72' title="bbox 716 5399 1240 5466">
    <p class='ocr_par' dir='ltr' id='par_1_72' title="bbox 716 5399 1240 5466">
     <span class='ocr_line' id='line_1_72' title="bbox 716 5399 1240 5466; baseline -0.004 -14"><span class='ocrx_word' id='word_1_459' title='bbox 716 5399 1017 5452; x_wconf 81' lang='lat' dir='ltr'><strong>Benedictio</strong></span> <span class='ocrx_word' id='word_1_460' title='bbox 1041 5400 1240 5466; x_wconf 90' lang='lat' dir='ltr'><strong>populi.</strong></span> 
     </span>
    </p>
   </div>
   <div class='ocr_carea' id='block_1_73' title="bbox 219 5463 1814 5557">
    <p class='ocr_par' dir='ltr' id='par_1_73' title="bbox 219 5463 1814 5557">
     <span class='ocr_line' id='line_1_73' title="bbox 219 5463 1814 5557; baseline 0.001 -17"><span class='ocrx_word' id='word_1_461' title='bbox 219 5485 465 5542; x_wconf 90' lang='lat' dir='ltr'><strong>Domine</strong></span> <span class='ocrx_word' id='word_1_462' title='bbox 499 5483 652 5539; x_wconf 90' lang='lat' dir='ltr'><strong>Deus</strong></span> <span class='ocrx_word' id='word_1_463' title='bbox 681 5463 1069 5556; x_wconf 74' lang='lat' dir='ltr'><strong>omnipotens,</strong></span> <span class='ocrx_word' id='word_1_464' title='bbox 1097 5463 1195 5555; x_wconf 77' lang='lat' dir='ltr'><strong>qui</strong></span> <span class='ocrx_word' id='word_1_465' title='bbox 1217 5482 1502 5556; x_wconf 86' lang='lat' dir='ltr'><strong>gloriosus</strong></span> <span class='ocrx_word' id='word_1_466' title='bbox 1530 5500 1702 5557; x_wconf 89' lang='lat' dir='ltr'><strong>super</strong></span> <span class='ocrx_word' id='word_1_467' title='bbox 1721 5463 1814 5541; x_wconf 29' lang='lat' dir='ltr'><strong>si?</strong></span> 
     </span>
    </p>
   </div>
   <div class='ocr_carea' id='block_1_74' title="bbox 219 5607 1791 5681">
    <p class='ocr_par' dir='ltr' id='par_1_74' title="bbox 219 5607 1791 5681">
     <span class='ocr_line' id='line_1_74' title="bbox 219 5607 1791 5681; baseline -0.001 -14"><span class='ocrx_word' id='word_1_468' title='bbox 219 5609 244 5638; x_wconf 82' lang='grc'><strong><em>³</em></strong></span> <span class='ocrx_word' id='word_1_469' title='bbox 273 5612 401 5666; x_wconf 61' lang='grc' dir='ltr'><strong>Περ</strong></span> <span class='ocrx_word' id='word_1_470' title='bbox 429 5609 664 5681; x_wconf 87' lang='lat' dir='ltr'><strong>aliaque</strong></span> <span class='ocrx_word' id='word_1_471' title='bbox 690 5608 864 5681; x_wconf 81' lang='lat' dir='ltr'><strong>verba</strong></span> <span class='ocrx_word' id='word_1_472' title='bbox 889 5608 1194 5679; x_wconf 89' lang='lat' dir='ltr'><strong>desumpta</strong></span> <span class='ocrx_word' id='word_1_473' title='bbox 1223 5607 1492 5681; x_wconf 79' lang='lat' dir='ltr'><strong>videntur</strong></span> <span class='ocrx_word' id='word_1_474' title='bbox 1507 5625 1574 5666; x_wconf 90' lang='lat' dir='ltr'><strong>ex</strong></span> <span class='ocrx_word' id='word_1_475' title='bbox 1598 5610 1791 5681; x_wconf 88' lang='lat' dir='ltr'><strong>vulga-</strong></span> 
     </span>
    </p>
   </div>
   <div class='ocr_carea' id='block_1_75' title="bbox 153 5677 1792 5750">
    <p class='ocr_par' dir='ltr' id='par_1_75' title="bbox 153 5677 1792 5750">
     <span class='ocr_line' id='line_1_75' title="bbox 153 5677 1792 5750; baseline 0.003 -18"><span class='ocrx_word' id='word_1_476' title='bbox 153 5680 224 5732; x_wconf 84' lang='lat' dir='ltr'><strong>tis</strong></span> <span class='ocrx_word' id='word_1_477' title='bbox 241 5681 423 5738; x_wconf 88' lang='lat' dir='ltr'><strong>sancti</strong></span> <span class='ocrx_word' id='word_1_478' title='bbox 447 5677 704 5736; x_wconf 69' lang='lat' dir='ltr'><strong>Andreae</strong></span> <span class='ocrx_word' id='word_1_479' title='bbox 725 5677 900 5750; x_wconf 80' lang='lat' dir='ltr'><strong>Actis,</strong></span> <span class='ocrx_word' id='word_1_480' title='bbox 935 5695 1064 5750; x_wconf 69' lang='lat' dir='ltr'><strong>qua:</strong></span> <span class='ocrx_word' id='word_1_481' title='bbox 1092 5677 1298 5750; x_wconf 64' lang='lat' dir='ltr'><strong>saeculo</strong></span> <span class='ocrx_word' id='word_1_482' title='bbox 1325 5695 1424 5734; x_wconf 87' lang='lat' dir='ltr'><strong>vm</strong></span> <span class='ocrx_word' id='word_1_483' title='bbox 1451 5683 1590 5736; x_wconf 89' lang='lat' dir='ltr'><strong>nota</strong></span> <span class='ocrx_word' id='word_1_484' title='bbox 1624 5677 1792 5737; x_wconf 76' lang='lat' dir='ltr'><strong>erant</strong></span> 
     </span>
    </p>
   </div>
   <div class='ocr_carea' id='block_1_76' title="bbox 154 5749 1794 5824">
    <p class='ocr_par' dir='ltr' id='par_1_76' title="bbox 154 5749 1794 5824">
     <span class='ocr_line' id='line_1_76' title="bbox 154 5749 1794 5824; baseline -0.001 -16"><span class='ocrx_word' id='word_1_485' title='bbox 154 5753 298 5824; x_wconf 72' lang='lat' dir='ltr'><strong>apud</strong></span> <span class='ocrx_word' id='word_1_486' title='bbox 326 5753 618 5824; x_wconf 79' lang='lat' dir='ltr'><strong>Hispanos</strong></span> <span class='ocrx_word' id='word_1_487' title='bbox 643 5751 818 5805; x_wconf 87' lang='lat' dir='ltr'><strong>Beato</strong></span> <span class='ocrx_word' id='word_1_488' title='bbox 841 5749 1055 5824; x_wconf 74' lang='lat' dir='ltr'><strong>abbati,</strong></span> <span class='ocrx_word' id='word_1_489' title='bbox 1080 5749 1179 5824; x_wconf 83' lang='lat' dir='ltr'><strong>qui</strong></span> <span class='ocrx_word' id='word_1_490' title='bbox 1210 5766 1277 5806; x_wconf 92' lang='lat' dir='ltr'><strong>ex</strong></span> <span class='ocrx_word' id='word_1_491' title='bbox 1301 5750 1395 5824; x_wconf 77' lang='lat' dir='ltr'><strong>eis</strong></span> <span class='ocrx_word' id='word_1_492' title='bbox 1407 5751 1582 5824; x_wconf 85' lang='lat' dir='ltr'><strong>verba</strong></span> <span class='ocrx_word' id='word_1_493' title='bbox 1610 5752 1794 5824; x_wconf 77' lang='lat' dir='ltr'><strong>refert</strong></span> 
     </span>
    </p>
   </div>
   <div class='ocr_carea' id='block_1_77' title="bbox 155 5820 1786 5878">
    <p class='ocr_par' dir='ltr' id='par_1_77' title="bbox 155 5820 1786 5878">
     <span class='ocr_line' id='line_1_77' title="bbox 155 5820 1786 5878; baseline 0.001 -2"><span class='ocrx_word' id='word_1_494' title='bbox 155 5822 253 5876; x_wconf 72' lang='lat' dir='ltr'><strong>sub</strong></span> <span class='ocrx_word' id='word_1_495' title='bbox 279 5820 458 5878; x_wconf 81' lang='lat' dir='ltr'><strong>finem</strong></span> <span class='ocrx_word' id='word_1_496' title='bbox 480 5822 617 5878; x_wconf 87' lang='lat' dir='ltr'><strong>libri</strong></span> <span class='ocrx_word' id='word_1_497' title='bbox 648 5838 668 5877; x_wconf 78' lang='grc' dir='ltr'><strong>Ι</strong></span> <span class='ocrx_word' id='word_1_498' title='bbox 692 5824 894 5877; x_wconf 88' lang='lat' dir='ltr'><strong>contra</strong></span> <span class='ocrx_word' id='word_1_499' title='bbox 919 5820 1287 5878; x_wconf 78' lang='lat' dir='ltr'><strong>Elinandum.</strong></span> <span class='ocrx_word' id='word_1_500' title='bbox 1317 5821 1563 5876; x_wconf 86' lang='lat' dir='ltr'><strong>Libellus</strong></span> <span class='ocrx_word' id='word_1_501' title='bbox 1595 5823 1665 5877; x_wconf 91' lang='lat' dir='ltr'><strong>de</strong></span> <span class='ocrx_word' id='word_1_502' title='bbox 1687 5822 1786 5878; x_wconf 84' lang='lat' dir='ltr'><strong>Mi-</strong></span> 
     </span>
    </p>
   </div>
   <div class='ocr_carea' id='block_1_78' title="bbox 151 5890 1783 5952">
    <p class='ocr_par' dir='ltr' id='par_1_78' title="bbox 151 5890 1783 5952">
     <span class='ocr_line' id='line_1_78' title="bbox 151 5890 1783 5952; baseline 0.002 -5"><span class='ocrx_word' id='word_1_503' title='bbox 151 5895 356 5952; x_wconf 79' lang='lat' dir='ltr'><strong>raculis</strong></span> <span class='ocrx_word' id='word_1_504' title='bbox 397 5895 586 5951; x_wconf 82' lang='lat' dir='ltr'><strong>sancti</strong></span> <span class='ocrx_word' id='word_1_505' title='bbox 611 5891 858 5949; x_wconf 66' lang='lat' dir='ltr'><strong>Andreae</strong></span> <span class='ocrx_word' id='word_1_506' title='bbox 887 5890 1157 5950; x_wconf 89' lang='lat' dir='ltr'><strong>laudatur</strong></span> <span class='ocrx_word' id='word_1_507' title='bbox 1180 5890 1241 5948; x_wconf 91' lang='lat' dir='ltr'><strong>in</strong></span> <span class='ocrx_word' id='word_1_508' title='bbox 1265 5892 1532 5948; x_wconf 87' lang='lat' dir='ltr'><strong>Chronici</strong></span> <span class='ocrx_word' id='word_1_509' title='bbox 1577 5893 1783 5950; x_wconf 86' lang='lat' dir='ltr'><strong>Fonta-</strong></span> 
     </span>
    </p>
   </div>
   <div class='ocr_carea' id='block_1_79' title="bbox 1899 1919 3636 1994">
    <p class='ocr_par' dir='ltr' id='par_1_79' title="bbox 1899 1919 3636 1994">
     <span class='ocr_line' id='line_1_79' title="bbox 1899 1919 3636 1994; baseline 0.004 -22"><span class='ocrx_word' id='word_1_510' title='bbox 1899 1919 2000 1973; x_wconf 70' lang='lat' dir='ltr'><strong>ria:</strong></span> <span class='ocrx_word' id='word_1_511' title='bbox 2028 1920 2398 1989; x_wconf 90' lang='lat' dir='ltr'><strong>consecravit,</strong></span> <span class='ocrx_word' id='word_1_512' title='bbox 2427 1925 2490 1976; x_wconf 93' lang='lat' dir='ltr'><strong>ut</strong></span> <span class='ocrx_word' id='word_1_513' title='bbox 2515 1938 2620 1993; x_wconf 89' lang='lat' dir='ltr'><strong>per</strong></span> <span class='ocrx_word' id='word_1_514' title='bbox 2648 1938 2820 1993; x_wconf 89' lang='lat' dir='ltr'><strong>quem</strong></span> <span class='ocrx_word' id='word_1_515' title='bbox 2848 1923 3000 1980; x_wconf 87' lang='lat' dir='ltr'><strong>facta</strong></span> <span class='ocrx_word' id='word_1_516' title='bbox 3023 1926 3110 1978; x_wconf 90' lang='lat' dir='ltr'><strong>est</strong></span> <span class='ocrx_word' id='word_1_517' title='bbox 3130 1927 3319 1979; x_wconf 90' lang='lat' dir='ltr'><strong>mater</strong></span> <span class='ocrx_word' id='word_1_518' title='bbox 3337 1923 3532 1992; x_wconf 84' lang='lat' dir='ltr'><strong>Maria,</strong></span> <span class='ocrx_word' id='word_1_519' title='bbox 3623 1983 3636 1994; x_wconf 64' lang='grc'><em>,</em></span> 
     </span>
    </p>
   </div>
   <div class='ocr_carea' id='block_1_80' title="bbox 1900 2013 3530 2088">
    <p class='ocr_par' dir='ltr' id='par_1_80' title="bbox 1900 2013 3530 2088">
     <span class='ocr_line' id='line_1_80' title="bbox 1900 2013 3530 2088; baseline 0.004 -21"><span class='ocrx_word' id='word_1_520' title='bbox 1900 2013 2065 2068; x_wconf 74' lang='lat' dir='ltr'><strong>fleret</strong></span> <span class='ocrx_word' id='word_1_521' title='bbox 2098 2017 2355 2085; x_wconf 78' lang='lat' dir='ltr'><strong>martyra</strong></span> <span class='ocrx_word' id='word_1_522' title='bbox 2393 2015 2652 2072; x_wconf 88' lang='lat' dir='ltr'><strong>Eulalia:</strong></span> <span class='ocrx_word' id='word_1_523' title='bbox 2693 2015 2791 2072; x_wconf 88' lang='lat' dir='ltr'><strong>illa</strong></span> <span class='ocrx_word' id='word_1_524' title='bbox 2825 2016 3090 2088; x_wconf 89' lang='lat' dir='ltr'><strong>pariendi</strong></span> <span class='ocrx_word' id='word_1_525' title='bbox 3129 2017 3336 2072; x_wconf 77' lang='lat' dir='ltr'><strong>effectu</strong></span> <span class='ocrx_word' id='word_1_526' title='bbox 3375 2019 3530 2088; x_wconf 86' lang='lat' dir='ltr'><strong>felix,</strong></span> 
     </span>
    </p>
   </div>
   <div class='ocr_carea' id='block_1_81' title="bbox 1897 2106 3533 2182">
    <p class='ocr_par' dir='ltr' id='par_1_81' title="bbox 1897 2106 3533 2182">
     <span class='ocr_line' id='line_1_81' title="bbox 1897 2106 3533 2182; baseline 0.004 -21"><span class='ocrx_word' id='word_1_527' title='bbox 1897 2106 2007 2162; x_wconf 91' lang='lat' dir='ltr'><strong>ista</strong></span> <span class='ocrx_word' id='word_1_528' title='bbox 2036 2108 2340 2164; x_wconf 91' lang='lat' dir='ltr'><strong>moriendo</strong></span> <span class='ocrx_word' id='word_1_529' title='bbox 2373 2125 2385 2165; x_wconf 89' lang='lat'><strong>:</strong></span> <span class='ocrx_word' id='word_1_530' title='bbox 2416 2109 2515 2164; x_wconf 91' lang='lat' dir='ltr'><strong>illa</strong></span> <span class='ocrx_word' id='word_1_531' title='bbox 2538 2109 2786 2182; x_wconf 89' lang='lat' dir='ltr'><strong>implens</strong></span> <span class='ocrx_word' id='word_1_532' title='bbox 2814 2110 3225 2166; x_wconf 88' lang='lat' dir='ltr'><strong>incarnationis</strong></span> <span class='ocrx_word' id='word_1_533' title='bbox 3257 2112 3533 2182; x_wconf 80' lang='lat' dir='ltr'><strong>ofﬁcium,</strong></span> 
     </span>
    </p>
   </div>
   <div class='ocr_carea' id='block_1_82' title="bbox 1899 2200 3531 2277">
    <p class='ocr_par' dir='ltr' id='par_1_82' title="bbox 1899 2200 3531 2277">
     <span class='ocr_line' id='line_1_82' title="bbox 1899 2200 3531 2277; baseline 0.004 -22"><span class='ocrx_word' id='word_1_534' title='bbox 1899 2200 2007 2256; x_wconf 90' lang='lat' dir='ltr'><strong>ista</strong></span> <span class='ocrx_word' id='word_1_535' title='bbox 2031 2201 2265 2273; x_wconf 89' lang='lat' dir='ltr'><strong>rapiens</strong></span> <span class='ocrx_word' id='word_1_536' title='bbox 2294 2203 2575 2273; x_wconf 91' lang='lat' dir='ltr'><strong>passionis</strong></span> <span class='ocrx_word' id='word_1_537' title='bbox 2606 2205 2971 2277; x_wconf 90' lang='lat' dir='ltr'><strong>exemplum;</strong></span> <span class='ocrx_word' id='word_1_538' title='bbox 3001 2204 3099 2260; x_wconf 91' lang='lat' dir='ltr'><strong>illa</strong></span> <span class='ocrx_word' id='word_1_539' title='bbox 3132 2204 3378 2261; x_wconf 89' lang='lat' dir='ltr'><strong>credidit</strong></span> <span class='ocrx_word' id='word_1_540' title='bbox 3416 2207 3531 2261; x_wconf 80' lang='lat' dir='ltr'><strong>An-</strong></span> 
     </span>
    </p>
   </div>
   <div class='ocr_carea' id='block_1_83' title="bbox 1901 2295 3531 2372">
    <p class='ocr_par' dir='ltr' id='par_1_83' title="bbox 1901 2295 3531 2372">
     <span class='ocr_line' id='line_1_83' title="bbox 1901 2295 3531 2372; baseline 0.003 -22"><span class='ocrx_word' id='word_1_541' title='bbox 1901 2295 2050 2366; x_wconf 87' lang='lat' dir='ltr'><strong>gelo,</strong></span> <span class='ocrx_word' id='word_1_542' title='bbox 2077 2295 2185 2352; x_wconf 88' lang='lat' dir='ltr'><strong>ista</strong></span> <span class='ocrx_word' id='word_1_543' title='bbox 2214 2296 2424 2352; x_wconf 84' lang='lat' dir='ltr'><strong>restitit</strong></span> <span class='ocrx_word' id='word_1_544' title='bbox 2442 2297 2677 2354; x_wconf 90' lang='lat' dir='ltr'><strong>inimico</strong></span> <span class='ocrx_word' id='word_1_545' title='bbox 2702 2315 2716 2354; x_wconf 91' lang='lat'>:</span> <span class='ocrx_word' id='word_1_546' title='bbox 2745 2299 2842 2354; x_wconf 90' lang='lat' dir='ltr'><strong>illa</strong></span> <span class='ocrx_word' id='word_1_547' title='bbox 2863 2299 3066 2366; x_wconf 89' lang='lat' dir='ltr'><strong>electa,</strong></span> <span class='ocrx_word' id='word_1_548' title='bbox 3087 2315 3193 2370; x_wconf 91' lang='lat' dir='ltr'><strong>per</strong></span> <span class='ocrx_word' id='word_1_549' title='bbox 3221 2317 3397 2372; x_wconf 90' lang='lat' dir='ltr'><strong>quam</strong></span> <span class='ocrx_word' id='word_1_550' title='bbox 3429 2317 3531 2356; x_wconf 84' lang='lat' dir='ltr'><strong>na-</strong></span> 
     </span>
    </p>
   </div>
   <div class='ocr_carea' id='block_1_84' title="bbox 1899 2390 3533 2465">
    <p class='ocr_par' dir='ltr' id='par_1_84' title="bbox 1899 2390 3533 2465">
     <span class='ocr_line' id='line_1_84' title="bbox 1899 2390 3533 2465; baseline 0.004 -23"><span class='ocrx_word' id='word_1_551' title='bbox 1899 2391 2156 2444; x_wconf 90' lang='lat' dir='ltr'><strong>sceretur</strong></span> <span class='ocrx_word' id='word_1_552' title='bbox 2169 2390 2444 2460; x_wconf 91' lang='lat' dir='ltr'><strong>Christus,</strong></span> <span class='ocrx_word' id='word_1_553' title='bbox 2459 2391 2567 2447; x_wconf 90' lang='lat' dir='ltr'><strong>ista</strong></span> <span class='ocrx_word' id='word_1_554' title='bbox 2583 2409 2688 2464; x_wconf 92' lang='lat' dir='ltr'><strong>per</strong></span> <span class='ocrx_word' id='word_1_555' title='bbox 2707 2409 2882 2465; x_wconf 89' lang='lat' dir='ltr'><strong>quam</strong></span> <span class='ocrx_word' id='word_1_556' title='bbox 2892 2391 3218 2448; x_wconf 90' lang='lat' dir='ltr'><strong>vinceretur</strong></span> <span class='ocrx_word' id='word_1_557' title='bbox 3238 2393 3500 2449; x_wconf 90' lang='lat' dir='ltr'><strong>diabolus</strong></span> <span class='ocrx_word' id='word_1_558' title='bbox 3518 2410 3533 2450; x_wconf 90' lang='lat'><strong>:</strong></span> 
     </span>
    </p>
   </div>
   <div class='ocr_carea' id='block_1_85' title="bbox 1899 2483 3535 2561">
    <p class='ocr_par' dir='ltr' id='par_1_85' title="bbox 1899 2483 3535 2561">
     <span class='ocr_line' id='line_1_85' title="bbox 1899 2483 3535 2561; baseline 0.006 -25"><span class='ocrx_word' id='word_1_559' title='bbox 1899 2483 2140 2554; x_wconf 88' lang='lat' dir='ltr'><strong>supplici</strong></span> <span class='ocrx_word' id='word_1_560' title='bbox 2156 2485 2418 2540; x_wconf 89' lang='lat' dir='ltr'><strong>oratione</strong></span> <span class='ocrx_word' id='word_1_561' title='bbox 2444 2503 2771 2558; x_wconf 89' lang='lat' dir='ltr'><strong>poscamus,</strong></span> <span class='ocrx_word' id='word_1_562' title='bbox 2786 2491 2849 2543; x_wconf 88' lang='lat' dir='ltr'><strong>ut</strong></span> <span class='ocrx_word' id='word_1_563' title='bbox 2861 2487 3097 2542; x_wconf 88' lang='lat' dir='ltr'><strong>beatam</strong></span> <span class='ocrx_word' id='word_1_564' title='bbox 3125 2487 3406 2544; x_wconf 88' lang='lat' dir='ltr'><strong>Eulaliam</strong></span> <span class='ocrx_word' id='word_1_565' title='bbox 3430 2505 3535 2561; x_wconf 92' lang='lat' dir='ltr'><strong>pro</strong></span> 
     </span>
    </p>
   </div>
   <div class='ocr_carea' id='block_1_86' title="bbox 1900 2577 3536 2654">
    <p class='ocr_par' dir='ltr' id='par_1_86' title="bbox 1900 2577 3536 2654">
     <span class='ocr_line' id='line_1_86' title="bbox 1900 2577 3536 2654; baseline 0.004 -23"><span class='ocrx_word' id='word_1_566' title='bbox 1900 2577 2065 2632; x_wconf 91' lang='lat' dir='ltr'><strong>nobis</strong></span> <span class='ocrx_word' id='word_1_567' title='bbox 2099 2582 2366 2634; x_wconf 89' lang='lat' dir='ltr'><strong>orantem</strong></span> <span class='ocrx_word' id='word_1_568' title='bbox 2406 2579 2674 2637; x_wconf 87' lang='lat' dir='ltr'><strong>exaudiat</strong></span> <span class='ocrx_word' id='word_1_569' title='bbox 2706 2598 2720 2638; x_wconf 89' lang='lat'><strong>:</strong></span> <span class='ocrx_word' id='word_1_570' title='bbox 2771 2585 2829 2636; x_wconf 91' lang='lat' dir='ltr'><strong>et</strong></span> <span class='ocrx_word' id='word_1_571' title='bbox 2867 2582 3086 2650; x_wconf 91' lang='lat' dir='ltr'><strong>omnia,</strong></span> <span class='ocrx_word' id='word_1_572' title='bbox 3117 2599 3264 2654; x_wconf 74' lang='lat' dir='ltr'><strong>quae,</strong></span> <span class='ocrx_word' id='word_1_573' title='bbox 3287 2582 3536 2654; x_wconf 87' lang='lat' dir='ltr'><strong>peccatis</strong></span> 
     </span>
    </p>
   </div>
   <div class='ocr_carea' id='block_1_87' title="bbox 1899 2671 3533 2748">
    <p class='ocr_par' dir='ltr' id='par_1_87' title="bbox 1899 2671 3533 2748">
     <span class='ocr_line' id='line_1_87' title="bbox 1899 2671 3533 2748; baseline 0.003 -22"><span class='ocrx_word' id='word_1_574' title='bbox 1899 2671 2349 2742; x_wconf 83' lang='lat' dir='ltr'><strong>adversantibus,</strong></span> <span class='ocrx_word' id='word_1_575' title='bbox 2379 2674 2746 2746; x_wconf 90' lang='lat' dir='ltr'><strong>impedimur,</strong></span> <span class='ocrx_word' id='word_1_576' title='bbox 2766 2676 2817 2748; x_wconf 88' lang='lat' dir='ltr'><strong>ej</strong></span> <span class='ocrx_word' id='word_1_577' title='bbox 2826 2694 2890 2730; x_wconf 90' lang='lat' dir='ltr'><strong>us</strong></span> <span class='ocrx_word' id='word_1_578' title='bbox 2907 2677 3113 2733; x_wconf 88' lang='lat' dir='ltr'><strong>auxilio</strong></span> <span class='ocrx_word' id='word_1_579' title='bbox 3127 2677 3200 2732; x_wconf 89' lang='lat' dir='ltr'><strong>ab</strong></span> <span class='ocrx_word' id='word_1_580' title='bbox 3216 2675 3375 2732; x_wconf 92' lang='lat' dir='ltr'><strong>omni</strong></span> <span class='ocrx_word' id='word_1_581' title='bbox 3403 2677 3533 2732; x_wconf 89' lang='lat' dir='ltr'><strong>labe</strong></span> 
     </span>
    </p>
   </div>
   <div class='ocr_carea' id='block_1_88' title="bbox 1897 2765 3531 2836">
    <p class='ocr_par' dir='ltr' id='par_1_88' title="bbox 1897 2765 3531 2836">
     <span class='ocr_line' id='line_1_88' title="bbox 1897 2765 3531 2836; baseline 0.003 -17"><span class='ocrx_word' id='word_1_582' title='bbox 1897 2765 2300 2836; x_wconf 90' lang='lat' dir='ltr'><strong>peccaminum</strong></span> <span class='ocrx_word' id='word_1_583' title='bbox 2315 2783 2514 2823; x_wconf 90' lang='lat' dir='ltr'><strong>eruam</strong></span> <span class='ocrx_word' id='word_1_584' title='bbox 2521 2785 2605 2822; x_wconf 94' lang='lat' dir='ltr'><strong>ur.</strong></span> <span class='ocrx_word' id='word_1_585' title='bbox 2621 2771 2728 2823; x_wconf 85' lang='lat' dir='ltr'><strong>Per</strong></span> <span class='ocrx_word' id='word_1_586' title='bbox 2737 2769 3048 2826; x_wconf 90' lang='lat' dir='ltr'><strong>Dominum</strong></span> <span class='ocrx_word' id='word_1_587' title='bbox 3061 2773 3325 2827; x_wconf 86' lang='lat' dir='ltr'><strong>nostrum</strong></span> <span class='ocrx_word' id='word_1_588' title='bbox 3336 2771 3363 2826; x_wconf 85' lang='lat' dir='ltr'><strong>.l</strong></span> <span class='ocrx_word' id='word_1_589' title='bbox 3369 2785 3531 2826; x_wconf 88' lang='lat' dir='ltr'><strong>esum</strong></span> 
     </span>
    </p>
   </div>
   <div class='ocr_carea' id='block_1_89' title="bbox 1898 2858 2877 2931">
    <p class='ocr_par' dir='ltr' id='par_1_89' title="bbox 1898 2858 2877 2931">
     <span class='ocr_line' id='line_1_89' title="bbox 1898 2858 2877 2931; baseline 0.002 -15"><span class='ocrx_word' id='word_1_590' title='bbox 1898 2858 2187 2916; x_wconf 88' lang='lat' dir='ltr'><strong>Christum</strong></span> <span class='ocrx_word' id='word_1_591' title='bbox 2216 2859 2418 2916; x_wconf 89' lang='lat' dir='ltr'><strong>Filium</strong></span> <span class='ocrx_word' id='word_1_592' title='bbox 2440 2878 2630 2931; x_wconf 91' lang='lat' dir='ltr'><strong>suum,</strong></span> <span class='ocrx_word' id='word_1_593' title='bbox 2659 2879 2877 2918; x_wconf 89' lang='lat' dir='ltr'><strong>secum.</strong></span> 
     </span>
    </p>
   </div>
   <div class='ocr_carea' id='block_1_90' title="bbox 2443 2959 3051 3030">
    <p class='ocr_par' dir='ltr' id='par_1_90' title="bbox 2443 2959 3051 3030">
     <span class='ocr_line' id='line_1_90' title="bbox 2443 2959 3051 3030; baseline 0.005 -16"><span class='ocrx_word' id='word_1_594' title='bbox 2443 2963 2696 3016; x_wconf 84' lang='lat' dir='ltr'><strong>Collectio</strong></span> <span class='ocrx_word' id='word_1_595' title='bbox 2721 2964 2972 3030; x_wconf 85' lang='lat' dir='ltr'><strong>sequitur.</strong></span> <span class='ocrx_word' id='word_1_596' title='bbox 3031 2959 3051 2980; x_wconf 90' lang='lat'><strong><em>&#39;</em></strong></span> 
     </span>
    </p>
   </div>
   <div class='ocr_carea' id='block_1_91' title="bbox 1969 3047 3533 3126">
    <p class='ocr_par' dir='ltr' id='par_1_91' title="bbox 1969 3047 3533 3126">
     <span class='ocr_line' id='line_1_91' title="bbox 1969 3047 3533 3126; baseline 0.006 -25"><span class='ocrx_word' id='word_1_597' title='bbox 1969 3048 2137 3116; x_wconf 88' lang='lat' dir='ltr'><strong>Deus,</strong></span> <span class='ocrx_word' id='word_1_598' title='bbox 2161 3047 2256 3120; x_wconf 91' lang='lat' dir='ltr'><strong>qui</strong></span> <span class='ocrx_word' id='word_1_599' title='bbox 2283 3051 2495 3105; x_wconf 63' lang='lat' dir='ltr'><strong>sancta)</strong></span> <span class='ocrx_word' id='word_1_600' title='bbox 2518 3047 2791 3124; x_wconf 64' lang='lat' dir='ltr'><strong>martyris</strong></span> <span class='ocrx_word' id='word_1_601' title='bbox 2821 3055 2936 3106; x_wconf 69' lang='lat' dir='ltr'><strong>tuae</strong></span> <span class='ocrx_word' id='word_1_602' title='bbox 2969 3049 3202 3108; x_wconf 66' lang='lat' dir='ltr'><strong>Eulaliae</strong></span> <span class='ocrx_word' id='word_1_603' title='bbox 3225 3069 3331 3126; x_wconf 92' lang='lat' dir='ltr'><strong>pro</strong></span> <span class='ocrx_word' id='word_1_604' title='bbox 3363 3069 3533 3125; x_wconf 70' lang='lat' dir='ltr'><strong>praua</strong></span> 
     </span>
    </p>
   </div>
   <div class='ocr_carea' id='block_1_92' title="bbox 1901 3140 3532 3218">
    <p class='ocr_par' dir='ltr' id='par_1_92' title="bbox 1901 3140 3532 3218">
     <span class='ocr_line' id='line_1_92' title="bbox 1901 3140 3532 3218; baseline 0.004 -23"><span class='ocrx_word' id='word_1_605' title='bbox 1901 3140 2171 3212; x_wconf 88' lang='lat' dir='ltr'><strong>gloriam,</strong></span> <span class='ocrx_word' id='word_1_606' title='bbox 2197 3158 2300 3214; x_wconf 92' lang='lat' dir='ltr'><strong>pro</strong></span> <span class='ocrx_word' id='word_1_607' title='bbox 2311 3145 2501 3198; x_wconf 88' lang='lat' dir='ltr'><strong>morte</strong></span> <span class='ocrx_word' id='word_1_608' title='bbox 2531 3143 2727 3213; x_wconf 91' lang='lat' dir='ltr'><strong>vitam,</strong></span> <span class='ocrx_word' id='word_1_609' title='bbox 2748 3162 2853 3218; x_wconf 91' lang='lat' dir='ltr'><strong>pro</strong></span> <span class='ocrx_word' id='word_1_610' title='bbox 2880 3144 3215 3203; x_wconf 81' lang='lat' dir='ltr'><strong>inﬁrmitate</strong></span> <span class='ocrx_word' id='word_1_611' title='bbox 3240 3146 3532 3216; x_wconf 88' lang='lat' dir='ltr'><strong>virtutem,</strong></span> 
     </span>
    </p>
   </div>
   <div class='ocr_carea' id='block_1_93' title="bbox 1899 3235 3534 3312">
    <p class='ocr_par' dir='ltr' id='par_1_93' title="bbox 1899 3235 3534 3312">
     <span class='ocr_line' id='line_1_93' title="bbox 1899 3235 3534 3312; baseline 0.004 -24"><span class='ocrx_word' id='word_1_612' title='bbox 1899 3251 2002 3306; x_wconf 89' lang='lat' dir='ltr'><strong>pro</strong></span> <span class='ocrx_word' id='word_1_613' title='bbox 2031 3235 2296 3306; x_wconf 89' lang='lat' dir='ltr'><strong>passione</strong></span> <span class='ocrx_word' id='word_1_614' title='bbox 2317 3253 2594 3293; x_wconf 91' lang='lat' dir='ltr'><strong>coronam</strong></span> <span class='ocrx_word' id='word_1_615' title='bbox 2614 3237 2862 3294; x_wconf 88' lang='lat' dir='ltr'><strong>tribuisti</strong></span> <span class='ocrx_word' id='word_1_616' title='bbox 2886 3257 2900 3308; x_wconf 88' lang='lat'><strong>;</strong></span> <span class='ocrx_word' id='word_1_617' title='bbox 2927 3243 3154 3312; x_wconf 66' lang='lat' dir='ltr'><strong>praesta,</strong></span> <span class='ocrx_word' id='word_1_618' title='bbox 3184 3243 3247 3295; x_wconf 89' lang='lat' dir='ltr'><strong>ut</strong></span> <span class='ocrx_word' id='word_1_619' title='bbox 3269 3240 3413 3295; x_wconf 89' lang='lat' dir='ltr'><strong>sicut</strong></span> <span class='ocrx_word' id='word_1_620' title='bbox 3437 3240 3534 3295; x_wconf 91' lang='lat' dir='ltr'><strong>illa</strong></span> 
     </span>
    </p>
   </div>
   <div class='ocr_carea' id='block_1_94' title="bbox 1898 3329 3528 3406">
    <p class='ocr_par' dir='ltr' id='par_1_94' title="bbox 1898 3329 3528 3406">
     <span class='ocr_line' id='line_1_94' title="bbox 1898 3329 3528 3406; baseline 0.004 -24"><span class='ocrx_word' id='word_1_621' title='bbox 1898 3329 2115 3384; x_wconf 89' lang='lat' dir='ltr'><strong>exultat</strong></span> <span class='ocrx_word' id='word_1_622' title='bbox 2137 3329 2196 3384; x_wconf 91' lang='lat' dir='ltr'><strong>in</strong></span> <span class='ocrx_word' id='word_1_623' title='bbox 2216 3331 2420 3401; x_wconf 90' lang='lat' dir='ltr'><strong>gloria,</strong></span> <span class='ocrx_word' id='word_1_624' title='bbox 2439 3331 2518 3388; x_wconf 91' lang='lat' dir='ltr'><strong>sic</strong></span> <span class='ocrx_word' id='word_1_625' title='bbox 2533 3349 2637 3387; x_wconf 92' lang='lat' dir='ltr'><strong>nos</strong></span> <span class='ocrx_word' id='word_1_626' title='bbox 2649 3332 2720 3388; x_wconf 91' lang='lat' dir='ltr'><strong>de</strong></span> <span class='ocrx_word' id='word_1_627' title='bbox 2742 3336 2841 3389; x_wconf 88' lang='lat' dir='ltr'><strong>tua</strong></span> <span class='ocrx_word' id='word_1_628' title='bbox 2865 3333 3261 3390; x_wconf 83' lang='lat' dir='ltr'><strong>misericordia</strong></span> <span class='ocrx_word' id='word_1_629' title='bbox 3277 3335 3528 3406; x_wconf 88' lang='lat' dir='ltr'><strong>gratule-</strong></span> 
     </span>
    </p>
   </div>
   <div class='ocr_carea' id='block_1_95' title="bbox 1897 3423 3530 3498">
    <p class='ocr_par' dir='ltr' id='par_1_95' title="bbox 1897 3423 3530 3498">
     <span class='ocr_line' id='line_1_95' title="bbox 1897 3423 3530 3498; baseline 0.004 -22"><span class='ocrx_word' id='word_1_630' title='bbox 1897 3437 2060 3490; x_wconf 88' lang='lat' dir='ltr'><strong>mur;</strong></span> <span class='ocrx_word' id='word_1_631' title='bbox 2093 3426 2152 3477; x_wconf 92' lang='lat' dir='ltr'><strong>et</strong></span> <span class='ocrx_word' id='word_1_632' title='bbox 2180 3423 2239 3478; x_wconf 93' lang='lat' dir='ltr'><strong>in</strong></span> <span class='ocrx_word' id='word_1_633' title='bbox 2269 3428 2552 3480; x_wconf 64' lang='lat' dir='ltr'><strong>aeternum</strong></span> <span class='ocrx_word' id='word_1_634' title='bbox 2577 3425 2824 3494; x_wconf 90' lang='lat' dir='ltr'><strong>veniam,</strong></span> <span class='ocrx_word' id='word_1_635' title='bbox 2857 3430 2914 3482; x_wconf 89' lang='lat' dir='ltr'><strong>te</strong></span> <span class='ocrx_word' id='word_1_636' title='bbox 2946 3427 3222 3494; x_wconf 90' lang='lat' dir='ltr'><strong>donante,</strong></span> <span class='ocrx_word' id='word_1_637' title='bbox 3257 3427 3530 3498; x_wconf 88' lang='lat' dir='ltr'><strong>consequi</strong></span> 
     </span>
    </p>
   </div>
   <div class='ocr_carea' id='block_1_96' title="bbox 1897 3517 3528 3594">
    <p class='ocr_par' dir='ltr' id='par_1_96' title="bbox 1897 3517 3528 3594">
     <span class='ocr_line' id='line_1_96' title="bbox 1897 3517 3528 3594; baseline 0.004 -24"><span class='ocrx_word' id='word_1_638' title='bbox 1897 3531 2246 3572; x_wconf 89' lang='lat' dir='ltr'><strong>mereamur.</strong></span> <span class='ocrx_word' id='word_1_639' title='bbox 2292 3519 2402 3572; x_wconf 91' lang='lat' dir='ltr'><strong>Per</strong></span> <span class='ocrx_word' id='word_1_640' title='bbox 2443 3517 2752 3575; x_wconf 89' lang='lat' dir='ltr'><strong>Dominum</strong></span> <span class='ocrx_word' id='word_1_641' title='bbox 2795 3518 2990 3594; x_wconf 82' lang='grc'>224</span> <span class='ocrx_word' id='word_1_642' title='bbox 3036 3523 3298 3577; x_wconf 85' lang='lat' dir='ltr'><strong>nostrum</strong></span> <span class='ocrx_word' id='word_1_643' title='bbox 3334 3523 3528 3578; x_wconf 70' lang='lat' dir='ltr'><strong>Iesum</strong></span> 
     </span>
    </p>
   </div>
   <div class='ocr_carea' id='block_1_97' title="bbox 1896 3607 3006 3685">
    <p class='ocr_par' dir='ltr' id='par_1_97' title="bbox 1896 3607 3006 3685">
     <span class='ocr_line' id='line_1_97' title="bbox 1896 3607 3006 3685; baseline 0.004 -20"><span class='ocrx_word' id='word_1_644' title='bbox 1896 3607 2187 3665; x_wconf 90' lang='lat' dir='ltr'><strong>Christum</strong></span> <span class='ocrx_word' id='word_1_645' title='bbox 2219 3610 2426 3666; x_wconf 92' lang='lat' dir='ltr'><strong>Filium</strong></span> <span class='ocrx_word' id='word_1_646' title='bbox 2455 3615 2639 3681; x_wconf 89' lang='lat' dir='ltr'><strong>tuum,</strong></span> <span class='ocrx_word' id='word_1_647' title='bbox 2667 3613 2766 3685; x_wconf 90' lang='lat' dir='ltr'><strong>qui</strong></span> <span class='ocrx_word' id='word_1_648' title='bbox 2796 3616 3006 3670; x_wconf 89' lang='lat' dir='ltr'><strong>tecum.</strong></span> 
     </span>
    </p>
   </div>
   <div class='ocr_carea' id='block_1_98' title="bbox 2359 3713 3028 3779">
    <p class='ocr_par' dir='ltr' id='par_1_98' title="bbox 2359 3713 3028 3779">
     <span class='ocr_line' id='line_1_98' title="bbox 2359 3713 3028 3779; baseline 0.003 -15"><span class='ocrx_word' id='word_1_649' title='bbox 2359 3713 2612 3765; x_wconf 87' lang='lat' dir='ltr'><strong>Collectio</strong></span> <span class='ocrx_word' id='word_1_650' title='bbox 2643 3717 2763 3779; x_wconf 83' lang='lat' dir='ltr'><strong>post</strong></span> <span class='ocrx_word' id='word_1_651' title='bbox 2795 3715 3028 3766; x_wconf 88' lang='lat' dir='ltr'><strong>nomina.</strong></span> 
     </span>
    </p>
   </div>
   <div class='ocr_carea' id='block_1_99' title="bbox 1966 3798 3528 3873">
    <p class='ocr_par' dir='ltr' id='par_1_99' title="bbox 1966 3798 3528 3873">
     <span class='ocr_line' id='line_1_99' title="bbox 1966 3798 3528 3873; baseline 0.004 -22"><span class='ocrx_word' id='word_1_652' title='bbox 1966 3798 2150 3852; x_wconf 89' lang='lat' dir='ltr'><strong>Deum</strong></span> <span class='ocrx_word' id='word_1_653' title='bbox 2177 3798 2276 3870; x_wconf 87' lang='lat' dir='ltr'><strong>qui</strong></span> <span class='ocrx_word' id='word_1_654' title='bbox 2305 3802 2519 3855; x_wconf 72' lang='lat' dir='ltr'><strong>sanctae</strong></span> <span class='ocrx_word' id='word_1_655' title='bbox 2545 3801 2779 3856; x_wconf 68' lang='lat' dir='ltr'><strong>famulas</strong></span> <span class='ocrx_word' id='word_1_656' title='bbox 2805 3818 2922 3856; x_wconf 68' lang='lat' dir='ltr'><strong>suas</strong></span> <span class='ocrx_word' id='word_1_657' title='bbox 2953 3800 3187 3857; x_wconf 63' lang='lat' dir='ltr'><strong>Eulaliae</strong></span> <span class='ocrx_word' id='word_1_658' title='bbox 3213 3801 3528 3873; x_wconf 88' lang='lat' dir='ltr'><strong>gloriosam</strong></span> 
     </span>
    </p>
   </div>
   <div class='ocr_carea' id='block_1_100' title="bbox 1895 3889 3530 3967">
    <p class='ocr_par' dir='ltr' id='par_1_100' title="bbox 1895 3889 3530 3967">
     <span class='ocr_line' id='line_1_100' title="bbox 1895 3889 3530 3967; baseline 0.005 -23"><span class='ocrx_word' id='word_1_659' title='bbox 1895 3893 1953 3945; x_wconf 90' lang='lat' dir='ltr'><strong>et</strong></span> <span class='ocrx_word' id='word_1_660' title='bbox 1980 3889 2520 3948; x_wconf 90' lang='lat' dir='ltr'><strong>immarcescibilem</strong></span> <span class='ocrx_word' id='word_1_661' title='bbox 2547 3910 2820 3950; x_wconf 89' lang='lat' dir='ltr'><strong>coronam</strong></span> <span class='ocrx_word' id='word_1_662' title='bbox 2840 3895 3101 3967; x_wconf 88' lang='lat' dir='ltr'><strong>martyrii</strong></span> <span class='ocrx_word' id='word_1_663' title='bbox 3130 3895 3392 3964; x_wconf 83' lang='lat' dir='ltr'><strong>contulit,</strong></span> <span class='ocrx_word' id='word_1_664' title='bbox 3417 3895 3530 3952; x_wconf 84' lang='lat' dir='ltr'><strong>fra-</strong></span> 
     </span>
    </p>
   </div>
   <div class='ocr_carea' id='block_1_101' title="bbox 1892 3985 3527 4062">
    <p class='ocr_par' dir='ltr' id='par_1_101' title="bbox 1892 3985 3527 4062">
     <span class='ocr_line' id='line_1_101' title="bbox 1892 3985 3527 4062; baseline 0.005 -24"><span class='ocrx_word' id='word_1_665' title='bbox 1892 3989 2009 4038; x_wconf 90' lang='lat' dir='ltr'><strong>tres</strong></span> <span class='ocrx_word' id='word_1_666' title='bbox 2043 3985 2338 4054; x_wconf 89' lang='lat' dir='ltr'><strong>carissimi,</strong></span> <span class='ocrx_word' id='word_1_667' title='bbox 2369 3987 2652 4060; x_wconf 89' lang='lat' dir='ltr'><strong>supplices</strong></span> <span class='ocrx_word' id='word_1_668' title='bbox 2696 3989 3092 4062; x_wconf 89' lang='lat' dir='ltr'><strong>deprecemur,</strong></span> <span class='ocrx_word' id='word_1_669' title='bbox 3123 3991 3187 4044; x_wconf 89' lang='lat' dir='ltr'><strong>ut</strong></span> <span class='ocrx_word' id='word_1_670' title='bbox 3214 3993 3527 4062; x_wconf 65' lang='lat' dir='ltr'><strong>prmstante</strong></span> 
     </span>
    </p>
   </div>
   <div class='ocr_carea' id='block_1_102' title="bbox 1894 4077 3525 4154">
    <p class='ocr_par' dir='ltr' id='par_1_102' title="bbox 1894 4077 3525 4154">
     <span class='ocr_line' id='line_1_102' title="bbox 1894 4077 3525 4154; baseline 0.003 -21"><span class='ocrx_word' id='word_1_671' title='bbox 1894 4077 2088 4134; x_wconf 90' lang='lat' dir='ltr'><strong>divina</strong></span> <span class='ocrx_word' id='word_1_672' title='bbox 2111 4079 2526 4151; x_wconf 88' lang='lat' dir='ltr'><strong>misericordia,</strong></span> <span class='ocrx_word' id='word_1_673' title='bbox 2559 4081 2735 4154; x_wconf 90' lang='lat' dir='ltr'><strong>ipsius</strong></span> <span class='ocrx_word' id='word_1_674' title='bbox 2754 4082 3018 4154; x_wconf 89' lang='lat' dir='ltr'><strong>precibus</strong></span> <span class='ocrx_word' id='word_1_675' title='bbox 3041 4082 3408 4140; x_wconf 89' lang='lat' dir='ltr'><strong>obtineamus</strong></span> <span class='ocrx_word' id='word_1_676' title='bbox 3429 4101 3525 4138; x_wconf 87' lang='lat' dir='ltr'><strong>ve-</strong></span> 
     </span>
    </p>
   </div>
   <div class='ocr_carea' id='block_1_103' title="bbox 1892 4171 3528 4246">
    <p class='ocr_par' dir='ltr' id='par_1_103' title="bbox 1892 4171 3528 4246">
     <span class='ocr_line' id='line_1_103' title="bbox 1892 4171 3528 4246; baseline 0.004 -20"><span class='ocrx_word' id='word_1_677' title='bbox 1892 4171 2073 4240; x_wconf 90' lang='lat' dir='ltr'><strong>niam,</strong></span> <span class='ocrx_word' id='word_1_678' title='bbox 2103 4174 2201 4245; x_wconf 88' lang='lat' dir='ltr'><strong>qui</strong></span> <span class='ocrx_word' id='word_1_679' title='bbox 2233 4173 2478 4246; x_wconf 89' lang='lat' dir='ltr'><strong>gloriam</strong></span> <span class='ocrx_word' id='word_1_680' title='bbox 2517 4192 2634 4231; x_wconf 89' lang='lat' dir='ltr'><strong>non</strong></span> <span class='ocrx_word' id='word_1_681' title='bbox 2665 4193 2977 4239; x_wconf 88' lang='lat' dir='ltr'><strong>meremur.</strong></span> <span class='ocrx_word' id='word_1_682' title='bbox 3010 4175 3167 4233; x_wconf 87' lang='lat' dir='ltr'><strong>Caris</strong></span> <span class='ocrx_word' id='word_1_683' title='bbox 3210 4177 3387 4232; x_wconf 90' lang='lat' dir='ltr'><strong>etiam</strong></span> <span class='ocrx_word' id='word_1_684' title='bbox 3427 4193 3528 4232; x_wconf 84' lang='lat' dir='ltr'><strong>no-</strong></span> 
     </span>
    </p>
   </div>
   <div class='ocr_carea' id='block_1_104' title="bbox 1891 4266 3528 4342">
    <p class='ocr_par' dir='ltr' id='par_1_104' title="bbox 1891 4266 3528 4342">
     <span class='ocr_line' id='line_1_104' title="bbox 1891 4266 3528 4342; baseline 0.002 -21"><span class='ocrx_word' id='word_1_685' title='bbox 1891 4266 2040 4333; x_wconf 89' lang='lat' dir='ltr'><strong>stris,</strong></span> <span class='ocrx_word' id='word_1_686' title='bbox 2065 4267 2163 4338; x_wconf 89' lang='lat' dir='ltr'><strong>qui</strong></span> <span class='ocrx_word' id='word_1_687' title='bbox 2189 4285 2295 4324; x_wconf 91' lang='lat' dir='ltr'><strong>nos</strong></span> <span class='ocrx_word' id='word_1_688' title='bbox 2328 4267 2388 4324; x_wconf 88' lang='lat' dir='ltr'><strong>in</strong></span> <span class='ocrx_word' id='word_1_689' title='bbox 2422 4286 2630 4325; x_wconf 90' lang='lat' dir='ltr'><strong>somno</strong></span> <span class='ocrx_word' id='word_1_690' title='bbox 2674 4269 2832 4342; x_wconf 87' lang='lat' dir='ltr'><strong>pacis</strong></span> <span class='ocrx_word' id='word_1_691' title='bbox 2860 4273 3295 4342; x_wconf 62' lang='lat' dir='ltr'><strong>praecesserunt,</strong></span> <span class='ocrx_word' id='word_1_692' title='bbox 3327 4285 3528 4342; x_wconf 88' lang='lat' dir='ltr'><strong>peren-</strong></span> 
     </span>
    </p>
   </div>
   <div class='ocr_carea' id='block_1_105' title="bbox 1892 4360 3523 4435">
    <p class='ocr_par' dir='ltr' id='par_1_105' title="bbox 1892 4360 3523 4435">
     <span class='ocr_line' id='line_1_105' title="bbox 1892 4360 3523 4435; baseline 0.002 -20"><span class='ocrx_word' id='word_1_693' title='bbox 1892 4360 1980 4415; x_wconf 90' lang='lat' dir='ltr'><strong>nis</strong></span> <span class='ocrx_word' id='word_1_694' title='bbox 2008 4361 2112 4416; x_wconf 69' lang='lat' dir='ltr'><strong>aavi</strong></span> <span class='ocrx_word' id='word_1_695' title='bbox 2136 4361 2558 4418; x_wconf 88' lang='lat' dir='ltr'><strong>beatitudinem</strong></span> <span class='ocrx_word' id='word_1_696' title='bbox 2584 4367 2643 4418; x_wconf 85' lang='lat' dir='ltr'><strong>et</strong></span> <span class='ocrx_word' id='word_1_697' title='bbox 2664 4366 2959 4435; x_wconf 66' lang='lat' dir='ltr'><strong>perpetuae</strong></span> <span class='ocrx_word' id='word_1_698' title='bbox 2985 4363 3127 4419; x_wconf 90' lang='lat' dir='ltr'><strong>lucis</strong></span> <span class='ocrx_word' id='word_1_699' title='bbox 3157 4363 3407 4435; x_wconf 90' lang='lat' dir='ltr'><strong>gratiam</strong></span> <span class='ocrx_word' id='word_1_700' title='bbox 3433 4380 3523 4418; x_wconf 88' lang='lat' dir='ltr'><strong>re-</strong></span> 
     </span>
    </p>
   </div>
   <div class='ocr_carea' id='block_1_106' title="bbox 1891 4455 3525 4527">
    <p class='ocr_par' dir='ltr' id='par_1_106' title="bbox 1891 4455 3525 4527">
     <span class='ocr_line' id='line_1_106' title="bbox 1891 4455 3525 4527; baseline 0.004 -19"><span class='ocrx_word' id='word_1_701' title='bbox 1891 4471 2202 4512; x_wconf 89' lang='lat' dir='ltr'><strong>munerare</strong></span> <span class='ocrx_word' id='word_1_702' title='bbox 2231 4455 2522 4527; x_wconf 90' lang='lat' dir='ltr'><strong>dignetur.</strong></span> <span class='ocrx_word' id='word_1_703' title='bbox 2555 4457 2666 4511; x_wconf 90' lang='lat' dir='ltr'><strong>Per</strong></span> <span class='ocrx_word' id='word_1_704' title='bbox 2695 4455 3006 4512; x_wconf 90' lang='lat' dir='ltr'><strong>Dominum</strong></span> <span class='ocrx_word' id='word_1_705' title='bbox 3041 4459 3303 4513; x_wconf 88' lang='lat' dir='ltr'><strong>nostrum</strong></span> <span class='ocrx_word' id='word_1_706' title='bbox 3329 4459 3525 4514; x_wconf 82' lang='lat' dir='ltr'><strong>Jesum</strong></span> 
     </span>
    </p>
   </div>
   <div class='ocr_carea' id='block_1_107' title="bbox 1893 4547 2986 4617">
    <p class='ocr_par' dir='ltr' id='par_1_107' title="bbox 1893 4547 2986 4617">
     <span class='ocr_line' id='line_1_107' title="bbox 1893 4547 2986 4617; baseline 0.001 -13"><span class='ocrx_word' id='word_1_707' title='bbox 1893 4547 2183 4604; x_wconf 89' lang='lat' dir='ltr'><strong>Christum</strong></span> <span class='ocrx_word' id='word_1_708' title='bbox 2213 4548 2415 4604; x_wconf 88' lang='lat' dir='ltr'><strong>Filium</strong></span> <span class='ocrx_word' id='word_1_709' title='bbox 2442 4565 2628 4617; x_wconf 90' lang='lat' dir='ltr'><strong>suum,</strong></span> <span class='ocrx_word' id='word_1_710' title='bbox 2651 4565 2848 4604; x_wconf 89' lang='lat' dir='ltr'><strong>secum</strong></span> <span class='ocrx_word' id='word_1_711' title='bbox 2877 4549 2986 4605; x_wconf 90' lang='lat' dir='ltr'><strong>viv.</strong></span> 
     </span>
    </p>
   </div>
   <div class='ocr_carea' id='block_1_108' title="bbox 2422 4650 2993 4717">
    <p class='ocr_par' dir='ltr' id='par_1_108' title="bbox 2422 4650 2993 4717">
     <span class='ocr_line' id='line_1_108' title="bbox 2422 4650 2993 4717; baseline 0.004 -16"><span class='ocrx_word' id='word_1_712' title='bbox 2422 4650 2671 4702; x_wconf 83' lang='lat' dir='ltr'><strong>Collectio</strong></span> <span class='ocrx_word' id='word_1_713' title='bbox 2693 4651 2759 4702; x_wconf 86' lang='lat' dir='ltr'><strong>ad</strong></span> <span class='ocrx_word' id='word_1_714' title='bbox 2786 4665 2993 4717; x_wconf 86' lang='lat' dir='ltr'><strong>pacem.</strong></span> 
     </span>
    </p>
   </div>
   <div class='ocr_carea' id='block_1_109' title="bbox 1963 4734 3526 4812">
    <p class='ocr_par' dir='ltr' id='par_1_109' title="bbox 1963 4734 3526 4812">
     <span class='ocr_line' id='line_1_109' title="bbox 1963 4734 3526 4812; baseline 0.002 -21"><span class='ocrx_word' id='word_1_715' title='bbox 1963 4737 2113 4791; x_wconf 91' lang='lat' dir='ltr'><strong>Deus</strong></span> <span class='ocrx_word' id='word_1_716' title='bbox 2137 4734 2496 4791; x_wconf 89' lang='lat' dir='ltr'><strong>simultatum</strong></span> <span class='ocrx_word' id='word_1_717' title='bbox 2525 4735 2828 4806; x_wconf 90' lang='lat' dir='ltr'><strong>discussor,</strong></span> <span class='ocrx_word' id='word_1_718' title='bbox 2857 4737 3016 4810; x_wconf 89' lang='lat' dir='ltr'><strong>pacis</strong></span> <span class='ocrx_word' id='word_1_719' title='bbox 3047 4737 3337 4812; x_wconf 75' lang='lat' dir='ltr'><strong>quaesitor,</strong></span> <span class='ocrx_word' id='word_1_720' title='bbox 3365 4737 3526 4811; x_wconf 74' lang='lat' dir='ltr'><strong>cuius</strong></span> 
     </span>
    </p>
   </div>
   <div class='ocr_carea' id='block_1_110' title="bbox 1892 4828 3528 4904">
    <p class='ocr_par' dir='ltr' id='par_1_110' title="bbox 1892 4828 3528 4904">
     <span class='ocr_line' id='line_1_110' title="bbox 1892 4828 3528 4904; baseline 0.001 -20"><span class='ocrx_word' id='word_1_721' title='bbox 1892 4833 1956 4884; x_wconf 90' lang='lat' dir='ltr'><strong>ut</strong></span> <span class='ocrx_word' id='word_1_722' title='bbox 1983 4828 2215 4900; x_wconf 86' lang='lat' dir='ltr'><strong>pietatis</strong></span> <span class='ocrx_word' id='word_1_723' title='bbox 2245 4831 2333 4884; x_wconf 89' lang='lat' dir='ltr'><strong>est</strong></span> <span class='ocrx_word' id='word_1_724' title='bbox 2371 4829 2656 4901; x_wconf 89' lang='lat' dir='ltr'><strong>disjuncta</strong></span> <span class='ocrx_word' id='word_1_725' title='bbox 2683 4831 3060 4904; x_wconf 88' lang='lat' dir='ltr'><strong>conjungere,</strong></span> <span class='ocrx_word' id='word_1_726' title='bbox 3089 4831 3169 4888; x_wconf 91' lang='lat' dir='ltr'><strong>ita</strong></span> <span class='ocrx_word' id='word_1_727' title='bbox 3194 4831 3409 4888; x_wconf 89' lang='lat' dir='ltr'><strong>amoris</strong></span> <span class='ocrx_word' id='word_1_728' title='bbox 3438 4833 3528 4888; x_wconf 91' lang='lat' dir='ltr'><strong>est</strong></span> 
     </span>
    </p>
   </div>
   <div class='ocr_carea' id='block_1_111' title="bbox 1891 4921 3526 4998">
    <p class='ocr_par' dir='ltr' id='par_1_111' title="bbox 1891 4921 3526 4998">
     <span class='ocr_line' id='line_1_111' title="bbox 1891 4921 3526 4998; baseline 0.002 -21"><span class='ocrx_word' id='word_1_729' title='bbox 1891 4924 2048 4977; x_wconf 87' lang='lat' dir='ltr'><strong>casta</strong></span> <span class='ocrx_word' id='word_1_730' title='bbox 2072 4921 2306 4994; x_wconf 81' lang='lat' dir='ltr'><strong>paciﬁca</strong></span> <span class='ocrx_word' id='word_1_731' title='bbox 2335 4922 2596 4995; x_wconf 87' lang='lat' dir='ltr'><strong>alligare,</strong></span> <span class='ocrx_word' id='word_1_732' title='bbox 2619 4926 2681 4979; x_wconf 91' lang='lat' dir='ltr'><strong>tu</strong></span> <span class='ocrx_word' id='word_1_733' title='bbox 2694 4941 2846 4982; x_wconf 91' lang='lat' dir='ltr'><strong>nunc</strong></span> <span class='ocrx_word' id='word_1_734' title='bbox 2874 4941 2998 4994; x_wconf 90' lang='lat' dir='ltr'><strong>nos,</strong></span> <span class='ocrx_word' id='word_1_735' title='bbox 3012 4925 3277 4994; x_wconf 91' lang='lat' dir='ltr'><strong>Domine,</strong></span> <span class='ocrx_word' id='word_1_736' title='bbox 3301 4927 3526 4998; x_wconf 88' lang='lat' dir='ltr'><strong>aposto-</strong></span> 
     </span>
    </p>
   </div>
   <div class='ocr_carea' id='block_1_112' title="bbox 1891 5016 3525 5092">
    <p class='ocr_par' dir='ltr' id='par_1_112' title="bbox 1891 5016 3525 5092">
     <span class='ocr_line' id='line_1_112' title="bbox 1891 5016 3525 5092; baseline 0.002 -22"><span class='ocrx_word' id='word_1_737' title='bbox 1891 5016 2081 5071; x_wconf 90' lang='lat' dir='ltr'><strong>lorum</strong></span> <span class='ocrx_word' id='word_1_738' title='bbox 2097 5017 2328 5072; x_wconf 89' lang='lat' dir='ltr'><strong>tuorum</strong></span> <span class='ocrx_word' id='word_1_739' title='bbox 2349 5016 2624 5088; x_wconf 90' lang='lat' dir='ltr'><strong>dogmate</strong></span> <span class='ocrx_word' id='word_1_740' title='bbox 2651 5017 3036 5092; x_wconf 87' lang='lat' dir='ltr'><strong>obsequentes</strong></span> <span class='ocrx_word' id='word_1_741' title='bbox 3055 5035 3196 5091; x_wconf 89' lang='lat' dir='ltr'><strong>pace</strong></span> <span class='ocrx_word' id='word_1_742' title='bbox 3221 5021 3406 5087; x_wconf 88' lang='lat' dir='ltr'><strong>necte,</strong></span> <span class='ocrx_word' id='word_1_743' title='bbox 3437 5035 3525 5074; x_wconf 90' lang='lat' dir='ltr'><strong>ca-</strong></span> 
     </span>
    </p>
   </div>
   <div class='ocr_carea' id='block_1_113' title="bbox 1889 5109 3526 5184">
    <p class='ocr_par' dir='ltr' id='par_1_113' title="bbox 1889 5109 3526 5184">
     <span class='ocr_line' id='line_1_113' title="bbox 1889 5109 3526 5184; baseline 0.002 -20"><span class='ocrx_word' id='word_1_744' title='bbox 1889 5109 2062 5164; x_wconf 88' lang='lat' dir='ltr'><strong>ritate</strong></span> <span class='ocrx_word' id='word_1_745' title='bbox 2084 5125 2248 5176; x_wconf 89' lang='lat' dir='ltr'><strong>orna,</strong></span> <span class='ocrx_word' id='word_1_746' title='bbox 2281 5109 2541 5166; x_wconf 86' lang='lat' dir='ltr'><strong>castitate</strong></span> <span class='ocrx_word' id='word_1_747' title='bbox 2566 5111 2879 5181; x_wconf 88' lang='lat' dir='ltr'><strong>sanctifica,</strong></span> <span class='ocrx_word' id='word_1_748' title='bbox 2899 5115 2962 5168; x_wconf 92' lang='lat' dir='ltr'><strong>ut</strong></span> <span class='ocrx_word' id='word_1_749' title='bbox 2989 5112 3088 5184; x_wconf 91' lang='lat' dir='ltr'><strong>qui</strong></span> <span class='ocrx_word' id='word_1_750' title='bbox 3118 5112 3188 5168; x_wconf 92' lang='lat' dir='ltr'><strong>de</strong></span> <span class='ocrx_word' id='word_1_751' title='bbox 3209 5112 3395 5170; x_wconf 67' lang='lat' dir='ltr'><strong>beatas</strong></span> <span class='ocrx_word' id='word_1_752' title='bbox 3420 5111 3526 5168; x_wconf 87' lang='lat' dir='ltr'><strong>vir-</strong></span> 
     </span>
    </p>
   </div>
   <div class='ocr_carea' id='block_1_114' title="bbox 1892 5201 3522 5280">
    <p class='ocr_par' dir='ltr' id='par_1_114' title="bbox 1892 5201 3522 5280">
     <span class='ocr_line' id='line_1_114' title="bbox 1892 5201 3522 5280; baseline 0.004 -24"><span class='ocrx_word' id='word_1_753' title='bbox 1892 5201 2044 5274; x_wconf 91' lang='lat' dir='ltr'><strong>ginis</strong></span> <span class='ocrx_word' id='word_1_754' title='bbox 2069 5202 2305 5258; x_wconf 67' lang='lat' dir='ltr'><strong>Eulalia:</strong></span> <span class='ocrx_word' id='word_1_755' title='bbox 2330 5203 2597 5275; x_wconf 90' lang='lat' dir='ltr'><strong>passione</strong></span> <span class='ocrx_word' id='word_1_756' title='bbox 2613 5203 2930 5260; x_wconf 89' lang='lat' dir='ltr'><strong>meruimus</strong></span> <span class='ocrx_word' id='word_1_757' title='bbox 2944 5205 3160 5261; x_wconf 89' lang='lat' dir='ltr'><strong>habere</strong></span> <span class='ocrx_word' id='word_1_758' title='bbox 3173 5208 3522 5280; x_wconf 87' lang='lat' dir='ltr'><strong>exemplum,</strong></span> 
     </span>
    </p>
   </div>
   <div class='ocr_carea' id='block_1_115' title="bbox 1890 5296 3521 5374">
    <p class='ocr_par' dir='ltr' id='par_1_115' title="bbox 1890 5296 3521 5374">
     <span class='ocr_line' id='line_1_115' title="bbox 1890 5296 3521 5374; baseline 0.004 -24"><span class='ocrx_word' id='word_1_759' title='bbox 1890 5312 2240 5366; x_wconf 89' lang='lat' dir='ltr'><strong>mereamur,</strong></span> <span class='ocrx_word' id='word_1_760' title='bbox 2270 5296 2492 5353; x_wconf 90' lang='lat' dir='ltr'><strong>devicta</strong></span> <span class='ocrx_word' id='word_1_761' title='bbox 2511 5297 2826 5366; x_wconf 90' lang='lat' dir='ltr'><strong>iracundia,</strong></span> <span class='ocrx_word' id='word_1_762' title='bbox 2855 5299 3116 5356; x_wconf 88' lang='lat' dir='ltr'><strong>obtinere</strong></span> <span class='ocrx_word' id='word_1_763' title='bbox 3144 5299 3521 5374; x_wconf 89' lang='lat' dir='ltr'><strong>triumphum.</strong></span> 
     </span>
    </p>
   </div>
   <div class='ocr_carea' id='block_1_116' title="bbox 1889 5389 3522 5453">
    <p class='ocr_par' dir='ltr' id='par_1_116' title="bbox 1889 5389 3522 5453">
     <span class='ocr_line' id='line_1_116' title="bbox 1889 5389 3522 5453; baseline 0.006 -9"><span class='ocrx_word' id='word_1_764' title='bbox 1889 5390 1998 5446; x_wconf 90' lang='lat' dir='ltr'><strong>Per</strong></span> <span class='ocrx_word' id='word_1_765' title='bbox 2050 5389 2359 5446; x_wconf 90' lang='lat' dir='ltr'><strong>Dominum</strong></span> <span class='ocrx_word' id='word_1_766' title='bbox 2401 5394 2664 5447; x_wconf 88' lang='lat' dir='ltr'><strong>nostrum</strong></span> <span class='ocrx_word' id='word_1_767' title='bbox 2712 5393 2912 5448; x_wconf 70' lang='lat' dir='ltr'><strong>losum</strong></span> <span class='ocrx_word' id='word_1_768' title='bbox 2965 5393 3258 5452; x_wconf 88' lang='lat' dir='ltr'><strong>Christum</strong></span> <span class='ocrx_word' id='word_1_769' title='bbox 3320 5396 3522 5453; x_wconf 86' lang='lat' dir='ltr'><strong>Filium</strong></span> 
     </span>
    </p>
   </div>
   <div class='ocr_carea' id='block_1_117' title="bbox 1891 5483 2556 5556">
    <p class='ocr_par' dir='ltr' id='par_1_117' title="bbox 1891 5483 2556 5556">
     <span class='ocr_line' id='line_1_117' title="bbox 1891 5483 2556 5556; baseline 0.003 -18"><span class='ocrx_word' id='word_1_770' title='bbox 1891 5485 2077 5552; x_wconf 89' lang='lat' dir='ltr'><strong>tuum,</strong></span> <span class='ocrx_word' id='word_1_771' title='bbox 2110 5483 2208 5556; x_wconf 91' lang='lat' dir='ltr'><strong>qui</strong></span> <span class='ocrx_word' id='word_1_772' title='bbox 2233 5487 2424 5540; x_wconf 91' lang='lat' dir='ltr'><strong>tecum</strong></span> <span class='ocrx_word' id='word_1_773' title='bbox 2448 5483 2556 5540; x_wconf 87' lang='lat' dir='ltr'><strong>viv.</strong></span> 
     </span>
    </p>
   </div>
   <div class='ocr_carea' id='block_1_118' title="bbox 1891 5609 2431 5680">
    <p class='ocr_par' dir='ltr' id='par_1_118' title="bbox 1891 5609 2431 5680">
     <span class='ocr_line' id='line_1_118' title="bbox 1891 5609 2431 5680; baseline -0.002 -16"><span class='ocrx_word' id='word_1_774' title='bbox 1891 5609 2161 5665; x_wconf 89' lang='lat' dir='ltr'><strong>nellensis</strong></span> <span class='ocrx_word' id='word_1_775' title='bbox 2189 5624 2314 5680; x_wconf 82' lang='lat' dir='ltr'><strong>cap.</strong></span> <span class='ocrx_word' id='word_1_776' title='bbox 2335 5609 2431 5680; x_wconf 56' lang='grc'><strong>14.</strong></span> 
     </span>
    </p>
   </div>
   <div class='ocr_carea' id='block_1_119' title="bbox 1959 5678 3523 5753">
    <p class='ocr_par' dir='ltr' id='par_1_119' title="bbox 1959 5678 3523 5753">
     <span class='ocr_line' id='line_1_119' title="bbox 1959 5678 3523 5753; baseline 0.001 -18"><span class='ocrx_word' id='word_1_777' title='bbox 1959 5681 1988 5722; x_wconf 77' lang='lat' dir='ltr'><strong>b</strong></span> <span class='ocrx_word' id='word_1_778' title='bbox 2013 5681 2160 5753; x_wconf 60' lang='grc' dir='ltr'><strong>ΙζίοῐιΔ</strong></span> <span class='ocrx_word' id='word_1_779' title='bbox 2189 5678 2645 5753; x_wconf 75' lang='lat' dir='ltr'><strong>Barcinonensis,</strong></span> <span class='ocrx_word' id='word_1_780' title='bbox 2688 5681 2790 5738; x_wconf 90' lang='lat' dir='ltr'><strong>sed</strong></span> <span class='ocrx_word' id='word_1_781' title='bbox 2833 5683 3222 5752; x_wconf 87' lang='lat' dir='ltr'><strong>Emeritensis,</strong></span> <span class='ocrx_word' id='word_1_782' title='bbox 3279 5684 3350 5737; x_wconf 89' lang='lat' dir='ltr'><strong>de</strong></span> <span class='ocrx_word' id='word_1_783' title='bbox 3407 5698 3523 5753; x_wconf 88' lang='lat' dir='ltr'><strong>qua</strong></span> 
     </span>
    </p>
   </div>
   <div class='ocr_carea' id='block_1_120' title="bbox 1888 5749 3516 5835">
    <p class='ocr_par' dir='ltr' id='par_1_120' title="bbox 1888 5749 3516 5835">
     <span class='ocr_line' id='line_1_120' title="bbox 1888 5749 3516 5835; baseline 0.001 -29"><span class='ocrx_word' id='word_1_784' title='bbox 1888 5749 2232 5835; x_wconf 63' lang='lat' dir='ltr'><strong>Prudentius</strong></span> <span class='ocrx_word' id='word_1_785' title='bbox 2262 5750 2321 5805; x_wconf 92' lang='lat' dir='ltr'><strong>in</strong></span> <span class='ocrx_word' id='word_1_786' title='bbox 2348 5751 2800 5835; x_wconf 72' lang='lat' dir='ltr'><strong>PeristephanQn</strong></span> <span class='ocrx_word' id='word_1_787' title='bbox 2825 5754 3044 5835; x_wconf 70' lang='lat' dir='ltr'><strong>hymno</strong></span> <span class='ocrx_word' id='word_1_788' title='bbox 3069 5759 3121 5811; x_wconf 90' lang='lat'><strong>3.</strong></span> <span class='ocrx_word' id='word_1_789' title='bbox 3145 5749 3222 5835; x_wconf 84' lang='lat' dir='ltr'><strong>De</strong></span> <span class='ocrx_word' id='word_1_790' title='bbox 3247 5753 3355 5808; x_wconf 90' lang='lat' dir='ltr'><strong>hac</strong></span> <span class='ocrx_word' id='word_1_791' title='bbox 3383 5749 3516 5808; x_wconf 75' lang='lat' dir='ltr'><strong>Ci&#39;e-</strong></span> 
     </span>
    </p>
   </div>
   <div class='ocr_carea' id='block_1_121' title="bbox 1891 5821 3515 5896">
    <p class='ocr_par' dir='ltr' id='par_1_121' title="bbox 1891 5821 3515 5896">
     <span class='ocr_line' id='line_1_121' title="bbox 1891 5821 3515 5896; baseline 0.001 -18"><span class='ocrx_word' id='word_1_792' title='bbox 1891 5821 2450 5896; x_wconf 57' lang='lat' dir='ltr'><strong>goriusj‘uronensis</strong></span> <span class='ocrx_word' id='word_1_793' title='bbox 2471 5823 2529 5896; x_wconf 85' lang='lat' dir='ltr'><strong>in</strong></span> <span class='ocrx_word' id='word_1_794' title='bbox 2553 5821 2651 5896; x_wconf 81' lang='lat' dir='ltr'><strong>lib.</strong></span> <span class='ocrx_word' id='word_1_795' title='bbox 2682 5841 2699 5879; x_wconf 80' lang='grc' dir='ltr'><strong>ι</strong></span> <span class='ocrx_word' id='word_1_796' title='bbox 2727 5824 2796 5880; x_wconf 93' lang='lat' dir='ltr'><strong>de</strong></span> <span class='ocrx_word' id='word_1_797' title='bbox 2819 5821 3012 5880; x_wconf 86' lang='lat' dir='ltr'><strong>Gloria</strong></span> <span class='ocrx_word' id='word_1_798' title='bbox 3027 5826 3368 5895; x_wconf 85' lang='lat' dir='ltr'><strong>martyrum,</strong></span> <span class='ocrx_word' id='word_1_799' title='bbox 3387 5839 3515 5896; x_wconf 86' lang='lat' dir='ltr'><strong>cap.</strong></span> 
     </span>
    </p>
   </div>
   <div class='ocr_carea' id='block_1_122' title="bbox 1890 5893 3083 5961">
    <p class='ocr_par' dir='ltr' id='par_1_122' title="bbox 1890 5893 3083 5961">
     <span class='ocr_line' id='line_1_122' title="bbox 1890 5893 3083 5961; baseline 0.002 -13"><span class='ocrx_word' id='word_1_800' title='bbox 1890 5896 1976 5961; x_wconf 83' lang='grc'><strong>91,</strong></span> <span class='ocrx_word' id='word_1_801' title='bbox 2012 5896 2071 5948; x_wconf 92' lang='lat' dir='ltr'><strong>et</strong></span> <span class='ocrx_word' id='word_1_802' title='bbox 2094 5893 2439 5950; x_wconf 84' lang='lat' dir='ltr'><strong>Fortunatus</strong></span> <span class='ocrx_word' id='word_1_803' title='bbox 2466 5894 2524 5950; x_wconf 90' lang='lat' dir='ltr'><strong>in</strong></span> <span class='ocrx_word' id='word_1_804' title='bbox 2551 5895 2648 5951; x_wconf 91' lang='lat' dir='ltr'><strong>lib.</strong></span> <span class='ocrx_word' id='word_1_805' title='bbox 2683 5911 2803 5961; x_wconf 87' lang='lat' dir='ltr'><strong>vm,</strong></span> <span class='ocrx_word' id='word_1_806' title='bbox 2829 5911 3007 5949; x_wconf 88' lang='lat' dir='ltr'><strong>carm.</strong></span> <span class='ocrx_word' id='word_1_807' title='bbox 3031 5896 3083 5950; x_wconf 78' lang='grc'><strong>4.</strong></span> 
     </span>
    </p>
   </div>
  </div>
