4032 6180
488 275 591 342 235

1053 395 1342 448 lmmolatio
1366 395 1551 449 misse.

562 472 813 549 Dignum
854 479 913 532 et
949 475 1170 549 justum
1207 480 1310 546 est,
1349 495 1584 552 aequum
1623 481 1681 535 et
1723 481 1971 536 salutare
2017 484 2122 550 est,

492 584 598 626 nos
645 569 748 625 tibi
776 586 1006 642 semper
1041 574 1100 624 et
1136 570 1348 644 ubique
1391 571 1606 644 gratias
1647 590 1843 646 agere,
1882 574 2123 630 Domine

488 656 706 731 sancte,
733 665 901 718 Pater
935 663 1325 735 omnipotens,
1366 669 1582 722 aeterne
1612 669 1780 736 Deus,
1807 671 1985 740 teque
2003 669 2121 724 lau-

494 757 630 812 dare
655 755 714 810 in
737 756 1006 812 omnibus
1031 758 1298 828 operibus
1319 759 1448 814 tuis.
1481 760 1589 825 Qui
1611 759 1764 817 dono
1793 761 1993 833 gratiae
2012 765 2126 816 tuae

491 850 771 904 famulam
801 852 961 905 tuam
987 851 1266 906 Eulaliam
1299 851 1578 908 nobiliore
1616 854 1828 909 mentis
1853 855 2125 926 stigmate

490 941 791 1010 decorasti,
817 945 880 997 ut
916 943 1176 1000 inlaesam
1203 945 1265 1000 in
1304 963 1363 1000 se
1400 946 1672 1019 imaginis
1712 951 1826 1002 tuae
1855 948 2126 1019 pulcritu-

491 1033 689 1090 dinem
731 1036 1060 1092 custodiret.
1113 1037 1301 1111 Digna
1325 1056 1458 1094 vere
1491 1056 1685 1096 comes
1711 1041 1835 1095 Filii
1865 1041 1970 1108 tui,
2000 1057 2126 1113 qua:

489 1131 691 1184 tenero
734 1146 869 1185 sexu
898 1131 1117 1187 bellum
1162 1133 1328 1188 fortis
1368 1132 1704 1189 invaderet:
1735 1138 1794 1189 et
1835 1135 1984 1189 ultra
2011 1134 2128 1206 opi-

493 1222 731 1278 nionem
762 1225 1036 1280 humanze
1078 1226 1300 1282 virtutis
1327 1227 1400 1282 ad
1425 1227 1795 1283 tolerantiam
1825 1245 2126 1300 poenarum

491 1333 572 1383 se,
601 1318 722 1372 zelo
752 1317 832 1371 tui
860 1319 1092 1386 amoris,
1125 1319 1432 1388 obtulerit;
1466 1337 1594 1393 quae
1625 1321 1685 1376 in
1717 1321 1966 1393 speciem
1995 1339 2123 1394 pre-

491 1410 622 1465 tiosi
641 1409 935 1482 Unigeniti
961 1413 1305 1484 sanguinem
1319 1432 1484 1470 suum
1497 1415 1599 1468 sub
1611 1415 1942 1471 testimonio
1958 1417 2126 1472 bona:

493 1503 870 1560 confessionis
917 1507 1260 1575 effunderet,
1293 1511 1351 1562 et
1375 1507 1707 1580 incorrupta
1735 1509 1987 1564 ﬂammis
2015 1509 2124 1564 vis-

491 1613 623 1651 cera
656 1597 716 1652 in
757 1597 997 1654 odorem
1041 1601 1359 1656 suavissimi
1406 1601 1805 1672 thymiamatis
1843 1603 2123 1658 adoleret.

489 1690 657 1746 Vadit
684 1691 758 1746 ad
795 1692 1045 1748 tribunal
1071 1694 1294 1749 cruenti
1315 1694 1576 1766 praesidis
1615 1712 1721 1750 nec
1760 1696 2021 1768 quaesita,
2049 1697 2128 1750 lu-

1276 289 1609 346 APPENDIX
1645 289 1734 345 AD
1769 289 1991 347 OPERA
2028 291 2264 350 SANCTl
2302 291 2603 353 GERMANI
2641 291 3068 350 PARISIENSIS.

2147 413 2205 488 A

3755 295 3870 352 236

2755 402 3004 455 Collectio
3023 401 3091 454 ad
3123 413 3326 468 pacem.

2295 487 2465 556 Deus,
2485 485 2583 560 qui
2595 485 2832 558 justitite
2847 487 3007 558 leges
3028 485 3088 542 in
3113 485 3379 543 cordibus
3403 485 3767 546 credentium
3785 487 3874 546 di-

2229 581 2348 655 gito
2374 584 2472 636 tuo
2500 580 2717 650 scribis,
2752 580 2964 653 quique
2988 580 3049 636 in
3073 582 3315 636 Paulum
3339 581 3623 640 hodierna
3649 583 3744 639 die
3770 601 3873 642 vo-

2227 675 2467 732 cationis
2497 675 2619 747 ejus
2657 675 2728 730 de
2763 673 2933 742 caelis,
2972 692 3090 732 non
3127 678 3476 745 atramento,
3505 677 3608 732 sed
3645 677 3872 750 Spiritu

2227 773 2325 824 tuo
2364 769 2510 837 vivo,
2538 769 2789 824 caritatis
2819 773 2932 825 tuas
2971 770 3258 825 fervorem
3285 769 3367 826 ita
3405 771 3622 839 scribis,
3651 775 3716 826 ut
3735 789 3876 844 pro-

2227 863 2418 936 prium
2449 864 2838 936 quassandum
2866 881 3070 936 corpus
3101 880 3208 936 pro
3238 864 3500 920 Ecclesia:
3525 867 3638 920 tua:
3667 867 3874 924 tradat

2227 957 2527 1027 membris,
2559 957 2656 1029 qui
2676 957 2851 1030 ipsius
2869 957 3132 1013 Ecclesiae
3161 957 3300 1014 olim
3315 957 3666 1014 contriverat
3681 977 3874 1016 mem-

2227 1052 2352 1120 bra,
2389 1051 2468 1107 sic
2501 1051 2666 1107 nobis
2700 1051 2876 1124 ipsius
2917 1051 3244 1108 interventu
3288 1051 3538 1108 doctoris
3577 1057 3636 1108 et
3675 1054 3872 1112 fidelis

2227 1145 2509 1218 magistri,
2538 1147 2809 1202 fraternae
2830 1145 3084 1202 caritatis
3111 1145 3348 1202 sincerae
3376 1147 3734 1204 consortium
3758 1149 3870 1204 do-

2228 1258 2333 1309 na;
2365 1243 2424 1296 et
2449 1240 2520 1294 de
2549 1242 2662 1294 tuae
2701 1239 3042 1307 dilectionis,
3062 1239 3252 1312 'quam
3287 1241 3382 1296 ille
3411 1241 3632 1310 habuit,
3663 1242 3869 1298 multi-

2227 1333 2359 1406 plici
2388 1334 2649 1401 ﬂamma,
2685 1334 2774 1388 vel
2808 1350 2985 1389 unam
3025 1333 3331 1390 scintillam
3367 1334 3607 1406 dignare
3637 1335 3870 1408 largiri,

2228 1431 2290 1482 ut
2310 1443 2623 1498 sequamur
2645 1443 2748 1498 per
2765 1426 3133 1482 dilectionem
3152 1427 3472 1483 ferventem
3489 1427 3868 1500 magistrum,

2230 1521 2388 1593 cujus
2417 1521 2726 1592 flagrantia
2749 1519 2810 1576 in
2831 1521 3068 1577 caritate
3096 1522 3533 1593 frequentamus
3549 1527 3864 1596 praecepta.

2794 1609 3086 1660 Immolatio
3118 1609 3308 1662 missae.

2300 1691 2551 1764 Dignum
2577 1694 2634 1746 et
2651 1691 2873 1763 justum
2901 1693 3004 1746 est.
3037 1693 3180 1746 Vere
3208 1691 3404 1765 226
3436 1709 3668 1764 (equum
3695 1696 3758 1748 et
3777 1695 3875 1764 ju-

491 1786 719 1839 cratura
734 1802 1002 1857 regnum,
1018 1792 1422 1859 contemptura
1447 1789 2128 1860 supplicium,inventura
2148 1794 2205 1866 Β
2231 1789 2381 1840 stum
2401 1789 2504 1854 est,
2526 1801 2630 1840 nos
2649 1784 2752 1840 tibi
2779 1785 2994 1856 gratias
3019 1801 3214 1856 agere,
3243 1785 3490 1842 Domine
3515 1790 3734 1857 sancte,
3757 1789 3872 1842 Pa-

492 1878 812 1948 qutesitum,
843 1879 1034 1935 visura
1062 1883 1425 1949 confessum;
1461 1899 1578 1938 non
1622 1883 1848 1955 trepida
1889 1884 1960 1938 de
2006 1901 2132 1938 sen-

493 1971 692 2039 tentia,
718 1989 835 2027 non
850 1975 1125 2047 ambigua
1142 1976 1212 2030 dc
1240 1993 1475 2046 corona,
1506 1994 1623 2031 non
1652 1977 1878 2032 defessa
1903 1977 1974 2032 de
1997 1995 2126 2032 ecu-

495 2065 606 2133 leo,
623 2082 740 2121 non
767 2066 958 2122 diffisa
978 2067 1048 2122 de
1073 2069 1332 2140 praemio.
1363 2071 1775 2141 Interrogatur,
1803 2071 2126 2138 confitetur,

490 2157 831 2232 ingentique
849 2161 1126 2217 miraculo
1146 2163 1408 2234 Majestas
1425 2167 1524 2217 tua
1545 2164 1857 2218 exaltatum
1881 2163 2130 2234 Virginis

492 2252 779 2323 spiritum,
810 2271 985 2326 quem
1013 2256 1334 2328 adsumpsit
1360 2273 1464 2328 per
1491 2255 1790 2312 ﬂammam
1809 2257 1855 2324 ⁸,
1884 2256 2131 2328 suscepit

491 2361 596 2416 per
643 2348 991 2417 columbam,
1038 2353 1102 2404 ut
1147 2351 1256 2405 hoc
1286 2349 1550 2422 prodigio
1595 2349 1655 2404 in
1690 2349 1842 2405 caelis
1884 2350 2046 2422 virgo
2072 2353 2132 2405 et

492 2441 712 2511 martyr
737 2442 1094 2510 ascenderet,
1123 2460 1236 2514 quo
1266 2443 1326 2498 in
1356 2443 1524 2499 terris
1545 2443 1748 2498 Filium
1771 2446 1933 2499 tuum
1961 2446 2131 2499 Pater

493 2533 847 2590 ostenderas.
893 2537 1002 2591 Per
1049 2553 1221 2608 quem
1279 2537 1634 2608 Majestatem
1685 2540 1846 2592 tuam
1890 2537 2132 2593 laudant

492 2623 684 2701 225
727 2629 940 2700 angeli,
983 2633 1156 2702 atque
1205 2631 1540 2702 archangeli
1589 2647 1707 2686 non
1754 2633 1980 2686 cessant
2021 2631 2132 2686 cla-

491 2736 654 2775 mare
688 2721 962 2778 dicentes.

641 2843 766 2897 XIX.
809 2859 968 2901 mssa
1007 2861 1060 2902 ιη
1101 2861 1475 2904 CONVERSIONE
1499 2856 1527 2898 b
1565 2861 1754 2903 SANCTI
1795 2863 1973 2902 PAULI.

564 2953 730 3020 Deus,
756 2953 852 3024 qui
881 2955 1039 3009 beati
1062 2956 1225 3010 Pauli
1253 2957 1495 3028 apostoli
1531 2955 1874 3029 dignitatem
1917 2957 2128 3030 ubique

491 3043 630 3098 facis
665 3041 997 3116 gloriosam,
1026 3053 1254 3118 praesta,
1290 3066 1638 3120 quaesumus,
1671 3053 1738 3104 ut
1781 3053 1840 3104 et
1869 3051 2130 3106 doctrina

493 3152 722 3208 semper
750 3137 928 3209 ipsius
955 3141 1270 3210 foveamur,
1301 3145 1358 3196 et
1377 3142 1618 3197 meritis.
1651 3143 1778 3196 Per.

541 3223 553 3232 “
1045 3241 1292 3292 Collectio
1320 3243 1570 3307 sequitur.

563 3325 906 3381 Sanctorum
943 3327 1136 3396 decus,
1180 3332 1584 3384 remuneratur
1609 3329 1921 3400 justorum,
1955 3330 2122 3398 Deus,

492 3419 589 3488 qui
615 3437 788 3492 super
817 3438 1020 3476 omnes
1051 3424 1108 3476 et
1133 3439 1238 3494 per
1265 3423 1464 3478 omnia
1494 3427 1552 3477 et
1582 3423 1640 3477 in
1669 3423 1935 3478 omnibus
1961 3423 2126 3478 nobis

492 3529 570 3580 es,
600 3513 690 3568 cui
713 3515 1052 3570 sacriﬁcium
1080 3519 1167 3570 est
1180 3533 1279 3572 cor
1295 3508 1606 3572 contritum
1625 3520 1682 3572 et
1702 3517 1885 3572 oratio
1914 3533 2123 3589 purum

489 3605 809 3676 incensum,
837 3608 1025 3664 tribue
1051 3609 1217 3664 nobis
1242 3627 1347 3681 per
1373 3609 1849 3666 intercessionem
1872 3609 2125 3665 beatissi-

490 3698 571 3752 mi
600 3701 760 3754 Pauli
787 3702 1028 3771 apostoli
1059 3703 1569 3758 sanctiﬂcationem
1599 3705 1804 3772 cordis,
1838 3704 2124 3759 fervorem

491 3791 722 3862 spiritus
759 3795 1014 3865 corporis
1039 3795 1373 3866 puritatem,
1401 3800 1464 3850 ut
1492 3797 1850 3852 mortiﬁcatis
1877 3798 2125 3852 terrenis

489 3884 658 3954 vitiis,
680 3885 1032 3942 immaculati
1053 3888 1254 3958 spiritu
1275 3892 1334 3944 et
1353 3905 1592 3961 corpore
1611 3894 1826 3958 nostro,
1856 3890 1958 3944 tibi
1981 3907 2125 3945 sem-

492 3995 596 4050 per
619 3979 804 4034 laudis
830 3980 1047 4035 hostias
1069 3983 1410 4037 referamus.
1446 3983 1630 4048 Quod.

561 4073 712 4128 Deus
756 4071 854 4144 qui
898 4075 1224 4144 apostolum
1270 4078 1433 4130 tuum
1477 4077 1737 4144 Paulum,
1777 4076 2123 4133 insolentem

489 4168 689 4222 contra
733 4166 1041 4222 Christiani
1089 4167 1339 4222 nominis
1387 4168 1693 4240 pietatem,
1741 4169 1952 4224 caslesti
1984 4188 2120 4226 voce

487 4276 618 4315 cum
636 4262 857 4316 terrore
873 4263 1220 4332 perculsum,
1239 4261 1524 4318 hodierna
1549 4262 1642 4317 die
1663 4264 1978 4319 vocationis
1999 4265 2123 4335 ejus

485 4358 743 4409 mentem
773 4371 906 4409 cum
938 4354 1176 4410 nomine
1221 4355 1622 4422 commutasti;
1661 4360 1720 4412 et
1755 4373 1929 4428 quem
1967 4357 2123 4429 prius

487 4449 916 4516 persecutorem
966 4449 1264 4504 metuebat
1299 4449 1576 4518 Ecclesia,
1618 4467 1770 4505 nunc
1809 4450 2120 4506 caelestium

2230 1884 2320 1934 ter
2355 1879 2744 1950 omnipotens,
2779 1881 2994 1934 aeterne
3029 1879 3198 1934 Deus.
3231 1879 3338 1944 Qui
3362 1883 3424 1935 ut
3449 1881 3788 1936 ostenderes
3809 1885 3873 1936 te

2231 1971 2495 2028 omnium
2531 1989 2740 2044 cupere
2778 1971 3080 2043 indulgere
3128 1973 3394 2044 peccatis,
3429 1977 3871 2046 persecutorem

2229 2065 2491 2122 Ecclesiae
2521 2069 2634 2121 tuae
2665 2065 2738 2120 ad
2763 2083 2944 2120 unum
2961 2066 3200 2120 verbum
3219 2069 3332 2122 tua:
3351 2067 3664 2123 vocationis
3681 2069 3875 2124 lucra-

2230 2166 2320 2216 tus
2346 2177 2425 2227 es,
2459 2162 2517 2214 et
2543 2159 2736 2214 statim
2765 2159 2946 2214 fecisti
2974 2159 3141 2215 nobis
3170 2177 3239 2214 ex
3267 2164 3632 2232 persecutore
3661 2161 3870 2218 docto-

2231 2273 2376 2312 rem.
2419 2257 2564 2311 Nam
2605 2253 2704 2326 qui
2740 2253 2957 2309 alienas
2991 2254 3260 2325 epistolas
3298 2255 3375 2310 ad
3409 2255 3869 2312 destructionem

2229 2349 2610 2406 Ecclesiarum
2623 2351 2941 2420 acceperat,
2961 2348 3129 2420 coepit
3142 2365 3272 2403 suas
3287 2349 3362 2403 ad
3377 2351 3868 2406 restaurationem

2231 2460 2432 2500 earum
2468 2442 2750 2509 scribere;
2786 2444 2846 2496 et
2869 2445 2931 2496 ut
2969 2459 3030 2496 se
3058 2441 3246 2514 ipsum
3275 2443 3516 2498 Paulum
3545 2444 3763 2500 factum
3795 2463 3870 2500 ex

2231 2537 2402 2595 Saulo
2435 2539 2806 2603 monstraret,
2834 2539 3072 2607 repente
3101 2535 3443 2592 architectus
3468 2537 3694 2608 sapiens
3729 2539 3867 2594 fun-

2230 2633 2575 2688 damentum
2610 2629 2820 2702 posuit,
2850 2632 2914 2683 ut
2947 2632 3144 2685 sancta
3176 2630 3425 2685 Ecclesia
3455 2633 3556 2686 tua
3578 2631 3871 2688 catholica

2231 2743 2300 2782 eo
2327 2724 2648 2780 aedificante
2678 2723 2976 2796 gauderet,
3007 2740 3041 2777 a
3077 2741 3191 2794 quo
3227 2725 3415 2778 fuerat
3445 2728 3577 2780 ante
3604 2729 3866 2794 vastata;

2232 2822 2289 2874 et
2308 2821 2502 2873 tantus
2517 2818 2640 2890 ejus
2660 2818 2932 2872 defensor
2949 2815 3260 2886 exsisteret,
3285 2821 3348 2873 ut
3367 2817 3564 2874 omnia
3585 2819 3874 2892 supplicia

2230 2912 2503 2984 corporis,
2517 2915 2576 2966 et
2590 2911 2776 2982 ipsam
2797 2911 3017 2966 caedem
3029 2911 3284 2982 corporis
3303 2928 3419 2968 non
3438 2913 3688 2968 timeret.
3712 2915 3870 2969 Nam

2231 3007 2414 3061 factus
2439 3008 2526 3060 est
2541 3007 2713 3076 caput
2730 3003 3130 3077 Ecclesiae,'qui
3151 3006 3420 3060 membra
3441 3007 3700 3062 Ecclesia:
3729 3024 3874 3063 con-

2231 3101 2627 3171 quassaverat;
2650 3101 2822 3170 caput
2838 3098 3056 3152 terreni
3071 3097 3324 3170 corporis
3340 3099 3592 3167 tradidit,
3616 3103 3680 3154 ut
3703 3101 3874 3156 (Ζῐιι-ἱο

2149 3161 2204 3236 C
2230 3197 2382 3248 stum
2405 3196 2577 3264 caput
2595 3191 2654 3246 in
2682 3190 2794 3246 suis
2825 3192 3096 3246 omnibus
3119 3192 3400 3247 membris
3421 3193 3734 3264 acciperet;
3760 3211 3875 3266 per

2225 3287 2380 3358 quod
2411 3285 2587 3340 etiam
2604 3287 2713 3340 Vas
2733 3285 3030 3340 electionis
3056 3302 3180 3340 esse
3207 3285 3438 3355 meruit,
3458 3287 3556 3358 qui
3577 3288 3870 3345 eumdem

2225 3379 2539 3436 Dominum
2570 3381 2832 3434 nostrum
2857 3381 3050 3434 Jesum
3067 3379 3355 3435 Christum
3385 3381 3588 3436 Filium
3605 3384 3778 3437 tuum
3807 3383 3870 3439 in

2225 3475 2309 3529 sui
2335 3473 2583 3546 pectoris
2612 3472 3034 3528 habitationem
3061 3473 3326 3546 suscepit.
3353 3476 3464 3530 Per
3491 3491 3664 3548 quem
3683 3476 3866 3548 Maja-

2225 3571 2433 3624 statem
2466 3571 2626 3622 tuam
2656 3567 2914 3622 laudant.

2223 3674 2322 3728 XX.
2379 3687 2539 3728 MISSA
2600 3689 2656 3728 IN
2721 3685 3001 3728 CATHEDRA
3039 3683 3062 3712 θ
3140 3687 3328 3728 SANCTI
3379 3687 3534 3728 PETRI
3569 3688 3869 3730 APOSTOLI.

2295 3764 2709 3822 Sollemnitatis
2721 3764 3102 3836 praedicanda
3116 3763 3267 3820 diem
3282 3765 3564 3838 praecipue
3579 3766 3868 3834 nobilem,

2223 3861 2284 3915 in
2315 3877 2428 3932 quo
2459 3860 2637 3915 ﬁdem
2659 3858 3008 3931 praecellenti
3035 3857 3208 3913 Filius
3229 3858 3433 3914 excelsi
3466 3859 3565 3914 Dei
3600 3859 3688 3915 ori
3707 3863 3874 3916 Petri

2225 3957 2579 4009 monstratus
2609 3955 2714 4021 est,
2737 3955 2796 4007 et
2819 3951 2879 4007 in
2903 3954 3262 4025 coapostolos
3287 3953 3682 4024 interrogante
3706 3954 3784 4010 de
3805 3972 3869 4010 se

2224 4047 2447 4104 Christo
2479 4047 2609 4118 quis
2645 4050 2816 4113 esset,
2843 4063 2975 4101 vere
3015 4048 3308 4102 confessus
3346 4050 3450 4114 est,
3489 4064 3620 4103 cum
3653 4048 3871 4104 beatus

2225 4143 2500 4197 Bar-Jona
2519 4157 2655 4196 voce
2672 4140 3076 4212 Redemptoris
3095 4141 3208 4195 ﬁde
3227 4141 3431 4196 devota
3449 4142 3723 4213 praelatus
3755 4147 3868 4211 est,

2225 4239 2288 4290 ut
2314 4252 2418 4307 per
2443 4235 2593 4290 hanc
2618 4232 2768 4290 Petri
2801 4236 3054 4302 Petram,
3081 4235 3248 4290 bases
3283 4235 3545 4290 Ecclesiae
3579 4235 3726 4290 fixus
3755 4241 3872 4306 est,

2223 4331 2583 4395 venerantes,
2607 4329 2814 4384 fratres
2835 4327 3205 4396 dilectissimi,
3233 4329 3633 4400 deprecemur,
3655 4333 3722 4384 ut
3737 4333 3876 4388 tam

2225 4423 2474 4498 gloriosa
2504 4422 2675 4477 laude
2703 4421 2882 4476 ﬁdem
2911 4421 3065 4477 Petri
3091 4421 3190 4494 qui
3215 4423 3488 4494 praetulit,
3519 4423 3640 4494 ipse
3668 4423 3876 4480 beati-

487 4515 898 4596 mandatorum
915 4543 1144 4598 laetatur
1157 4559 1216 4597 se
1241 4543 1454 4598 habere
1473 4515 1806 4612 doctorem;
1835 4537 2203 4617 quemqueD
2225 4517 2440 4617 tudinis
2486 4519 2684 4572 “ator
2724 4515 2954 4586 plebem
2992 4516 3356 4572 conmboret'
3395 4517 3506 4571 Per
3542 4517 3878 4576 Dominum

487 4630 620 4687 ideo
659 4633 798 4687 foris
839 4635 1081 4702 csacasti,
1116 4639 1178 4691 ut
1207 4635 1488 4692 introrsus
1528 4636 1820 4692 videntem
1865 4639 2123 4706 faceres;

490 4723 696 4796 cuique
736 4729 866 4796 post
905 4727 1175 4783 tenebras
1217 4729 1570 4784 crudelitatis
1617 4730 1855 4800 ablatas,
1889 4731 1963 4786 ad
1991 4749 2122 4788 evo-

487 4817 700 4873 caudas
727 4822 932 4889 gentes
955 4818 1162 4874 divinze
1181 4821 1326 4892 legis
1345 4819 1646 4878 scientiam
1671 4823 1990 4892 contulisti;
2021 4825 2124 4880 sed

488 4913 546 4966 et
574 4909 744 4967 tertio
783 4912 1229 4984 naufragantem
1259 4931 1364 4985 pro
1395 4915 1509 4970 ﬁde
1547 4933 1721 4988 quam
1759 4934 2118 4990 expugnave-

485 5007 594 5072 rat,
617 5005 743 5076 jam
774 5005 1045 5062 devotum
1071 5007 1130 5062 in
1163 5009 1450 5065 elemento
1479 5009 1696 5082 liquido
1729 5011 1912 5066 fecisti
1939 5012 2120 5067 vitare

487 5097 830 5166 discrimen;
876 5099 954 5155 sic
983 5100 1168 5169 nobis,
1211 5119 1556 5174 quaesumus,
1588 5105 1711 5177 ejus
1753 5108 1812 5160 et
1845 5105 2118 5162 mutatio-

484 5207 622 5246 nem
653 5195 712 5247 et
739 5193 915 5248 fidem
945 5194 1284 5265 colentibus,
1329 5200 1460 5268 post
1504 5193 1821 5254 ciecitatem
1853 5202 2118 5270 peccato-

485 5299 634 5352 rum,
665 5284 844 5340 facte
889 5285 1083 5344 videre
1128 5288 1188 5344 in
1229 5289 1401 5360 caelis,
1430 5291 1529 5364 qui
1577 5290 1935 5346 inluminasti
1971 5293 2117 5348 Pau-

483 5377 605 5432 lum
641 5377 700 5433 in
730 5379 936 5448 terris;
968 5383 1028 5436 et
1060 5399 1306 5440 munera
1344 5385 1654 5456 praesentia
1683 5383 1868 5440 libens
1904 5385 2116 5457 accipe,

485 5487 613 5543 qua:
635 5473 893 5544 Apostoli
918 5475 1002 5530 tui
1027 5477 1292 5548 precibus
1319 5478 1424 5534 tibi
1443 5479 1588 5534 fiant
1617 5482 1872 5550 accepta.

548 5605 574 5636 ⁸
606 5606 735 5688 Haec
785 5607 1040 5676 Eulaliae,
1091 5627 1209 5666 non
1263 5611 1693 5681 Barcinonensi,
1744 5629 1874 5738 qliaue
1919 5613 2120 5686 capitis

548 5693 831 5733 ιεοιεδιοηθ
859 5681 1200 5738 martvrium
1212 5684 1648 5738 consummavit.
1663 5684 1765 5738 sed
1823 5685 2120 5738 meritensi

483 5675 831 5751 abscissione
859 5675 1200 5750 martyrium
1212 5684 1648 5751 consummavit,
1663 5675 2122 5742 sedEmeritensi

483 5748 850 5825 conveniunt,
871 5765 999 5825 quae
1013 5748 1155 5825 bibit
1173 5766 1490 5825 ore_rogu-m,
1501 5756 1568 5825 ut
1581 5748 1924 5825 Prudentius
1943 5757 2117 5825 canit,

487 5818 545 5868 et
555 5817 658 5870 sub
671 5817 857 5888 specie
879 5817 1162 5876 columbae
1184 5817 1364 5876 coelos'
1375 5822 1559 5894 petiit.
1575 5823 1740 5889 Quod
1761 5817 2119 5898 postremum

2225 4613 2509 4668 nostrum.

2779 4678 3030 4730 Collectio
3061 4680 3308 4744 sequitur.

2296 4759 2464 4824 Deus,
2515 4755 2613 4829 qui
2651 4755 2933 4812 hodierna
2972 4755 3063 4811 die
3097 4757 3335 4811 beatum
3372 4757 3607 4810 Petrum
3645 4761 3783 4828 post
3815 4763 3888 4815 te

2225 4850 2434 4906 dedisti
2470 4853 2642 4922 caput
2678 4850 2962 4918 Ecclesiae,
3001 4867 3134 4905 cum
3179 4853 3236 4904 te
3270 4849 3365 4904 ille
3398 4866 3532 4906 vere
3565 4851 3890 4909 confessus

2223 4945 2314 5012 sit,
2348 4947 2408 4999 et
2435 4943 2554 5015 ipse
2583 4959 2616 5000 a
2649 4946 2704 4999 te
2733 4943 2908 5015 digne
2937 4944 3206 5015 praelatus
3228 4942 3319 5012 sit,
3349 4943 3634 5016 supplices
3655 4961 3886 5002 exora-

2223 5055 2373 5105 mus,
2412 5041 2476 5092 ut
2518 5038 2618 5109 qui
2662 5037 2870 5092 dedisti
2905 5039 3223 5108 pastorem,
3260 5054 3332 5092 ne
3373 5037 3510 5108 quid
3551 5037 3624 5092 de
3661 5040 3891 5098 ovibus

2221 5131 2512 5204 perderes,
2540 5135 2605 5186 ut
2623 5147 2761 5203 grex
2782 5131 3022 5202 effugiat
3035 5147 3280 5200 errores,
3307 5131 3430 5202 ejus
3445 5131 3889 5194 intercessione

2222 5241 2396 5297 quem
2423 5223 2748 5297 prefecisti,
2772 5224 3066 5280 salviﬁces.
3091 5225 3257 5290 Quod
3281 5225 3403 5298 ipse
3429 5229 3621 5298 priest.

2841 5314 2967 5363 Post
2999 5312 3230 5364 nomina.

2291 5389 2496 5455 Deum,
2526 5385 2623 5460 qui
2649 5387 2820 5442 beato
2847 5388 3014 5444 Petro
3049 5391 3276 5444 tantam
3305 5392 3655 5462 potestatem
3695 5393 3894 5452 disci-

2220 5482 2354 5553 pulo
2382 5479 2640 5549 contulit,
2673 5483 2735 5536 ut
2771 5481 2816 5536 si
2839 5481 2972 5554 .ipse
3011 5481 3294 5555 ligaverit,
3327 5499 3446 5540 non
3476 5484 3549 5540 sit
3576 5485 3730 5542 alter
3767 5491 3894 5562 qui

2221 5616 2400 5728 etiam
2432 5615 2504 5670 de
2534 5615 2944 5672 Barcinonensi
2972 5616 3240 5672 refertur.

2367 5689 2424 5728 In
2451 5687 2856 5728 Martvrnlnoin
2878 5688 3200 5728 Cnilnnnnai

2365 5689 2427 5742 In
2446 5687 2856 5760 ,Martyrologio
2878 5688 3224 5756 Gellonensi,
3254 5705 3550 5748 annorum
3573 5693 3680 5748 900
3713 5710 3728 5751 :
3767 5712 3894 5756 vni

2219 5759 2346 5816 Kal.
2367 5759 2521 5815 Febr.
2549 5759 2694 5815 beati
2715 5759 2880 5815 Pauli
2906 5762 3172 5816 conversio
3199 5762 3260 5815 in
3286 5765 3571 5818 Damasco.

2290 5841 2314 5870 ο
2349 5830 2430 5886 De
2456 5830 2566 5886 hoc
2593 5830 2740 5888 festo
2768 5829 2898 5886 vide
2927 5831 3228 5888 observata
3255 5830 3315 5887 in
3343 5831 3444 5888 lib.
3476 5849 3538 5890 ιι.
