4054 6188
162 330 257 386 257

1236 327 1324 384 DE
1361 327 1672 384 LITURGIA
1709 329 2084 385 GALLICANA
2123 327 2321 384 LIBER
2360 327 2450 382 111.

3415 328 3519 386 258

163 459 398 528 solverit,
431 461 491 514 et
535 475 662 532 qua
692 460 753 515 in
780 463 934 518 terra
969 459 1219 530 solverit,
1255 459 1398 516 item
1430 461 1567 516 calo
1598 462 1783 517 soluta
1803 438 2059 532 Ανίίθίη
2099 441 2400 532 “tamam!
2436 451 2800 532 reBPumFlue
2841 435 3185 509 Perpetuam
3222 438 3521 494 conlatum

162 553 280 620 sint,
329 553 593 626 precibus
623 554 1023 628 imploremus,
1051 561 1114 612 ut
1140 555 1360 612 eductis
1389 553 1579 628 227
1613 573 1647 610 a
1675 558 1787 610 tar-

163 653 274 703 taro
296 647 704 704 defunctorum
735 650 1044 722 spiritibus,
1071 668 1186 706 non
1218 650 1572 722 pravaleant
1597 650 1784 720 sepul-

161 741 222 796 tis
263 740 508 797 inferna
539 747 719 814 porta
751 761 858 816 per
893 744 1156 812 crimina,
1195 761 1336 815 quas
1383 759 1487 816 per
1531 743 1786 814 Apostoli

159 835 324 890 ﬁdem
346 834 498 889 vinci
523 837 706 892 credit
733 837 1000 894 Ecclesia.
1033 841 1140 893 Per
1163 835 1477 893 Dominum
1523 839 1784 892 nostrum

157 929 340 984 Iesum
369 929 683 986 Christum.

682 1038 931 1089 Collectio
957 1038 1024 1090 ad
1049 1051 1254 1104 pacem.

220 1122 683 1178 Clementissime
727 1121 1023 1194 Conditor,
1072 1123 1169 1196 qui
1204 1127 1366 1178 tanta
1399 1121 1636 1177 caritate
1670 1139 1789 1177 suc-

159 1215 388 1270 cendisti
431 1216 797 1288 discipulum,
833 1221 898 1271 ut
939 1234 998 1272 se
1039 1217 1110 1271 de
1157 1234 1300 1271 nave
1331 1217 1572 1288 jactato,
1605 1215 1679 1269 ad
1731 1219 1786 1269 te

161 1311 298 1364 celer
328 1309 638 1364 festinaret
664 1310 814 1382 pede
851 1310 1006 1365 nudo
1035 1327 1141 1382 per
1183 1311 1442 1382 pelagus,
1491 1313 1548 1363 et
1588 1308 1788 1363 videns

159 1402 294 1457 hanc
339 1403 738 1471 dilectionem,
769 1405 954 1458 claves
999 1404 1050 1458 ei
1090 1404 1258 1458 dares
1310 1403 1587 1471 siderum,
1623 1419 1788 1457 voces

159 1500 363 1573 inspice
392 1501 864 1573 suggerentium;
903 1505 966 1556 ut
1001 1500 1350 1573 quicumque
1395 1518 1461 1555 ex
1499 1503 1787 1572 pracepto

154 1595 474 1666 junguntur
494 1595 568 1650 ad
593 1596 873 1663 osculum,
899 1595 1077 1650 livore
1122 1593 1370 1667 pectoris
1391 1595 1635 1661 excluso,
1658 1593 1790 1648 illuc

162 1704 254 1759 per
277 1688 534 1760 gratiam
567 1689 868 1757 ducantur,
896 1705 1010 1760 quo
1047 1688 1170 1744 cali
1198 1689 1399 1743 Petrus
1433 1691 1520 1742 est
1547 1685 1786 1759 janitor.

159 1783 343 1837 Presta
375 1782 643 1838 Salvator
668 1782 892 1850 mundi,
927 1785 1034 1837 etc.

809 1883 1146 1934 Contestatio.

226 1968 479 2042 Dignum
502 1972 560 2024 et
581 1969 803 2040 justum
833 1973 954 2024 est:
983 1969 1080 2042 qui
1106 1967 1263 2024 dives
1283 1968 1524 2024 inﬁnita
1545 1969 1792 2023 clemen-

167 2064 243 2117 tia
267 2063 506 2136 copioso
543 2080 788 2118 munere
819 2064 1105 2135 plasmam
1141 2067 1252 2118 tua
1282 2065 1558 2118 creatura
1584 2061 1644 2116 in
1672 2065 1794 2115 tan~

168 2161 274 2211 tum
310 2157 578 2229 dignaris
619 2159 862 2230 erigere,
908 2160 971 2212 ut
1014 2158 1320 2213 vernaculo
1381 2156 1508 2212 limi
1558 2155 1793 2227 patiaris

170 2251 392 2306 homine
433 2252 506 2306 de
546 2255 778 2306 terrena
803 2269 1084 2324 compage
1128 2253 1313 2306 claves
1358 2251 1480 2305 cali
1517 2249 1790 2306 commit-

171 2349 321 2412 teres,
354 2349 420 2400 et
450 2345 527 2400 ad
545 2345 892 2417 judicandas
936 2346 1118 2400 tribus
1144 2345 1350 2401 solium
1381 2345 1616 2399 excelsa
1644 2343 1795 2397 sedis

170 2437 486 2494 insublime
533 2456 934 2512 componeres.
977 2440 1156 2495 Testis
1199 2443 1285 2493 est
1321 2439 1444 2494 dies
1488 2437 1792 2506 hodierna,

170 2533 308 2588 beati
339 2533 500 2588 Petri
535 2534 822 2589 Cathedra
861 2534 1219 2606 episcopatus
1267 2533 1542 2605 exposita,
1580 2533 1640 2586 in
1681 2549 1797 2604 qua

174 2626 293 2681 fidei
337 2627 555 2683 merito
593 2627 960 2682 revelationis
1000 2627 1342 2699 mysterium
1363 2627 1408 2695 ⁸³,
1453 2625 1659 2680 Filium
1694 2625 1796 2680 Dei

175 2721 513 2790 conﬁtendo,
546 2723 816 2794 pralatus
851 2723 1141 2794 apostolos
1177 2721 1498 2776 ordinatur.
1534 2723 1598 2774 In
1639 2720 1798 2791 cujus

173 2815 521 2870 confessione
541 2819 628 2870 est
639 2815 1089 2870 fundamentum
1103 2814 1390 2882 Ecclesia,
1408 2832 1512 2868 nec
1530 2813 1800 2868 adversus

175 2906 306 2963 hanc
333 2910 575 2964 Petram
622 2911 801 2981 porta
835 2909 1007 2964 inferi
1050 2909 1384 2981 pravalent,
1419 2926 1522 2963 nec
1564 2924 1800 2979 serpens

175 3003 468 3075 vestigium
515 3003 816 3076 expremit,
849 3020 954 3059 nec
980 3003 1339 3075 triumphum
1370 3019 1528 3057 mors
1556 3001 1796 3056 obtinet.

177 3094 309 3159 Quid
337 3114 481 3152 vero
507 3097 677 3153 beato
708 3098 878 3153 Petro
911 3097 1134 3153 diverso
1171 3098 1274 3152 sub
1311 3101 1574 3169 tempore
1610 3112 1798 3151 acces-

1886 531 2166 587 bibituris.
2194 533 2303 587 Per
2327 531 2515 604 ipsum
2538 529 2874 585 Dominum.

2293 631 2422 680 Ante
2451 628 2740 679 orationem
2776 628 3118 680 Dominicam.

1959 713 2160 770 Divino
2197 714 2536 786 magisterio
2573 714 2780 782 edocti,
2820 719 2879 769 et
2921 715 3113 769 divina
3160 714 3520 773 institutione

1887 807 2143 876 formati,
2168 808 2450 863 audemus
2478 807 2668 862 dicere
2699 824 2712 863 :
2744 809 2914 862 Pater
2939 811 3152 864 noster.

2301 915 2424 965 Post
2445 914 2735 965 orationem
2757 914 3102 966 Dominicam.

1959 999 2162 1055 Libera
2187 1017 2311 1067 nos,
2343 1003 2560 1054 aterna
2578 999 2762 1054 Pietas
2785 1003 2842 1054 et
2865 1017 2999 1054 vera
3023 999 3308 1068 Libertas;
3331 1018 3522 1074 neque

1889 1094 2042 1148 sinas
2073 1094 2144 1148 ab
2187 1093 2420 1148 inimico
2463 1093 2609 1166 capi,
2641 1093 2741 1165 qui
2777 1109 2810 1148 a
2848 1097 2906 1148 te
2942 1095 3178 1166 cupiunt
3218 1095 3519 1167 possideri,

1889 1186 2290 1259 Omnipotens.
2319 1185 2426 1252 Qui
2453 1186 2609 1241 vivis.

2544 1285 2864 1336 Benedictio.

1959 1368 2143 1438 Supra
2163 1367 2437 1421 caelorum
2464 1366 2700 1437 agmina
2721 1367 2946 1434 sedens,
2975 1370 3164 1423 totum
3190 1369 3390 1424 orbem
3413 1373 3526 1424 ter-

1889 1475 2084 1516 rarum
2115 1461 2333 1532 pugillo
2363 1460 2728 1528 concludens,
2755 1461 2943 1516 votiva
2963 1461 3086 1516 hac
3114 1461 3378 1516 hodierni
3408 1461 3523 1516 diei

1890 1553 2194 1609 sollemnia
2211 1554 2599 1609 celebraturos
2619 1553 2878 1625 perandi.
2901 1556 3108 1610 Amen.
3129 1555 3200 1609 Ut
3225 1554 3322 1626 qui
3345 1555 3526 1610 sancti

1891 1647 2119 1719 patroni
2164 1647 2346 1702 nostri
2377 1647 2529 1701 Petri
2568 1647 2766 1718 tuique
2802 1648 3046 1719 apostoli
3083 1649 3227 1703 festa
3263 1649 3524 1718 colimus,

1889 1758 1995 1812 per
2018 1741 2141 1812 ejus
2165 1741 2640 1796 intercessionem
2680 1739 2782 1794 tibi
2823 1742 3171 1812 placeamus.
3204 1744 3412 1798 Amen.
3444 1743 3528 1798 Da

1811 1823 1868 1896 Β
1893 1834 2278 1902 sacerdotum,
2308 1851 2515 1906 regum
2553 1837 3007 1906 cunctorumque
3038 1837 3384 1907 populorum
3427 1837 3527 1892 illa

1893 1945 2121 2000 semper
2153 1928 2211 1982 in
2238 1931 2456 1996 mente,
2486 1932 2548 1982 ut
2583 1927 2680 2000 qui
2713 1929 2897 1982 Deum
2921 1945 3120 1983 verum
3159 1930 3524 1998 confitentes,

1892 2023 2091 2077 laudes
2118 2021 2391 2090 dicentes,
2418 2021 2596 2076 inlata
2615 2034 2637 2062 ο
2673 2025 3002 2077 nostrorum
3032 2022 3275 2078 crimina
3301 2024 3526 2079 salvan-

1895 2120 2004 2170 tur.
2030 2119 2238 2170 Amen.
2272 2117 2340 2169 Et
2369 2115 2870 2188 quemadmodum
2904 2132 3009 2170 nos
3033 2115 3218 2171 fecisti
3249 2117 3320 2171 de
3365 2133 3526 2172 sacro

1894 2210 2052 2264 fonte
2073 2209 2388 2281 procedere
2419 2226 2611 2280 puros,
2643 2209 2721 2264 ita
2750 2226 2855 2264 nos
2873 2209 3078 2280 jubeas
3104 2210 3164 2264 in
3196 2214 3414 2266 aterna
3443 2226 3529 2265 re-

1895 2305 2098 2375 pacula
2141 2320 2274 2358 cum
2315 2306 2647 2358 sanctorum
2685 2303 2924 2358 coetibus
2963 2302 3166 2358 sociari
3198 2307 3525 2376 perpetuos.

1898 2396 2063 2462 Quod
2092 2396 2212 2470 ipse
2239 2400 2510 2468 prastare
2533 2395 2808 2467 digneris,
2843 2395 2939 2468 qui
2965 2413 3097 2452 cum
3122 2398 3310 2452 Patre.

2022 2530 2146 2586 XXI.
2178 2547 2322 2586 onno
2360 2546 2530 2586 mssa
2556 2547 2608 2587 1N
2637 2546 2845 2586 mrwa
2877 2546 3327 2594 QUADRAGINSIME
3351 2531 3399 2585 d.

1971 2649 2370 2730 omnipotens,
2403 2648 2754 2719 sempiterne
2793 2649 2962 2716 Deus,
3010 2654 3222 2721 prasta
3271 2655 3334 2705 ut
3378 2650 3528 2715 Qua-

1901 2741 2310 2813 draginsimale
2337 2742 2446 2796 hoc
2467 2741 2758 2812 jejunium
2789 2743 3071 2820 sollemne
3113 2747 3172 2798 et
3201 2748 3533 2816 competen-

1900 2835 2052 2890 tibus
2076 2835 2416 2890 inchoemus
2442 2835 2752 2906 obsequiis,
2783 2839 2841 2890 et
2865 2835 2967 2890 tibi
2988 2835 3211 2907 placitis
3237 2836 3533 2892 effectibus

1901 2929 2278 2997 celebremus,
2308 2928 2551 2982 humani
2579 2929 2810 3000 generis
2839 2929 3116 2985 Conditor
3141 2933 3200 2985 et
3243 2931 3530 3002 Redemp-

1901 3027 2011 3091 tor,
2048 3022 2258 3094 largire
2300 3021 2602 3095 propitius,
2636 3025 2698 3076 ut
2719 3021 3138 3079 continentiam
3184 3027 3393 3081 nostra
3413 3041 3532 3079 res-

1902 3120 2243 3177 taurationis
2267 3120 2326 3175 in
2353 3121 2463 3176 tuis
2489 3121 2826 3193 deputatam
2854 3121 3077 3178 sincera
3103 3123 3534 3180 conversatione

178 3187 239 3242 sit
273 3189 578 3287 laudis—et
616 3191 836 3262 gloria,
891 3207 1018 3287 qua
1065 3207 1191 3260 vox,
1246 3207 1374 3287 qua
1414 3190 1631 3287 lingua,
1674 3188 1874 3287 quiec
1902 3218 2232 3271 tractemus.
2260 3215 2425 3280 Quod
2451 3187 2891 3287 ipse-praestare,

178 3283 448 3356 explicet?
477 3283 618 3339 Hinc
643 3288 730 3338 est
758 3283 913 3356 quod
943 3299 1105 3338 mare
1135 3284 1450 3338 tremulum
1477 3283 1588 3337 fixo
1626 3283 1808 3336 calcat

177 3377 428 3450 vestigio,
457 3381 516 3432 et
538 3377 690 3432 inter
716 3377 897 3432 undas
921 3377 1169 3449 liquidas
1192 3377 1442 3448 pendula
1459 3377 1658 3448 planta
1682 3392 1806 3448 per-

180 3472 448 3527 ambulat.
479 3471 576 3526 Hic
603 3471 677 3526 ad
707 3475 937 3544 portam
969 3470 1300 3543 Speciosam
1321 3470 1598 3526 contracti
1622 3469 1807 3524 tendit

177 3565 426 3637 vestigia,
457 3569 515 3619 et
541 3568 724 3620 tactus
746 3565 898 3620 Petri
925 3565 1127 3636 digito,
1157 3564 1393 3620 claudus
1418 3581 1537 3619 non
1584 3562 1807 3635 indiget

177 3656 391 3714 baculo.
442 3659 583 3713 Hinc
635 3662 959 3714 carceratus
1003 3658 1144 3714 dum
1196 3659 1506 3726 dormitat,
1555 3657 1808 3714 Christus

182 3768 297 3806 cum
327 3753 461 3824 ipso
505 3753 836 3824 pervigilat;
885 3757 943 3807 et
992 3757 1247 3808 retrusus
1292 3752 1604 3824 ergastulo,
1654 3752 1809 3806 foras

180 3846 426 3916 procedit
446 3864 552 3918 per
576 3848 872 3919 angelum.
915 3846 1055 3902 Hinc
1085 3846 1464 3919 paralyticum
1503 3844 1682 3900 erexit
1708 3844 1808 3898 de-

181 3939 476 3996 cubantem
499 3940 560 3995 in
590 3942 821 4010 lectulo,
855 3957 921 3996 ac
948 3940 1445 4014 debilitatojverbo
1469 3938 1629 3994 dedit
1647 3937 1810 3992 vesti-

186 4033 350 4104 gium.
377 4035 519 4089 Hinc
539 4035 843 4090 Tahitham
861 4035 1167 4090 mulierem
1188 4034 1475 4090 revocavit
1494 4033 1565 4087 de
1584 4033 1807 4100 funere,
1879 4033 1884 4036 ’

185 4132 236 4181 et
255 4129 461 4184 virtute
487 4129 804 4201 imperanti
831 4129 1092 4202 pradare
1121 4146 1238 4186 non
1267 4129 1442 4184 licuit.
1473 4128 1615 4182 Hinc
1650 4130 1812 4182 tanta

182 4220 305 4277 fidei
331 4223 580 4279 dotemb
635 4223 790 4278 inter
816 4224 1108 4296 apostolos
1135 4224 1317 4296 petiit,
1346 4227 1410 4277 ut
1433 4225 1663 4278 curaret
1691 4221 1813 4276 uni-

179 4330 361 4372 versus
383 4318 698 4389 languores
719 4318 860 4372 dum
882 4318 1156 4390 praeterit,
1180 4321 1238 4372 et
1257 4316 1537 4372 cadavera
1555 4315 1813 4370 viverent

184 4409 378 4466 umbra
401 4411 648 4467 salubris
673 4428 802 4484 qua
824 4411 1032 4484 tetigit,
1052 4428 1156 4484 per
1181 4410 1469 4467 Christum
1499 4407 1810 4465 Dominum

187 4507 458 4562 nostrum.
491 4505 594 4562 Cui
620 4522 768 4561 mer.
955 4564 963 4576 ,

800 4599 921 4650 Post
948 4599 1180 4650 Sanctus.

254 4683 506 4757 Suscipe,
541 4684 806 4752 Domine,
833 4684 988 4739 inter
1031 4682 1309 4756 angelica
1346 4681 1498 4738 vocis
1538 4681 1812 4752 ofﬁcium,

191 4781 392 4834 nostra
417 4795 650 4851 quoque
680 4778 967 4834 servitutis
989 4776 1351 4849 obsequium.
1375 4778 1484 4832 Per
1505 4775 1814 4832 Christum.

771 4883 892 4934 Post
912 4879 1235 4946 mysterium.

255 4965 382 5022 Hac
415 4967 595 5038 igitur
637 4971 926 5040 pracepta
954 4970 1266 5036 servantes,
1299 4969 1662 5022 sacrosancta
1691 4981 1817 5020 mue

2461 3313 2708 3364 Collectio
2727 3313 2976 3378 sequitur.

1975 3395 2126 3449 Deus
2151 3393 2536 3461 abstinentia,
2577 3395 2726 3448 Deus
2753 3393 3129 3462 castimonia,
3158 3394 3256 3466 qui
3291 3395 3538 3451 libenter

1897 3487 2288 3560 jejunantium
2308 3487 2634 3542 humilitate
2652 3487 2917 3558 placaris,
2939 3491 2998 3542 et
3022 3487 3455 3544 humiliantium
3477 3505 3537 3544 se

1905 3580 2169 3653 precibus
2203 3581 2488 3652 benignus
2520 3579 2851 3649 inﬂecteris,
2907 3580 3112 3636 exaudi
3153 3597 3353 3653 preces
3403 3599 3536 3638 nos-

1907 3677 2022 3730 tras
2047 3674 2106 3729 in
2141 3675 2248 3729 hac
2269 3673 2551 3729 hodierna
2579 3674 2692 3742 die,
2727 3691 2842 3745 quo
2881 3673 3423 3746 Quadraginsimale
3449 3675 3539 3731 ind

1905 3769 2183 3824 choamus
2192 3767 2504 3839 jejunium,
2523 3771 2581 3822 et
2601 3768 2958 3828 diversarum
2987 3769 3378 3826 tentationum
3414 3769 3537 3842 qui-

1905 3862 2011 3916 bus
2055 3879 2384 3933 gravamur,
2425 3865 2770 3934 tempestate
2819 3863 3090 3931 discussa,
3122 3863 3542 3920 continentiam

1908 3955 2073 4011 nobis
2083 3973 2116 4010 a
2129 3955 2275 4010 vitiis
2287 3958 2384 4010 tua
2395 3955 2754 4027 benignitate
2767 3955 3028 4027 infunde,
3044 3958 3304 4014 Salvator
3315 3957 3540 4014 mundi.

2395 4053 2645 4105 Collectio
2670 4057 2790 4118 post
2813 4055 3046 4106 nomina.

1978 4138 2358 4194 Oﬂ'erentium
2391 4139 2724 4223 nominibus
2751 4140 3066 4209 recensitis,
3101 4141 3198 4212 qui
3225 4141 3431 4196 devota
3460 4141 3540 4196 διο

1908 4231 2125 4287 taribus
2152 4250 2400 4289 munera
2424 4233 2714 4289 humiliati
2744 4234 2970 4306 jejunio
3000 4234 3214 4288 mentis
3255 4232 3447 4308 229
3488 4239 3547 4290 et

1909 4326 2164 4398 corporis
2189 4345 2223 4382 a
2244 4327 2487 4383 Domino
2521 4328 2924 4399 deprecantur,
2953 4343 3058 4410 prg
3085 4325 3294 4382 merito
3325 4327 3562 4384 devota

1909 4420 2376 4476 sanctiﬁcationis
2397 4420 2718 4476 obtineant.
2745 4422 2871 4475 Per.

2437 4517 2689 4568 Collectio
2713 4517 2780 4568 ad
2803 4530 3008 4581 pacem.

1829 4583 1888 4656 Ι)
1981 4601 2132 4656 Deus
2155 4598 2540 4668 continentia,
2571 4601 2721 4655 Deus
2745 4597 2998 4654 caritatis
3022 4602 3082 4655 et
3099 4599 3274 4672 pacis,
3307 4599 3405 4673 qui
3424 4614 3550 4674 preo

1917 4694 2076 4750 cibus
2121 4692 2557 4749 humiliantium
2598 4711 2658 4748 se
2699 4693 3026 4761 inflecteris,
3083 4693 3360 4750 miserere
3417 4712 3549 4752 nos.

1918 4788 2013 4857 tri,
2046 4788 2251 4844 exaudi
2272 4804 2396 4856 nos,
2427 4790 2487 4842 et
2505 4787 2860 4843 diversarum
2887 4786 3186 4844 turbinum
3207 4790 3552 4860 tempestate

1919 4885 2164 4950 remota,
2210 4897 2415 4953 pacem
2461 4880 2626 4937 nobis
2669 4883 2783 4936 tua
2829 4881 3154 4938 serenitatis
3202 4879 3550 4954 impertias:

1923 4991 2098 5048 quam
2125 4975 2173 5029 si
2197 4977 2567 5046 peccatorum
2594 4976 2923 5030 nostrorum
2959 4972 3262 5031 nimietate
3298 4974 3556 5046 perdidi~

194 5075 325 5116 nera
399 5065 614 5117 nostra
686 5061 881 5116 Salui-i8
957 5060 1272 5127 οίῖθΐίωιιε,
1323 5059 1690 5116 οδεθοτειῐιιθε
1761 5063 1825 5114 ιιι
1925 5085 2074 5137 mus,
2096 5084 2201 5140 per
2227 5067 2650 5140 indulgentiam
2678 5071 2792 5122 tua
2816 5067 3225 5124 misericordia
3245 5083 3560 5141 consequa-

197 5149 390 5228 228
419 5154 741 5210 immittere
772 5154 1030 5227 digneris
1058 5153 1336 5227 Spiritum
1366 5157 1534 5210 tuum
1561 5155 1824 5210 sanctum
1925 5178 2076 5218 mur,
2100 5163 2211 5217 per
2229 5161 2542 5218 Dominum
2559 5163 2822 5217 nostrum
2839 5163 3053 5218 Iesum.

198 5258 362 5315 super
390 5245 515 5300 hac
541 5244 867 5315 sollemnia,
897 5247 961 5300 ut
987 5244 1089 5299 ﬁat
1111 5243 1278 5299 nobis
1315 5242 1582 5315 tegitima
1604 5243 1822 5298 Eucha‘

200 5335 352 5394 ristia
375 5339 435 5394 in
462 5342 562 5394 tuo
592 5337 832 5410 Filiique
857 5337 942 5392 tui
971 5337 1233 5407 nomine,
1261 5341 1320 5392 et
1353 5337 1595 5408 Spiritus
1623 5335 1824 5402 sancti,

2485 5259 2776 5311 Immolatio
2808 5259 2994 5311 missa.

1998 5342 2136 5398 Vere
2164 5337 2407 5414 dignum
2441 5344 2500 5396 et
2520 5340 2743 5412 justum
2775 5343 2893 5408 est;
2947 5357 3179 5416 aquum
3219 5347 3278 5401 et
3311 5345 3562 5406 salutare

201 5431 256 5484 in
296 5432 808 5488 transformatione
847 5431 1104 5504 corporis
1141 5448 1208 5487 ac
1254 5431 1551 5503 sanguinis
1597 5427 1830 5484 Domini
1931 5437 2036 5502 est,
2075 5451 2179 5490 nos
2215 5431 2317 5490 tibi
2360 5433 2576 5505 gratias
2614 5447 2808 5505 agere,
2850 5435 3096 5493 Domine
3135 5441 3349 5509 sancte,
3393 5441 3565 5496 Pater

205 5525 377 5580 nostri
413 5527 550 5582 Jesu
587 5524 797 5581 Christi
829 5525 1123 5597 Unigeniti
1169 5524 1271 5594 tui,
1323 5522 1626 5580 edentibus
1665 5520 1831 5578 nobis
1932 5526 2321 5600 omnipotens,
2352 5529 2568 5582 ateme
2597 5527 2766 5596 Deus,
2794 5544 2900 5600 per
2923 5526 3212 5588 Christum
3245 5531 3560 5608 Dominum

270 5658 924 5742 fVideturrlegendum,
971 5670 1596 5742 rwelationisgmysterio
1636 5667 1834 5742 Filium

211 5739 300 5796 Dei
323 5741 636 5814 conﬁtendo,
653 5739 926 5813 'pralatus
948 5741 1222 5813 apostolis,
1251 5740 1342 5797 vel
1373 5739 1644 5815 apostolus
1681 5739 1831 5798 ordi-

211 5817 485 5968 Ἥᾏεθ
513 5885 639 5944 dote
663 5886 804 5943 inter
819 5884 1092 5973 apostolos
1109 5885 1314 5958 praem.

2005 5681 2031 5746 ἢ
2061 5669 2169 5746 Pro
2198 5665 2867 5746 inlatis....,er§minibus.
2986 5744 2995 5746 _
3109 5743 3119 5746 _
3210 5742 3229 5746 _
3319 5736 3354 5746 Α,
3510 5733 3520 5746 ,

1937 5739 2512 5872 ϐἑέιὲηῗτῶθῢαηι
2551 5740 2633 5798 illi
2677 5743 2921 5818 veteres,
2980 5744 3062 5800 ita
3105 5743 3167 5802 in
3207 5736 3562 5801 Lectionum)

2087 5828 2116 5870 ο
2239 5851 2253 5870 .
3383 5825 3390 5836 .

2661 6011 2696 6018 η.
