4032 6180
477 301 582 357 259

1266 291 1596 350 APPENDIX
1610 239 1724 346 ‘AD
1759 290 1982 347 OPERA
2019 291 2255 348 SANCTl
2291 291 2591 350 GERMANI
2630 293 3057 352 PARISIENSIS.

3741 303 3845 354 260

481 411 762 464 nostrum.
805 403 911 471 Qui
947 406 1034 459 est
1071 403 1238 459 Filius
1288 405 1420 458 tuus
1470 397 1820 470 unigenitus,
1866 415 2112 454 manens
2133 413 2193 488 Α
2213 401 2402 457 ctione
2436 403 2632 470 levari,
2663 403 2762 476 qui
2785 421 2915 458 cum
2943 405 3066 460 haec
3100 403 3255 460 dona
3289 405 3609 475 contulerit,
3642 409 3848 462 cuncta

479 503 541 558 in
571 500 754 573 gloria
779 503 896 566 tua,
928 497 987 552 in
1017 513 1130 568 quo
1154 492 1548 567 jejunantium
1583 491 1726 553 fides
1753 491 1942 561 alitur,
1983 509 2112 564 spes
2212 496 2378 551 nobis
2408 495 2572 552 utilia
2609 513 2726 552 non
2771 497 3030 570 negabis.
3070 500 3178 554 Per
3219 497 3535 556 Dominum
3582 503 3844 555 nostrum

481 593 830 668 provehitur,
855 591 1060 646 caritas
1081 589 1403 644 roboratur.
1419 589 1542 658 Ipse
1570 589 1655 640 est
1667 585 1821 640 enim
1841 585 2011 641 Panis
2029 585 2110 640 vi-

481 707 582 745 vus
597 693 654 744 et
673 703 856 753 verus,
871 683 968 756 qui
981 683 1052 738 de
1074 683 1212 738 caelo
1235 679 1551 749 descendit,
1567 683 1625 735 et
1639 679 1864 735 habitat
1883 696 2115 752 semper

481 783 542 840 in
573 782 708 836 caelo
735 797 748 846 ;
782 778 878 850 qui
907 779 991 832 est
1021 775 1342 830 substantia
1373 773 1730 842 aeternitatis,
1763 776 1821 828 et
1851 790 1980 828 esca
2001 773 2110 828 vir-

482 875 634 931 tutis.
684 871 934 927 Verbum
981 869 1138 924 enim
1181 872 1366 937 tuum,
1413 885 1518 940 per
1564 867 1719 939 quod
1767 867 1920 922 facta
1983 869 2116 921 sunt

483 967 700 1034 omnia,
727 981 844 1020 non
865 965 1050 1020 solum
1078 964 1470 1018 humanarum
1497 961 1807 1029 mentium,
1839 960 1939 1014 sed
1962 959 2114 1031 ipso-

481 1077 610 1118 rum
643 1075 873 1132 quoque
899 1057 1064 1130 panis
1095 1059 1180 1110 est
1204 1056 1567 1127 angelorum.
1597 1054 1773 1124 Hujus
1799 1052 1968 1108 Panis
2013 1053 2117 1108 ali-

483 1157 682 1212 mento
706 1152 908 1208 Moises
945 1153 1076 1204 tuus
1108 1150 1356 1204 famulus
1393 1147 1780 1220 quadraginta
1830 1146 2030 1200 diebus
2061 1150 2119 1200 et

483 1247 744 1305 noctibus
759 1247 947 1316 legem
973 1243 1306 1314 suscipiens,
1321 1241 1624 1313 jejunavit,
1645 1243 1702 1295 et
1718 1257 1752 1294 a
1772 1240 2114 1308 carnalibus,

483 1342 644 1410 cibis,
673 1343 734 1394 ut
753 1342 865 1394 tua:
891 1336 1184 1392 suavitatis
1220 1334 1487 1407 capacior
1525 1337 1694 1402 esset,
1727 1333 2021 1400 abstinuit,
2047 1333 2116 1387 de

487 1436 660 1492 verbo
695 1435 793 1488 tuo
833 1431 1045 1486 vivens.
1083 1430 1254 1500 Cujus
1293 1432 1352 1484 et
1379 1427 1749 1483 dulcedinem
1794 1426 2025 1482 videbat
2060 1426 2119 1480 in

485 1529 705 1603 spiritu,
735 1530 793 1581 et
819 1526 1007 1580 lucem
1043 1523 1359 1595 accipiebat
1399 1521 1458 1577 in
1486 1523 1664 1576 vultu.
1713 1521 1876 1576 Unde
1911 1535 2016 1574 nec
2043 1519 2122 1574 i‘a-

489 1639 646 1678 mem
671 1617 924 1690 corporis
943 1617 1140 1684 sensit,
1164 1620 1222 1671 et
1241 1619 1607 1670 terrenarum
1627 1617 1714 1668 est
1733 1613 1942 1668 oblitus
1963 1629 2116 1667 esca-

484 1733 636 1781 rum,
661 1713 797 1786 quia
825 1712 986 1765 illum
1010 1713 1067 1763 et
1094 1708 1292 1780 gloriae
1321 1711 1434 1762 tuae
1463 1706 1816 1762 clariﬁcabat
1831 1709 2116 1778 aspectus,

2211 591 2238 646 J
2243 605 2406 644 esum
2437 591 2745 646 Christum.

2419 749 2431 756 ς
2699 685 3086 738 Consummatio
3112 686 3284 738 missae
3311 689 3360 737 ι).

2283 765 2568 821 Virtutum
2621 767 2937 823 caelestium
2995 769 3162 837 Deus,
3221 767 3316 839 qui
3368 769 3533 840 plura
3587 771 3848 842 praestas,

2215 876 2390 930 quam
2415 860 2666 932 petimus
2695 865 2794 916 aut
2823 877 3134 929 meremur,
3169 861 3376 930 tribue,
3403 879 3754 934 quaesumus,
3789 865 3852 918 ut

2215 957 2315 1008 tua
2340 953 2505 1009 nobis
2529 954 2926 1010 misericordia
2952 956 3303 1024 conferatur,
3329 956 3484 1027 quod
3516 960 3847 1012 nostrorum

2217 1064 2334 1102 non
2367 1047 2540 1102 habet
2570 1048 2777 1103 fiducia
2821 1049 3183 1106 meritorum.
3220 1051 3329 1104 Per
3365 1050 3680 1106 Dominum
3726 1067 3854 1106 nos-

2216 1144 2370 1196 trum
2391 1142 2584 1196 Jesum
2611 1141 2922 1198 Christum.

2389 1233 2688 1285 Benedictio
2709 1235 2888 1300 pepuli
2911 1235 2965 1286 in
2982 1235 3186 1286 initium
3213 1236 3676 1302 Quadragiusimaa.

2285 1315 2372 1370 Ad
2385 1314 2703 1370 custodiam
2717 1315 3023 1388 gregistui,
3038 1317 3367 1372 animarum
3380 1319 3598 1387 Pastor,
3613 1319 3714 1390 qui
3726 1317 3854 1374 dor-

2221 1409 2367 1464 mire
2389 1409 2592 1477 nescis,
2611 1409 2863 1480 invigila.
2878 1411 3085 1464 Amen.
3100 1411 3170 1464 Et
3190 1427 3262 1465 ne
3285 1411 3582 1466 nocturnis
3611 1413 3853 1468 terrori-

2219 1503 2326 1558 bus
2334 1503 2629 1575 fatigetur,
2649 1502 2916 1558 invisibili
2929 1519 3062 1558 eum
3077 1504 3307 1560 adtactu
3319 1505 3629 1562 sanctiﬁca.
3643 1508 3846 1562 Amen.

2221 1597 2506 1670 Fragilem
2519 1595 2722 1666 solida,
2741 1599 3052 1654 contritum
3071 1599 3249 1667 eleva,
3268 1598 3700 1672 invalidumque
3722 1618 3853 1658 con-

2220 1693 2408 1759 ﬁrma,
2463 1689 2678 1763 pietate
2729 1692 2930 1759 alleva,
2981 1691 3219 1746 caritate
3281 1692 3524 1762 aedifica,
3590 1695 3855 1750 castitate

489 1813 564 1877 et,
593 1785 867 1862 inﬂuente
895 1802 1127 1874 Spiritu,
1159 1801 1262 1856 Dei
1290 1817 1481 1856 sermo
1509 1800 1798 1873 pascebat.
1830 1800 1990 1854 Hunc
2017 1799 2116 1854 Pa—
2135 1795 2192 1866 B
2215 1785 2454 1852 munda,
2484 1785 2766 1856 Sapientia
2802 1785 3104 1853 inlumina,
3143 1785 3515 1843 miseratione
3555 1805 3852 1844 conserva.

489 1918 646 1968 nem,
674 1897 940 1964 Domine,
979 1895 1142 1950 nobis
1176 1912 1280 1967 per
1319 1895 1426 1950 hos
1462 1893 1848 1972 quadraginta
1884 1892 2006 1947 dics
2045 1893 2126 1965 (in

490 1995 696 2068 quibus
725 1990 916 2058 hodie,
943 1987 1498 2070 Quadraginsimalis
1538 1981 1996 2042 macerationem
2025 1986 2123 2040 al)-

489 2087 776 2144 stinentiae
795 2085 1155 2150 inchoantes,
1179 2080 1558 2154 ingredimur)
1581 2079 1907 2135 ministrare
1929 2079 2127 2151 digne-

489 2182 586 2250 ris,
633 2196 806 2253 quem
843 2180 908 2232 ut
943 2176 1206 2231 sitiamus
1244 2174 1642 2230 indesinenter
1659 2173 1925 2228 hortaris.
1955 2172 2127 2244 Cujus

492 2290 664 2331 carne
691 2291 725 2328 a
749 2277 806 2326 te
834 2269 1338 2343 ipsosanctiﬁcata
1374 2267 1513 2322 dum
1553 2267 1863 2340 pascimur,
1895 2266 2136 2322 robora—

494 2385 626 2424 mur
645 2369 703 2422 et
729 2363 1029 2436 sanguine,
1055 2362 1192 2417 dum
1216 2362 1421 2417 hausto
1444 2360 1705 2416 sitienter
1724 2363 2012 2432 potamur,
2031 2359 2129 2414 ab-

492 2461 634 2518 luim
643 2477 726 2527 ur,
745 2475 850 2531 per
865 2457 1154 2514 Christum
1178 2455 1491 2510 Dominum
1507 2457 1788 2510 nostrum.
1803 2455 1912 2509 Per
1927 2469 2123 2524 quem.

1115 2555 1236 2604 Post
1267 2554 1502 2604 Sanctus.

554 2641 906 2700 Benedictus
947 2639 1043 2713 qui
1094 2639 1250 2694 venit
1293 2639 1352 2694 in
1402 2638 1640 2694 nomine
1692 2636 1944 2704 Domini,
1977 2637 2128 2691 Deus

495 2737 866 2796 scientiarum
913 2733 1211 2801 Dominus,
1261 2733 1358 2804 qui
1412 2735 1645 2804 praestat
1687 2729 2128 2803 adiuventiones

494 2850 643 2902 suas,
666 2835 725 2886 et
741 2827 993 2902 disponit
1013 2827 1210 2884 omnia
1234 2826 1514 2891 suaviter;
1547 2823 1646 2897 qui
1672 2824 1932 2880 ascendit
1958 2837 2128 2895 super

495 2941 780 2993 occasum,
811 2922 1091 2979 Dominus
1121 2937 1338 2976 nomen
1369 2922 1454 2974 est
1485 2919 1587 2973 illi.
1631 2919 1729 2973 Hic
1753 2918 1924 2973 Panis
1971 2917 2128 2972 vivus

494 3024 552 3076 ct
573 3035 760 3085 verus,
784 3017 884 3088 qui
913 3015 984 3070 de
1011 3015 1150 3070 caelo
1179 3011 1496 3080 descendit,
1525 3015 1587 3066 ut
1613 3011 1779 3066 daret
1803 3029 1964 3066 escas
1998 3027 2124 3066 esu-

495 3112 790 3178 rientium,
823 3109 1003 3164 immo
1046 3111 1106 3162 et
1136 3105 1258 3178 ipse
1297 3108 1447 3161 esset
1486 3121 1616 3160 esca
1643 3103 1955 3160 viventium
1985 3121 1998 3160 :
2028 3105 2130 3159 ﬂat

2225 1881 2430 1934 Amen.
2461 1878 2728 1934 Proﬁciat
2763 1877 2896 1934 fidei
2931 1879 3195 1950 vigilanti
3223 1881 3438 1936 amoris
3465 1882 3546 1936 tui
3589 1899 3852 1953 perseve-

2225 1973 2432 2040 rantia,
2455 1987 2686 2028 morum
2707 1973 3113 2044 temperantia,
3131 1973 3540 2030 misericordiae
3557 1976 3858 2048 providen-

2227 2067 2326 2135 tia,
2359 2069 2589 2121 actuum
2617 2065 2935 2138 disciplina.
2958 2068 3164 2122 Amen.
3189 2069 3261 2124 Ut
3285 2085 3659 2140 perconcessa
3689 2071 3862 2124 mise—

2226 2159 2467 2216 rationis
2478 2160 2858 2232 indulgentia,
2878 2177 2995 2216 non
3008 2161 3244 2233 abjicias
3265 2179 3399 2217 eum
3414 2179 3448 2218 a
3459 2164 3860 2236 promissionis

2225 2258 2338 2309 tua:
2364 2254 2816 2326 magniﬁcentia,
2847 2255 2948 2310 sed
2975 2255 3256 2328 perducas
3287 2256 3360 2311 ad
3403 2256 3650 2325 veniam,
3682 2273 3858 2330 quem

2226 2347 2320 2403 hic
2339 2347 2442 2404 tibi
2459 2349 2746 2421 adoptasti
2761 2366 2866 2421 per
2881 2349 3150 2421 gratiam.
3163 2353 3372 2406 Amen.
3389 2353 3496 2407 Per
3521 2352 3856 2408 Dominum.

2675 2457 2824 2511 XXII.
2851 2473 2978 2513 ITEM
3005 2473 3164 2514 MISSA
3193 2475 3411 2515 JEJL'NII.

2529 2553 2910 2626 Omnipotens
2949 2555 3295 2628 sempiterne
3343 2559 3513 2626 Deus,
3549 2557 3647 2629 qui
3697 2555 3862 2612 nobis

2227 2647 2286 2702 in
2327 2647 2723 2704 observatione
2757 2647 2963 2720 jejunii
3005 2653 3063 2705 et
3097 2651 3597 2723 eleemosynarum
3637 2651 3860 2706 semine

2226 2741 2466 2814 posuisti
2504 2745 2834 2796 nostrorum
2871 2743 3131 2799 remedia
3168 2749 3554 2817 peccatorum,
3585 2744 3860 2812 concede,

2227 2852 2575 2908 quaesumus,
2623 2853 2728 2891 nos
2767 2852 2941 2908 opere
2984 2837 3197 2893 mentis
3233 2843 3292 2894 et
3333 2839 3587 2912 corporis
3633 2855 3867 2911 semper

2227 2929 2328 2984 tibi
2357 2946 2479 2984 esse
2509 2929 2762 2985 devotos.
2800 2930 2966 2995 Quod
2992 2931 3112 3004 ipse
3143 2936 3436 3005 praestare.

2783 3029 3034 3080 Collectio
3049 3030 3300 3094 sequitur.

2297 3107 2446 3163 Deus
2472 3107 2743 3163 humanas
2763 3109 2960 3164 salutis
2982 3114 3270 3182 operator,
3295 3111 3368 3167 da
3395 3113 3560 3168 nobis
3591 3128 3861 3167 exercere

499 3206 663 3264 nobis
687 3206 747 3261 in
789 3219 960 3274 pane,
994 3217 1108 3273 quo
1156 3199 1332 3255 corda
1365 3200 1688 3266 ﬁrmantur,
1728 3201 1790 3254 ut
1834 3198 1894 3253 in
1921 3197 2128 3253 virtute
2148 3166 2204 3241 θ
2221 3201 2445 3275 jejunia
2465 3206 2870 3274 congruenter,
2895 3204 3101 3276 quibus
3119 3209 3328 3262 nostra:
3346 3206 3680 3262 substantias
3709 3223 3864 3262 sem-

495 3300 666 3358 Panis
695 3297 864 3369 hujus
887 3312 993 3368 per
1019 3295 1126 3350 hos
1151 3293 1537 3366 quadraginta
1561 3293 1703 3361 dies,
1731 3293 1856 3347 sine
1881 3291 2125 3364 impedi-

498 3397 697 3451 mento
719 3389 908 3448 carnis
927 3391 986 3445 et
1004 3387 1298 3460 sanguinis
1307 3387 1577 3460 jejunare
1597 3388 1909 3456 valeamus,
1942 3385 2129 3458 ipsum

498 3504 713 3562 panem
739 3485 1040 3551 habentes,
1068 3481 1164 3554 qui
1195 3497 1480 3554 pauperes
1505 3480 1685 3553 pascit
1711 3479 1956 3552 panibus
1989 3496 2002 3534 :
2032 3479 2130 3551 qui

495 3583 669 3654 Moysi
717 3584 776 3636 et
803 3578 977 3634 Heliae
1015 3593 1119 3650 per
1160 3575 1545 3648 quadraginta
1581 3574 1704 3630 dies
1735 3573 2130 3646 jejunantibus

499 3674 692 3750 230
714 3671 1262 3744 Quadraginsimam
1284 3669 1599 3737 dedicavit;
1625 3667 1836 3724 deinde
1867 3669 2044 3724 etiam
2070 3667 2129 3722 in

501 3786 604 3826 suo
634 3769 754 3840 ipse
776 3765 1020 3838 jejunio,
1049 3763 1326 3828 eumdem
1360 3763 1526 3819 nobis
1556 3779 1868 3818 numerum
1903 3761 2128 3816 dierum

495 3862 702 3936 jejunii
733 3858 1122 3917 sollemnitate
1148 3855 1420 3929 signavit;
1447 3860 1509 3910 ut
1533 3855 1689 3928 quod
1715 3855 1835 3928 ipse
1854 3856 2132 3912 Dominus

500 3957 562 4013 in
597 3955 776 4012 nostri
815 3951 1068 4026 corporis
1101 3950 1438 4006 inﬁrmitate
1467 3967 1572 4022 pro
1618 3949 1784 4005 nobis
1820 3950 2040 4022 jugiter
2070 3949 2130 4004 in

502 4068 570 4108 XL
595 4050 796 4106 diebus
818 4045 1078 4118 explevit,
1102 4043 1160 4099 id
1187 4061 1292 4100 nos
1317 4044 1406 4098 vel
1435 4043 1766 4098 minutatim
1793 4044 2001 4099 eodem
2032 4061 2133 4098 nu-

504 4161 668 4201 mero
695 4139 922 4198 dierum
974 4139 1189 4195 calculo
1243 4137 1548 4192 distributa
1591 4137 1976 4206 observantia:
2007 4153 2128 4193 vcs-

504 4237 746 4314 pertinis
763 4235 788 4266 ⁸
815 4232 1225 4291 refectionibus
1250 4231 1583 4286 studeamus
1613 4229 1848 4288 imitari.
1875 4233 2000 4287 Per.

1078 4332 1204 4382 Post
1231 4327 1554 4395 mysterium.

573 4423 821 4494 Accepta
845 4414 951 4474 tibi
970 4413 1061 4487 sit,
1087 4415 1353 4483 Domine,
1376 4417 1589 4470 nostrae
1617 4413 1940 4472 devotionis
1971 4415 2132 4474 oblm-

505 4518 608 4587 tio,
636 4532 765 4588 quas
795 4509 1156 4584 etjejunium
1194 4511 1480 4578 nostrum,
1520 4511 1576 4564 te
1605 4511 1905 4581 operante,
1931 4508 2135 4566 sancti-

505 4610 656 4678 ﬂcet,
686 4610 747 4663 et
767 4604 1190 4677 indulgentiam
1214 4602 1382 4660 nobis
1406 4604 1522 4658 tuae
1547 4603 1954 4660 consolationis
1986 4603 2130 4660 obti-

508 4704 664 4759 neat.
685 4701 795 4756 Per
824 4711 978 4755 eum.

911 4795 1044 4846 Ante
1067 4791 1354 4846 orationem
1389 4793 1732 4849 Dominieam.

579 4883 706 4942 Non
746 4875 1144 4952 agnoscentes,
1173 4875 1441 4946 Domine,
1473 4876 1768 4944 meritum,
1800 4873 1898 4932 sed
1929 4889 2138 4948 praece-

509 4981 698 5053 ptum,
724 4973 861 5047 quia
882 4969 1089 5043 jubere
1115 4968 1386 5041 dignatus
1417 4987 1496 5040 es,
1527 4970 1810 5026 audemus
1843 4969 2054 5026 dicere.

924 5069 1046 5120 Post
1069 5067 1356 5119 orationem
1381 5067 1723 5120 Dominicam.

583 5153 815 5221 Adesto,
837 5147 1105 5217 Domine,
1125 5147 1390 5206 ﬁdelibus
1415 5149 1548 5219 tuis,
1571 5152 1631 5205 et
1655 5165 1800 5222 quos
1819 5147 2138 5206 caelestibus

511 5245 760 5307 instituis
789 5241 1194 5312 Sacramentis,
1225 5258 1260 5298 a
1279 5242 1526 5300 terrenis
1552 5257 1825 5299 conserva
1849 5241 2135 5314 periculis,

512 5343 773 5402 Salvator
801 5335 1025 5394 mundi.

1052 5418 1174 5468 Post
1198 5413 1596 5470 Eucharistiam.

580 5500 864 5570 Concede,
891 5498 1159 5566 Domine,
1190 5513 1540 5570 quassumus,
1565 5509 1798 5552 morum
1825 5509 1932 5550 nos
1957 5509 2140 5550 corre-

580 5630 608 5661 ⁸
637 5623 946 5684 Notissima
972 5623 1207 5692 Patrum
1229 5621 1559 5692 nostrorum
1585 5619 1659 5676 ad
1681 5634 1982 5690 vesperam
1994 5617 2142 5692 jeju-

514 5699 630 5766 nia,
663 5697 766 5754 sed
781 5698 1002 5766 tamam
1025 5691 1114 5744 vel
1139 5689 1213 5743 ad
1240 5687 1626 5744 humilitatem
1650 5687 1909 5744 nostram
1935 5687 2014 5744 et'
2033 5687 2137 5763 pu-

514 5760 719 5839 dox‘am
742 5760 1020 5839 nataede-
1119 5825 1158 5839 ..
1330 5822 1367 5839 ..
1574 5825 1608 5839 ..
1673 5825 1684 5839 .

585 5837 617 5880 δ
641 5830 948 5894 Peculiaris
969 5828 1079 5886 hac
1103 5825 1198 5886 die
1222 5825 1428 5898 oratio,
1457 5825 1641 5901 qualis
1669 5825 1730 5883 in
1753 5826 2141 5900 superioribus

2228 3297 2455 3371 piterna
2480 3297 2742 3352 remedia
2761 3298 3077 3370 providisti.

2715 3393 2965 3446 Collectio
2995 3397 3112 3460 post
3132 3395 3364 3448 nomina.

2301 3477 2468 3546 Deus,
2501 3476 2599 3548 qui
2627 3493 2744 3530 non
2773 3479 2996 3530 tantum
3025 3494 3131 3532 nos
3161 3495 3195 3533 a
3222 3477 3544 3534 carnalibus
3571 3479 3734 3548 cibis,
3763 3479 3867 3534 sed

2229 3572 2302 3628 ab
2331 3571 2506 3644 ipsius
2531 3570 2741 3625 animai
2769 3570 2954 3625 noxiis
2982 3569 3460 3628 delectationibus
3487 3573 3751 3646 praecipis
3772 3575 3864 3644 je-

2223 3666 2453 3738 junare,
2507 3665 2584 3720 sic
2656 3663 2840 3732 nobis,
2913 3680 3260 3736 quaesumus,
3301 3667 3677 3738 indulgentiae
3751 3673 3867 3724 tuae

2231 3760 2422 3832 praebe
2449 3757 2786 3825 subsidium,
2816 3760 2879 3812 ut
2895 3758 3216 3830 jejunando
3239 3760 3310 3814 ab
3330 3760 3560 3816 inlicitis
3581 3763 3869 3834 contagiis

2231 3855 2304 3910 ad
2330 3870 2580 3926 superna
2607 3839 2948 3920 crescamus,
2973 3856 3032 3908 et
3053 3853 3292 3909 nomina
3320 3871 3444 3927 qua:
3469 3857 3710 3912 recitata
3736 3862 3870 3913 sunt

2233 3949 2289 4004 in
2319 3946 2526 4004 caelesti
2552 3945 2766 4019 pagina
2796 3946 3078 4002 conscribi
3103 3947 3430 4020 praecipias.
3457 3951 3582 4006 Per.

2759 4044 3013 4096 Collectio
3042 4044 3107 4096 ad
3129 4060 3334 4110 pacem.

2301 4125 2565 4183 Concede
2607 4124 2793 4194 nobis,
2826 4125 3196 4198 omnipotens
3224 4128 3393 4197 Deus,
3431 4131 3494 4184 ut
3524 4145 3630 4202 per
3671 4147 3871 4187 annua

2234 4219 2792 4292 Quadraginsimalis
2819 4219 3089 4276 exercitia
3109 4223 3478 4292 sacramenti,
3510 4227 3568 4279 et
3593 4223 3668 4279 ad
3695 4225 3870 4282 intel-

2232 4314 2530 4388 ligendum
2568 4313 2774 4370 Christi
2815 4314 3184 4387 proﬁciamus
3213 4333 3510 4387 arcanum,
3541 4323 3600 4373 et
3629 4318 3877 4376 affectus

2234 4410 2357 4482 ejus
2409 4409 2586 4481 digna
2631 4408 3066 4464 conversatione
3111 4413 3418 4480 sectemur,
3469 4415 3530 4467 ut
3583 4413 3882 4472 sinceram

2235 4504 2400 4560 nobis
2427 4519 2629 4576 pacem
2656 4502 2892 4559 tribuas.
2925 4504 3034 4558 Per
3052 4504 3363 4560 Dominum
3386 4509 3646 4563 nostrum
3671 4509 3880 4565 Iesum

2235 4597 2522 4655 Christum
2533 4639 2546 4652 .

2794 4667 3084 4720 lmmolatio
3117 4669 3305 4722 misse.

2304 4749 2448 4805 Vere
2484 4747 2726 4820 dignum
2763 4751 2822 4804 et
2847 4749 3070 4820 justum
3118 4755 3205 4806 est
3253 4769 3358 4808 nos
3397 4751 3503 4808 tibi
3536 4769 3780 4827 semper
3821 4761 3888 4813 et

2235 4839 2446 4914 ubique
2475 4841 2688 4916 gratias
2718 4858 2911 4914 agere,
2943 4843 3188 4900 Domine
3229 4849 3445 4914 sancte,
3481 4848 3652 4902 Pater
3688 4852 3890 4906 omni-

2236 4939 2461 5008 potens,
2507 4938 2723 4992 aeterne
2779 4936 2948 5004 Deus,
2995 4936 3100 4992 tibi
3143 4938 3502 4995 sanctiﬁcare
3551 4939 3884 5012 jejunium,

2237 5029 2393 5102 quod
2422 5045 2528 5086 nos
2556 5029 2628 5084 ab
2649 5028 2816 5086 initio
2836 5030 3030 5086 saeculi
3051 5047 3278 5088 servare
3308 5033 3571 5089 docuisti.
3595 5035 3888 5108 Magnam

2237 5123 2394 5178 enim
2431 5122 2492 5178 in
2526 5122 2637 5178 hoc
2670 5139 2913 5180 munere
2951 5124 3210 5198 corporis
3255 5127 3503 5198 gratiam
3555 5129 3890 5188 contulisti.

2239 5215 2404 5283 Quod
2427 5216 2476 5271 si
2497 5215 2594 5274 illa
2621 5216 2862 5274 humani
2891 5218 3124 5289 generis
3150 5222 3340 5276 mater
3365 5221 3738 5280 interdictam
3771 5225 3892 5282 sibi

2239 5309 2506 5366 arborem
2528 5307 2886 5378 custodisset,
2915 5313 2977 5366 et
3003 5311 3506 5370 immortalitatem
3537 5316 3896 5374 retinuisset

2237 5405 2296 5458 et
2323 5400 2590 5475 patriam.
2611 5401 2728 5458 Sed
2753 5407 3054 5476 peccatum
3077 5405 3278 5461 matris
3304 5406 3577 5481 antiquae,
3601 5410 3767 5482 quod
3797 5413 3899 5469 in-

2237 5491 2394 5552 licita
2417 5493 2560 5568 ligni
2586 5494 2746 5552 vetiti
2788 5498 3161 5569 usurpatione
3207 5500 3514 5570 commisit,
3561 5502 3623 5558 in
3659 5507 3900 5562 nostris

2237 5617 2426 5696 missis
2453 5635 2587 5696 non
2597 5619 2861 5696 habetur,
2891 5625 3279 5696 praeterquam
3304 5625 3365 5682 in
3384 5625 3560 5682 missa
3589 5625 3663 5684 de
3682 5628 3898 5687 Natali

2237 5689 2498 5784 RS‘Biniz
2887 5689 3053 5784 iis???
3070 5689 3280 5784 ,θῖιξιίξιί
3322 5697 3562 5784 ποεεξιιιίε
3600 5715 3893 5784 simas-

2237 5759 2401 5842 listaa,
2432 5764 2502 5842 et
2545 5761 2605 5842 i_n
2649 5762 3114 5842 Circumcisione,
3159 5783 3350 5840 supra,
3409 5768 3758 5831 item-infra
3774 5759 3898 5832 Vin

2239 5833 2415 5888 missa
2431 5833 2501 5890 76
2526 5835 2586 5890 et
2608 5834 2997 5907 sequentibus.
