4054 6188
176 218 267 272 261

1252 220 1341 278 DE
1378 220 1688 278 LITURGIA
1724 222 2097 279 GALLICANA
2135 223 2333 280 LIBER
2369 222 2458 279 ΙΙΙ.

3440 232 3544 287 262

173 359 422 412 oramus,
458 342 678 399 absolve
718 342 984 416 jejuniis;
1032 349 1090 401 et
1136 347 1235 418 qui
1275 348 1345 404 de
1389 349 1650 420 paradiso
1693 367 1808 405 non
1830 332 2180 428 Aflllim‘eﬁ
2209 337 2266 428 ei
2290 332 2525 428 ξ’θείίθῖεξ
2557 330 2789 428 “opina
2825 328 3034 390 οωῙθειί
3066 324 3449 408 εῘιίΓοΒἸἮΡλΙο
3483 339 3546 395 in

172 436 504 493 abstinendo
530 437 854 507 cecidimus,
882 439 954 495 ad
984 441 1269 512 eumdem,
1297 459 1451 498 nunc
1470 444 1805 516 jejunando,

171 532 489 601 redeamus,
546 548 649 603 per
706 532 993 589 Christum
1032 535 1336 591 Dominum
1378 542 1660 593 nostrum.
1704 540 1811 594 Per

250 642 365 681 em.

250 642 365 681 em.

172 641 247 698 qu
514 699 688 755 XXIII.
730 715 855 755 [rem
892 715 1015 756 ALIA
1054 716 1214 757 mssa
1249 717 1466 759 JEJUNII.

1908 425 2054 480 libro
2080 426 2209 481 vitae
2228 426 2431 497 jubeas
2460 425 2723 481 adscribi.
2755 427 2880 483 Per.

2433 537 2685 587 Collectio
2715 536 2781 587 ad
2806 552 3010 602 pacem.

1981 628 2186 682 Praesta
2211 626 2393 696 nobis,
2422 626 2780 698 omnipotens
2808 630 2976 700 Deus,
3022 634 3088 685 ut
3129 631 3265 702 quia
3300 633 3448 689 vitiis
3488 639 3544 691 et

1907 720 2099 776 litibus
2124 720 2378 792 subjacet
2401 724 2594 775 nostra
2612 722 2943 791 mortalitas,
2970 726 3085 795 tua,
3110 741 3214 795 per
3238 729 3543 797 praasentia

240 792 410 861 Deus,
442 792 545 894 qvi
569 793 854 894 erdem}?
869 794 1111 894 _c°_n_si1i9
1137 796 1537 894 prospiciendo
1559 798 1839 894 mortali?
1899 818 2119 891 jejunia
2145 835 2247 874 nos
2272 818 2555 875 medicina
2585 818 2778 892 233
2803 792 3080 892 puriﬁcet
3104 792 3207 894 per
3238 792 3543 884 caritatem

169 886 297 955 bus,
347 891 542 942 sancta
590 886 885 943 instituisti
919 887 1164 959 jejunia,
1210 889 1417 961 quibus
1464 892 1630 948 corda
1681 892 1804 947 lan-

168 980 475 1052 guentium
500 980 804 1037 salubriter
830 988 1186 1053 curarentur,
1206 988 1270 1039 tu
1288 984 1538 1041 animam
1555 991 1806 1042 nostram

168 1091 491 1147 corpusque
524 1075 786 1147 castiﬁca,
822 1076 1074 1148 corporis
1092 1078 1415 1151 animasque
1452 1079 1720 1151 Salvator,
1751 1086 1807 1136 et

167 1175 401 1225 eterna:
431 1169 714 1225 felicitatis
735 1170 983 1242 benigne
1014 1172 1291 1245 Largitor.
1322 1175 1428 1230 Per
1453 1179 1678 1230 coaater.

721 1263 971 1315 Collectio
1002 1264 1253 1330 sequitur.

232 1345 413 1414 Deus,
442 1344 563 1416 qui,
601 1344 672 1399 ob
700 1344 1024 1400 animarum
1053 1347 1357 1415 medelam,
1389 1348 1597 1420 jejunii
1631 1349 1803 1405 devo-

166 1439 318 1493 tione
350 1438 615 1510 castigari
634 1454 872 1511 corpora
892 1439 1235 1512 praecepisti,
1274 1442 1538 1506 concede,
1576 1459 1802 1514 quaesu-

167 1548 297 1587 mus
322 1536 389 1586 ut
415 1532 586 1587 corda
608 1536 802 1586 nostra
840 1531 1035 1605 232
1074 1533 1152 1588 ita
1176 1533 1402 1605 pietatis
1429 1540 1543 1591 tuae
1583 1536 1806 1591 valeant

169 1642 439 1682 exemere
489 1625 775 1692 mandata,
825 1630 1105 1698 quatenus
1148 1627 1218 1682 ab
1267 1628 1530 1684 omnibus
1581 1646 1806 1701 semper

168 1719 453 1791 possimus
480 1719 758 1812 abstinere
780 1720 1045 1791 peccatis.
1087 1722 1192 1776 Per
1216 1722 1520 1778 Dominum
1545 1727 1803 1780 nostrum
1824 1733 1881 1803 Β

169 1815 382 1870 Iesum.

658 1884 909 1935 Collectio
942 1888 1060 1950 post
1088 1885 1320 1937 nomina.

234 1965 502 2022 Defensio
517 1971 635 2036 tua,
660 1966 918 2038 Domine,
937 1984 1285 2039 quaesumus,
1304 1968 1372 2023 ad
1380 1968 1451 2024 sit
1465 1967 1802 2037 humilibus,

172 2066 224 2115 et
240 2061 467 2132 jugiter
490 2064 751 2132 protegat
778 2061 840 2115 in
867 2066 967 2116 tua
992 2062 1379 2117 misericordia
1416 2062 1763 2117 conﬁdentes
1787 2105 1801 2133 ,

172 2154 523 2223 necessariis,
553 2155 613 2209 in
656 2155 862 2226 quibus
897 2155 1117 2228 indiget
1152 2156 1405 2212 humana
1444 2156 1707 2228 conditio,
1751 2160 1807 2212 et

173 2248 614 2305 immortalitatis
643 2249 791 2304 dona
829 2250 1160 2321 praeveniat,
1202 2255 1258 2306 et
1298 2250 1660 2306 offerentium
1698 2268 1802 2305 no-

174 2344 327 2397 mina
362 2342 599 2398 recitata
635 2342 841 2398 caelesti
868 2343 1247 2417 chirographo
1284 2345 1346 2400 in
1381 2345 1527 2400 libro
1561 2344 1687 2400 vitae
1707 2344 1803 2415 ju-

174 2436 306 2492 beas
331 2436 598 2492 adscribi.
630 2439 755 2492 Per.

694 2529 945 2580 Collectio
978 2530 1045 2580 ad
1079 2544 1283 2595 pacem.

246 2613 402 2682 Vide,
432 2625 782 2683 quaesumus,
810 2610 1067 2682 Domine,
1098 2611 1488 2667 inﬁrmitatem
1524 2616 1772 2667 nostram
1790 2653 1803 2678 ,

174 2711 227 2761 et
268 2705 329 2760 in
366 2704 579 2776 jejunii
616 2703 917 2760 afﬂictione
955 2704 1151 2777 positis
1189 2705 1359 2761 celeri
1399 2704 1562 2760 nobis
1601 2705 1806 2776 pietate

175 2816 456 2869 succurre,
486 2802 556 2853 ut
579 2799 649 2854 ad
674 2815 918 2871 superna
944 2814 1280 2866 crescamus,
1314 2804 1370 2854 et
1394 2799 1671 2855 sinceram
1698 2815 1803 2853 no-

176 2893 258 2948 bis
280 2893 497 2948 tribuas
521 2909 738 2965 pacem.
769 2894 895 2948 Per.

736 2985 1027 3036 Immolatio
1058 2984 1247 3037 missae.

247 3068 495 3141 Dignum
519 3072 575 3123 et
594 3067 816 3138 justum
842 3071 928 3121 est
952 3082 1053 3121 nos
1080 3066 1184 3121 tibi
1209 3067 1301 3122 hic
1326 3074 1383 3124 et
1420 3067 1636 3141 ubique
1675 3085 1804 3141 gra-

177 3163 278 3218 tias
295 3178 488 3234 agere,
513 3161 749 3217 Domine
774 3164 982 3232 sancte,
1011 3162 1176 3217 Pater
1190 3161 1568 3234 omnipotens,
1598 3166 1808 3219 aeterne

180 3256 344 3323 Deus,
376 3260 434 3311 et
457 3254 562 3310 tibi
585 3254 931 3310 sanctiﬁcare
950 3255 1260 3326 jejunium,
1286 3256 1438 3329 quod
1466 3273 1569 3312 nos
1593 3257 1665 3317 ad
1683 3257 1807 3313 ani-

178 3366 403 3405 malum
431 3349 709 3404 medelam
727 3353 785 3405 et
801 3349 1229 3421 castigationem
1259 3366 1561 3423 corporum
1589 3367 1811 3407 servare

180 3443 420 3500 docuisti
444 3460 459 3498 :
487 3442 620 3515 quia
647 3442 915 3499 restrictis
939 3442 1268 3516 corporibus
1292 3445 1498 3500 animae
1543 3446 1808 3518 saginan-

184 3543 301 3607 mr;
332 3537 477 3592 etin
503 3553 615 3608 quo
655 3536 901 3601 exterior
942 3537 1116 3592 homo
1154 3543 1347 3594 noster
1379 3538 1690 3610 adﬂigitur,
1721 3539 1808 3594 di-

184 3631 392 3687 latatur
412 3630 670 3686 interior.
716 3632 1017 3699 Memento,
1056 3632 1315 3703 Domine,
1354 3633 1415 3687 in
1454 3633 1561 3688 hoc
1591 3633 1811 3705 jejunio

185 3731 373 3781 nostro
396 3724 829 3780 miserationum
854 3728 1104 3796 tuarum,
1134 3743 1277 3798 quas
1303 3726 1691 3797 peccatoribus
1720 3727 1812 3800 pie

183 3834 406 3893 semper
421 3819 812 3891 jejunantibus
837 3812 1140 3890 Contulisti,
1172 3825 1235 3875 ut
1252 3836 1365 3875 non
1388 3821 1572 3876 solum
1598 3838 1632 3876 a
1655 3820 1809 3891 cibis,

186 3914 278 3969 sed
297 3931 330 3967 a
354 3913 600 3985 peccatis
618 3913 881 3969 omnibus
902 3914 1266 3985 abstinentes,
1292 3918 1452 3986 grato
1470 3915 1574 3970 tibi
1590 3915 1814 3987 jejunio

186 4008 524 4080 placeamus,
549 4007 609 4062 in
623 4024 736 4080 quo
758 4024 872 4063 non
889 4007 1255 4064 inveniantur
1272 4009 1593 4065 voluntates
1605 4014 1813 4065 nostrae

186 4119 218 4157 a
243 4108 339 4158 tua
372 4102 663 4157 voluntate
690 4101 1011 4174 dissimiles,
1044 4118 1149 4176 per
1195 4103 1482 4160 Christum
1510 4104 1816 4161 Dominum

186 4201 463 4255 nostrum.
496 4198 641 4252 Ante
669 4197 850 4268 cujus.

602 4296 775 4351 XXIV.
825 4312 949 4352 man
988 4310 1148 4353 mssa
1186 4312 1404 4355 JEJUNII.

254 4388 623 4462 Omnipotens
662 4390 1007 4473 sempiterne
1051 4377 1217 4461 Déus,
1264 4392 1365 4463 qui
1405 4390 1484 4447 sic
1523 4388 1817 4445 hominem

1907 913 2207 969 sinceram.
2237 914 2345 968 Per
2369 912 2696 968 Dominum.

2565 1023 2882 1074 lmmolatio.~

1978 1115 2227 1188 Dignum
2272 1120 2329 1170 et
2359 1114 2582 1185 justum
2626 1119 2711 1169 est
2768 1119 2824 1170 te
2862 1119 3147 1172 auctorem
3189 1123 3246 1174 et
3288 1122 3537 1177 sanctiﬁ-

1905 1213 2155 1264 catorem
2176 1208 2383 1281 jejunii
2422 1208 2762 1263 conlaudare
2804 1225 2910 1281 per
2943 1210 3097 1281 quod
3132 1227 3236 1267 nos
3269 1214 3474 1270 liberas
3508 1235 3542 1273 a

1904 1308 2229 1359 nostrorum
2258 1303 2460 1359 debitis
2484 1308 2868 1375 peccatorum.
2893 1304 3040 1375 Ergo
3060 1305 3278 1378 suscipe
3298 1308 3542 1366 clemens

1896 1397 2287 1469 jejunantium
2314 1413 2538 1469 preces;
2567 1402 2737 1469 atque
2774 1402 2840 1452 ut
2875 1415 2978 1453 nos
3016 1415 3050 1452 a
3082 1400 3253 1457 malis
3280 1402 3543 1459 omnibus

1902 1490 2237 1563 propitiatus
2264 1491 2490 1562 eripias,
2521 1490 2849 1563 iniquitates
2888 1497 3126 1563 nostras,
3157 1493 3366 1566 quibus
3385 1497 3541 1567 juste

1904 1584 2249 1656 adﬂigimur,
2286 1601 2572 1656 rogamus,
2610 1585 2852 1641 absolve.
2892 1588 2999 1641 Per
3025 1587 3315 1644 Christum
3347 1590 3537 1645 Domi-

1902 1695 2044 1735 num
2081 1682 2363 1734 nostrum.

2370 1795 2549 1845 Oratio
2565 1796 2681 1859 post
2714 1795 2931 1846 Sanctus
2967 1797 3019 1845 in
3043 1798 3196 1859 Quat.

1965 1879 2103 1958 Deus
2117 1893 2294 1958 rerum
2306 1879 2539 1954 omnium
2558 1880 2796 1958 conditor
2812 1884 2965 1945 atque
2987 1887 3212 1958 creator,
3227 1885 3316 1948 qui
3333 1887 3541 1958 unusin

1903 1942 2153 2013 trinitate,
2178 1946 2230 2013 et
2244 1942 2421 2013 _trinus
2441 1942 2715 2013 in_unitate
2736 1942 3071 2005 cognosceris
3090 1961 3105 2007 ;
3126 1942 3277 2011 cujus
3289 1949 3545 2013 magnitu-

1904 2003 2087 2073 dinem
2106 2004 2355 2073 deﬁciens
2384 2008 2461 2055 est
2482 2004 2658 2073 lingua
2684 2003 2917 2073 humana
2949 2003 3159 2073 narrare
3185 2003 3208 2071 ξ
3244 2003 3407 2073 (ωεῶ
3430 2012 3541 2061 sine

1906 2066 2194 2140 cessatione
2209 2068 2722 2140 proclamantan‘geli
2740 2068 2972 2140 Sanctus.
2987 2068 3109 2140 Idep
3124 2066 3223 2140 nos
3239 2066 3438 2140 minimi
3459 2074 3535 2124 fa-

1907 2129 2033 2195 muli
2053 2129 2146 2192 tui,
2170 2129 2261 2178 ore
2297 2129 2755 2195 quidemindigno
2784 2144 2891 2181 non
2919 2134 3025 2181 tres
3063 2132 3298 2195 Sanctos,
3338 2135 3429 2185 sed
3463 2141 3542 2186 ter

1904 2191 2403 2255 Sanctuspraacohio
2419 2191 2563 2241 vocis
2572 2191 2857 2253 attulimus,
2879 2197 2934 2242 ut
2955 2207 3074 2244 cum
3087 2209 3217 2245 sono
3231 2191 3545 2248 modulami-

1905 2268 2031 2324 num
2060 2255 2411 2324 prpclametur
2434 2255 2768 2324 ter_rep_etila
2790 2255 3033 2305 laudatio.
3068 2258 3144 2307 0b
3173 2258 3275 2324 hoc
3297 2260 3543 2324 pietatem

1904 2316 2075 2378 tuam,
2092 2317 2476 2384 clementissime
2501 2316 2739 2384 Domine,
2778 2331 3071 2384 exoramus,
3109 2316 3543 2384 optata'tribuas.

1905 2377 2184 2449 pressumta
2209 2377 2581 2449 indulge_as._ut
2596 2378 2800 2429 detersa
2831 2381 2972 2430 nube
2999 2377 3386 2449 peccaminum,
3414 2377 3546 2449 pura

1906 2444 1961 2553 let
1976 2441 2140 2553 labere
2165 2441 2484 2555 goptscientia
2498 2445 2639 2492 tuam
2658 2455 2953 2494 mereamur
2970 2441 3399 2510 omnipotentiam
3414 2441 3544 2500 con-

1927 2517 1990 2554 au
2030 2518 2138 2554 are.
2205 2519 2235 2554 a
2280 2540 2293 2554 .

1927 2517 2138 2554 auuare.
2170 2517 2293 2554 δαη.

2336 2620 2483 2674 XXV.
2522 2634 2650 2675 man
2695 2636 2852 2677 MISSA
2890 2638 3108 2679 JEJUNII.

1925 2732 1930 2737 ’
1978 2735 2251 2803 Concede,
2306 2752 2652 2809 quaesumus,
2710 2736 2945 2793 Domine
2998 2740 3148 2795 Deus
3202 2745 3415 2812 noster,
3475 2745 3542 2798 ut

1906 2830 2060 2904 quod
2102 2829 2263 2884 nobis
2309 2828 2378 2885 de
2419 2829 2700 2885 alimoniis
2743 2830 2815 2885 ob
2860 2834 3308 2889 macerationem
3355 2835 3542 2892 carnis

1909 2922 2294 2979 subtrahimus
2311 2922 2644 2995 jejunando,
2662 2924 2951 2981 voluntate
2977 2942 3010 2980 a
3035 2929 3091 2983 te
3118 2926 3268 2999 data,
3293 2928 3542 2999 jocunde

1908 3017 2264 3073 conferamus
2289 3016 2634 3089 pauperibus
2661 3017 2958 3091 largiendo
2998 3020 3135 3092 quia
3169 3026 3307 3078 tunc
3336 3022 3543 3094 jejunii

1828 3106 1884 3181 C
1908 3111 2219 3168 observatio
2246 3110 2577 3184 probabitur
2610 3112 2915 3184 fructuosa,
2946 3113 2993 3169 si
3028 3119 3085 3170 et
3125 3116 3379 3188 corporis
3407 3132 3541 3172 sen-

1909 3206 2064 3262 sibus
2104 3222 2208 3278 per
2260 3205 2666 3262 continentiam
2708 3207 2976 3263 castitatis
3021 3225 3184 3265 mens
3234 3215 3425 3267 nostra
3469 3210 3543 3266 sit

1909 3300 2126 3372 purior,
2156 3304 2212 3355 et
2254 3299 2656 3354 conscientiam
2697 3300 2922 3371 pietatis
2960 3301 3246 3360 foecundet
3286 3302 3545 3360 affectus.

2467 3408 2716 3465 Collectio
2745 3416 2995 3479 sequitur.

1980 3507 2058 3562 Da
2096 3505 2278 3575 nobis,
2320 3504 2678 3577 omnipotens
2708 3507 2871 3577 Deus,
2902 3512 2967 3563 ut
2995 3507 3309 3580 jejunando
3337 3525 3371 3564 a
3414 3526 3538 3565 cor—

1909 3601 2193 3675 poralibus
2236 3599 2394 3669 escis,
2449 3598 2651 3672 spiritu
2686 3601 2952 3672 vegetati,
2995 3602 3268 3659 satiemur
3315 3605 3539 3675 robore,

1911 3700 1968 3752 et
1994 3694 2326 3751 abstinendo
2354 3693 2425 3748 ab
2458 3693 2745 3749 alimoniis
2769 3696 3094 3769 pariterque
3124 3697 3368 3767 delictis,
3398 3714 3542 3754 cun-

1911 3790 2013 3846 ctis
2037 3789 2401 3861 proﬁciamus
2427 3787 2487 3843 in
2528 3788 2734 3844 virtute
2761 3789 3017 3846 hostibus
3046 3790 3325 3848 fortiores.
3542 3838 3575 3845 _

2395 3900 2647 3951 Collectio
2682 3904 2800 3966 post
2823 3901 3054 3952 nomina.

1982 3996 2192 4050 Praesta
2229 3991 2415 4062 nobis,
2447 3992 2705 4061 Domine,
2738 4009 3087 4066 quaesumus,
3120 3998 3236 4050 tute
3262 3994 3543 4050 auxilium

1915 4088 2131 4163 gratiae,
2177 4090 2244 4143 ut
2271 4085 2508 4158 jejuniis
2557 4090 2614 4142 et
2651 4084 3008 4143 orationibus
3051 4087 3450 4143 convenienter
3491 4093 3548 4143 et

1914 4183 2110 4239 devote
2146 4179 2373 4250 intenti,
2414 4179 2621 4236 mentis
2648 4185 2703 4236 et
2727 4180 2977 4252 corporis
3013 4197 3046 4234 a
3071 4181 3339 4236 vitiorum
3378 4180 3548 4235 hosti-

1913 4276 2018 4333 bus
2045 4275 2391 4343 liberemur;
2421 4273 2632 4346 quique
2661 4274 2731 4328 ad
2757 4273 2865 4328 hoc
2894 4290 2953 4328 es
2982 4273 3270 4344 jejunium
3297 4273 3430 4329 dare
3466 4271 3550 4329 di-

1916 4373 2139 4443 gnatus,
2170 4372 2237 4424 ut
2260 4365 2607 4422 abstinentia
2637 4370 2694 4422 et
2715 4365 3082 4437 castigatione
3120 4365 3396 4422 macerati
3422 4382 3545 4423 car-

188 4458 506 4550 condidisti,
561 4487 627 4538 ut
684 4458 1005 4555 meliorem,
1077 4458 1484 4558 temporalibus
1529 4482 1817 4540 beneficiis
1836 4486 1895 4559 Ι)
1915 4462 2051 4531 nali,
2078 4462 2139 4517 in
2162 4460 2275 4559 ﬁde
2307 4458 2669 4559 ξῖξνθηίδξξωτ
2692 4458 2863 4529 ﬁrmi!
2893 4461 2950 4514 et
2988 4458 3048 4514 in
3074 4458 3338 4559 οέῗτίξυθ
3365 4459 3549 4516 amca“

191 4579 578 4648 competenter
603 4576 961 4648 instructum,
990 4578 1062 4634 ad
1098 4579 1344 4636 caelestia
1372 4580 1520 4635 dona
1540 4577 1814 4651 provehe-

191 4685 297 4740 res,
324 4674 553 4741 prata,
586 4686 931 4743 quaesumus,
958 4677 1029 4728 ut
1052 4673 1195 4730 sicut
1232 4690 1337 4744 per
1369 4672 1615 4728 inlicitos
1639 4687 1815 4744 appe-

1918 4573 2028 4626 ces,
2055 4553 2275 4626 suscipe
2296 4551 2685 4626 jejunantium
2728 4567 2921 4624 preces
2955 4568 3088 4608 cum
3111 4552 3381 4611 libatione
3402 4570 3548 4627 prm-

1918 4647 2084 4719 senti,
2108 4646 2387 4703 defunctis
2412 4643 2797 4717 refrigerium,
2824 4646 3219 4719 superstitibus
3247 4645 3549 4720 indulgen-

192 4736 421 4819 titus_de
443 4736 667 4819 indulta
698 4736 1065 4821 beatitudinis
1099 4736 1333 4839 regione
1369 4736 1700 4834 decidimus,
1714 4736 1820 4821 -sic
1916 4740 2059 4799 tiam
2084 4740 2320 4839 9095‘”,
2346 4755 2453 4812 per
2480 4754 2612 4839 ea":
2638 4739 2929 4839 Flaminis;
2959 4742 3017 4839 fit
3040 4736 3273 4839 Pomm
3302 4754 3549 4839 {Illorum

194 4871 295 4927 per
319 4857 589 4914 alimonia
622 4863 721 4914 tuo
761 4874 999 4915 munere
1038 4832 1356 4928 distributa,
1398 4862 1456 4915 et
1498 4832 1822 4916 transitoria
1919 4841 2053 4942 51m"
2075 4833 2337 4941 difﬁncm
2360 4838 2555 4890 vocata
2578 4834 2753 4907 θεενθ
2781 4832 2841 4889 in
2866 4833 3174 4908 scriptione
3201 4835 3550 4906 sempiterna

193 4955 536 5008 sustentetur
564 4951 911 5020 humanitas,
937 4956 995 5009 et
1018 4952 1225 5008 amissa
1259 4957 1555 5025 reparetur
1591 4953 1818 5013 aeterni-

193 5047 292 5100 tas.
321 5046 444 5100 Per.

873 5114 1143 5167 Collectio.

2439 4997 2690 5050 Collectio
2723 4995 2788 5049 ad
2811 5010 3017 5062 pacem.

1992 5092 2300 5164 Acceptum
2322 5088 2426 5146 tibi
2457 5089 2551 5159 sit,
2580 5088 2841 5159 Domine,
2874 5100 3220 5162 quaesumus,
3248 5087 3356 5149 hoc
3385 5094 3557 5151 sacri-

264 5194 499 5269 Semper
542 5210 667 5264 nos,
725 5195 984 5267 Domine,
1051 5212 1400 5270 quaesumus,
1476 5196 1824 5255 continentia
1921 5182 2114 5241 ﬁcium
2154 5181 2362 5256 jejunii
2397 5182 2599 5253 nostri,
2649 5182 2802 5255 quod
2849 5181 3128 5254 expianda
3164 5201 3268 5241 nos
3304 5187 3555 5246 caritatis

197 5288 449 5346 salutaris
488 5289 734 5361 erudiat,
771 5305 904 5362 quae
946 5294 1005 5347 et
1039 5307 1143 5347 nos
1160 5291 1384 5364 jejunio
1410 5292 1658 5349 intentos
1698 5291 1820 5348 efﬁ-

199 5381 302 5438 ciat
326 5383 612 5457 puriores,
640 5387 697 5440 et
720 5386 819 5440 tua
841 5384 1005 5440 nobis
1030 5385 1181 5441 dona
1206 5386 1486 5443 conciliet.
1517 5387 1643 5442 Per.

687 5477 936 5529 Gollectio
961 5481 1080 5543 post
1105 5479 1336 5531 nomina.

268 5555 382 5612 Tua
423 5572 551 5627 nos,
588 5557 850 5627 Domine,
879 5558 1062 5632 gratia
1101 5564 1158 5617 et
1191 5560 1397 5617 sanctis
1433 5564 1695 5618 exerceat
1728 5575 1824 5616 ve-

1922 5279 2071 5335 dono
2113 5282 2228 5334 tuae
2272 5275 2441 5333 faciat
2478 5274 2812 5332 sinceritatis
2859 5292 3115 5349 capaces,
3164 5284 3221 5334 et
3271 5294 3377 5351 per
3429 5294 3553 5335 eam

1923 5373 2254 5445 conjunctos
2277 5370 2349 5426 ad
2365 5368 2641 5443 promissa
2673 5367 3017 5441 sempiterna
3043 5370 3347 5443 perducat;
3378 5368 3557 5428 cordi-

1922 5466 2142 5539 busque
2194 5463 2400 5520 nostris
2434 5461 2641 5535 jejunii
2686 5462 3099 5520 adtenuatione
3138 5463 3393 5533 intentis,
3451 5478 3557 5533 per
3622 5468 3629 5471 ’

1922 5556 2175 5613 fraterna
2199 5552 2405 5621 oscula,
2434 5568 2639 5625 puram
2656 5556 2772 5609 tuae
2799 5548 2993 5626 234
3013 5550 3329 5608 dilectionis
3352 5554 3410 5606 et
3427 5564 3556 5621 pro-

204 5646 448 5704 neranda
501 5646 759 5721 jejuniis,
825 5653 882 5705 et
926 5648 1246 5708 caelestibus
1297 5649 1579 5726 mysteriis
1620 5649 1831 5709 efﬁciat
1925 5648 2068 5708 ximi
2095 5647 2389 5707 caritatem
2417 5643 2703 5723 benignus
2735 5645 2993 5716 infunde,
3024 5648 3091 5701 ut
3112 5661 3146 5702 a
3171 5640 3406 5703 terrenis
3423 5640 3553 5714 jur-

276 5770 296 5795 ⁸
322 5772 452 5830 nec
475 5772 538 5830 in
560 5772 954 5831 membranula
976 5774 1176 5834 litteris
1197 5775 1432 5835 minutis
1454 5776 1684 5838 inserts.
