4032 6180
457 269 562 326 263

1243 263 1574 320 APPENDIX
1613 263 1700 318 AD
1737 261 1958 320 OPERA
1997 259 2228 319 SANCTI
2267 259 2568 318 GERMANI
2611 257 3036 317 PARISIENSIS.

3726 265 3832 320 264

459 377 567 448 giis
591 375 676 432 vel
703 373 1030 431 lmsionibus
1057 389 1188 430 cum
1213 373 1550 428 abstinentia
1567 373 1940 445 quiescentes,
1966 390 2093 445 pro-
2115 385 2174 458 Α
2193 373 2458 428 catricum
2483 371 2748 428 morbida
2781 371 2910 426 tabe
2937 375 3235 443 corruptae,
3267 371 3598 428 reviviscent
3635 389 3706 429 ex
3731 379 3832 428 tua

459 470 688 544 pensius
727 469 967 526 caelestia
993 469 1352 524 meditemur.

1015 561 1306 611 lmmolatio
1353 560 1540 611 missae.

533 639 781 710 Dignum
825 642 880 693 et
915 637 1136 708 justum
1179 643 1262 692 est
1307 654 1408 692 nos
1457 637 1560 692 tibi
1613 652 1835 708 semper
1883 637 2097 708 gratias

461 749 649 804 agere,
699 731 932 786 Domine
987 735 1196 800 sancte,
1243 733 1409 786 Pater
1462 731 1838 802 omnipotens,
1887 735 2096 784 aeterne

463 828 628 892 Deus,
679 831 744 878 ut
797 825 1097 878 modulum
1149 830 1389 880 terrente
1437 824 1758 896 fragilitatis
1799 823 2094 896 aspiciens,

460 935 576 974 non
601 919 660 972 in
691 917 776 972 ira
803 923 898 972 tua
929 935 1031 988 pro
1067 922 1257 972 nostra
1283 919 1564 989 pravitate
1593 935 1696 972 nos
1725 934 1967 988 arguas;
2001 917 2096 972 sed

459 1013 740 1066 immensa
784 1012 1084 1067 clementia
1133 1013 1416 1082 puriﬁces,
1464 1011 1706 1081 erudias,
1757 1011 2092 1078 consoleris;

461 1106 594 1177 quia
619 1123 750 1160 cum
776 1106 896 1160 sine
938 1111 993 1160 te
1021 1105 1168 1160 nihil
1195 1107 1474 1177 possimus
1500 1107 1683 1160 facere
1715 1105 1866 1176 quod
1893 1104 1994 1159 tibi
2029 1104 2100 1157 sit

460 1200 754 1274 placitum,
783 1205 882 1255 tua
910 1200 1074 1254 nobis
1106 1201 1283 1269 gratia
1321 1200 1436 1254 sola
1473 1199 1766 1271 praestabit
1788 1203 1854 1254 ut
1887 1197 2098 1252 salubri

463 1293 889 1348 conversatione
953 1294 1224 1363 vivamus,
1279 1310 1384 1365 per
1449 1293 1736 1348 Christum
1791 1291 2096 1346 Dominum

463 1392 742 1442 nostrum.
769 1389 876 1442 Per
903 1404 1075 1459 quem
1105 1387 1206 1457 Maj
1217 1390 1469 1442 estatem.

713 1497 885 1550 XXVI.
927 1513 1050 1550 ITEM
1091 1511 1250 1550 mssa
1290 1513 1343 1551 ΙΝ
1387 1511 1844 1558 QL’ADRAGINSIMA.

537 1589 775 1644 Domine
807 1590 968 1658 Deus,
1003 1589 1101 1660 qui
1145 1589 1368 1660 populis
1397 1590 1508 1644 tuis
1547 1594 1602 1644 et
1625 1590 1776 1660 juste
1821 1589 2096 1658 irasceris,

467 1687 522 1738 et
550 1683 856 1738 clementer
881 1683 1148 1754 ignoscis,
1179 1683 1388 1737 inclina
1407 1699 1602 1737 aurem
1633 1687 1794 1738 tuam
1819 1683 2102 1754 supplica-

2195 467 2433 522 interius
2459 465 2796 535 visitatione,
2829 466 2972 520 sicut
3015 465 3206 521 Lazari
3243 467 3458 522 viscera
3497 485 3530 522 a
3557 471 3658 522 tua
3702 467 3830 523 fue-

2196 561 2330 612 runt
2355 557 2604 611 animata
2631 571 2785 621 voce,
2819 555 3022 610 Salvat.

2747 654 2997 704 Collectio
3023 654 3270 718 sequitur.

2269 740 2418 794 Bone
2455 738 2801 808 Redemptor
2843 741 3034 792 noster
3073 737 3328 806 Domine,
3375 737 3472 808 qui
3499 742 3836 794 mansuetus

2197 833 2478 888 mansueti
2498 831 2755 886 animalis
2772 831 2928 886 aselli
2945 836 3106 902 terga
3125 831 3404 896 insedens,
3421 831 3488 886 ad
3507 832 3834 902 passionem

2197 926 2603 998 redemptionis
2629 930 2838 980 nostra:
2855 929 3200 996 spontaneus
3229 925 3668 996 adpropinquas,
3704 943 3834 980 cum

2197 1021 2300 1076 tibi
2327 1020 2498 1074 ramis
2527 1019 2774 1074 arboreis
2805 1019 3060 1074 certatim
3085 1018 3357 1073 sternitur
3387 1019 3494 1087 via,
3535 1023 3591 1073 et
3625 1019 3834 1073 trium-

2197 1113 2549 1186 phatricibus
2573 1113 2776 1184 palmis
2796 1129 2926 1166 cum
2945 1129 3076 1166 voce
3103 1111 3285 1166 laudis
3311 1111 3647 1179 occurritur,
3675 1129 3834 1184 quae-

2199 1225 2394 1263 sumus
2422 1208 2760 1278 Mnjestatem
2787 1211 2946 1261 tuam
2972 1207 3240 1275 divinam,
3271 1211 3334 1260 ut
3361 1206 3472 1260 oris
3501 1207 3678 1260 nostri
3703 1224 3838 1262 conv

2197 1301 2496 1356 fessionem
2545 1305 2713 1372 atque
2743 1301 2998 1373 corporis
3029 1300 3086 1354 in
3111 1300 3344 1370 jejuniis
3375 1299 3836 1355 humiliationem

2199 1395 2379 1450 libens
2421 1395 2710 1465 suscipias,
2750 1399 2806 1449 et
2847 1394 3092 1448 fructum
3135 1409 3238 1448 nos
3281 1393 3583 1448 viriditatis
3624 1393 3838 1448 habere

2199 1489 2505 1544 concedas:
2533 1493 2600 1543 ut
2625 1488 2769 1542 sicut
2807 1487 2888 1541 illi
2911 1487 2971 1541 in
2996 1491 3094 1541 tua
3117 1487 3350 1542 fuerunt
3379 1485 3540 1542 obvia
3583 1505 3714 1543 cum
3743 1505 3834 1542 ar-

2197 1583 2385 1638 boreis
2412 1581 2586 1652 virgis
2615 1581 2845 1652 egressi,
2875 1581 2948 1635 ita
2977 1599 3097 1648 nos,
3129 1585 3183 1636 te
3213 1581 3482 1636 redeunte
3511 1581 3570 1636 in
3591 1581 3838 1636 secundo

2200 1676 2462 1738 adventu,
2493 1691 2624 1730 cum
2661 1674 2868 1747 palmis
2897 1674 3145 1729 victoriae
3177 1691 3500 1730 mereamur
3539 1691 3839 1731 occurrere

465 1777 712 1832 tionibus
741 1777 964 1844 nostris,
995 1779 1060 1831 ut
1087 1777 1184 1848 qui
1216 1781 1271 1831 te
1299 1777 1360 1830 in
1392 1777 1746 1847 jejuniorum
1775 1781 2101 1832 nostrorum
2121 1756 2178 1827 Β
2201 1771 2332 1838 laeti,
2363 1769 2619 1826 Salvator
2643 1769 2866 1824 mundi.

467 1875 854 1930 observatione
897 1875 1026 1930 totis
1074 1875 1328 1930 sensibus
1375 1875 1730 1943 conﬁtemur,
1785 1893 1900 1931 non
1940 1875 2098 1947 judi-

467 1971 620 2024 cium
651 1975 836 2036 tuum,
869 1969 966 2024 sed
999 1969 1408 2038 indulgentiam
1435 1969 1760 2024 sentiamus.
1794 1971 1918 2025 Per.

1023 2061 1270 2110 Collectio
1301 2061 1548 2124 sequitur.

541 2137 736 2192 Oblata
763 2153 1004 2192 munera
1039 2137 1394 2206 superposita
1426 2136 1629 2192 altario
1671 2141 1790 2207 tuo,
1843 2137 2099 2206 Domine,

470 2231 820 2286 sanctiﬁcare
866 2231 1135 2300 dignare;
1186 2233 1241 2282 et
1285 2245 1387 2300 per
1430 2246 1496 2284 ea
1545 2231 1824 2300 placatus,
1879 2235 2104 2302 peccata

471 2329 682 2392 nostra,
713 2341 1061 2396 quaesumus,
1093 2323 1152 2376 in
1177 2321 1269 2377 die
1289 2323 1496 2394 jejunii
1519 2325 1716 2394 nostri,
1749 2341 1967 2380 memor
1991 2325 2102 2378 hu-

469 2431 656 2472 manae
685 2418 1031 2472 conditionis
1055 2416 1310 2485 absolve;
1345 2422 1402 2472 et
1423 2418 1690 2490 quicquid
1719 2435 1916 2472 eorum
1947 2418 2106 2474 retri-

469 2509 704 2566 butione
732 2527 1023 2566 meremur
1047 2516 1254 2565 averte.
1285 2512 1390 2564 Per
1418 2511 1724 2566 Dominum
1749 2516 2030 2568 nostrum.

1095 2609 1216 2657 Post
1253 2608 1484 2658 nomina.

545 2685 690 2740 Deus
723 2684 1004 2738 bonarum
1042 2684 1328 2738 actionum
1356 2689 1411 2738 et
1441 2683 1746 2755 inspirator
1789 2691 1844 2740 et
1889 2685 2104 2752 doctor,

471 2781 572 2851 qui
596 2780 906 2850 voluptates
943 2795 1044 2850 per
1071 2777 1322 2832 inediam
1341 2777 1550 2849 jejunii
1577 2779 1884 2850 corporalis
1911 2780 2104 2834 restri-

471 2877 605 2944 ctas,
634 2872 988 2943 agnitionem
1029 2877 1190 2926 tuam
1235 2871 1439 2926 nostris
1482 2873 1743 2928 cordibus
1785 2873 2004 2942 tribuis,
2039 2873 2108 2927 da

473 2967 634 3020 nobis
682 2967 834 3034 ﬁdei,
893 2966 1012 3036 spei
1060 2971 1116 3019 et
1169 2965 1416 3019 caritatis
1458 2971 1852 3036 augmentum,
1897 2972 1962 3021 ut
2007 2983 2110 3038 per

473 3059 975 3114 sanctificationem
995 3057 1202 3128 jejunii
1230 3062 1396 3112 tuum
1421 3057 1480 3112 in
1507 3057 1669 3112 nobis
1695 3059 1768 3113 sit
1807 3060 2106 3130 templum,

474 3153 628 3224 quod
665 3152 906 3224 praemio
951 3151 1052 3206 ﬁat
1079 3155 1392 3220 aeternum;
1425 3157 1481 3205 et
1517 3152 1750 3207 nomina
1789 3169 1916 3225 quae
1941 3170 2106 3208 voca-
2129 3131 2184 3205 C

473 3247 736 3301 bulorum
791 3249 924 3300 sunt
967 3263 1069 3317 pro
1111 3245 1368 3299 mtatibus
1419 3251 1732 3300 memorata
1781 3247 2110 3302 aeternitatis

474 3341 638 3396 titulo
659 3340 860 3411 jubeas
887 3339 1244 3411 praesignari.

1129 3437 1208 3488 Ad
1251 3451 1454 3500 pacem.

548 3513 918 3584 Omnipotens
967 3517 1022 3568 et
1069 3513 1390 3567 misericors
1439 3515 1608 3580 Deus,
1662 3513 1866 3568 exaudi
1915 3530 2109 3586 preces

469 3605 854 3680 jejunantium
893 3607 1190 3679 supplices,
1223 3613 1278 3661 et
1303 3607 1700 3664 misericordias
1737 3613 1850 3664 tua:
1879 3625 2106 3678 munus,

478 3701 634 3756 omni
679 3705 928 3758 cessante
959 3701 1360 3770 fraudulentia,
1401 3701 1678 3772 propitius
1722 3701 2012 3774 impende,
2046 3707 2112 3757 ut

477 3811 582 3867 per
601 3793 1056 3866 conjunctionem
1073 3793 1247 3865 pacis,
1272 3811 1440 3848 omne
1462 3795 1746 3851 simultate
1765 3813 2106 3868 compressa,

481 3887 692 3943 securis
721 3887 822 3942 tibi
847 3887 1134 3942 mentibus
1164 3888 1494 3942 serviamus.
1523 3891 1647 3944 Per.

1039 3980 1329 4030 lmmolatio
1369 3981 1557 4031 missas.

554 4055 690 4110 Vere
733 4053 972 4126 dignum
1021 4059 1076 4109 et
1110 4055 1330 4125 justum
1379 4061 1463 4110 est
1509 4073 1614 4110 nos
1653 4055 1755 4111 tibi
1805 4061 1862 4112 et
1903 4057 2112 4130 ubique

483 4151 689 4224 gratias
741 4166 930 4220 agere,
975 4147 1332 4220 omnipotens
1382 4149 1726 4222 sempiterne
1781 4151 1948 4206 Deus.
2005 4151 2112 4216 Qui

473 4245 626 4320 juste
667 4247 927 4318 corrigis,
971 4251 1026 4302 et
1063 4249 1369 4303 clementer
1409 4248 1672 4320 ignoscis,
1710 4249 1768 4303 in
1803 4255 2113 4321 utrumque

481 4345 798 4404 misericors
829 4364 841 4401 :
869 4346 1002 4418 quia
1029 4363 1135 4401 nos
1163 4363 1228 4402 ea
1255 4345 1382 4418 lege
1408 4345 1682 4419 disponis,
1715 4353 1780 4402 ut
1808 4347 2114 4404 coercendo

481 4441 668 4514 perire
692 4458 810 4496 non
852 4439 1003 4495 sinas
1031 4441 1092 4495 in
1119 4445 1418 4510 aeternum,
1462 4445 1518 4496 et
1561 4441 1844 4512 parcendo
1870 4442 2112 4514 spatium

483 4535 699 4590 tribuas
722 4531 1063 4606 corrigendi.
1095 4535 1202 4589 Per
1225 4534 1534 4590 Christum.

694 4641 892 4696 XXVII.
934 4657 1092 4697 MISSA
1130 4639 1156 4668 ⁸
1195 4659 1248 4698 IN
1288 4659 1518 4700 squULi
1557 4659 1897 4700 TRADITIONE.

559 4731 751 4808 235
787 4731 847 4788 in
889 4733 1144 4804 geminas
1169 4739 1360 4806 partes
1388 4736 1542 4791 diem
1564 4737 1717 4791 hunc
1745 4735 2114 4792 excolendum

486 4827 900 4900 complectitur,
916 4826 1170 4896 Domine,
1189 4833 1394 4884 nostra:
1407 4829 1688 4884 servitutis
1703 4829 2014 4896 famulatio,
2027 4831 2114 4886 vel

487 4919 768 4994 dejejunii
788 4917 942 4976 cultu
957 4925 1198 4990 sacrato,
1211 4919 1300 4976 vel
1319 4921 1388 4977 de
1406 4921 1726 4994 insignibus
1737 4923 1850 4978 tuis
1869 4941 1994 4996 quas
2007 4925 2112 4979 ho-

487 5015 576 5070 die
606 5015 906 5084 fulserunt,
943 5014 1298 5071 mirabilibus
1326 5033 1339 5069 :
1381 5031 1495 5087 quo
1535 5017 1808 5072 Lazarum
1843 5017 2116 5074 reduxisti

487 5113 614 5182 post
625 5112 854 5178 tartara,
871 5125 1000 5163 cum
1012 5109 1084 5163 ad
1096 5125 1290 5165 vocem
1305 5113 1462 5165 tuam
1477 5110 1830 5166 intonantem
1851 5111 2113 5182 exsilivit,

489 5206 546 5272 et
561 5201 920 5272 quatriduani
934 5202 1060 5273 jam
1073 5202 1320 5260 fcetentis
1331 5203 1501 5259 funus
1513 5204 1800 5260 viviﬁcans
1821 5205 2085 5261 animasti
2099 5221 2112 5260 :

483 5312 572 5368 vel
629 5309 822 5376 etiam,
876 5311 1041 5358 causa
1083 5297 1345 5353 miraculi
1399 5297 1800 5369 obstupefacta,
1843 5298 2118 5369 plaudens

487 5403 654 5460 turba
667 5398 940 5458 Bethania
955 5391 1202 5454 occurrit
1223 5408 1354 5447 cum
1369 5391 1572 5463 palmis
1589 5391 1694 5446 tibi
1709 5391 1934 5446 obviam
1951 5393 2113 5465 Regi.

483 5495 700 5554 Exaudi
721 5510 826 5550 nos
853 5493 913 5546 in
944 5491 1051 5546 hoc
1087 5487 1372 5560 geminato
1397 5483 1683 5540 servitutis
1706 5489 1914 5542 nostra
1951 5485 2114 5541 obse-

485 5591 640 5663 quio,
667 5594 724 5645 et
749 5591 953 5660 praesta
985 5582 1264 5657 propitius
1289 5584 1458 5651 atque
1501 5579 1776 5650 placatus,
1807 5583 1872 5635 ut
1915 5580 2119 5636 animae

487 5688 696 5740 nostra
713 5697 841 5754 que
865 5677 1090 5734 tumulo
1110 5677 1244 5731 sunt
1260 5676 1623 5744 peccatorum
1647 5673 1944 5743 conclusa,
1966 5679 2023 5731 et
2045 5674 2121 5730 ci-

2239 1935 2242 1938 _
2693 1867 2945 1916 Collectio
2971 1871 3090 1932 post
3111 1867 3344 1918 nomina.

2271 1951 2428 2018 Ecce,
2457 1949 2718 2018 Domine,
2749 1949 2817 2004 de
2843 1953 2898 2003 te
2925 1949 3151 2020 Caiphm
3178 1947 3458 2020 pontiﬁcis
3483 1949 3841 2016 vaticinium,

2203 2045 2468 2115 ignarum
2493 2043 2596 2097 sibi
2625 2042 2753 2114 ipsi,
2781 2043 2842 2096 in
2878 2041 3102 2114 populis
3136 2047 3216 2096 est
3242 2043 3566 2113 probatum,
3596 2049 3662 2096 ut
3689 2059 3846 2096 unus

2205 2137 2567 2191 occumberes
2603 2153 2708 2208 pro
2738 2140 2925 2207 gente,
2948 2153 3019 2190 ne
3049 2135 3236 2191 cuncti
3267 2137 3476 2207 pariter
3501 2135 3842 2198 interirent;

2205 2235 2260 2284 et.
2293 2236 2354 2284 tu
2387 2229 2672 2300 singulare
2703 2245 2946 2300 granum
2967 2229 3028 2282 in
3059 2233 3208 2284 terra
3239 2229 3562 2296 morereris,
3590 2235 3652 2284 ut
3685 2245 3846 2300 seges

2203 2323 2452 2394 plurima
2463 2328 2810 2378 nasceretur.
2836 2322 3130 2394 Supplices
3151 2323 3250 2376 tibi
3265 2323 3394 2395 ipsi,
3411 2321 3508 2396 qui
3521 2339 3624 2394 pro
3643 2323 3844 2377 mundi

2205 2418 2382 2472 salute
2425 2434 2484 2472 es
2513 2417 2702 2470 Hostia
2729 2433 2922 2486 caesus,
2963 2417 3355 2488 deprecamur,
3386 2421 3446 2470 ut
3481 2416 3645 2470 nobis
3677 2417 3747 2470 de
3791 2423 3845 2470 te

2205 2511 2326 2582 ipso
2353 2511 2574 2565 veniam
2601 2511 2794 2578 dones,
2827 2511 2926 2581 qui
2950 2515 3006 2564 te
3035 2510 3222 2581 ipsum
3243 2509 3492 2564 obtulisti
3523 2527 3628 2582 pro
3655 2509 3840 2564 nobis.

2207 2607 2274 2659 Et
2298 2605 2424 2674 hos,
2453 2621 2592 2676 quos
2633 2604 2888 2659 recitatio
2917 2603 3381 2658 commemoravit
3418 2608 3546 2658 ante
3587 2607 3844 2658 sanctum

2205 2697 2402 2768 altare,
2433 2699 2530 2770 qui
2559 2698 2618 2752 in
2645 2714 2844 2768 pacem
2865 2698 2986 2768 jam
3023 2703 3180 2750 tuam
3206 2697 3275 2750 ab
3313 2696 3401 2750 his
3441 2700 3572 2751 sunt
3607 2697 3847 2752 vinculis

2209 2793 2496 2863 corporeis
2533 2791 2810 2860 translati,
2851 2807 3200 2862 quaesumus,
3241 2789 3496 2860 Domine,
3525 2795 3590 2844 ut
3635 2795 3692 2844 te
3739 2791 3846 2844 ha-

2207 2885 2376 2940 beant
2415 2889 2758 2956 ereptorem,
2793 2899 2964 2954 quem
3003 2901 3106 2954 per
3129 2881 3478 2955 baptismum
3509 2891 3850 2938 meruerunt

2208 2979 2648 3049 Redemptorem
2673 2977 2900 3032 habere.
2932 2978 3038 3032 Sed
3067 2983 3124 3032 et
3151 2977 3196 3032 si
3222 2977 3318 3050 qui
3345 2978 3494 3032 inter
3521 2977 3628 3032 hos
3653 2982 3846 3032 astan-

2209 3077 2312 3139 tes,
2353 3072 2452 3143 qui
2493 3073 2560 3126 ad
2613 3071 2878 3142 baptismi
2930 3071 3188 3125 salutaris
3227 3075 3574 3128 sacramenta
3621 3087 3846 3144 prazpa-

2211 3170 2427 3236 rentur,
2459 3181 2809 3236 quaesumus,
2841 3164 3077 3219 Domine
3103 3165 3248 3220 Deus
3274 3169 3488 3235 noster,
3507 3169 3570 3220 ut
3597 3165 3850 3220 imbutos

2209 3259 2268 3314 in
2293 3258 2424 3329 ﬁde,
2457 3259 2759 3314 instructos
2787 3258 2848 3312 in
2863 3275 3054 3327 sensu,
3073 3259 3438 3314 confirmatos
3463 3259 3520 3313 in
3545 3260 3754 3330 gratia,
3779 3260 3850 3314 ad

2209 3352 2626 3424 percipiendam
2681 3352 3094 3424 plenitudinem
3141 3353 3337 3422 gratia:
3415 3357 3548 3422 tuae,
3608 3353 3852 3423 Spiritus

2211 3443 2404 3519 236
2435 3446 2516 3501 tui
2549 3463 2786 3502 munere
2817 3447 3018 3517 jubeas
3049 3446 3376 3518 praeparari,
3409 3452 3472 3502 ut
3495 3447 3676 3502 sancti
3697 3447 3850 3502 lava-

2209 3541 2290 3594 cri
2315 3541 2472 3596 fonte
2498 3541 2812 3596 desiderato
2841 3545 3166 3596 mereantur
3193 3542 3429 3596 renasci.
3459 3541 3640 3605 Quod.

2741 3639 2988 3689 Collectio
3013 3639 3078 3688 ad
3109 3653 3314 3703 pacem.

2285 3719 2684 3776 Universorum
2709 3719 2830 3791 ipse
2855 3721 3173 3775 dominator
3204 3721 3304 3793 qui
3329 3721 3602 3791 conditor,
3633 3728 3854 3777 creatu—

2209 3832 2287 3870 ras
2315 3819 2428 3870 tuae
2469 3818 2806 3886 praestanter
2835 3815 3092 3869 amabilis
3127 3819 3182 3870 et
3225 3821 3460 3884 amator,
3493 3816 3586 3870 cui
3631 3816 3852 3871 Martha

2212 3910 2434 3980 satagit,
2463 3909 2638 3963 Maria
2657 3909 2827 3980 pedes
2853 3909 3051 3979 abluit,
3081 3926 3211 3964 cum
3238 3927 3351 3982 quo
3377 3911 3614 3964 Lazarus
3633 3909 3846 3965 redivi-

2213 4019 2313 4057 vus
2339 4002 2622 4058 accumbit
2649 4004 2785 4072 (tota
2808 4019 3014 4075 nempe
3040 4003 3241 4060 domus
3271 4009 3352 4058 est
3379 4004 3438 4058 in
3477 4005 3714 4074 amore),
3739 4021 3846 4058 an-

2211 4113 2322 4151 nue
2349 4097 2498 4168 plebi
2524 4103 2636 4152 tum
2665 4097 2742 4152 ita
2759 4113 2816 4151 se
2841 4097 3149 4153 exercitare
3175 4115 3278 4169 per
3297 4097 3674 4168 dilectionem,
3707 4103 3770 4152 ut
3787 4099 3848 4152 in

2212 4196 2267 4245 te
2295 4191 2468 4262 possit
2493 4191 2652 4245 unita
2681 4208 2912 4246 manere
2941 4207 3047 4264 per
3075 4208 3292 4263 pacem.
3319 4192 3568 4246 Ministra
3595 4192 3654 4245 in
3679 4191 3852 4246 nobis

2213 4285 2336 4338 illas
2361 4285 2632 4356 lacrymas
2659 4302 2796 4356 quas
2839 4287 3008 4340 Maria
3047 4286 3114 4340 de
3153 4287 3332 4342 multa
3367 4286 3664 4340 dilectione
3707 4303 3850 4357 pro-

2213 4377 2370 4448 tulit;
2415 4378 2656 4450 ﬂagrare
2685 4379 2998 4434 orationem
3039 4383 3294 4435 nostram
3333 4379 3522 4450 facito,
3563 4380 3706 4434 sicut
3743 4397 3854 4435 un-

2218 4477 2494 4544 guentum
2519 4473 2803 4545 pisticum,
2825 4475 2994 4530 sacris
3023 4475 3228 4546 plantis
3245 4475 3516 4542 infusum,
3535 4475 3724 4529 Mariae
3751 4475 3855 4531 fla-

2215 4567 2416 4637 gravit,
2439 4571 2504 4622 ut
2523 4583 2648 4624 eam
2664 4585 2863 4640 pacem
2882 4585 3296 4640 consequamur
3319 4585 3422 4641 per
3448 4569 3634 4624 oscula
3653 4575 3854 4625 nostra

2213 4660 2274 4714 in
2301 4660 2635 4716 alterutrum
2663 4667 2941 4734 porrecta,
2971 4679 3142 4735 quam
3169 4667 3514 4735 consequuta
3541 4667 3626 4718 est
3649 4664 3848 4732 Maria,

2215 4752 2302 4808 sui
2333 4754 2587 4810 osculans
2629 4755 3023 4827 Redemptoris
3059 4757 3314 4829 vestigia,
3344 4756 3594 4812 Salvator
3619 4757 3850 4814 mundi.

2767 4853 3056 4904 lmmolatio
3089 4853 3278 4904 missae.

2283 4929 2422 4987 Vere
2449 4925 2689 5004 dignum
2715 4937 2771 4988 et
2787 4929 3006 5004 justum
3032 4937 3134 5004 est,
3167 4935 3290 5006 tibi,
3313 4936 3572 5006 Domine,
3595 4936 3668 4992 ab
3689 4941 3854 4996 omni

2215 5039 2373 5094 sexu,
2402 5029 2566 5080 aetate
2602 5031 2659 5082 et
2693 5042 2862 5082 sensu
2891 5023 3074 5084 dicere
3104 5027 3329 5084 laudem
3363 5029 3424 5084 in
3448 5029 3554 5085 hac
3579 5029 3672 5086 die
3691 5033 3856 5104 jeju-

2213 5117 2315 5188 nii,
2345 5121 2401 5173 et
2443 5118 2624 5174 laudis
2653 5123 2766 5174 tuae
2795 5121 3090 5192 trimphali
3123 5123 3426 5194 praeconio,
3457 5141 3572 5196 quo
3610 5125 3682 5179 ab
3727 5127 3862 5184 Hie-

2215 5211 2507 5283 rosolymis
2537 5217 2594 5268 et
2621 5213 2896 5268 Bethania
2927 5223 3294 5274 occurrerunt
3321 5219 3424 5274 tibi
3451 5219 3716 5291 plurimae
3745 5238 3856 5292 po-

2215 5305 2482 5376 pulorum
2509 5310 2764 5375 catervae,
2793 5323 2910 5364 una
2937 5327 3070 5367 voce
3096 5317 3510 5384 perstrepentes
3544 5330 3558 5368 :
3589 5313 3862 5372 Hosanna

2217 5399 2321 5453 Fili
2347 5399 2542 5468 David,
2583 5399 2912 5457 benedictus
2937 5403 3038 5476 qui
3063 5405 3219 5461 venit
3251 5405 3311 5460 in
3336 5407 3570 5462 nomine
3599 5407 3858 5466 Domini.

2215 5491 2338 5546 Tibi
2373 5491 2524 5548 enim
2567 5509 2700 5549 cum
2725 5494 2922 5567 lingua
2963 5513 3127 5552 coma
3167 5499 3393 5556 servivit
3427 5501 3684 5574 arborea,
3715 5519 3864 5558 cum

2215 5599 2448 5640 arenosa
2489 5587 2694 5643 itinera
2733 5590 2908 5644 ramis
2955 5591 3250 5648 viruerunt
3290 5596 3620 5667 composita.
3665 5597 3866 5654 Plebis

2215 5691 2440 5751 quoque
2455 5681 2856 5740 indumentum
2869 5683 2979 5740 tuis
2993 5685 3199 5758 plantis
3214 5687 3864 5766 sternitur,nudatisque

561 5825 586 5857 ⁸
611 5827 719 5882 Pro
747 5820 1036 5880 Dominica
1063 5819 1123 5876 in
1149 5815 1376 5892 Palmis,
1405 5819 1470 5872 ut
1499 5819 1729 5874 notatur
1761 5817 1823 5874 in
1849 5817 1946 5876 lib.
1977 5835 2018 5874 ιι
2041 5819 2113 5877 ad
2147 5821 2300 5880 hunc
2325 5822 2494 5896 diem,
2525 5832 2582 5886 et
2607 5827 2844 5886 inferius
2871 5829 2931 5888 in
2957 5831 3160 5889 Missali
3187 5833 3486 5894 Gallicano.
