4054 6188
175 234 275 287 265

1254 235 1341 291 DE
1378 236 1690 293 LITURGIA
1725 233 2097 293 GALLICANA
2134 233 2331 294 LIBER
2367 239 2456 294 III.

3434 246 3537 299 266

172 339 300 394 viris
351 339 445 394 via
493 339 767 411 vestitur;
819 341 1030 397 Victori
1084 358 1229 398 novo
1275 345 1522 416 populus
1573 348 1806 416 prastat
1826 357 1884 430 Α
1904 344 2036 401 fidei
2063 345 2357 402 devotione
2382 346 2640 415 conlatis,
2668 351 2885 403 mutuae
2927 349 3168 406 invicem
3210 349 3541 407 sollicitudi-

172 433 553 504 triumphum.
583 434 774 506 Surgit
790 439 940 490 totus
967 436 1183 492 clamor
1198 438 1258 492 in
1286 438 1485 504 laude;
1515 456 1679 495 voces
1697 440 1809 495 cla-

172 527 456 582 mantium
499 531 800 599 penetrant
825 531 1124 601 templum,
1157 531 1406 587 dicentes
1435 549 1448 586 :
1483 534 1813 590 Benedictus

173 620 267 690 qui
293 620 452 675 venit
479 621 539 675 in
568 621 796 676 nomine
825 623 1071 678 Domini.
1092 625 1248 696 Ecce,
1278 626 1649 694 Hierusalem,
1679 645 1812 700 qua-

171 712 300 768 liter
328 713 438 768 tibi
467 715 587 768 Rex
631 718 762 769 tuus
797 717 996 771 sedens
1035 735 1205 789 super
1233 719 1455 774 asinum
1483 727 1811 777 mansuetus

172 805 420 861 advenit.
452 807 665 862 Adveni
693 824 851 880 ergo,
883 827 1170 882 rogamus,
1192 816 1247 867 et
1270 811 1331 867 in
1355 813 1611 868 medium
1637 815 1814 875 nostri

171 899 420 970 adsiste;
463 905 521 956 et
563 902 663 973 qui
691 918 796 957 nos
830 907 965 958 tunc
993 905 1266 977 reparasti
1300 923 1403 978 per
1432 923 1678 980 crucem,
1709 925 1814 981 per

172 993 346 1048 istum
378 993 736 1051 immolatum
765 1014 972 1069 panem
999 1003 1055 1053 et
1081 1000 1420 1071 sanguinem
1450 1001 1661 1057 iterum
1688 1001 1810 1074 lap-

173 1102 262 1141 sos
303 1103 527 1159 repara,
574 1095 640 1144 ut
671 1094 727 1144 te
754 1091 1018 1146 advenire
1045 1092 1103 1147 in
1131 1093 1336 1148 nostris
1377 1095 1643 1150 cordibus
1681 1111 1810 1150 sen-

175 1180 406 1248 tientes,
435 1197 700 1238 exeamus
729 1183 954 1238 obviam
988 1185 1093 1253 tui,
1131 1190 1188 1241 et
1232 1203 1364 1242 cum
1405 1188 1664 1260 supernis
1705 1188 1814 1244 illis

172 1273 482 1330 virtutibus
507 1275 820 1332 clamemus
849 1278 1097 1334 dicentes
1128 1297 1141 1334 :
1173 1280 1426 1336 Sanctus.

804 1381 927 1430 Post
961 1381 1194 1430 Sanctus.

245 1462 381 1516 Hac
405 1468 490 1518 est
527 1463 649 1519 sine
684 1464 798 1520 ﬁne
825 1465 1081 1535 felicitas,
1112 1466 1233 1520 hac
1261 1471 1344 1520 est
1375 1466 1667 1522 beatitudo
1694 1468 1815 1522 sine

174 1554 449 1622 termino,
491 1556 569 1610 sic
617 1558 730 1612 Deo
764 1558 1153 1614 indesinenter
1194 1560 1435 1629 barere,
1477 1564 1545 1615 ut
1584 1560 1701 1632 ipse
1745 1561 1819 1616 sit

175 1663 328 1719 spes,
359 1647 482 1719 ipse
521 1649 592 1704 sit
620 1651 860 1722 requies.
905 1653 966 1705 In
1009 1652 1133 1723 ipso
1176 1652 1374 1724 vigilet
1409 1653 1723 1724 negotium,
1756 1654 1816 1707 in

1910 440 1997 495 nis
2025 445 2151 496 vota
2193 457 2541 512 promamus,
2575 459 2609 496 a
2635 441 2858 497 Domini
2900 441 3107 515 pietate
3145 449 3438 516 poscentes
3476 450 3540 501 ut

1911 535 2078 590 corda
2117 535 2374 590 omnium
2415 537 2752 592 offerentum
2794 537 2864 591 ad
2908 537 3151 593 hostiam
3188 537 3540 594 rationabilis

1913 633 1970 682 et
1996 629 2344 700 complacita
2365 629 2470 684 sibi
2491 630 2942 685 sanctificationis
2961 632 3250 700 emundet,
3280 637 3337 687 et
3357 632 3543 704 quies-

1913 721 2159 777 centium
2189 723 2410 777 animas
2439 723 2500 777 in
2530 723 2658 778 sinu
2681 723 2920 779 Abraha
2933 724 3226 780 .collocare
3251 725 3539 798 dignetur,

1913 818 1971 870 et
1997 815 2056 870 in
2083 819 2242 888 parte
2270 817 2474 888 prima
2504 817 2929 874 resurrectionis
2967 818 3248 875 admittat.
3285 820 3392 875 Per
3427 820 3538 874 Do-

1913 909 2134 965 minum
2163 915 2442 967 nostrum.

2435 1004 2686 1055 Collectio
2724 1005 2789 1054 ad
2818 1019 3021 1069 pacem.
3113 1049 3127 1060 .

1987 1089 2150 1159 Deus,
2187 1087 2282 1160 qui
2315 1091 2670 1159 assumptum
2700 1087 2992 1142 hominem
3019 1093 3312 1144 evecturus
3340 1087 3408 1144 ad
3435 1105 3544 1145 ca-

1914 1183 2017 1249 los,
2057 1183 2207 1237 inter
2243 1180 2531 1252 pracipua
2575 1181 2973 1236 mandatorum
3017 1185 3246 1237 tuorum
3288 1181 3547 1255 patrihus

1915 1276 2126 1331 nostris
2167 1276 2435 1347 apostolis
2475 1292 2672 1347 pacem
2715 1275 3011 1348 reliquisti,
3046 1274 3232 1332 tribue
3269 1275 3432 1332 nobis
3470 1277 3548 1331 fa-

1916 1370 2084 1424 mulis
2110 1369 2222 1424 tuis
2247 1369 2611 1425 sectatoribus
2636 1369 2990 1440 eorumdem,
3007 1385 3110 1441 per
3130 1369 3421 1433 exterioris
3448 1369 3548 1425 ho-

1919 1462 2086 1517 minis
2107 1462 2382 1530 osculum,
2410 1462 2693 1517 interioris
2713 1462 2962 1518 hominis
2983 1478 3205 1534 pacem.
3225 1463 3382 1527 Quod
3404 1462 3543 1534 ipse.

2470 1555 2758 1605 Immolatio
2802 1555 2990 1606 missa.
3501 1592 3510 1599 -

1989 1634 2182 1710 238
2220 1637 2468 1707 Dignum
2494 1641 2551 1690 et
2567 1637 2788 1706 justum
2817 1641 2900 1691 est
2925 1653 3028 1708 per
3049 1637 3074 1691 J
3081 1653 3237 1691 esum
3257 1636 3544 1692 Christum

173 1742 301 1812 ipso
326 1742 509 1796 otium
527 1744 908 1816 conquiescat.
940 1745 1025 1800 Sic
1048 1745 1213 1799 nobis
1229 1746 1420 1800 cibum
1446 1745 1816 1817 prabendum
1838 1745 1894 1816 B
1919 1730 2124 1785 Filium
2153 1735 2316 1784 tuum
2347 1729 2656 1784 Dominum
2683 1734 2963 1784 nostmm-
2983 1730 3089 1793 Qui
3118 1745 3350 1785 5110mm
3377 1729 3549 1802 Pedes

174 1835 264 1889 vel
294 1835 589 1906 poculum,
622 1839 689 1891 ut
715 1837 986 1908 quicquid
1011 1839 1400 1910 praiiguravit
1425 1838 1484 1893 in
1513 1839 1816 1910 mysteriis,

177 1927 382 1983 reddat
408 1929 470 1983 in
497 1930 764 2002 praemiis,
786 1947 890 2002 per
918 1931 1205 1988 Christum
1230 1932 1534 1988 Dominum
1559 1936 1817 1988 nostrum

179 2021 284 2086 Qui
316 2023 470 2093 prid.

816 2094 940 2144 Post
963 2098 1183 2146 secreta.

250 2179 456 2252 Aspice
494 2179 554 2232 in
581 2178 718 2234 calo
745 2178 906 2234 vultu
933 2185 1054 2247 tuo,
1082 2180 1175 2252 pie
1197 2181 1510 2252 miserator,
1540 2181 1662 2237 hac
1697 2198 1819 2237 mu-

179 2289 338 2343 nera,
369 2272 470 2344 qui
496 2288 721 2344 semper
739 2289 798 2328 es
823 2291 1140 2345 propensus
1168 2275 1237 2329 ad
1265 2275 1409 2330 dona
1424 2293 1440 2343 ;
1467 2279 1522 2330 et
1545 2275 1668 2347 ipsa
1687 2293 1821 2332 con—

179 2366 553 2438 templatione
604 2365 790 2420 oblata
854 2367 1163 2423 sanetitices
1210 2368 1455 2423 naturali
1505 2369 1816 2440 majestate,

181 2464 458 2533 perpetua
501 2465 724 2515 sanctus
764 2476 843 2530 es,
889 2463 946 2517 et
984 2465 1174 2516 sancta
1220 2461 1462 2532 largiris.
1501 2462 1662 2527 Quod
1697 2463 1818 2534 ipse

221 2559 373 2609 rast.

221 2571 373 2609 rasr.

181 2571 216 2626 Ρ
591 2625 720 2674 Ante
745 2623 1034 2674 orationem
1058 2625 1400 2675 Dominicam.

256 2707 450 2783 237
484 2708 910 2763 Venerabilibus
936 2709 1226 2764 informati
1252 2712 1574 2784 praceptis,
1607 2711 1821 2767 incitati
1887 2728 1892 2733 '

181 2819 422 2859 munere
474 2802 720 2874 pietatis,
771 2803 870 2874 qui
918 2803 1102 2857 Maria
1143 2804 1330 2859 ﬂentis
1379 2806 1657 2876 lacrymas
1703 2821 1818 2859 non

181 2896 424 2970 spernis,
453 2896 655 2950 Lazaro
681 2895 983 2967 dignanter
1011 2903 1456 2968 cognomentum
1490 2897 1680 2953 fratris
1707 2898 1816 2966 im-

183 2991 369 3064 ponis,
399 2989 657 3045 Ecclesiae
685 2989 905 3044 soboles
929 2991 1179 3062 appellas
1214 3008 1311 3047 ore
1352 2992 1549 3064 gratiae
1585 2993 1818 3047 cohere-

183 3084 303 3153 des,
333 3085 438 3140 tibi
465 3083 744 3155 supplices
769 3084 1100 3155 clamamus,
1129 3089 1186 3140 et
1214 3085 1451 3141 dicimus
1481 3103 1495 3141 :
1524 3088 1708 3142 Pater.

605 3187 730 3235 Post
753 3186 1041 3236 orationem
1063 3186 1406 3237 Dominicam.

256 3274 489 3339 Exerce,
511 3271 796 3341 liberator,
816 3271 876 3326 in
892 3272 1054 3327 nobis
1069 3273 1215 3344 juris
1231 3273 1447 3346 proprii
1474 3273 1818 3348 facultatem,

183 3367 285 3440 qui
309 3366 502 3420 Lazari
538 3366 828 3435 virtutem,
869 3353 1053 3421 Maria
1081 3367 1371 3438 pietatem,
1399 3368 1629 3423 Martha
1659 3367 1820 3423 labo-

187 3477 312 3516 rem
353 3476 705 3528 remuneras,
745 3458 994 3515 favorem
1034 3461 1213 3532 plebis
1262 3461 1490 3531 excitas,
1537 3465 1593 3516 et
1643 3461 1822 3516 Patris

188 3571 320 3609 voce
351 3553 588 3608 concina
633 3552 897 3624 gloriaris
926 3553 1284 3625 omnipotens
1312 3555 1476 3610 Deus.
1505 3554 1612 3618 Qui
1656 3554 1717 3608 in
1757 3555 1819 3609 T.

520 3665 738 3720 XXVIII.
781 3681 940 3722 MISSA
979 3683 1031 3721 IN
1072 3681 1236 3723 coam
1275 3680 1487 3722 eoum.

259 3766 704 3833 Sacrosanctam,
748 3763 952 3819 fratres
990 3764 1357 3834 dilectissimi,
1417 3763 1690 3819 hodierna.
1733 3761 1822 3818 die

187 3857 524 3913 inchoanda
550 3857 776 3912 Pascha
796 3857 1250 3928 sollemnitatem,
1267 3875 1330 3912 ac
1358 3855 1708 3912 salutiferam
1731 3855 1826 3910 do-

190 3951 417 4007 minica
445 3950 844 4006 immolationis
879 3950 1125 4022 efﬁgiem
1155 3950 1212 4006 in
1251 3951 1524 4006 sacrificio
1565 3947 1821 4021 spiritali,

191 4045 416 4100 Christo
456 4044 745 4115 offerente,
777 4045 1145 4115 transfusam,
1174 4061 1288 4099 non
1309 4045 1434 4116 jam
1457 4044 1517 4098 in
1546 4042 1822 4098 amaritu-

188 4138 322 4194 dine
351 4139 554 4210 azymi,
584 4154 770 4210 neque
795 4137 854 4192 in
884 4138 1164 4193 fermento
1192 4137 1393 4194 veteris
1418 4137 1650 4192 malitia
1678 4136 1823 4192 cele-

187 4227 442 4302 brantes,
471 4231 570 4286 sed
597 4229 655 4285 in
681 4247 824 4285 nova
851 4233 910 4286 et
931 4229 1150 4286 sincera
1176 4230 1590 4303 consparsione,
1617 4229 1823 4284 imma-

190 4326 408 4381 culatas
445 4325 617 4380 sacris
644 4325 917 4380 altaribus
962 4326 1170 4380 hostias
1201 4325 1520 4395 offerentes,
1564 4323 1824 4394 omnipo-

190 4424 412 4475 tentem
441 4419 620 4474 Deum
645 4435 748 4491 per
790 4419 1148 4492 unigenitum
1193 4419 1396 4474 Filium
1437 4434 1606 4473 suum
1645 4416 1828 4471 Domi-

1918 1823 2327 1896 discipulorum
2351 1823 2524 1878 linteo
2547 1823 2884 1894 pracinctus
2904 1822 3102 1890 abluit,
3131 1827 3188 1878 et
3212 1823 3549 1879 humilitatis

1918 1918 2243 1988 exemplum
2255 1916 2593 1971 transiturus
2607 1916 2819 1971 eisdem
2847 1916 2916 1970 de
2935 1916 3148 1970 mundo
3167 1916 3416 1987 reliquit.
3430 1917 3544 1970 Ma-

1921 2011 2096 2083 gister
2106 2010 2320 2083 quippe
2335 2009 2658 2065 verissimus
2679 2009 3140 2080 factisinformat,
3156 2027 3296 2082 quos
3313 2009 3548 2065 monitis

1919 2105 2259 2159 salutaribus
2286 2104 2613 2175 frequenter
2635 2103 3004 2158 instruxerat.
3033 2104 3140 2159 Sed
3175 2103 3313 2176 quid
3337 2103 3547 2158 mirum

1920 2197 1966 2253 si
1995 2198 2296 2270 praecinxit
2323 2215 2382 2252 se
2411 2197 2612 2267 linteo,
2653 2197 2753 2269 qui
2791 2197 3035 2252 formam
3077 2197 3221 2252 servi
3245 2197 3546 2268 accipiens,

1918 2291 2121 2346 habitu
2147 2296 2230 2347 est
2255 2292 2518 2346 inventus
2543 2295 2606 2346 ut
2624 2291 2837 2345 homo?
2861 2295 2960 2346 aut
2982 2290 3118 2362 quid
3145 2290 3358 2347 mirum
3383 2291 3427 2344 si
3448 2290 3552 2345 mi-

1919 2385 1992 2440 sit
2015 2402 2222 2457 aquam
2253 2385 2310 2440 in
2335 2385 2577 2457 pelvem,
2605 2389 2670 2439 ut
2695 2384 2906 2439 lavaret
2930 2384 3100 2456 pedes
3120 2383 3548 2456 discipulorum,

1919 2479 2019 2551 qui
2042 2478 2102 2533 in
2127 2483 2282 2534 terra
2307 2479 2644 2550 sanguinem
2660 2477 2824 2548 fudit,
2845 2482 2910 2532 ut
2930 2476 3352 2532 immunditiam
3376 2477 3552 2533 dilue—

1918 2577 2006 2628 ret
2021 2576 2379 2644 peccatorum
2390 2572 2417 2626 ?
2437 2573 2531 2627 llle
2545 2572 2736 2643 itaque
2754 2571 2929 2626 linteo
2945 2588 3057 2642 quo
3076 2574 3198 2626 erat
3210 2571 3548 2642 pracinctus

1918 2666 2092 2738 pedes
2117 2682 2257 2737 quos
2280 2665 2493 2720 laverat
2518 2664 2700 2731 tersit,
2721 2665 2819 2735 qui
2848 2680 3014 2718 carne
3040 2681 3154 2735 qua
3178 2668 3298 2719 erat
3320 2663 3551 2718 indutus

1921 2777 2056 2816 evan
2063 2759 2396 2830 gelistarum
2413 2756 2653 2829 vestigia
2665 2757 3039 2814 confirmavit.
3056 2756 3213 2811 Lavit
3230 2773 3367 2828 ergo
3379 2757 3550 2828 pedes

1921 2852 2325 2924 discipulorum
2342 2851 2613 2906 Dominus
2630 2869 2646 2920 ;
2671 2867 2919 2922 quorum
2939 2855 3128 2906 autem
3154 2850 3326 2922 pedes
3341 2850 3550 2906 extrin-

1920 2963 2080 3003 secus
2104 2946 2386 3012 abluebat,
2406 2945 2659 3017 ipsorum
2678 2944 2896 2998 animas
2922 2943 3291 3015 indulgentia
3309 2944 3552 3016 hyssopo

1920 3039 2254 3096 intrinsecus
2263 3037 3552 3110 expiabat.0admirabile.sacramentum,gran—

1839 3123 1895 3197 C
1921 3135 1990 3189 de
2023 3132 2390 3206 mysterium!
2424 3132 2703 3188 Turbatur
2736 3133 2934 3187 Petrus
2959 3147 3193 3186 cernens
3228 3131 3553 3202 exemplum

1919 3232 2090 3282 tanta
2117 3226 2454 3282 humilitatis
2480 3226 2541 3280 in
2566 3242 2696 3296 rege
2721 3229 2891 3280 tanta
2911 3224 3244 3295 majestatis;
3280 3224 3556 3280 tremiscit

1920 3338 2132 3394 pavens
2144 3320 2490 3388 humanitas,
2514 3319 2647 3391 quia
2669 3318 2737 3372 ad
2757 3319 2876 3389 ejus
2897 3318 3130 3389 vestigia
3149 3332 3268 3371 sese
3286 3317 3554 3372 inclinare

1923 3415 2192 3487 dignatur
2219 3413 2508 3468 Divinitas.
2533 3411 2641 3467 Sed
2664 3411 2776 3466 nisi
2793 3412 2935 3465 Deus
2963 3410 3033 3464 ad
3047 3409 3340 3464 hominem
3369 3410 3554 3464 humi-

1921 3507 2088 3562 liatus
2101 3507 2488 3574 inclinaretur,
2513 3505 2583 3559 ad
2606 3505 2785 3559 Deum
2806 3504 2976 3558 homo
2992 3507 3210 3559 erectus
3235 3519 3552 3577 numquam

1922 3601 2224 3657 levaretur.
2282 3602 2358 3656 Ex
2418 3603 2554 3654 tunc
2605 3597 2758 3653 enim
2802 3598 2974 3652 homo
3020 3596 3332 3652 viventium
3377 3601 3555 3653 terras

1923 3695 2092 3766 coepit
2117 3694 2403 3766 adpetere,
2443 3709 2512 3748 ex
2541 3708 2652 3764 quo
2683 3692 2829 3746 Deus
2859 3690 2918 3746 in
2942 3690 3174 3762 regione
3201 3690 3552 3762 mortalium,

1923 3788 2291 3844 humanitatis
2334 3791 2418 3842 est
2445 3786 2709 3859 dignatus
2736 3787 2933 3841 lumen
2971 3784 3289 3842 ostendere.
3331 3788 3473 3841 Ante
3503 3802 3553 3841 c.

2551 3880 2676 3930 Post
2703 3880 2937 3930 Sanctus.

1997 3967 2135 4021 Vere
2171 3968 2394 4020 sanctus
2427 3966 2483 4018 et
2509 3962 2698 4034 justus
2737 3979 2816 4033 es,
2853 3960 3110 4031 Domine,
3144 3977 3275 4017 vere
3312 3977 3556 4033 magnus

1926 4064 1982 4116 et
2012 4059 2142 4131 pius
2174 4075 2253 4126 es,
2285 4056 2383 4130 qui
2409 4056 2614 4111 Filium
2641 4061 2806 4111 tuum
2831 4056 3140 4111 Dominum
3171 4059 3431 4110 nostrum
3461 4053 3553 4111 Je-

1925 4169 2052 4209 sum
2075 4152 2362 4208 Christum
2382 4151 2542 4206 nobis
2569 4150 2766 4206 lumen
2792 4149 2863 4205 ad
2887 4154 3068 4205 terras
3087 4164 3157 4203 ex
3183 4163 3408 4203 summa
3434 4147 3555 4203 coeli

1925 4244 2051 4308 arce
2102 4250 2303 4307 misisti
2351 4249 2702 4321 captivorum
2758 4262 3063 4319 corporum
3111 4245 3552 4317 redemptorem.

1927 4347 2048 4418 Ipse
2075 4345 2228 4400 enim
2254 4361 2313 4416 (Ι.
2557 4413 2679 4461 Post
2701 4412 2916 4460 secreta.

187 4530 336 4568 num
386 4490 664 4568 nostrum,
703 4490 915 4568 Jesum
947 4514 1232 4569 Christum
1284 4514 1685 4585 deprecemur;
1729 4500 1904 4582 quiD
1996 4500 2191 4569 Αεηιιε
2218 4494 2336 4564 Dei:
2380 4493 2480 4565 qni
2522 4491 2669 4547 ῖοΠίε
2706 4494 2935 4562 Peccata
2977 4491 3201 4585 φηᾨάίν
3241 4490 3456 4585 ξ’θεΡίοθ
3494 4491 3555 4548 in

190 4607 318 4662 hac
345 4608 406 4662 in
436 4607 578 4662 sacri
614 4607 862 4679 corporis
892 4611 945 4662 et
973 4607 1265 4680 sanguinis
1301 4607 1387 4662 sui
1419 4606 1699 4662 oblatione
1737 4604 1830 4660 be-

190 4701 459 4756 nedicere
485 4706 542 4756 et
565 4699 908 4756 sanctificare
949 4701 1216 4773 dignatus
1240 4706 1342 4771 est,
1371 4702 1450 4755 ita
1473 4699 1828 4756 offerentium

187 4794 547 4850 famulorum
572 4811 805 4850 suorum
828 4811 1066 4850 munera
1087 4795 1274 4850 oblata
1289 4795 1618 4864 benedicat;
1649 4798 1713 4849 ut
1731 4809 1832 4866 per

188 4888 653 4944 inlustrationem
683 4888 922 4960 Spiritus
957 4889 1153 4960 sancti,
1182 4889 1565 4944 deferentibus
1594 4888 1827 4958 nuntiis,

189 4982 340 5038 odor
367 4982 650 5038 suavitatis
677 4982 956 5039 ascendat.
985 4985 1093 5039 Per
1118 4983 1427 5039 Dominum
1452 4985 1710 5038 nostrum
1737 4983 1827 5037 Je-

190 5092 325 5132 sum
348 5075 634 5132 Christum
668 5077 766 5132 Fil.

751 5177 1000 5228 Collectio
1029 5178 1278 5243 sequitur.

273 5263 422 5319 Deus
447 5261 976 5334 sanctiﬁcationum,
1006 5267 1063 5320 et
1087 5264 1359 5319 Dominus
1389 5260 1698 5319 calestium
1727 5259 1833 5315 vir-

193 5363 412 5426 tutum,
456 5356 656 5412 exaudi
698 5372 892 5428 preces
933 5349 1171 5425 nostras,
1200 5363 1257 5413 et
1298 5357 1651 5413 benedictam
1690 5354 1834 5409 hanc

192 5451 450 5525 plebem,
473 5449 699 5505 Domini
723 5451 904 5505 nostri
928 5452 1058 5506 Jesu
1084 5451 1290 5506 Christi
1318 5451 1674 5522 redemptam
1702 5464 1832 5503 san-

196 5545 400 5619 guine,
431 5543 500 5600 de
526 5543 658 5600 sede
685 5549 892 5618 sancta,
920 5543 1314 5602 inaccessibilis
1339 5543 1581 5616 claritas,
1612 5541 1832 5601 exaudi.

195 5638 313 5695 Per
338 5643 500 5694 eoat.

833 5705 952 5759 Post
975 5707 1208 5759 nomina.

1927 4609 2049 4662 nos,
2081 4595 2139 4646 et
2162 4589 2429 4645 miserere
2472 4586 2656 4656 nobis,
2688 4585 2870 4640 factus
2895 4583 3060 4640 nobis
3087 4583 3206 4656 ipse
3244 4583 3428 4640 hostia
3456 4585 3554 4658 qui

1929 4685 2206 4754 sacerdos,
2242 4683 2362 4754 ipse
2405 4680 2710 4754 praemium
2747 4678 2847 4750 qui
2889 4679 3267 4751 Redemptor;
3313 4695 3346 4733 a
3394 4678 3558 4735 malis

1929 4779 2192 4836 omnibus
2217 4793 2356 4849 quos
2384 4774 2697 4844 redemisti,
2729 4773 2966 4842 custodi,
2989 4773 3100 4829 Sal.

2341 4871 2471 4920 Ante
2501 4869 2790 4918 orationem
2815 4865 3158 4916 Dominicam.

1998 4953 2119 5008 Vivi
2143 4952 2308 5025 panis
2332 4951 2600 5007 alimenta
2626 4954 2682 5005 et
2707 4949 2849 5005 sacri
2876 4946 3166 5020 sanguinis
3193 4945 3339 5001 dona
3367 4962 3558 5019 sump-

1930 5048 2065 5120 turi,
2110 5045 2396 5103 Dominica
2446 5062 2611 5119 prece
2659 5048 2878 5100 mentes
2926 5045 2982 5097 et
3020 5040 3188 5096 corda
3241 5039 3556 5100 firmemus.

1931 5148 2210 5217 Agnoscat
2235 5141 2550 5197 Altissimus
2579 5138 2701 5194 Filii
2726 5138 2814 5193 sui
2851 5153 3076 5206 vocem;
3115 5138 3173 5191 et
3203 5135 3372 5192 verba
3395 5137 3559 5194 Chri-

1932 5240 2003 5294 sti
2029 5239 2100 5294 ad
2124 5253 2286 5293 aures
2314 5237 2580 5290 Paternas
2608 5232 2898 5288 concordis
2925 5229 3122 5304 populi
3146 5229 3357 5288 clamor
3379 5231 3560 5289 adtol-

1933 5334 2014 5389 lat
2042 5337 2098 5390 et
2116 5331 2262 5388 dicat
2293 5347 2306 5385 :
2334 5331 2518 5385 Pater.

2338 5424 2462 5473 Post
2495 5421 2785 5472 orationem
2813 5419 3158 5471 Dominicam.

2007 5508 2224 5576 Libera,
2263 5504 2516 5571 Domine,
2548 5502 2724 5556 libera
2766 5516 2873 5556 nos
2913 5500 2985 5556 ab
3025 5500 3184 5556 omni
3223 5498 3396 5566 malo,
3440 5505 3498 5555 et
3533 5516 3568 5556 δ

1936 5599 2252 5658 fortissimis
2303 5595 2635 5654 adversariis
2677 5595 2900 5652 diabolo
2939 5597 2997 5650 et
3033 5597 3239 5662 morte,
3292 5606 3380 5661 ea,
3437 5605 3567 5664 qua

1941 5694 2154 5754 cunctis
2179 5693 2380 5752 fortior
2407 5697 2510 5763 est,
2528 5689 2753 5748 virtutis
2778 5695 2836 5748 et
2859 5688 3106 5746 dexterae
3132 5694 3246 5746 tua
3272 5686 3576 5756 protectio-

281 5795 526 5852 Diversis
550 5793 934 5851 oblationibus
972 5794 1139 5850 sacris
1180 5794 1468 5867 altaribus,
1499 5809 1614 5852 una
1649 5802 1843 5858 tamen
1941 5810 2015 5851 ne
2044 5789 2308 5849 defende.

535 5893 814 5958 PATROL.
861 5890 1095 5956 LXXII.

3225 5884 3265 5945 ο
