4032 6180
443 301 546 357 267

954 405 1079 457 Post
1117 404 1557 456 communionem.

513 497 768 553 Concede
795 495 974 567 nobis,
1002 495 1360 566 omnipotens
1395 495 1558 562 Deus,
1589 497 1655 550 ut
1681 493 1823 550 sicut
1850 498 2070 566 tempo-

441 589 548 648 rali
576 607 734 648 ccena
759 595 872 646 tuae
899 588 1172 662 passionis
1198 588 1505 660 reﬁcimur,
1534 589 1616 644 ita
1642 588 1836 644 satiari
1863 604 2074 645 merea-

443 703 573 742 mur
609 691 838 740 aeterna.

625 799 793 852 XXIX.
831 810 1107 852 INCIPIUNT
1145 809 1445 852 ORATIONES
1485 811 1538 851 ru
1577 807 1810 852 mnum
1845 807 1886 850 ει.

509 903 700 978 239
745 903 826 958 Da
852 903 1036 974 nobis,
1059 903 1314 970 Domine,
1343 907 1635 974 perpetuae
1663 901 2070 958 benedictionis

435 1015 646 1054 munus
670 998 943 1069 accipere,
989 1013 1091 1068 pro
1120 996 1326 1067 quibus
1349 997 1683 1069 Unigenitus
1709 1001 1860 1066 tuus,
1889 995 2069 1068 sputis

434 1093 647 1163 inlitus,
668 1093 889 1164 palmas
913 1091 1129 1161 accepit
1155 1095 1210 1144 et
1233 1089 1520 1162 colaphos.
1551 1090 1656 1155 Qui
1687 1093 1896 1146 tecum.

915 1203 1087 1253 Oratio
1115 1216 1255 1253 nunc
1275 1203 1342 1252 ad
1372 1203 1598 1253 Sextum.

503 1300 756 1370 Respice,
786 1297 1044 1367 Domine,
1074 1315 1245 1369 super
1269 1299 1414 1352 hanc
1442 1297 1714 1352 familiam
1741 1301 1900 1352 tuam
1927 1313 2062 1368 pro-

431 1393 624 1466 pitius,
650 1408 753 1464 pro
791 1408 902 1464 qua
944 1391 1216 1446 Dominus
1245 1395 1437 1446 noster
1473 1393 1632 1446 Jesus
1669 1389 1921 1446 Christus
1947 1406 2064 1446 non

433 1485 710 1541 dubitavit
746 1484 1007 1539 manibus
1047 1484 1194 1538 tradi
1233 1484 1562 1540 nocentium
1587 1489 1644 1540 et
1673 1483 1850 1539 crucis
1876 1483 2064 1540 subire

427 1582 802 1635 tormentum.
829 1579 936 1633 Per
961 1593 1116 1633 eum.

917 1687 1088 1738 Oratio
1117 1701 1257 1738 nunc
1287 1687 1352 1738 ad
1377 1689 1594 1738 Nonum.

499 1785 668 1853 Deus,
710 1783 808 1855 qui
837 1799 942 1854 pro
977 1783 1369 1854 redemptione
1408 1786 1604 1838 nostra
1635 1781 1900 1854 accepisti
1936 1795 2062 1836 san-

431 1877 663 1950 guinem
686 1878 816 1932 Jesu
840 1875 1068 1946 Christi,
1099 1875 1251 1932 solve
1267 1892 1499 1948 operam
1525 1875 1754 1945 diaboli,
1784 1879 1840 1930 et
1865 1889 2061 1930 omnes

424 1971 656 2042 laqueos
677 1969 966 2041 disrumpe
985 1970 1220 2041 peccati,
1247 1973 1313 2024 ut
1337 1975 1656 2025 creaturam
1683 1968 2062 2041 regeneratio-

425 2063 513 2120 nis
548 2065 708 2122 nulla
733 2064 992 2136 polluant
1015 2062 1274 2135 contagia
1303 2063 1612 2119 vetustatis.
1646 2065 1772 2118 Per.

1005 2173 1179 2225 Oratio
1207 2174 1460 2238 sequitur.

495 2272 640 2326 Deus
678 2287 711 2325 a
745 2285 859 2343 quo
887 2273 944 2325 et
977 2270 1150 2326 Judas
1177 2273 1370 2324 reatus
1398 2267 1486 2323 sui
1525 2268 1784 2340 proditor
1809 2283 2056 2340 poenam,

423 2369 480 2421 et
501 2363 868 2420 confessionis
891 2379 1010 2420 sua:
1033 2363 1180 2418 latro
1202 2362 1505 2434 praemium
1525 2362 1786 2434 sumpsit,
1817 2363 2058 2417 concede

419 2459 582 2514 nobis
608 2457 717 2531 piae
761 2458 1047 2530 petitionis
1087 2457 1371 2527 effectum,
1401 2461 1464 2512 ut
1510 2457 1653 2512 sicut
1693 2457 1754 2510 in
1793 2456 2058 2528 passione

419 2569 520 2608 sua
547 2553 818 2608 Dominus
845 2557 1038 2607 noster
1069 2553 1227 2607 Jesus
1263 2551 1518 2607 Christus
1551 2551 1768 2606 diversa
1801 2551 2056 2622 utrisque

419 2647 612 2702 intulit
637 2646 920 2719 stipendia
946 2647 1303 2716 meritorum,
1335 2646 1418 2700 ita
1453 2663 1486 2700 a
1520 2646 1703 2716 nobis,
1745 2645 1931 2700 ablato
1959 2661 2054 2700 ve-

417 2742 641 2797 tustatis
657 2757 868 2811 errore,
891 2739 1314 2796 resurrectionis
1339 2756 1458 2795 suae
1482 2740 1726 2812 gratiam
1751 2740 2052 2811 largiatur,

414 2835 522 2892 Per
545 2835 850 2892 Dominum
877 2839 1137 2890 nostrum
1161 2835 1373 2890 Jesum.

615 2950 749 2998 Item
774 2947 1036 2996 orationes
1057 2947 1113 2995 in
1141 2945 1252 2995 Bid.
1285 2944 1367 2994 die
1392 2943 1600 2994 Sabbati
1627 2943 1692 2992 ad
1717 2944 1780 2994 Se
1805 2945 1846 2985 b-

485 3035 666 3099 Deum
694 3043 1144 3114 omnipotentem
1169 3042 1411 3107 Patrem,
1445 3045 1500 3094 et
1541 3040 1765 3109 Filium,
1795 3045 1852 3096 et
1885 3039 2055 3112 Spiri-

417 3142 540 3192 tum
565 3143 845 3206 sanctum,
875 3133 1255 3190 universitatis
1284 3150 1468 3188 unum
1493 3139 1826 3202 creatorem,
1855 3133 1914 3188 in
1949 3134 2053 3188 hac

416 3247 630 3302 magna
675 3228 893 3300 magni
921 3227 1202 3284 matutina
1249 3227 1494 3296 Sabbati,
1546 3227 1814 3282 dominici
1851 3228 2059 3282 scilicet

415 3325 668 3397 corporis
694 3323 934 3396 requiei,
954 3323 1161 3378 fratres
1187 3321 1479 3391 carissimi,
1499 3321 1824 3392 suppliciter
1853 3322 2054 3394 depre-

414 3435 630 3489 camur,
660 3423 726 3474 ut
747 3417 846 3490 qui
875 3417 1057 3472 Adam
1073 3417 1142 3471 de
1167 3415 1467 3489 profundis
1493 3415 1786 3470 infernalis
1807 3415 1928 3469 limi
1953 3415 2058 3470 mi-

414 3512 770 3569 sericorditer
809 3511 1036 3584 eripuit,
1077 3527 1181 3566 nos
1220 3509 1342 3582 ejus
1397 3509 1567 3564 Filius
1615 3509 1684 3564 de
1731 3510 1850 3564 luto
1903 3509 2055 3564 faecis

413 3609 607 3680 hujus,
637 3606 728 3661 cui
753 3606 1109 3675 inhaesimus,
1140 3605 1258 3660 sola
1285 3602 1672 3658 misericordia
1697 3609 1919 3659 tantum
1947 3604 2054 3658 cla-

413 3707 633 3758 mantes
653 3705 836 3756 eruat.
865 3699 1192 3754 Clamamus
1217 3714 1464 3769 namque
1493 3701 1549 3752 et
1575 3711 1823 3768 oramus,
1855 3715 1926 3754 ne
1950 3716 2051 3754 ur-

419 3801 547 3868 geat
572 3811 740 3866 super
764 3809 866 3848 nos
894 3791 1100 3846 inferni
1129 3796 1332 3862 puteus
1355 3808 1417 3846 os
1443 3807 1639 3862 suum;
1663 3791 1811 3847 eruti
1837 3792 1905 3848 de
1929 3791 2051 3848 luto

415 3887 651 3961 peccati,
679 3903 752 3942 ne
777 3885 1106 3957 infigamur.
1135 3886 1242 3940 Per
1267 3885 1596 3941 Dominum.

969 3995 1224 4045 Collectio
1250 3995 1502 4059 sequitur.

491 4092 731 4150 Domine
766 4089 986 4146 Christe
1030 4090 1182 4157 Jesu,
1226 4090 1374 4144 Deus
1421 4089 1512 4162 pie
1565 4091 1768 4146 exaudi
1814 4107 1952 4162 nos;
1995 4095 2052 4148 et

417 4191 648 4263 praesta,
677 4201 1000 4259 precamur,
1038 4201 1164 4256 quae
1208 4183 1375 4238 corde
1402 4199 1701 4256 rogamus;
1731 4189 1788 4240 et
1815 4186 1922 4240 hoc
1951 4202 2048 4241 ro-

419 4297 638 4360 gamus,
672 4286 733 4336 ut
756 4279 862 4336 tibi
899 4279 1244 4350 placeamus,
1273 4277 1376 4332 tibi
1404 4278 1722 4333 haereamus
1749 4280 1868 4334 sine
1895 4280 2046 4352 ﬁne;

419 4385 482 4433 ut
506 4391 729 4448 semper
755 4374 858 4429 tibi
904 4373 1116 4444 gratias
1150 4388 1405 4444 agamus,
1436 4372 1590 4444 quia,
1625 4371 1820 4446 240
1865 4374 2052 4429 Domi-

419 4485 512 4540 ne',
563 4468 854 4526 redemisti
903 4483 1009 4522 nos
1057 4467 1116 4521 in
1170 4472 1440 4522 aeternam
1489 4467 1664 4522 vitam
1717 4469 1786 4522 de
1839 4473 2050 4523 aeterna

1225 295 1556 355 APPENDIX
1593 297 1682 353 AD
1717 295 1938 382 OPERA
1975 297 2208 355 SANCTI
2243 295 2544 354 GERMANI
2581 293 3008 354 PARISIENSIS.

2093 419 2154 493 Α
2435 405 2580 461 XXX.
2623 419 2899 462 purum
2938 420 2992 460 m
3029 415 3270 460 vespam
3309 415 3552 460 Pisam.

3701 295 3811 354 268

2243 500 2468 556 Domini
2513 500 2700 571 gratia
2737 516 2842 571 per
2877 514 3082 571 aquam
3109 502 3164 552 et
3197 496 3470 569 Spiritum
3507 497 3712 567 renati,
3755 503 3817 552 et

2171 610 2274 666 per
2297 593 2676 666 multiplicem
2701 595 2958 649 Paterna:
2977 591 3294 648 dilectionis
3318 591 3700 662 provisionem
3727 590 3816 646 in-

2171 687 2426 744 numeris
2453 688 2669 759 laqueis
2702 686 2986 754 abstracti,
3015 687 3187 757 hujus
3221 684 3424 740 divinaa
3461 685 3816 757 dignationis

2169 785 2461 837 auctorem
2491 782 2798 837 Dominum
2823 782 3054 836 incenso
3075 780 3409 851 vespertinae
3433 779 3618 851 procis
3643 778 3818 834 sacri-

2169 875 2314 944 ficio,
2345 881 2400 931 et
2419 875 2479 930 in
2497 875 2708 932 caelesti
2730 875 2924 948 patina
2949 890 3052 946 per
3079 873 3338 945 spiritum
3363 876 3573 940 erecto,
3599 878 3658 928 et
3671 873 3814 946 igne

2169 969 2264 1024 illo
2292 985 2464 1041 quem
2491 970 2610 1041 ipse
2639 969 2698 1024 in
2727 969 2890 1024 nobis
2927 967 3155 1023 accendi
3199 966 3494 1034 desiderat,
3521 965 3818 1022 sollemni-

2167 1066 2258 1118 ter
2279 1067 2480 1134 assato,
2509 1062 2779 1134 precariis
2814 1061 3126 1130 affectibus,
3155 1061 3354 1115 fratres
3385 1059 3680 1130 carissimi,
3713 1059 3816 1116 de-

2164 1173 2484 1228 precemur,
2511 1161 2576 1212 ut
2617 1157 2796 1212 totius
2823 1157 2954 1211 vitm
2980 1155 3239 1223 crimina,
3269 1159 3324 1209 et
3348 1154 3614 1210 cotidiani
3641 1171 3810 1209 erro-

2164 1250 2244 1305 ris
2271 1251 2536 1320 maculas,
2569 1255 2628 1306 et
2662 1251 2928 1304 humanae
2949 1247 3271 1320 fragilitatis
3299 1247 3506 1316 debita,
3527 1247 3587 1302 in
3612 1248 3754 1302 anni
3789 1259 3812 1289 ε

2163 1344 2495 1415 septimanae
2524 1343 2747 1400 dierum
2785 1341 3177 1415 quadraginta,
3213 1357 3277 1396 ac
3307 1340 3511 1412 sepulti
3547 1342 3812 1412 corporis

2165 1437 2251 1492 sui
2278 1437 2519 1494 Sabbato
2549 1438 2713 1492 nobis
2749 1437 3036 1492 concedat.
3067 1436 3180 1491 Nos
3207 1451 3432 1506 quoque
3457 1435 3516 1489 in
3555 1452 3808 1491 numero

2161 1531 2282 1586 veri
2307 1531 2564 1586 israhelis
2589 1533 2831 1603 Egypto
2855 1529 3050 1602 egredi
3078 1529 3271 1598 faciat;
3303 1533 3359 1583 et
3397 1528 3640 1583 inimicis
3665 1545 3800 1601 per-

2161 1625 2356 1695 cussis,
2395 1625 2456 1680 in
2499 1642 2674 1680 unam
2704 1623 3006 1679 Ecclesiam
3053 1623 3342 1678 catholica
3378 1623 3612 1678 domum
3649 1623 3805 1694 pacis

2159 1719 2383 1773 Domini
2411 1719 2778 1789 celebrantes,
2809 1718 2956 1789 Agni
2983 1717 3332 1772 immaculati
3368 1718 3644 1789 sanguine
3671 1733 3806 1773 cor-

2081 1799 2137 1872 B
2159 1828 2366 1884 porum
2407 1817 2732 1868 nostrorum
2755 1812 3011 1883 postibus
3054 1810 3314 1882 aspersis,
3341 1810 3401 1864 in
3430 1811 3594 1866 istius
3617 1811 3810 1866 noctis

2161 1907 2496 1962 venerabilis
2538 1905 2936 1973 sollemnitate,
2967 1909 3253 1960 vastatura
3285 1905 3562 1960 mundum
3607 1909 3808 1961 morte

2161 2001 2444 2069 defendat,
2473 2000 2762 2056 orantibus
2785 1999 2971 2054 nobis.
2999 1999 3105 2053 Per
3127 1997 3454 2054 Dominum.

2713 2091 2964 2142 Collectio
2993 2089 3242 2154 sequitur.

2230 2173 2448 2229 Christe
2489 2175 2639 2244 Jesu,
2671 2172 2731 2228 in
2763 2188 2998 2244 vespam
3039 2172 3239 2226 mundi
3275 2171 3659 2244 vespertinum
3703 2187 3802 2225 sa-

2159 2267 2434 2322 crificium
2454 2283 2558 2338 per
2582 2283 2809 2321 crucem
2829 2265 3077 2335 effectus,
3109 2265 3346 2338 dignare
3372 2279 3476 2320 nos
3498 2279 3646 2320 nova
3671 2279 3804 2319 cor-

2157 2361 2283 2433 pori
2305 2365 2404 2416 tuo
2429 2361 2550 2416 fore
2579 2361 2606 2402 ἀ
2635 2361 2911 2432 sepulcra.
2944 2359 3052 2416 Sal.

2157 2464 2324 2520 XXXI.
2385 2479 2660 2520 PREFATIO
2713 2479 2780 2519 ΑΒ
2826 2477 2994 2519 INITIO
3045 2477 3235 2518 NOCTIS
3284 2477 3500 2517 SANC'LE
3546 2475 3800 2518 PASCILE.

2226 2567 2526 2618 Auctorem
2565 2561 2727 2632 lucis,
2765 2561 3084 2633 principem
3117 2559 3368 2629 luminis,
3414 2559 3802 2630 inspectorem

2156 2657 2357 2727 cordis,
2397 2657 2752 2712 credentium
2789 2655 3232 2726 redemptorem,
3270 2654 3471 2708 fratres
3503 2653 3804 2708 dilectissi-

2155 2751 2255 2822 mi,
2288 2750 2504 2806 cunctis
2543 2749 2986 2804 confessionibus
3025 2763 3381 2816 veneremur,
3411 2752 3478 2802 ut
3518 2749 3800 2819 vergente

2155 2845 2246 2902 die
2267 2843 2412 2899 vocis
2432 2844 2656 2916 rugitus
2681 2843 2961 2912 exaudiat,
2985 2846 3042 2898 et
3069 2841 3558 2913 supervenientem
3589 2841 3798 2914 caligi-

2063 2987 2068 2996 .
2153 2955 2286 2994 nem
2312 2938 2507 3008 noctis,
2535 2937 2766 2992 luminis
2791 2937 2880 2992 sui
2903 2935 3198 3008 splendore
3223 2935 3509 3000 inlustret,
3531 2951 3602 2989 ne
3633 2937 3713 2989 sit
3731 2935 3794 2990 in

2151 3031 2316 3088 nobis
2341 3033 2452 3086 ulla
2476 3031 2732 3086 tentandi
2772 3029 3122 3101 vexandique
3152 3030 3368 3085 occasio
3399 3029 3794 3086 tenebrarum.

2153 3127 2234 3182 Sit
2261 3131 2454 3182 noster
2489 3125 2768 3192 defensor,
2799 3124 2898 3196 qui
2936 3129 3020 3180 est
3057 3139 3206 3178 verae
3245 3123 3385 3178 lucis
3421 3121 3694 3190 indultor,
3729 3127 3801 3180 ut

2155 3175 2232 3182 τ--
2261 3175 2444 3182 _----_
2494 3175 2768 3192 __-___--_,
2805 3175 2898 3196 Γ-
2942 3175 3019 3180 μ-
3422 3175 3694 3190 ﬁrm”,
3738 3175 3798 3180 ἡ-

2077 3175 2132 3252 C
2158 3237 2382 3292 semper
2407 3220 2585 3274 simus
2625 3220 2686 3274 in
2711 3219 2927 3274 lumine
2971 3218 3112 3289 ejus,
3153 3217 3253 3288 qui
3277 3216 3564 3273 Christum
3603 3217 3798 3272 Domi-

2155 3330 2298 3370 num
2323 3317 2580 3370 nostrum
2609 3313 2920 3386 gloriamur
2947 3316 3254 3366 auctorem.
3283 3313 3408 3366 Per.

2750 3403 2924 3453 Oratio
2948 3402 3199 3466 sequitur.

2227 3479 2381 3550 Rege
2405 3494 2529 3548 nos,
2557 3477 2817 3546 Domine,
2837 3493 2940 3548 per
2975 3476 3224 3531 alternas
3257 3479 3584 3546 temporum
3616 3473 3792 3546 vices,

2155 3576 2212 3628 et
2236 3588 2502 3627 conserva
2527 3589 2634 3627 nos
2663 3587 2767 3642 per
2791 3570 3043 3642 dispares
3067 3570 3290 3625 dierum
3313 3586 3378 3624 ac
3395 3569 3652 3624 noctium
3669 3585 3796 3624 suc-

2153 3666 2452 3735 cessiones,
2479 3670 2545 3720 ut
2569 3665 2748 3737 adjuti
2773 3669 3095 3719 sanctorum
3115 3669 3348 3719 tuorum
3377 3663 3658 3735 precibus,
3691 3663 3794 3735 qui

2152 3760 2304 3815 diem
2331 3761 2485 3814 hunc
2526 3776 2630 3831 per
2653 3775 2864 3813 munus
2908 3757 3308 3813 misericordiae
3347 3763 3455 3812 tua:
3495 3757 3790 3828 duximus,

2151 3860 2376 3909 noctem
2404 3869 2630 3926 quoque
2671 3851 2839 3908 istam
2874 3852 3080 3924 placita
3103 3851 3210 3906 tibi
3235 3851 3554 3906 animarum
3587 3855 3644 3904 et
3671 3866 3796 3906 cor-

2149 3965 2354 4020 porum
2383 3948 2625 4018 puritate
2654 3945 2835 4019 241
2879 3947 3170 4001 ducamus.
3199 3945 3306 4000 Per
3329 3949 3733 4016 resurgentem
3759 3961 3795 4000 a

2150 4041 2391 4096 mortuis
2419 4039 2726 4096 Dominum
2755 4046 3016 4096 nostrum
3039 4042 3230 4097 Jesum
3257 4038 3546 4096 Christum
3573 4038 3792 4094 Filium

2149 4139 2335 4191 tuum.

2148 4235 2341 4291 XXX”.
2383 4249 2702 4290 BENEDICTIO
2742 4250 2891 4291 CERE
2927 4250 3082 4291 ΒΕΑΤῙ
3117 4247 3406 4290 AUGUSTINI
3443 4243 3466 4272 °
3511 4247 3792 4299 EPISCOPI,

2221 4321 2368 4370 QUAM
2414 4323 2594 4364 ΑΒΗΠο
2643 4321 2910 4364 DIACONUS
2959 4321 3068 4362 CUM
3121 4321 3304 4368 ESSET,
3355 4319 3531 4360 BDIDIT
3577 4319 3643 4360 ΕΪ
3703 4321 3796 4362 εε-

2221 4394 2382 4435 CINIT.

2219 4469 2444 4524 Exultet
2463 4468 2584 4539 jam
2609 4467 2864 4540 angelica
2887 4467 3056 4522 turba
3081 4466 3374 4534 caelorum,
3403 4465 3664 4522 exultent
3695 4465 3790 4521 di-

419 4569 622 4622 morte.
650 4563 756 4627 Qui
778 4561 1111 4618 descendisti
1129 4561 1188 4615 in
1213 4562 1416 4630 lacum,
1433 4565 1498 4616 ut
1523 4577 1592 4616 ex
1613 4562 1808 4617 inferis
1833 4563 2046 4619 vinctos
2066 4551 2126 4626 D
2147 4563 2275 4618 vina
2303 4563 2590 4634 mysteria,
2619 4568 2674 4618 et
2698 4579 2803 4634 pro
2833 4561 2974 4616 tanti
3003 4561 3172 4633 Regis
3212 4559 3441 4615 victoria
3467 4559 3601 4614 tuba
3625 4559 3790 4616 into-

423 4660 709 4724 educeres,
739 4655 1014 4710 descende
1035 4671 1188 4710 nunc
1213 4671 1460 4726 quoque,
1491 4671 1808 4728 precamur,
1831 4658 2052 4714 visceri-

421 4753 526 4808 bus
551 4755 666 4806 tua‘.
697 4749 942 4821 pietatis,
977 4753 1040 4803 ut
1077 4766 1148 4804 ex
1175 4749 1411 4803 vinculis
1439 4755 1816 4822 peccatorum,
1847 4753 2052 4824 quibus

419 4829 811 4918 unusquisque
835 4842 1263 4914 constringitur,
1289 4859 1394 4898 nos
1409 4843 1680 4916 absolvas,
1709 4846 1915 4903 Salvat.

494 5007 519 5034 ιι
565 4992 654 5048 Sic
695 4989 971 5047 vocabant
1001 4989 1236 5044 Biduum
1273 4993 1406 5046 ante
1449 4991 1676 5060 Pascha,
1713 4992 1792 5046 ita
1832 4997 1898 5047 ut
1939 5009 2053 5048 una

424 5064 658 5122 seorsim
696 5063 812 5118 dies
848 5063 1100 5119 Biduana
1151 5061 1450 5124 diceretur,
1509 5063 1656 5117 infra
1700 5063 1758 5117 in
1815 5063 2052 5119 Sabbato

423 5141 637 5192 sancto.
671 5135 821 5188 Idem
849 5133 941 5187 hic
970 5132 1028 5186 in
1057 5131 1257 5187 Missali
1285 5133 1584 5188 Gallicana.
1615 5135 1782 5190 Miror
1817 5135 1909 5190 hic
1937 5153 2053 5192 non

425 5207 624 5264 referri
649 5205 829 5260 varias
857 5204 1306 5276 illasorationes
1331 5221 1469 5276 quas
1507 5205 1568 5259 in
1605 5205 1694 5262 die
1735 5213 1924 5262 sancto
1957 5209 2054 5264 Pa-

424 5294 676 5335 rasceves
689 5293 819 5332 cum
837 5275 1057 5347 praeviis
1078 5275 1566 5347 genuﬂexionibus
1589 5283 1716 5348 post
1735 5279 2053 5348 passionem

425 5349 708 5406 decantari
735 5351 990 5422 mos_es_t_._
1019 5349 1178 5422 Certe
1194 5349 1506 5422 Gregorius
1531 5350 1686 5402 testis
1712 5355 1805 5422 est
1822 5367 1913 5405 eas
1932 5351 2054 5422 jam

427 5421 633 5476 saeculo
663 5436 716 5473 v1
756 5420 815 5473 in
855 5419 1152 5474 Gallicanis
1191 5419 1446 5474 Ecclesiis
1487 5421 1545 5472 in
1589 5437 1690 5474 usu
1729 5419 2054 5476 fuissefSic

427 5493 582 5548 enim
607 5491 778 5546 habet
805 5491 994 5565 in‘lib.
1023 5507 1077 5556 v,
1101 5505 1234 5565 cap.
1279 5494 1336 5544 tt
1377 5507 1390 5544 :
1427 5509 1453 5541 (ι
1496 5491 1789 5565 Sacerdote
1829 5509 2054 5565 quoque

427 5571 657 5633 orante,
699 5581 726 5614 »
770 5561 978 5616 scilicet
1015 5561 1186 5635 Avito
1217 5566 1598 5635 argernorum
1641 5561 1904 5635 episcopo
1949 5561 2052 5634 pro

425 5631 656 5702 Judmis,
711 5653 738 5685 (ι
781 5637 848 5687 ut
883 5631 1137 5686 conversi
1175 5631 1246 5686 ad
1302 5633 1630 5703 Dominum,
1675 5631 2053 5690 velamen—ab

427 5709 505 5781 eis
537 5707 1155 5781 litterarumperetur;
1178 5703 1390 5781 rique:
1408 5703 1545 5781 _f_ere
1573 5705 1895 5781 verb_a_sunt
1923 5723 2051 5763 ora-

427 5777 596 5833 tionis
639 5779 846 5830 nostraa
885 5771 987 5844 pro
1013 5771 1238 5844 Judaeis)
1268 5791 1296 5822 ‹‹
1324 5771 1558 5843 quidam
1587 5791 1657 5830 ex
1699 5776 1790 5830 his
1825 5778 1895 5832 ad
1921 5795 2051 5832 san-

431 5852 582 5900 ctum
617 5845 826 5898 Pascha
865 5841 926 5898 ut
969 5841 1360 5912 baptizaretur
1385 5844 1638 5914 expetiit.
1669 5863 1697 5898 ››
1737 5851 1823 5902 An
1863 5849 2055 5918 potius

2148 4665 2246 4717 net
2273 4661 2554 4716 salutaris.
2584 4661 2830 4716 Gaudeat
2869 4676 2928 4715 se
2971 4660 3141 4714 tantis
3169 4657 3321 4714 illius
3364 4658 3642 4714 inradiata
3667 4659 3792 4715 ful-

2152 4755 2409 4828 goribus;
2441 4759 2498 4810 et
2525 4755 2724 4810 aeterni
2749 4755 2918 4827 Regis
2945 4754 3242 4826 splendore
3266 4755 3584 4821 inlustrata,
3604 4753 3796 4810 totius

2151 4849 2302 4906 orbis
2325 4865 2385 4904 se
2399 4849 2604 4906 sentiat
2619 4848 2870 4904 amisisse
2889 4849 3213 4919 caliginem.
3245 4849 3491 4904 Laetetur
3516 4851 3574 4902 et
3597 4851 3800 4903 mater

2152 4995 2392 5052 Sabbato
2417 4999 2607 5048 sancto
2635 4997 2769 5048 tunc
2788 4993 3001 5048 fiebant
3025 4992 3312 5065 ejusmodi,
3331 4991 3614 5065 orationes
3649 5007 3801 5065 quae

2151 5068 2230 5122 les
2257 5067 2538 5120 habentur
2563 5065 2736 5133 infra,
2765 5066 2862 5120 sed
2903 5063 3064 5119 nulla
3083 5081 3186 5136 pro
3215 5063 3464 5119 Judmis?
3489 5063 3550 5136 lu
3577 5063 3802 5136 Missali

2151 5139 2432 5195 Gallicano
2471 5137 2708 5192 inferius
2747 5136 3030 5192 orationes
3063 5135 3274 5192 nostrae
3309 5136 3488 5190 solitae
3523 5135 3586 5189 in
3621 5135 3806 5190 Pam.

2153 5227 2309 5266 sceve
2329 5209 2672 5263 referuntur.

2223 5282 2250 5322 ιι
2278 5285 2360 5336 An
2390 5281 2464 5334 ad
2487 5282 2724 5348 Sextum,
2757 5283 2822 5334 ut
2846 5279 2908 5352 in
2927 5279 3016 5335 die
3047 5279 3420 5352 praecedente.

2220 5363 2243 5392 ο
2278 5352 2580 5416 Gallicano,
2607 5353 2664 5404 in
2689 5353 2866 5420 annis,
2891 5351 3063 5420 forte,
3087 5354 3144 5406 in
3166 5355 3290 5420 ﬁne.

2221 5422 2250 5462 ἀ
2279 5423 2338 5476 Id
2364 5429 2464 5490 est,
2493 5437 2620 5484 esse,
2651 5423 2794 5493 stylo
2823 5429 3096 5477 veterum.

2225 5505 2248 5534 ο
2281 5494 2368 5550 Sic
2407 5491 2726 5548 invenimus
2759 5495 3032 5564 scriptum
3067 5494 3127 5548 in
3162 5493 3286 5548 aliis
3313 5491 3608 5564 Codicibus
3645 5507 3806 5564 mss.

2152 5566 2487 5638 Quanquam
2498 5563 3134 5638 ihancgbenedictionem
3164 5569 3373 5638 sancto
3387 5563 3565 5638 Leoni
3591 5563 3810 5638 potius

2153 5633 2384 5706 quidam
2421 5636 2780 5692 tribuendam
2823 5641 3072 5692 censent.
3101 5635 3306 5691 Confer
3343 5635 3492 5689 dicta
3516 5633 3712 5706 inilib
3765 5653 3814 5692 ιι

2153 5703 2398 5834 {igfhanc
2438 5709 2610 5766 diem.
2655 5710 2866 5766 Eadem
2905 5709 3146 5766 habetur
3181 5708 3242 5764 in
3275 5707 3474 5764 Missali
3499 5703 3814 5764 Gallicana

2237 5797 2318 5834 ra.

2153 5795 2298 5835 lnIl‘a
2306 5822 2318 5838 ι
