4032 6180
190 347 303 400 269

1275 345 1360 401 DE
1398 343 1711 402 LITUBGIA
1746 346 2118 403 GALLICANA
2157 344 2352 403 LIBER
2390 346 2482 402 III.

3443 350 3556 403 270

262 453 522 522 Ecclesia,
546 454 691 510 tanti
708 451 938 510 luminis
958 453 1232 512 adornata
1251 454 1498 527 fulgore,
1522 460 1579 511 et
1605 457 1832 528 magnis
1854 471 1911 544 Α
1932 458 2066 526 rint,
2117 457 2307 512 statim
2345 457 2661 528 prodeundi
2703 457 2774 512 ad
2816 457 3067 514 laborem
3109 473 3247 514 cura
3286 458 3564 528 succedit;

185 550 529 622 populorum
569 549 796 603 vocibus
838 549 961 603 haec
1000 549 1127 603 aula
1179 549 1430 604 resultet.
1478 551 1832 622 Quapropter

189 642 542 698 adstantibus
569 641 749 709 vobis,
791 642 997 697 fratres
1027 641 1321 711 carissimi,
1352 643 1423 697 ad
1466 647 1582 697 tam
1628 644 1833 698 miram

189 737 370 790 sancti
396 736 570 806 hujus
600 735 835 790 luminis
855 736 1190 803 claritatem,
1209 752 1327 790 una
1346 753 1592 807 mecum,
1618 754 1831 809 quaeso,

190 829 289 886 Dei
313 830 721 901 omnipotentis
749 829 1195 884 misericordiam
1222 829 1494 900 invocate,
1523 835 1588 885 ut
1615 832 1713 901 qui
1743 847 1834 886 me

189 940 306 978 non
330 923 475 978 meis
502 923 722 978 meritis
755 923 904 978 intra
933 923 1290 978 sacerdotum
1334 923 1360 952 ⁸
1403 940 1710 978 numerum
1757 924 1835 979 di-

195 1021 405 1091 gnatus
433 1021 520 1072 est
545 1017 880 1088 adgregare,
903 1016 1135 1071 luminis
1164 1017 1250 1071 sui
1272 1017 1454 1088 gratia
1479 1017 1834 1086 infundente,

193 1111 344 1166 cerei
365 1112 539 1181 hujus
564 1111 790 1165 laudem
811 1110 1047 1182 implere
1075 1109 1386 1183 praecipiat.
1408 1112 1515 1168 Per
1540 1127 1838 1184 resurgen-

191 1211 310 1260 tem
342 1205 451 1260 Fil.
482 1221 672 1259 suum.

758 1275 1092 1325 Consecratio
1122 1289 1275 1326 certe.

265 1348 525 1420 Dignum
551 1352 607 1403 et
622 1347 844 1418 justum
867 1352 966 1402 est.
983 1349 1123 1403 Vere
1141 1348 1272 1419 quia
1298 1347 1536 1419 dignum
1549 1353 1605 1403 et
1616 1349 1837 1420 justum

191 1446 277 1496 est
310 1441 654 1496 invisibilem
675 1442 855 1497 Deum
880 1441 1329 1513 omnipotentem
1359 1443 1582 1496 Patrem
1608 1442 1838 1497 Filium-

191 1551 307 1607 que
330 1535 457 1606 ejus
473 1534 839 1607 unigenitum
866 1535 1168 1590 Dominum
1193 1541 1452 1591 nostrum
1469 1537 1661 1591 Jesum
1683 1536 1840 1591 Chri-

192 1635 373 1699 stum,
402 1634 517 1684 toto
532 1629 717 1684 cordis
735 1645 798 1683 ac
817 1628 1024 1683 mentis
1039 1627 1264 1698 affectu,
1289 1634 1345 1684 et
1361 1629 1510 1684 vocis
1523 1629 1838 1684 ministerio

190 1739 527 1795 personare.
556 1722 660 1788 Qui
687 1739 791 1794 pro
816 1722 982 1776 nobis
1006 1728 1218 1778 aeterno
1245 1723 1396 1777 Patri
1423 1723 1555 1778 Adae
1585 1722 1838 1778 debitum

192 1816 383 1885 solvit,
418 1821 475 1870 et
503 1812 714 1870 veteris
737 1815 941 1887 piaculi
968 1816 1288 1870 cautionem
1317 1816 1413 1888 pio
1437 1832 1634 1871 cruore
1661 1816 1839 1871 deter-

192 1910 281 1963 sit.
315 1910 456 1963 Haac
487 1913 617 1963 sunt
645 1909 797 1963 enim
825 1909 968 1964 festa
997 1909 1301 1979 Paschalia,
1333 1910 1394 1964 in
1428 1909 1634 1981 quibus
1674 1926 1838 1964 verus

192 2002 284 2057 ille
311 2006 518 2073 Agnus
544 2002 838 2068 occiditur,
881 2003 1115 2074 ejusque
1153 2003 1383 2074 sanguis
1419 2003 1675 2074 postibus
1701 2019 1834 2057 con-

195 2100 475 2150 secratur.
503 2096 564 2149 In
591 2112 702 2166 qua
725 2095 977 2166 primum
995 2097 1184 2150 Patres
1210 2100 1435 2151 nostros
1462 2095 1606 2150 ﬁlios
1633 2095 1839 2150 Israhel

196 2187 454 2244 educens
499 2188 568 2242 de
611 2189 872 2260 Egypto,
916 2188 1174 2243 Rubrum
1219 2205 1376 2244 mare
1427 2189 1570 2243 sicco
1605 2189 1838 2260 vestigio

196 2282 444 2337 transire
469 2281 669 2336 fecisti.
700 2283 830 2336 Hinc
860 2281 1037 2353 igitur
1062 2299 1174 2337 nox
1213 2286 1297 2337 est
1322 2298 1451 2354 quae
1477 2285 1836 2354 peccatorum

198 2375 466 2430 tenebras
493 2374 771 2429 columnae
799 2375 1236 2430 inluminatione
1263 2377 1549 2447 purgavit.
1571 2377 1698 2430 Huic
1721 2392 1838 2431 nox

197 2474 274 2523 est
299 2485 436 2540 qua;
482 2467 651 2522 hodie
691 2485 794 2540 per
827 2468 1158 2524 universum
1201 2469 1482 2524 mundum
1514 2470 1570 2524 in
1619 2469 1838 2524 Christo

197 2562 519 2631 credentes,
554 2579 588 2616 a
613 2562 759 2616 vitiis
786 2563 975 2617 saeculi
1001 2568 1327 2634 segregatos
1353 2568 1409 2618 et
1437 2563 1676 2635 caligine
1704 2580 1835 2634 pec-

198 2662 480 2724 catorum,
527 2655 712 2710 reddit
754 2655 970 2726 gratiae,
1019 2657 1190 2711 sociat
1227 2656 1524 2711 sanctitati.
1562 2658 1689 2711 Haac
1723 2673 1839 2712 nox

200 2756 284 2805 est
325 2751 393 2804 in
429 2765 565 2821 qua,
601 2749 898 2805 destructis
935 2749 1174 2804 vinculis
1217 2749 1436 2817 mortis,
1466 2749 1719 2805 Christus
1767 2751 1838 2805 ab

199 2843 400 2898 inferis
423 2843 608 2898 victor
629 2843 899 2899 ascendit.
932 2843 1083 2898 Nihil
1107 2843 1261 2898 enim
1287 2843 1445 2898 nasci
1471 2843 1702 2914 profuit,
1733 2844 1836 2898 nisi

200 2937 411 2992 redimi
435 2937 760 3009 profuisset.
793 2937 836 2991 Ο
862 2936 1007 2992 mira
1031 2937 1177 2991 circa
1215 2954 1318 2992 nos
1358 2942 1473 2992 tuae
1502 2937 1723 3009 pietatis
1751 2937 1836 2992 di-

203 3031 432 3103 gnatiol
467 3031 512 3086 0
541 3031 946 3086 inaestimabilis
975 3031 1202 3086 dilectio
1233 3031 1497 3104 caritatis,
1525 3037 1592 3088 ut
1616 3048 1840 3088 servum

201 3124 536 3192 redimeres,
590 3123 796 3179 Filium
832 3124 1134 3180 tradidisti.
1183 3125 1226 3180 0
1269 3132 1420 3181 certe
1459 3127 1840 3181 necessarium

1932 552 2312 623 dispersasque
2339 569 2442 622 per
2471 569 2658 624 agros,
2691 552 2904 607 libratis
2944 553 3242 624 paululum
3276 552 3565 624 pinnibus,

1935 645 2194 700 cruribus
2239 646 2525 716 suspensis
2568 645 2837 700 insedunt
2886 647 2932 716 ἀ,
2981 651 3199 717 partem
3239 663 3335 700 ore
3379 646 3570 718 legere

1932 738 2214 805 ﬂosculos,
2269 743 2516 792 onerata:
2575 739 2907 793 victualibus
2955 739 3091 806 suis,
3141 739 3212 794 ad
3257 745 3437 796 castra
3485 756 3572 796 re-

1933 835 2125 887 meant
2156 848 2170 885 :
2207 831 2398 902 ibique
2424 831 2548 886 aliae
2578 830 2960 886 inaestimabili
2985 836 3105 886 arte
3132 831 3362 886 cellulas
3389 832 3572 888 tenaci

1915 925 2158 997 'glutino
2184 925 2504 993 instruunt;
2533 925 2655 979 alia:
2683 925 2956 996 liquentia
2982 925 3150 980 mella
3175 925 3414 996 stipant;
3441 925 3568 983 alie

1934 1023 2164 1073 vertunt
2189 1019 2354 1074 ﬂores
2381 1018 2440 1072 in
2467 1034 2622 1087 cera;
2653 1017 2781 1072 alias
2811 1034 2906 1073 ore
2941 1023 3104 1073 natos
3143 1017 3370 1090 fingunt
3401 1034 3414 1072 :
3442 1018 3570 1074 alie

1935 1112 2184 1168 collectis
2223 1129 2252 1168 e
2299 1112 2444 1167 foliis
2491 1117 2684 1167 nectar
2726 1112 3044 1167 includunt.
3076 1112 3119 1167 Ο
3167 1128 3298 1168 vere
3326 1111 3488 1167 beata
3517 1117 3573 1168 et

1937 1207 2213 1261 mirabilis
2265 1207 2406 1277 apis,
2457 1205 2618 1276 cujus
2666 1221 2769 1260 nec
2812 1221 3010 1260 sexum
3059 1206 3291 1260 masculi
3340 1204 3568 1275 violant,

1935 1299 2081 1355 fetus
2119 1317 2236 1355 non
2284 1304 2566 1371 quassant,
2597 1315 2702 1354 nec
2742 1298 2844 1352 filii
2883 1299 3180 1353 destruunt
3217 1297 3567 1354 castitatem!

1937 1393 2079 1447 sicut
2103 1397 2295 1448 sancta
2341 1392 2601 1464 concepit
2642 1391 2802 1464 virgo
2828 1392 3019 1461 Maria,
3053 1391 3213 1462 virgo
3248 1391 3490 1463 peperit,
3519 1395 3574 1446 et

1938 1487 2098 1558 virgo
2143 1486 2474 1558 permansit.
2509 1486 2551 1541 Ο
2581 1502 2708 1540 vere
2735 1485 2901 1540 beata
2924 1501 3062 1556 nox,
3089 1501 3218 1556 quae
3246 1483 3574 1556 exspoliavit

1937 1581 2245 1652 Egyptios,
2296 1579 2491 1635 ditavit
2547 1579 2834 1635 Hebraeos!
2888 1580 3028 1648 Nox,
3080 1578 3141 1633 in
3177 1595 3290 1650 qua
3333 1576 3571 1633 terrenis

1937 1674 2179 1729 caelestia
2199 1673 2557 1746 junguntur!
2596 1674 2834 1728 Oramus
2875 1677 2950 1742 te,
2985 1672 3244 1740 Domine,
3276 1676 3341 1727 ut
3378 1687 3574 1726 cereus

1937 1759 2041 1822 iste
2084 1767 2145 1822 in
2186 1767 2403 1822 honore
2440 1767 2693 1822 nominis
2737 1767 2820 1820 tui
2869 1771 3240 1834 consecratus,
3284 1765 3356 1820 ad
3391 1765 3573 1820 noctis

1860 1855 1914 1927 B
1940 1861 2110 1932 hujus
2126 1859 2438 1932 caliginem
2463 1860 2860 1915 destruendam
2879 1858 3208 1913 indeflciens
3228 1863 3570 1929 perseveret,

1937 1954 1993 2010 in
2023 1955 2255 2010 odorem
2277 1955 2568 2009 suavitatis
2596 1958 2878 2025 acceptus,
2912 1952 3172 2024 supernis
3198 1951 3574 2008 luminaribus

1938 2049 2260 2103 misceatur.
2276 2049 2556 2103 Flammas
2570 2049 2691 2119 ejus
2708 2046 2930 2102 Lucifer
2948 2046 3266 2101 matutinus
3292 2043 3567 2101 inveniat:

1939 2142 2052 2212 ille,
2079 2143 2335 2214 inquam,
2364 2143 2603 2211 Lucifer,
2647 2141 2748 2213 qui
2790 2141 2968 2196 nescit
3009 2156 3302 2209 occasum;
3334 2140 3422 2194 ille
3449 2139 3570 2210 qui,

1938 2252 2227 2307 regressus
2254 2237 2324 2291 ab
2352 2235 2569 2305 inferis,
2586 2235 2837 2290 humano
2867 2234 3062 2306 generi
3087 2249 3319 2289 serenus
3343 2231 3570 2288 inluxit.

1938 2331 2242 2385 Precamur
2278 2328 2470 2402 243
2513 2346 2672 2401 ergo,
2705 2329 2964 2398 Domine,
2997 2333 3062 2383 ut
3097 2344 3202 2382 nos
3240 2327 3479 2382 famulos
3519 2330 3577 2382 et

1937 2423 2182 2478 famulas
2206 2429 2354 2494 tuas,
2391 2440 2622 2479 omnem
2647 2424 2883 2490 clerum,
2922 2427 2979 2478 et
3017 2421 3444 2477 devotissimum
3469 2436 3571 2494 po-

1939 2518 2158 2588 pulum,
2195 2534 2310 2572 una
2355 2535 2485 2572 cum
2532 2519 2692 2572 Patre
2734 2521 2926 2571 nostro
2968 2515 3294 2570 beatissimo
3329 2515 3449 2570 viro
3485 2514 3570 2569 ill.

1941 2611 2128 2683 quiete
2157 2615 2477 2682 temporum
2511 2628 2791 2680 concessa,
2825 2610 2883 2664 in
2926 2609 3015 2664 his
3039 2609 3400 2665 Paschalibus
3443 2623 3575 2680 gau-

1940 2704 2045 2758 diis
2080 2721 2408 2760 conservare
2449 2704 2718 2775 digneris.
2750 2706 2855 2760 Per
2891 2720 3111 2775 resurg.
3145 2720 3178 2757 a
3215 2719 3360 2757 mor.
3391 2701 3575 2756 Domi-

1940 2813 2083 2852 num
2107 2803 2366 2852 nostrum
2391 2798 2494 2852 Fil.
2528 2801 2569 2852 t.

2251 2912 2499 2963 Collectio
2520 2915 2638 2976 post
2659 2910 3081 2961 benedictionem
3103 2924 3256 2961 certe.

2014 3003 2216 3059 Sancte
2245 3002 2501 3072 Domine,
2533 3002 2889 3074 omnipotens
2917 3002 3084 3071 Deus,
3101 3000 3202 3072 qui
3225 3001 3295 3055 ad
3323 3003 3574 3055 nostram

1940 3095 2478 3168 contemplationem
2510 3096 2871 3151 tenebrarum
2916 3095 3038 3149 hate
3072 3094 3130 3148 in
3165 3094 3366 3149 mundi
3403 3095 3574 3165 hujus

202 3219 334 3273 Adin
370 3187 688 3289 peccatum,
719 3218 870 3290 quod
901 3218 1108 3274 Christi
1136 3225 1319 3275 morte
1357 3220 1606 3276 deletum
1649 3218 1842 3293 242
1863 3226 1918 3300 C
1944 3191 2182 3300 Olf‘c‘uro
2222 3190 2523 3300 Ῐιξηὼξξπ
2549 3187 3305 3300 εξξῃίθίηξθῒιξιιῗδίδίίλ,Ῑξτφ⁸ί³’
3336 3193 3402 3243 ut
3437 3187 3575 3242 dum

202 3313 314 3368 est!
347 3313 392 3368 0
422 3312 561 3367 felix
592 3312 781 3384 culpa,
813 3328 938 3384 qua:
970 3313 1139 3368 talem
1164 3331 1228 3368 ac
1253 3318 1476 3370 tantum
1502 3315 1712 3369 meruit
1735 3315 1836 3368 ha-

203 3405 337 3462 bere
365 3407 806 3478 Redemptorem
834 3423 848 3460 :
876 3406 920 3462 0
960 3407 1122 3463 beata
1150 3425 1282 3477 nox,
1316 3425 1442 3480 quae
1480 3408 1598 3463 sola
1634 3407 1843 3463 meruit

201 3502 344 3556 scire
385 3506 614 3573 tempus
638 3506 696 3556 et
734 3503 955 3571 horam,
988 3501 1048 3556 in
1090 3519 1202 3574 qua
1242 3501 1496 3557 Christus
1536 3502 1607 3557 ab
1647 3501 1841 3557 inferis

204 3595 547 3650 resurrexit!
578 3597 706 3650 Hec
730 3613 844 3651 nox
870 3600 955 3651 est
981 3595 1050 3651 de
1065 3613 1177 3667 qua
1197 3595 1469 3668 scriptum
1495 3602 1614 3652 est:
1637 3598 1706 3651 Et
1728 3613 1841 3652 nox

205 3694 267 3743 ut
295 3689 419 3743 dies
445 3687 912 3760 inluminabitur;
941 3694 998 3745 et
1027 3707 1040 3745 :
1073 3691 1195 3744 Nox
1221 3690 1578 3745 inluminatio
1612 3707 1737 3746 mea
1779 3691 1841 3746 in

205 3782 421 3837 deliciis
447 3784 610 3839 meis.
640 3784 817 3856 Hujus
857 3784 1034 3855 igitur
1072 3784 1436 3840 sanctiﬁcatio
1473 3783 1656 3840 noctis
1682 3785 1843 3856 fugat

203 3877 437 3948 scelera,
469 3877 663 3950 culpas
703 3878 872 3948 lavat,
909 3879 1094 3934 reddit
1139 3878 1520 3934 innocentiam
1564 3879 1753 3951 lapsis,
1785 3881 1842 3934 et

203 3971 425 4026 maestis
454 3971 714 4026 laetitiam
746 3989 759 4027 :
799 3973 963 4044 fugat
987 3973 1132 4042 odia,
1181 3973 1536 4028 concordiam
1568 3979 1748 4044 parat,
1786 3978 1842 4029 et

205 4070 406 4120 curvat
430 4067 688 4138 imperia.
719 4068 781 4121 ln
800 4067 970 4138 hujus
997 4066 1174 4139 igitur
1194 4068 1372 4122 noctis
1399 4067 1578 4140 gratia
1600 4067 1838 4140 suscipe,

203 4164 403 4214 sancte
428 4161 611 4232 Pater,
640 4160 857 4216 incensi
885 4161 1056 4232 hujus
1083 4161 1418 4216 sacriﬁcium
1434 4162 1838 4234 vespertinum,

204 4253 370 4326 quod
411 4254 509 4308 tibi
533 4254 592 4308 in
619 4255 724 4310 hac
763 4253 910 4310 cerei
941 4254 1224 4310 oblatione
1255 4255 1492 4312 solemni
1531 4273 1634 4328 per
1671 4256 1839 4311 mini-

203 4352 459 4401 strorum
484 4353 715 4403 tuorum
747 4365 950 4404 manus
981 4349 1050 4404 de
1071 4349 1337 4420 operibus
1358 4366 1532 4421 apum
1563 4366 1843 4405 sacrosan-

204 4446 294 4496 cta
321 4441 512 4496 reddit
529 4443 790 4498 Ecclesia.
805 4443 1042 4514 Sedjam
1063 4442 1344 4498 columna:
1370 4443 1543 4514 hujus
1562 4443 1844 4515 praeconia

201 4533 492 4602 novimus,
518 4552 688 4608 quam
710 4537 770 4592 in
795 4537 1011 4593 honore
1035 4537 1128 4592 Dei
1145 4537 1382 4592 rutilans
1400 4537 1549 4609 ignis
1567 4538 1840 4594 accendit.

202 4628 310 4692 Qui
362 4627 492 4682 licet
525 4605 734 4684 divisus
770 4631 831 4685 in
870 4634 1080 4702 partes,
1119 4631 1367 4685 mutuati
1406 4605 1638 4686 luminis
1677 4605 1922 4687 detri-D

205 4727 410 4776 menta
437 4739 550 4777 non
583 4723 757 4780 novit.
787 4724 970 4779 Alitur
996 4725 1347 4796 liquantibus
1384 4726 1543 4793 ceris,
1576 4741 1746 4797 quam
1783 4727 1843 4782 in

207 4817 529 4872 substantia
541 4818 793 4888 pretiosa:
810 4819 982 4889 hujus
1005 4819 1276 4890 lampadis
1291 4819 1410 4890 apis
1428 4825 1608 4874 mater
1626 4821 1840 4877 eduxit.

204 4911 349 4982 Apis
378 4911 404 4949 δ
431 4913 629 4966 ceteris
641 4929 769 4984 quae
791 4913 1042 4983 subjecta
1065 4917 1198 4968 sunt
1214 4913 1436 4995 homini
1459 4915 1844 4971 animantibus

205 5003 515 5058 antecellit.
542 5005 682 5059 Cum
708 5007 778 5060 sit
799 5005 1034 5060 minima
1051 5007 1300 5078 corporis
1326 5008 1624 5078 parvitate,
1647 5009 1844 5081 ingen-

206 5102 291 5152 tes
317 5097 542 5152 animos
568 5105 808 5170 augusto
839 5105 1022 5155 versat
1045 5101 1104 5155 in
1131 5106 1389 5172 pectore;
1416 5101 1630 5156 viribus
1660 5103 1841 5159 imbe-

205 5191 364 5259 cilla,
390 5191 489 5246 sed
517 5191 675 5246 fortis
717 5192 966 5266 ingenio.
1008 5196 1154 5263 Haec,
1194 5196 1484 5266 explorata
1523 5203 1846 5270 temporum

206 5285 352 5353 vice,
382 5301 514 5340 cum
534 5285 797 5342 canitiem
823 5289 1088 5358 pruinosa
1109 5302 1132 5330 ο
1168 5289 1425 5361 hyberna
1452 5291 1764 5362 posuerint,
1793 5298 1848 5348 et

208 5379 452 5451 glaciale
491 5380 712 5436 senium
754 5383 914 5438 verni
955 5383 1225 5455 temporis
1268 5385 1556 5441 moderata
1597 5387 1842 5442 deterse-

280 5498 306 5526 ⁸
335 5498 533 5552 Melius
559 5499 672 5566 alii,
695 5504 842 5555 intra
857 5503 1165 5557 Levitarum
1193 5518 1490 5569 numerum,
1513 5507 1576 5557 ut
1614 5504 1846 5560 inferius

210 5569 270 5623 in
305 5570 510 5644 Missali
536 5571 840 5627 Gallicano.
871 5573 1336 5644 Quandoquidem
1369 5574 1552 5628 levitas
1586 5575 1731 5630 hanc
1755 5577 1849 5631 be-

211 5640 594 5716 nedictionem
633 5660 845 5716 canere
862 5646 1060 5713 solent,
1090 5640 1147 5698 et
1169 5645 1518 5716 Augustinus
1548 5663 1694 5714 eam,
1729 5663 1850 5704 cum

211 5717 343 5768 esset
369 5713 650 5778 diaconus,
675 5715 939 5786 cecinisse
965 5715 1189 5772 dicitur.
1218 5713 1377 5782 Quod
1406 5734 1478 5773 an
1503 5713 1701 5774 verum
1727 5737 1848 5776 esse

213 5785 410 5842 mssit.
441 5786 536 5840 alii
560 5787 820 5842 viderint.

213 5799 410 5857 possit,
441 5799 536 5840 am
560 5799 820 5843 viderint.
1617 5861 1621 5865 Ι

217 5925 242 5942 .
267 5856 318 5942 _"
338 5856 828 5942 ρυεῌειιιξιιηῐμτ
846 5875 1043 5942 Ρεςρε
1065 5861 1156 5932 ad.
1192 5862 1236 5920 0
1256 5875 1377 5942 sere
1407 5861 1562 5942 ρεατα
1585 5877 1714 5942 rem.
1739 5862 1847 5942 μει-

217 5925 427 5984 bentur
439 5925 607 5987 etiam
631 5930 692 5988 in
701 5930 828 5988 aliis
841 5925 1155 6006 Codicibus,
1182 5934 1279 5991 sed
1306 5931 1476 5990 modo
1486 5925 1847 5993 omittuntur.

1941 3286 2012 3341 ad
2025 3286 2186 3341 illum
2203 3283 2534 3340 aeternitatis
2550 3284 2700 3340 diem
2716 3289 2772 3339 et
2794 3282 2898 3339 Uni
2906 3281 3082 3354 geniti
3101 3282 3181 3336 tui
3204 3298 3574 3354 properamus

1939 3396 2257 3448 occursum,
2291 3378 2361 3433 ad
2391 3379 2536 3433 hanc
2582 3378 2832 3447 interim,
2869 3393 3044 3448 quam
3071 3375 3319 3430 tenebris
3355 3391 3570 3446 praepa-

1940 3474 2094 3544 rasti,
2142 3474 2454 3541 lucernam,
2500 3471 2639 3526 dum
2676 3487 2792 3526 nox
2841 3469 2948 3524 ista
2986 3467 3410 3535 transcurritur,
3451 3468 3572 3522 sine

1939 3573 2299 3641 peccatorum
2329 3564 2667 3621 otfendiculo
2702 3560 3080 3619 ambulemus.
3110 3563 3216 3618 Per
3243 3577 3466 3634 resurg.

2329 3681 2575 3732 Collectio
2596 3683 2714 3745 post
2741 3679 2996 3744 hymnum
3022 3692 3174 3729 cem.

2012 3775 2178 3842 Deus,
2206 3772 2485 3844 templum
2512 3770 2660 3843 ignis
2687 3770 2905 3840 aeterni,
2939 3770 3086 3824 Deus
3125 3784 3272 3823 vera:
3299 3767 3440 3823 lucis
3467 3767 3569 3823 ha-

1940 3868 2270 3937 bitaculum,
2299 3867 2444 3920 Deus
2474 3865 2632 3920 sodes
2659 3869 2948 3936 perpetuae
2976 3862 3265 3931 claritatis,
3295 3866 3423 3917 vota
3448 3862 3572 3932 tibi,

1942 3962 2196 4030 Domine,
2247 3959 2542 4015 sollemnia
2602 3959 2712 4014 diei
2750 3955 3252 4012 consummationis
3298 3960 3354 4011 et
3399 3955 3577 4011 noctis

1940 4054 2315 4112 inchoationis
2363 4053 2728 4123 celebrantes,
2778 4068 2862 4119 ac,
2902 4049 3216 4106 luminibus
3260 4049 3448 4104 altaris
3491 4049 3576 4104 tui

1942 4149 2205 4217 incensis,
2237 4147 2647 4220 temporarium
2673 4147 2870 4201 lumen
2903 4143 3220 4214 offerentes,
3263 4148 3328 4197 ut
3349 4141 3576 4197 famulis

1941 4249 1997 4299 et
2019 4241 2338 4297 famulabus
2363 4241 2476 4296 tuis
2495 4255 2695 4296 verum
2715 4255 2778 4294 ac
2803 4253 3055 4310 perenne
3079 4237 3275 4292 lumen
3291 4233 3573 4306 largiaris,

1941 4353 2186 4393 oramus.
2221 4336 2326 4391 Per
2352 4351 2572 4406 resurg.

1942 4471 2159 4526 XXXIII.
2191 4484 2490 4526 ORATIONES
2531 4482 2836 4524 PASCHALES
2875 4480 3151 4522 nuooscm
3192 4479 3301 4520 cum
3339 4477 3574 4520 rormau

2524 4551 2998 4595 COLLECTIONIBUS.

2249 4635 2434 4693 Oratio
2478 4645 2502 4673 θ
2540 4648 2642 4703 pro
2690 4633 3000 4701 gratiarum
3032 4632 3259 4686 actione.

2625 4729 2880 4781 Praefatio.

2014 4823 2402 4894 Expectatum,
2429 4819 2632 4874 fratres
2658 4815 2951 4883 carissimi,
2983 4819 3039 4870 et
3074 4814 3454 4870 desideratum
3477 4828 3574 4869 no-

1943 4916 2028 4971 bis
2051 4915 2273 4972 Paschze
2300 4914 2450 4969 diem
2470 4912 2679 4984 adepti,
2710 4910 2917 4982 gratias
2936 4925 3173 4981 agamus
3199 4906 3576 4978 omnipotenti

1945 5012 2060 5066 Deo
2091 5009 2260 5076 Patri,
2290 5008 2443 5080 quod
2479 5024 2582 5062 nos
2606 5007 2667 5061 in
2695 5005 2840 5060 hanc
2867 5004 3131 5060 eamdem
3163 5002 3315 5058 diem
3353 5016 3456 5072 per
3492 5000 3575 5055 Fi-

1947 5106 2088 5160 lium
2105 5121 2269 5158 suum
2282 5103 2586 5158 Dominum
2601 5105 2864 5156 nostrum
2878 5101 2902 5153 J
2908 5113 3070 5152 esum
3087 5096 3372 5152 Christum
3386 5095 3577 5166 (quem

1945 5215 2050 5272 pro
2075 5197 2236 5254 nobis
2270 5197 2512 5253 hostiam
2550 5194 2704 5251 dedit
2730 5193 2788 5248 in
2822 5193 3061 5247 salutem
3101 5190 3391 5261 aiternam)
3419 5205 3579 5246 voca-

1945 5294 2025 5350 vit
2051 5311 2065 5348 :
2097 5293 2168 5348 ob
2196 5293 2302 5348 hoc
2327 5291 2477 5347 fideli
2524 5289 2836 5362 gratiarum
2877 5286 3098 5341 actione
3140 5283 3458 5354 laudemus,
3485 5285 3579 5340 be-

1945 5388 2290 5456 nedicamus,
2345 5384 2781 5440 honoriticemus
2829 5379 3191 5435 benedictum
3243 5384 3299 5434 et
3345 5378 3578 5435 beatum

2018 5519 2040 5547 ο
2095 5507 2358 5559 Pruinosa
2393 5501 2452 5555 in
2481 5501 2621 5554 aliis.
2654 5497 2740 5553 Sic
2768 5514 2805 5552 u
2832 5496 2890 5552 in
2918 5513 2946 5552 ο
2973 5496 3150 5552 facilis
3177 5500 3232 5550 et
3259 5495 3579 5567 promiscua

1947 5576 2236 5648 quondam
2260 5572 2526 5648 mutatio.
2549 5572 2636 5626 Sic
2659 5570 2746 5624 inf
2748 5587 2805 5623 ra
2827 5572 3200 5648 pramouitam
3227 5584 3330 5639 pro
3349 5579 3581 5638 prmu—

1946 5643 2119 5703 nitam
2148 5651 2204 5699 et
2222 5645 2332 5698 alia
2355 5644 2412 5698 id
2441 5659 2619 5714 genus
2651 5643 2954 5714 permulta.

2018 5719 2044 5759 ά
2095 5719 2173 5772 lta
2200 5717 2365 5771 etiam
2393 5709 2777 5770 in'Gallicano.
2807 5718 2891 5768 An
2917 5709 3192 5768 insident?

2017 5800 2040 5830 °
2090 5789 2224 5846 Alia
2255 5787 2538 5847 orationes
2578 5786 2882 5854 habentur,
2911 5783 3010 5839 sed
3037 5777 3244 5837 similes
3281 5776 3343 5831 in
3379 5773 3582 5854 Missali

1949 5859 2232 5920 Gallicano
2250 5859 2506 5918 inferius.
