  <div class='ocr_page' id='page_1' title='image "/cluster/home/n/w/nwhite01/storage/ocr_20150623/72/hvd.32044054758768/141.png"; bbox 0 0 4032 6180; ppageno 0'>
   <div class='ocr_carea' id='block_1_1' title="bbox 455 265 550 320">
    <p class='ocr_par' dir='ltr' id='par_1_1' title="bbox 455 265 550 320">
     <span class='ocr_line' id='line_1_1' title="bbox 455 265 550 320; baseline 0 0"><span class='ocrx_word' id='word_1_1' title='bbox 455 265 550 320; x_wconf 79' lang='grc'><strong>271</strong></span> 
     </span>
    </p>
   </div>
   <div class='ocr_carea' id='block_1_2' title="bbox 1239 261 3024 321">
    <p class='ocr_par' dir='ltr' id='par_1_2' title="bbox 1239 261 3024 321">
     <span class='ocr_line' id='line_1_2' title="bbox 1239 261 3024 321; baseline -0.001 -2"><span class='ocrx_word' id='word_1_2' title='bbox 1239 261 1570 320; x_wconf 73' lang='lat' dir='ltr'><strong>APPENDIX</strong></span> <span class='ocrx_word' id='word_1_3' title='bbox 1607 261 1694 320; x_wconf 86' lang='lat' dir='ltr'><strong>AD</strong></span> <span class='ocrx_word' id='word_1_4' title='bbox 1729 261 1952 320; x_wconf 80' lang='lat' dir='ltr'><strong>OPERA</strong></span> <span class='ocrx_word' id='word_1_5' title='bbox 1989 261 2222 321; x_wconf 70' lang='lat' dir='ltr'><strong>SANCTI</strong></span> <span class='ocrx_word' id='word_1_6' title='bbox 2259 261 2560 321; x_wconf 72' lang='lat' dir='ltr'><strong>GERMANI</strong></span> <span class='ocrx_word' id='word_1_7' title='bbox 2597 261 3024 320; x_wconf 72' lang='lat' dir='ltr'><strong>PABJSIENSIS.</strong></span> 
     </span>
    </p>
   </div>
   <div class='ocr_carea' id='block_1_3' title="bbox 3703 255 3806 316">
    <p class='ocr_par' dir='ltr' id='par_1_3' title="bbox 3703 255 3806 316">
     <span class='ocr_line' id='line_1_3' title="bbox 3703 255 3806 316; baseline 0.01 -1"><span class='ocrx_word' id='word_1_8' title='bbox 3703 255 3806 316; x_wconf 60' lang='lat'><strong>2‘72</strong></span> 
     </span>
    </p>
   </div>
   <div class='ocr_carea' id='block_1_4' title="bbox 453 369 3808 461">
    <p class='ocr_par' dir='ltr' id='par_1_4' title="bbox 453 369 3808 461">
     <span class='ocr_line' id='line_1_4' title="bbox 453 369 3808 461; baseline -0.001 -32"><span class='ocrx_word' id='word_1_9' title='bbox 453 389 664 430; x_wconf 85' lang='lat' dir='ltr'><strong>nomen</strong></span> <span class='ocrx_word' id='word_1_10' title='bbox 689 371 790 428; x_wconf 87' lang='lat' dir='ltr'><strong>Dei</strong></span> <span class='ocrx_word' id='word_1_11' title='bbox 813 371 994 428; x_wconf 86' lang='lat' dir='ltr'><strong>Patris</strong></span> <span class='ocrx_word' id='word_1_12' title='bbox 1029 369 1086 426; x_wconf 93' lang='lat' dir='ltr'><strong>in</strong></span> <span class='ocrx_word' id='word_1_13' title='bbox 1115 371 1270 438; x_wconf 87' lang='lat' dir='ltr'><strong>Filio,</strong></span> <span class='ocrx_word' id='word_1_14' title='bbox 1301 373 1534 446; x_wconf 86' lang='lat' dir='ltr'><strong>Filiique</strong></span> <span class='ocrx_word' id='word_1_15' title='bbox 1569 375 1630 429; x_wconf 91' lang='lat' dir='ltr'><strong>in</strong></span> <span class='ocrx_word' id='word_1_16' title='bbox 1665 375 1830 430; x_wconf 83' lang='lat' dir='ltr'><strong>Patre</strong></span> <span class='ocrx_word' id='word_1_17' title='bbox 1869 379 1926 430; x_wconf 89' lang='lat' dir='ltr'><strong>et</strong></span> <span class='ocrx_word' id='word_1_18' title='bbox 1949 375 2076 447; x_wconf 62' lang='lat' dir='ltr'><strong>Spi«</strong></span> <span class='ocrx_word' id='word_1_19' title='bbox 2101 389 2158 461; x_wconf 73' lang='grc' dir='ltr'><strong>Α</strong></span> <span class='ocrx_word' id='word_1_20' title='bbox 2179 375 2400 429; x_wconf 86' lang='lat' dir='ltr'><strong>divitias</strong></span> <span class='ocrx_word' id='word_1_21' title='bbox 2425 375 2826 438; x_wconf 73' lang='lat' dir='ltr'><strong>communicet,</strong></span> <span class='ocrx_word' id='word_1_22' title='bbox 2855 373 2954 446; x_wconf 87' lang='lat' dir='ltr'><strong>qui</strong></span> <span class='ocrx_word' id='word_1_23' title='bbox 2973 371 3228 427; x_wconf 87' lang='lat' dir='ltr'><strong>ﬁdelium</strong></span> <span class='ocrx_word' id='word_1_24' title='bbox 3255 369 3572 427; x_wconf 87' lang='lat' dir='ltr'><strong>animarum</strong></span> <span class='ocrx_word' id='word_1_25' title='bbox 3597 371 3808 444; x_wconf 67' lang='lat' dir='ltr'><strong>inepie</strong></span> 
     </span>
    </p>
   </div>
   <div class='ocr_carea' id='block_1_5' title="bbox 455 465 1486 522">
    <p class='ocr_par' dir='ltr' id='par_1_5' title="bbox 455 465 1486 522">
     <span class='ocr_line' id='line_1_5' title="bbox 455 465 1486 522; baseline 0 0"><span class='ocrx_word' id='word_1_26' title='bbox 455 467 570 522; x_wconf 88' lang='lat' dir='ltr'><strong>ritu</strong></span> <span class='ocrx_word' id='word_1_27' title='bbox 599 471 790 522; x_wconf 83' lang='lat' dir='ltr'><strong>sancto</strong></span> <span class='ocrx_word' id='word_1_28' title='bbox 813 465 872 522; x_wconf 90' lang='lat' dir='ltr'><strong>in</strong></span> <span class='ocrx_word' id='word_1_29' title='bbox 899 467 1106 522; x_wconf 69' lang='lat' dir='ltr'><strong>saecula</strong></span> <span class='ocrx_word' id='word_1_30' title='bbox 1131 466 1486 522; x_wconf 69' lang='lat' dir='ltr'><strong>saeculorum.</strong></span> 
     </span>
    </p>
   </div>
   <div class='ocr_carea' id='block_1_6' title="bbox 1041 567 1494 632">
    <p class='ocr_par' dir='ltr' id='par_1_6' title="bbox 1041 567 1494 632">
     <span class='ocr_line' id='line_1_6' title="bbox 1041 567 1494 632; baseline 0.007 -17"><span class='ocrx_word' id='word_1_31' title='bbox 1041 567 1214 616; x_wconf 89' lang='lat' dir='ltr'><strong>Oratio</strong></span> <span class='ocrx_word' id='word_1_32' title='bbox 1243 569 1494 632; x_wconf 77' lang='lat' dir='ltr'><strong>sequitur.</strong></span> 
     </span>
    </p>
   </div>
   <div class='ocr_carea' id='block_1_7' title="bbox 525 653 2076 726">
    <p class='ocr_par' dir='ltr' id='par_1_7' title="bbox 525 653 2076 726">
     <span class='ocr_line' id='line_1_7' title="bbox 525 653 2076 726; baseline 0 -14"><span class='ocrx_word' id='word_1_33' title='bbox 525 656 726 712; x_wconf 82' lang='lat' dir='ltr'><strong>Sancte</strong></span> <span class='ocrx_word' id='word_1_34' title='bbox 753 653 1002 722; x_wconf 86' lang='lat' dir='ltr'><strong>Domine,</strong></span> <span class='ocrx_word' id='word_1_35' title='bbox 1034 653 1392 724; x_wconf 88' lang='lat' dir='ltr'><strong>omnipotens</strong></span> <span class='ocrx_word' id='word_1_36' title='bbox 1425 657 1610 724; x_wconf 90' lang='lat' dir='ltr'><strong>Pater,</strong></span> <span class='ocrx_word' id='word_1_37' title='bbox 1639 657 1864 724; x_wconf 82' lang='lat' dir='ltr'><strong>exaudi,</strong></span> <span class='ocrx_word' id='word_1_38' title='bbox 1895 661 2076 726; x_wconf 87' lang='lat' dir='ltr'><strong>tuere,</strong></span> 
     </span>
    </p>
   </div>
   <div class='ocr_carea' id='block_1_8' title="bbox 455 745 2076 822">
    <p class='ocr_par' dir='ltr' id='par_1_8' title="bbox 455 745 2076 822">
     <span class='ocr_line' id='line_1_8' title="bbox 455 745 2076 822; baseline 0.001 -18"><span class='ocrx_word' id='word_1_39' title='bbox 455 765 520 804; x_wconf 90' lang='lat' dir='ltr'><strong>ac</strong></span> <span class='ocrx_word' id='word_1_40' title='bbox 545 747 830 802; x_wconf 81' lang='lat' dir='ltr'><strong>sanctiﬁca</strong></span> <span class='ocrx_word' id='word_1_41' title='bbox 845 745 1070 818; x_wconf 86' lang='lat' dir='ltr'><strong>plebem</strong></span> <span class='ocrx_word' id='word_1_42' title='bbox 1089 750 1246 802; x_wconf 90' lang='lat' dir='ltr'><strong>tuam</strong></span> <span class='ocrx_word' id='word_1_43' title='bbox 1265 751 1666 820; x_wconf 61' lang='lat' dir='ltr'><strong>praemonitam</strong></span> <span class='ocrx_word' id='word_1_44' title='bbox 1685 751 1850 822; x_wconf 87' lang='lat' dir='ltr'><strong>signo</strong></span> <span class='ocrx_word' id='word_1_45' title='bbox 1875 751 2076 820; x_wconf 88' lang='lat' dir='ltr'><strong>crucis,</strong></span> 
     </span>
    </p>
   </div>
   <div class='ocr_carea' id='block_1_9' title="bbox 451 840 2080 916">
    <p class='ocr_par' dir='ltr' id='par_1_9' title="bbox 451 840 2080 916">
     <span class='ocr_line' id='line_1_9' title="bbox 451 840 2080 916; baseline 0.002 -19"><span class='ocrx_word' id='word_1_46' title='bbox 451 841 784 912; x_wconf 77' lang='lat' dir='ltr'><strong>baptismate</strong></span> <span class='ocrx_word' id='word_1_47' title='bbox 809 840 1190 912; x_wconf 85' lang='lat' dir='ltr'><strong>puriﬁcatam,</strong></span> <span class='ocrx_word' id='word_1_48' title='bbox 1231 843 1534 898; x_wconf 84' lang='lat' dir='ltr'><strong>chrismate</strong></span> <span class='ocrx_word' id='word_1_49' title='bbox 1569 845 1902 914; x_wconf 78' lang='lat' dir='ltr'><strong>delibutum,</strong></span> <span class='ocrx_word' id='word_1_50' title='bbox 1939 861 2080 916; x_wconf 87' lang='lat' dir='ltr'><strong>quos</strong></span> 
     </span>
    </p>
   </div>
   <div class='ocr_carea' id='block_1_10' title="bbox 451 933 2076 1006">
    <p class='ocr_par' dir='ltr' id='par_1_10' title="bbox 451 933 2076 1006">
     <span class='ocr_line' id='line_1_10' title="bbox 451 933 2076 1006; baseline 0.002 -16"><span class='ocrx_word' id='word_1_51' title='bbox 451 934 522 990; x_wconf 83' lang='lat' dir='ltr'><strong>ad</strong></span> <span class='ocrx_word' id='word_1_52' title='bbox 559 933 956 990; x_wconf 83' lang='lat' dir='ltr'><strong>celebrandam</strong></span> <span class='ocrx_word' id='word_1_53' title='bbox 1003 936 1298 1006; x_wconf 64' lang='lat' dir='ltr'><strong>praesentis</strong></span> <span class='ocrx_word' id='word_1_54' title='bbox 1341 937 1734 992; x_wconf 74' lang='lat' dir='ltr'><strong>sollemnitatis</strong></span> <span class='ocrx_word' id='word_1_55' title='bbox 1773 939 2076 993; x_wconf 90' lang='lat' dir='ltr'><strong>beatitudi-</strong></span> 
     </span>
    </p>
   </div>
   <div class='ocr_carea' id='block_1_11' title="bbox 449 1029 2076 1104">
    <p class='ocr_par' dir='ltr' id='par_1_11' title="bbox 449 1029 2076 1104">
     <span class='ocr_line' id='line_1_11' title="bbox 449 1029 2076 1104; baseline 0.002 -22"><span class='ocrx_word' id='word_1_56' title='bbox 449 1043 582 1084; x_wconf 88' lang='lat' dir='ltr'><strong>nem</strong></span> <span class='ocrx_word' id='word_1_57' title='bbox 605 1029 986 1099; x_wconf 81' lang='lat' dir='ltr'><strong>congregasti,</strong></span> <span class='ocrx_word' id='word_1_58' title='bbox 1003 1029 1392 1102; x_wconf 84' lang='lat' dir='ltr'><strong>universisque</strong></span> <span class='ocrx_word' id='word_1_59' title='bbox 1421 1031 1682 1086; x_wconf 81' lang='lat' dir='ltr'><strong>notitiam</strong></span> <span class='ocrx_word' id='word_1_60' title='bbox 1711 1033 1814 1102; x_wconf 88' lang='lat' dir='ltr'><strong>tui,</strong></span> <span class='ocrx_word' id='word_1_61' title='bbox 1841 1032 2076 1104; x_wconf 89' lang='lat' dir='ltr'><strong>partici-</strong></span> 
     </span>
    </p>
   </div>
   <div class='ocr_carea' id='block_1_12' title="bbox 449 1121 1968 1194">
    <p class='ocr_par' dir='ltr' id='par_1_12' title="bbox 449 1121 1968 1194">
     <span class='ocr_line' id='line_1_12' title="bbox 449 1121 1968 1194; baseline 0.002 -16"><span class='ocrx_word' id='word_1_62' title='bbox 449 1121 740 1194; x_wconf 85' lang='lat' dir='ltr'><strong>pationem</strong></span> <span class='ocrx_word' id='word_1_63' title='bbox 769 1121 946 1176; x_wconf 80' lang='lat' dir='ltr'><strong>sancti</strong></span> <span class='ocrx_word' id='word_1_64' title='bbox 973 1121 1214 1192; x_wconf 87' lang='lat' dir='ltr'><strong>Spiritus</strong></span> <span class='ocrx_word' id='word_1_65' title='bbox 1241 1123 1524 1194; x_wconf 85' lang='lat' dir='ltr'><strong>propitius</strong></span> <span class='ocrx_word' id='word_1_66' title='bbox 1549 1125 1806 1181; x_wconf 81' lang='lat' dir='ltr'><strong>infunde.</strong></span> <span class='ocrx_word' id='word_1_67' title='bbox 1843 1127 1968 1182; x_wconf 89' lang='lat' dir='ltr'><strong>Per.</strong></span> 
     </span>
    </p>
   </div>
   <div class='ocr_carea' id='block_1_13' title="bbox 951 1231 1578 1302">
    <p class='ocr_par' dir='ltr' id='par_1_13' title="bbox 951 1231 1578 1302">
     <span class='ocr_line' id='line_1_13' title="bbox 951 1231 1578 1302; baseline 0.002 -16"><span class='ocrx_word' id='word_1_68' title='bbox 951 1231 1136 1286; x_wconf 82' lang='lat' dir='ltr'><strong>Oratio</strong></span> <span class='ocrx_word' id='word_1_69' title='bbox 1169 1247 1272 1302; x_wconf 86' lang='lat' dir='ltr'><strong>pro</strong></span> <span class='ocrx_word' id='word_1_70' title='bbox 1312 1234 1578 1288; x_wconf 62' lang='lat' dir='ltr'><strong>exulibus.</strong></span> 
     </span>
    </p>
   </div>
   <div class='ocr_carea' id='block_1_14' title="bbox 1143 1319 1395 1369">
    <p class='ocr_par' dir='ltr' id='par_1_14' title="bbox 1143 1319 1395 1369">
     <span class='ocr_line' id='line_1_14' title="bbox 1143 1319 1395 1369; baseline 0 -1"><span class='ocrx_word' id='word_1_71' title='bbox 1143 1319 1395 1369; x_wconf 66' lang='lat' dir='ltr'><strong>Prml’atio.</strong></span> 
     </span>
    </p>
   </div>
   <div class='ocr_carea' id='block_1_15' title="bbox 525 1399 2078 1476">
    <p class='ocr_par' dir='ltr' id='par_1_15' title="bbox 525 1399 2078 1476">
     <span class='ocr_line' id='line_1_15' title="bbox 525 1399 2078 1476; baseline 0.002 -20"><span class='ocrx_word' id='word_1_72' title='bbox 525 1399 874 1468; x_wconf 89' lang='lat' dir='ltr'><strong>Unianimes,</strong></span> <span class='ocrx_word' id='word_1_73' title='bbox 901 1402 960 1453; x_wconf 88' lang='lat' dir='ltr'><strong>et</strong></span> <span class='ocrx_word' id='word_1_74' title='bbox 981 1399 1152 1454; x_wconf 88' lang='lat' dir='ltr'><strong>unius</strong></span> <span class='ocrx_word' id='word_1_75' title='bbox 1179 1401 1432 1470; x_wconf 89' lang='lat' dir='ltr'><strong>corporis</strong></span> <span class='ocrx_word' id='word_1_76' title='bbox 1453 1401 1514 1455; x_wconf 91' lang='lat' dir='ltr'><strong>in</strong></span> <span class='ocrx_word' id='word_1_77' title='bbox 1541 1401 1752 1472; x_wconf 88' lang='lat' dir='ltr'><strong>Spiritu</strong></span> <span class='ocrx_word' id='word_1_78' title='bbox 1779 1403 1872 1476; x_wconf 86' lang='lat' dir='ltr'><strong>Dei</strong></span> <span class='ocrx_word' id='word_1_79' title='bbox 1899 1405 2078 1459; x_wconf 86' lang='lat' dir='ltr'><strong>Patris</strong></span> 
     </span>
    </p>
   </div>
   <div class='ocr_carea' id='block_1_16' title="bbox 451 1491 2075 1568">
    <p class='ocr_par' dir='ltr' id='par_1_16' title="bbox 451 1491 2075 1568">
     <span class='ocr_line' id='line_1_16' title="bbox 451 1491 2075 1568; baseline 0.002 -18"><span class='ocrx_word' id='word_1_80' title='bbox 451 1493 880 1565; x_wconf 81' lang='lat' dir='ltr'><strong>omnipotentis,</strong></span> <span class='ocrx_word' id='word_1_81' title='bbox 915 1491 1106 1564; x_wconf 81' lang='grc'><strong>244</strong></span> <span class='ocrx_word' id='word_1_82' title='bbox 1145 1493 1366 1547; x_wconf 88' lang='lat' dir='ltr'><strong>Domini</strong></span> <span class='ocrx_word' id='word_1_83' title='bbox 1391 1493 1832 1550; x_wconf 89' lang='lat' dir='ltr'><strong>misericordiam</strong></span> <span class='ocrx_word' id='word_1_84' title='bbox 1873 1497 2075 1568; x_wconf 80' lang='lat' dir='ltr'><strong>depre-</strong></span> 
     </span>
    </p>
   </div>
   <div class='ocr_carea' id='block_1_17' title="bbox 449 1586 2076 1662">
    <p class='ocr_par' dir='ltr' id='par_1_17' title="bbox 449 1586 2076 1662">
     <span class='ocr_line' id='line_1_17' title="bbox 449 1586 2076 1662; baseline 0.001 -19"><span class='ocrx_word' id='word_1_85' title='bbox 449 1603 646 1643; x_wconf 88' lang='lat' dir='ltr'><strong>cemur</strong></span> <span class='ocrx_word' id='word_1_86' title='bbox 671 1603 774 1658; x_wconf 92' lang='lat' dir='ltr'><strong>pro</strong></span> <span class='ocrx_word' id='word_1_87' title='bbox 803 1586 1090 1652; x_wconf 77' lang='lat' dir='ltr'><strong>fratribus,</strong></span> <span class='ocrx_word' id='word_1_88' title='bbox 1119 1591 1176 1640; x_wconf 91' lang='lat' dir='ltr'><strong>et</strong></span> <span class='ocrx_word' id='word_1_89' title='bbox 1203 1587 1487 1642; x_wconf 86' lang='lat' dir='ltr'><strong>sororibus</strong></span> <span class='ocrx_word' id='word_1_90' title='bbox 1515 1589 1720 1642; x_wconf 88' lang='lat' dir='ltr'><strong>nostris</strong></span> <span class='ocrx_word' id='word_1_91' title='bbox 1743 1589 2076 1662; x_wconf 84' lang='lat' dir='ltr'><strong>captivitati-</strong></span> 
     </span>
    </p>
   </div>
   <div class='ocr_carea' id='block_1_18' title="bbox 451 1679 2076 1756">
    <p class='ocr_par' dir='ltr' id='par_1_18' title="bbox 451 1679 2076 1756">
     <span class='ocr_line' id='line_1_18' title="bbox 451 1679 2076 1756; baseline 0.002 -20"><span class='ocrx_word' id='word_1_92' title='bbox 451 1681 558 1736; x_wconf 87' lang='lat' dir='ltr'><strong>bus</strong></span> <span class='ocrx_word' id='word_1_93' title='bbox 583 1679 882 1750; x_wconf 87' lang='lat' dir='ltr'><strong>elongatis,</strong></span> <span class='ocrx_word' id='word_1_94' title='bbox 911 1679 1228 1734; x_wconf 85' lang='lat' dir='ltr'><strong>carceribus</strong></span> <span class='ocrx_word' id='word_1_95' title='bbox 1265 1681 1528 1752; x_wconf 86' lang='lat' dir='ltr'><strong>detentis,</strong></span> <span class='ocrx_word' id='word_1_96' title='bbox 1559 1683 1804 1738; x_wconf 87' lang='lat' dir='ltr'><strong>metallis</strong></span> <span class='ocrx_word' id='word_1_97' title='bbox 1836 1685 2076 1756; x_wconf 88' lang='lat' dir='ltr'><strong>deputa-</strong></span> 
     </span>
    </p>
   </div>
   <div class='ocr_carea' id='block_1_19' title="bbox 2179 466 3812 540">
    <p class='ocr_par' dir='ltr' id='par_1_19' title="bbox 2179 466 3812 540">
     <span class='ocr_line' id='line_1_19' title="bbox 2179 466 3812 540; baseline -0.002 -18"><span class='ocrx_word' id='word_1_98' title='bbox 2179 469 2460 522; x_wconf 74' lang='lat' dir='ltr'><strong>saecularis</strong></span> <span class='ocrx_word' id='word_1_99' title='bbox 2509 469 2840 524; x_wconf 63' lang='lat' dir='ltr'><strong>substantiae</strong></span> <span class='ocrx_word' id='word_1_100' title='bbox 2905 467 3250 540; x_wconf 86' lang='lat' dir='ltr'><strong>participant</strong></span> <span class='ocrx_word' id='word_1_101' title='bbox 3310 466 3650 521; x_wconf 80' lang='lat' dir='ltr'><strong>facultatem.</strong></span> <span class='ocrx_word' id='word_1_102' title='bbox 3704 467 3812 521; x_wconf 89' lang='lat' dir='ltr'><strong>Per</strong></span> 
     </span>
    </p>
   </div>
   <div class='ocr_carea' id='block_1_20' title="bbox 2179 579 3226 696">
    <p class='ocr_par' dir='ltr' id='par_1_20' title="bbox 2179 579 3226 696">
     <span class='ocr_line' id='line_1_20' title="bbox 2179 579 3226 696; baseline -0.002 -14"><span class='ocrx_word' id='word_1_103' title='bbox 2179 579 2398 634; x_wconf 43' lang='lat' dir='ltr'><strong>resurg.</strong></span> <span class='ocrx_word' id='word_1_104' title='bbox 2771 633 2946 682; x_wconf 84' lang='lat' dir='ltr'><strong>Oratio</strong></span> <span class='ocrx_word' id='word_1_105' title='bbox 2975 633 3226 696; x_wconf 86' lang='lat' dir='ltr'><strong>sequitur.</strong></span> 
     </span>
    </p>
   </div>
   <div class='ocr_carea' id='block_1_21' title="bbox 2251 717 3814 790">
    <p class='ocr_par' dir='ltr' id='par_1_21' title="bbox 2251 717 3814 790">
     <span class='ocr_line' id='line_1_21' title="bbox 2251 717 3814 790; baseline 0 -18"><span class='ocrx_word' id='word_1_106' title='bbox 2251 718 2362 772; x_wconf 90' lang='lat' dir='ltr'><strong>Piis</strong></span> <span class='ocrx_word' id='word_1_107' title='bbox 2387 733 2678 772; x_wconf 87' lang='lat' dir='ltr'><strong>servorum</strong></span> <span class='ocrx_word' id='word_1_108' title='bbox 2705 721 2938 772; x_wconf 90' lang='lat' dir='ltr'><strong>tuorum</strong></span> <span class='ocrx_word' id='word_1_109' title='bbox 2965 719 3228 790; x_wconf 89' lang='lat' dir='ltr'><strong>precibus</strong></span> <span class='ocrx_word' id='word_1_110' title='bbox 3255 734 3462 786; x_wconf 89' lang='lat' dir='ltr'><strong>annue,</strong></span> <span class='ocrx_word' id='word_1_111' title='bbox 3493 717 3814 772; x_wconf 78' lang='lat' dir='ltr'><strong>misericors</strong></span> 
     </span>
    </p>
   </div>
   <div class='ocr_carea' id='block_1_22' title="bbox 2181 811 3812 884">
    <p class='ocr_par' dir='ltr' id='par_1_22' title="bbox 2181 811 3812 884">
     <span class='ocr_line' id='line_1_22' title="bbox 2181 811 3812 884; baseline 0.001 -20"><span class='ocrx_word' id='word_1_112' title='bbox 2181 811 2440 880; x_wconf 90' lang='lat' dir='ltr'><strong>Domine,</strong></span> <span class='ocrx_word' id='word_1_113' title='bbox 2495 815 2560 865; x_wconf 91' lang='lat' dir='ltr'><strong>ut</strong></span> <span class='ocrx_word' id='word_1_114' title='bbox 2611 811 2980 884; x_wconf 81' lang='lat' dir='ltr'><strong>quicumque,</strong></span> <span class='ocrx_word' id='word_1_115' title='bbox 3033 816 3446 884; x_wconf 63' lang='lat' dir='ltr'><strong>praeceptorum</strong></span> <span class='ocrx_word' id='word_1_116' title='bbox 3501 811 3812 866; x_wconf 70' lang='lat' dir='ltr'><strong>caelestium</strong></span> 
     </span>
    </p>
   </div>
   <div class='ocr_carea' id='block_1_23' title="bbox 2179 904 3812 976">
    <p class='ocr_par' dir='ltr' id='par_1_23' title="bbox 2179 904 3812 976">
     <span class='ocr_line' id='line_1_23' title="bbox 2179 904 3812 976; baseline -0.001 -16"><span class='ocrx_word' id='word_1_117' title='bbox 2179 921 2480 974; x_wconf 87' lang='lat' dir='ltr'><strong>memores,</strong></span> <span class='ocrx_word' id='word_1_118' title='bbox 2509 905 2852 976; x_wconf 86' lang='lat' dir='ltr'><strong>pauperibus</strong></span> <span class='ocrx_word' id='word_1_119' title='bbox 2883 906 2994 960; x_wconf 90' lang='lat' dir='ltr'><strong>tuis</strong></span> <span class='ocrx_word' id='word_1_120' title='bbox 3017 922 3146 976; x_wconf 64' lang='lat' dir='ltr'><strong>quae</strong></span> <span class='ocrx_word' id='word_1_121' title='bbox 3171 909 3304 960; x_wconf 89' lang='lat' dir='ltr'><strong>sunt</strong></span> <span class='ocrx_word' id='word_1_122' title='bbox 3337 905 3644 960; x_wconf 83' lang='lat' dir='ltr'><strong>necessaria</strong></span> <span class='ocrx_word' id='word_1_123' title='bbox 3673 904 3812 958; x_wconf 84' lang='lat' dir='ltr'><strong>sub-</strong></span> 
     </span>
    </p>
   </div>
   <div class='ocr_carea' id='block_1_24' title="bbox 2177 998 3820 1076">
    <p class='ocr_par' dir='ltr' id='par_1_24' title="bbox 2177 998 3820 1076">
     <span class='ocr_line' id='line_1_24' title="bbox 2177 998 3820 1076; baseline 0 -24"><span class='ocrx_word' id='word_1_124' title='bbox 2177 998 2524 1068; x_wconf 87' lang='lat' dir='ltr'><strong>ministrant,</strong></span> <span class='ocrx_word' id='word_1_125' title='bbox 2569 998 2980 1070; x_wconf 89' lang='lat' dir='ltr'><strong>incorruptibili</strong></span> <span class='ocrx_word' id='word_1_126' title='bbox 3023 1003 3080 1054; x_wconf 88' lang='lat' dir='ltr'><strong>et</strong></span> <span class='ocrx_word' id='word_1_127' title='bbox 3123 999 3330 1076; x_wconf 78' lang='lat' dir='ltr'><strong>caelesti</strong></span> <span class='ocrx_word' id='word_1_128' title='bbox 3367 999 3542 1070; x_wconf 82' lang='lat' dir='ltr'><strong>gloria</strong></span> <span class='ocrx_word' id='word_1_129' title='bbox 3579 999 3820 1054; x_wconf 88' lang='lat' dir='ltr'><strong>misera-</strong></span> 
     </span>
    </p>
   </div>
   <div class='ocr_carea' id='block_1_25' title="bbox 2179 1091 3538 1148">
    <p class='ocr_par' dir='ltr' id='par_1_25' title="bbox 2179 1091 3538 1148">
     <span class='ocr_line' id='line_1_25' title="bbox 2179 1091 3538 1148; baseline 0 -2"><span class='ocrx_word' id='word_1_130' title='bbox 2179 1091 2346 1146; x_wconf 89' lang='lat' dir='ltr'><strong>tionis</strong></span> <span class='ocrx_word' id='word_1_131' title='bbox 2375 1095 2488 1146; x_wconf 73' lang='lat' dir='ltr'><strong>tuae</strong></span> <span class='ocrx_word' id='word_1_132' title='bbox 2517 1095 2572 1146; x_wconf 89' lang='lat' dir='ltr'><strong>et</strong></span> <span class='ocrx_word' id='word_1_133' title='bbox 2595 1092 2994 1146; x_wconf 63' lang='lat' dir='ltr'><strong>misericordia?</strong></span> <span class='ocrx_word' id='word_1_134' title='bbox 3023 1099 3384 1147; x_wconf 88' lang='lat' dir='ltr'><strong>coronentur.</strong></span> <span class='ocrx_word' id='word_1_135' title='bbox 3417 1093 3538 1148; x_wconf 89' lang='lat' dir='ltr'><strong>Per.</strong></span> 
     </span>
    </p>
   </div>
   <div class='ocr_carea' id='block_1_26' title="bbox 2579 1205 3402 1275">
    <p class='ocr_par' dir='ltr' id='par_1_26' title="bbox 2579 1205 3402 1275">
     <span class='ocr_line' id='line_1_26' title="bbox 2579 1205 3402 1275; baseline -0.002 -15"><span class='ocrx_word' id='word_1_136' title='bbox 2579 1207 2766 1262; x_wconf 87' lang='lat' dir='ltr'><strong>Oratio</strong></span> <span class='ocrx_word' id='word_1_137' title='bbox 2789 1221 2893 1275; x_wconf 87' lang='lat' dir='ltr'><strong>pro</strong></span> <span class='ocrx_word' id='word_1_138' title='bbox 2919 1205 3402 1274; x_wconf 81' lang='lat' dir='ltr'><strong>peregrinantibus.</strong></span> 
     </span>
    </p>
   </div>
   <div class='ocr_carea' id='block_1_27' title="bbox 2863 1297 3114 1346">
    <p class='ocr_par' dir='ltr' id='par_1_27' title="bbox 2863 1297 3114 1346">
     <span class='ocr_line' id='line_1_27' title="bbox 2863 1297 3114 1346; baseline 0.008 -2"><span class='ocrx_word' id='word_1_139' title='bbox 2863 1297 3114 1346; x_wconf 62' lang='lat' dir='ltr'><strong>Praefatio.</strong></span> 
     </span>
    </p>
   </div>
   <div class='ocr_carea' id='block_1_28' title="bbox 2247 1379 3812 1454">
    <p class='ocr_par' dir='ltr' id='par_1_28' title="bbox 2247 1379 3812 1454">
     <span class='ocr_line' id='line_1_28' title="bbox 2247 1379 3812 1454; baseline -0.001 -19"><span class='ocrx_word' id='word_1_140' title='bbox 2247 1381 2590 1450; x_wconf 71' lang='lat' dir='ltr'><strong>Cazlestium,</strong></span> <span class='ocrx_word' id='word_1_141' title='bbox 2633 1387 2690 1436; x_wconf 90' lang='lat' dir='ltr'><strong>et</strong></span> <span class='ocrx_word' id='word_1_142' title='bbox 2727 1383 3105 1450; x_wconf 87' lang='lat' dir='ltr'><strong>terrestrium,</strong></span> <span class='ocrx_word' id='word_1_143' title='bbox 3137 1379 3327 1454; x_wconf 78' lang='grc'><strong>245</strong></span> <span class='ocrx_word' id='word_1_144' title='bbox 3360 1385 3418 1436; x_wconf 90' lang='lat' dir='ltr'><strong>et</strong></span> <span class='ocrx_word' id='word_1_145' title='bbox 3459 1381 3812 1436; x_wconf 80' lang='lat' dir='ltr'><strong>infernarum</strong></span> 
     </span>
    </p>
   </div>
   <div class='ocr_carea' id='block_1_29' title="bbox 2177 1475 3814 1546">
    <p class='ocr_par' dir='ltr' id='par_1_29' title="bbox 2177 1475 3814 1546">
     <span class='ocr_line' id='line_1_29' title="bbox 2177 1475 3814 1546; baseline 0 -18"><span class='ocrx_word' id='word_1_146' title='bbox 2177 1475 2484 1529; x_wconf 90' lang='lat' dir='ltr'><strong>Dominum</strong></span> <span class='ocrx_word' id='word_1_147' title='bbox 2527 1477 2706 1530; x_wconf 86' lang='lat' dir='ltr'><strong>Deum</strong></span> <span class='ocrx_word' id='word_1_148' title='bbox 2739 1477 2965 1531; x_wconf 88' lang='lat' dir='ltr'><strong>Patrem</strong></span> <span class='ocrx_word' id='word_1_149' title='bbox 2993 1476 3462 1546; x_wconf 87' lang='lat' dir='ltr'><strong>omnipotentem,</strong></span> <span class='ocrx_word' id='word_1_150' title='bbox 3501 1475 3706 1530; x_wconf 84' lang='lat' dir='ltr'><strong>fratres</strong></span> <span class='ocrx_word' id='word_1_151' title='bbox 3733 1475 3814 1530; x_wconf 83' lang='lat' dir='ltr'><strong>di-</strong></span> 
     </span>
    </p>
   </div>
   <div class='ocr_carea' id='block_1_30' title="bbox 2177 1568 3816 1640">
    <p class='ocr_par' dir='ltr' id='par_1_30' title="bbox 2177 1568 3816 1640">
     <span class='ocr_line' id='line_1_30' title="bbox 2177 1568 3816 1640; baseline 0 -18"><span class='ocrx_word' id='word_1_152' title='bbox 2177 1568 2482 1638; x_wconf 89' lang='lat' dir='ltr'><strong>lectissimi,</strong></span> <span class='ocrx_word' id='word_1_153' title='bbox 2527 1569 2917 1640; x_wconf 87' lang='lat' dir='ltr'><strong>deprecemur,</strong></span> <span class='ocrx_word' id='word_1_154' title='bbox 2947 1571 3300 1624; x_wconf 87' lang='lat' dir='ltr'><strong>obsecrantes</strong></span> <span class='ocrx_word' id='word_1_155' title='bbox 3339 1569 3420 1623; x_wconf 88' lang='lat' dir='ltr'><strong>uti</strong></span> <span class='ocrx_word' id='word_1_156' title='bbox 3461 1569 3658 1624; x_wconf 84' lang='lat' dir='ltr'><strong>fratres</strong></span> <span class='ocrx_word' id='word_1_157' title='bbox 3687 1585 3816 1623; x_wconf 86' lang='lat' dir='ltr'><strong>nos-</strong></span> 
     </span>
    </p>
   </div>
   <div class='ocr_carea' id='block_1_31' title="bbox 2176 1663 3816 1736">
    <p class='ocr_par' dir='ltr' id='par_1_31' title="bbox 2176 1663 3816 1736">
     <span class='ocr_line' id='line_1_31' title="bbox 2176 1663 3816 1736; baseline 0 -20"><span class='ocrx_word' id='word_1_158' title='bbox 2176 1666 2294 1716; x_wconf 88' lang='lat' dir='ltr'><strong>tros</strong></span> <span class='ocrx_word' id='word_1_159' title='bbox 2319 1679 2382 1716; x_wconf 90' lang='lat' dir='ltr'><strong>ac</strong></span> <span class='ocrx_word' id='word_1_160' title='bbox 2418 1679 2656 1730; x_wconf 88' lang='lat' dir='ltr'><strong>sorores,</strong></span> <span class='ocrx_word' id='word_1_161' title='bbox 2693 1664 3038 1735; x_wconf 86' lang='lat' dir='ltr'><strong>quicumque</strong></span> <span class='ocrx_word' id='word_1_162' title='bbox 3067 1663 3592 1736; x_wconf 72' lang='lat' dir='ltr'><strong>peregrinationum</strong></span> <span class='ocrx_word' id='word_1_163' title='bbox 3623 1679 3816 1718; x_wconf 84' lang='lat' dir='ltr'><strong>neces—</strong></span> 
     </span>
    </p>
   </div>
   <div class='ocr_carea' id='block_1_32' title="bbox 453 1755 3816 1846">
    <p class='ocr_par' dir='ltr' id='par_1_32' title="bbox 453 1755 3816 1846">
     <span class='ocr_line' id='line_1_32' title="bbox 453 1755 3816 1846; baseline 0.002 -18"><span class='ocrx_word' id='word_1_164' title='bbox 453 1775 543 1846; x_wconf 83' lang='lat' dir='ltr'><strong>tis,</strong></span> <span class='ocrx_word' id='word_1_165' title='bbox 575 1777 636 1830; x_wconf 91' lang='lat' dir='ltr'><strong>ut</strong></span> <span class='ocrx_word' id='word_1_166' title='bbox 671 1775 750 1828; x_wconf 90' lang='lat' dir='ltr'><strong>eis</strong></span> <span class='ocrx_word' id='word_1_167' title='bbox 787 1772 1058 1827; x_wconf 89' lang='lat' dir='ltr'><strong>Dominus</strong></span> <span class='ocrx_word' id='word_1_168' title='bbox 1091 1773 1336 1844; x_wconf 89' lang='lat' dir='ltr'><strong>adjutor,</strong></span> <span class='ocrx_word' id='word_1_169' title='bbox 1367 1779 1652 1846; x_wconf 79' lang='lat' dir='ltr'><strong>protector</strong></span> <span class='ocrx_word' id='word_1_170' title='bbox 1685 1782 1744 1832; x_wconf 88' lang='lat' dir='ltr'><strong>et</strong></span> <span class='ocrx_word' id='word_1_171' title='bbox 1770 1755 2156 1834; x_wconf 86' lang='lat' dir='ltr'><strong>consolatorB</strong></span> <span class='ocrx_word' id='word_1_172' title='bbox 2179 1755 2433 1810; x_wconf 56' lang='lat' dir='ltr'><strong>suam)“</strong></span> <span class='ocrx_word' id='word_1_173' title='bbox 2475 1755 2784 1826; x_wconf 63' lang='lat' dir='ltr'><strong>sub-lacent»</strong></span> <span class='ocrx_word' id='word_1_174' title='bbox 2847 1757 3203 1830; x_wconf 65' lang='lat' dir='ltr'><strong>omnipotens</strong></span> <span class='ocrx_word' id='word_1_175' title='bbox 3257 1758 3400 1812; x_wconf 72' lang='lat' dir='ltr'><strong>Deus</strong></span> <span class='ocrx_word' id='word_1_176' title='bbox 3448 1757 3656 1812; x_wconf 58' lang='grc' dir='ltr'><strong>θυῖίλίο</strong></span> <span class='ocrx_word' id='word_1_177' title='bbox 3711 1772 3816 1811; x_wconf 68' lang='lat' dir='ltr'><strong>suo</strong></span> 
     </span>
    </p>
   </div>
   <div class='ocr_carea' id='block_1_33' title="bbox 451 1867 2080 1944">
    <p class='ocr_par' dir='ltr' id='par_1_33' title="bbox 451 1867 2080 1944">
     <span class='ocr_line' id='line_1_33' title="bbox 451 1867 2080 1944; baseline 0.003 -21"><span class='ocrx_word' id='word_1_178' title='bbox 451 1869 670 1936; x_wconf 79' lang='lat' dir='ltr'><strong>existat,</strong></span> <span class='ocrx_word' id='word_1_179' title='bbox 699 1883 882 1939; x_wconf 89' lang='lat' dir='ltr'><strong>neque</strong></span> <span class='ocrx_word' id='word_1_180' title='bbox 927 1867 1119 1922; x_wconf 87' lang='lat' dir='ltr'><strong>deesse</strong></span> <span class='ocrx_word' id='word_1_181' title='bbox 1161 1867 1268 1922; x_wconf 87' lang='lat' dir='ltr'><strong>sibi</strong></span> <span class='ocrx_word' id='word_1_182' title='bbox 1299 1875 1524 1941; x_wconf 89' lang='lat' dir='ltr'><strong>reputet</strong></span> <span class='ocrx_word' id='word_1_183' title='bbox 1567 1887 1662 1926; x_wconf 89' lang='lat' dir='ltr'><strong>eos</strong></span> <span class='ocrx_word' id='word_1_184' title='bbox 1693 1873 1792 1944; x_wconf 89' lang='lat' dir='ltr'><strong>qui</strong></span> <span class='ocrx_word' id='word_1_185' title='bbox 1829 1872 1980 1928; x_wconf 82' lang='lat' dir='ltr'><strong>ﬁdeli</strong></span> <span class='ocrx_word' id='word_1_186' title='bbox 2021 1890 2080 1930; x_wconf 89' lang='lat' dir='ltr'><strong>se</strong></span> 
     </span>
    </p>
   </div>
   <div class='ocr_carea' id='block_1_34' title="bbox 449 1961 1182 2034">
    <p class='ocr_par' dir='ltr' id='par_1_34' title="bbox 449 1961 1182 2034">
     <span class='ocr_line' id='line_1_34' title="bbox 449 1961 1182 2034; baseline 0 -18"><span class='ocrx_word' id='word_1_187' title='bbox 449 1961 770 2018; x_wconf 89' lang='lat' dir='ltr'><strong>innocentia</strong></span> <span class='ocrx_word' id='word_1_188' title='bbox 797 1965 1182 2034; x_wconf 85' lang='lat' dir='ltr'><strong>perseverant.</strong></span> 
     </span>
    </p>
   </div>
   <div class='ocr_carea' id='block_1_35' title="bbox 1043 2062 1492 2127">
    <p class='ocr_par' dir='ltr' id='par_1_35' title="bbox 1043 2062 1492 2127">
     <span class='ocr_line' id='line_1_35' title="bbox 1043 2062 1492 2127; baseline 0.007 -16"><span class='ocrx_word' id='word_1_189' title='bbox 1043 2062 1218 2112; x_wconf 81' lang='lat' dir='ltr'><strong>Oratio</strong></span> <span class='ocrx_word' id='word_1_190' title='bbox 1245 2064 1492 2127; x_wconf 85' lang='lat' dir='ltr'><strong>sequitur.</strong></span> 
     </span>
    </p>
   </div>
   <div class='ocr_carea' id='block_1_36' title="bbox 519 2147 2076 2220">
    <p class='ocr_par' dir='ltr' id='par_1_36' title="bbox 519 2147 2076 2220">
     <span class='ocr_line' id='line_1_36' title="bbox 519 2147 2076 2220; baseline 0.002 -15"><span class='ocrx_word' id='word_1_191' title='bbox 519 2149 743 2218; x_wconf 89' lang='lat' dir='ltr'><strong>Tribue,</strong></span> <span class='ocrx_word' id='word_1_192' title='bbox 779 2147 1036 2218; x_wconf 88' lang='lat' dir='ltr'><strong>Domine,</strong></span> <span class='ocrx_word' id='word_1_193' title='bbox 1079 2149 1340 2220; x_wconf 81' lang='lat' dir='ltr'><strong>relegatis</strong></span> <span class='ocrx_word' id='word_1_194' title='bbox 1379 2149 1643 2220; x_wconf 90' lang='lat' dir='ltr'><strong>patriam,</strong></span> <span class='ocrx_word' id='word_1_195' title='bbox 1673 2151 1872 2206; x_wconf 86' lang='lat' dir='ltr'><strong>vinctis</strong></span> <span class='ocrx_word' id='word_1_196' title='bbox 1915 2154 2076 2208; x_wconf 88' lang='lat' dir='ltr'><strong>abso-</strong></span> 
     </span>
    </p>
   </div>
   <div class='ocr_carea' id='block_1_37' title="bbox 451 2241 2080 2314">
    <p class='ocr_par' dir='ltr' id='par_1_37' title="bbox 451 2241 2080 2314">
     <span class='ocr_line' id='line_1_37' title="bbox 451 2241 2080 2314; baseline 0.002 -16"><span class='ocrx_word' id='word_1_197' title='bbox 451 2243 746 2313; x_wconf 89' lang='lat' dir='ltr'><strong>lutionem,</strong></span> <span class='ocrx_word' id='word_1_198' title='bbox 779 2241 1014 2314; x_wconf 86' lang='lat' dir='ltr'><strong>captivis</strong></span> <span class='ocrx_word' id='word_1_199' title='bbox 1043 2241 1386 2312; x_wconf 88' lang='lat' dir='ltr'><strong>libertatem,</strong></span> <span class='ocrx_word' id='word_1_200' title='bbox 1410 2247 1476 2297; x_wconf 87' lang='lat' dir='ltr'><strong>ut</strong></span> <span class='ocrx_word' id='word_1_201' title='bbox 1501 2243 1658 2314; x_wconf 90' lang='lat' dir='ltr'><strong>plebs</strong></span> <span class='ocrx_word' id='word_1_202' title='bbox 1687 2247 1787 2300; x_wconf 90' lang='lat' dir='ltr'><strong>tua</strong></span> <span class='ocrx_word' id='word_1_203' title='bbox 1813 2246 1948 2300; x_wconf 90' lang='lat' dir='ltr'><strong>etin</strong></span> <span class='ocrx_word' id='word_1_204' title='bbox 1974 2247 2080 2302; x_wconf 91' lang='lat' dir='ltr'><strong>hoc</strong></span> 
     </span>
    </p>
   </div>
   <div class='ocr_carea' id='block_1_38' title="bbox 451 2335 2082 2404">
    <p class='ocr_par' dir='ltr' id='par_1_38' title="bbox 451 2335 2082 2404">
     <span class='ocr_line' id='line_1_38' title="bbox 451 2335 2082 2404; baseline 0.005 -14"><span class='ocrx_word' id='word_1_205' title='bbox 451 2337 676 2404; x_wconf 62' lang='lat' dir='ltr'><strong>saeculo,</strong></span> <span class='ocrx_word' id='word_1_206' title='bbox 705 2341 762 2391; x_wconf 88' lang='lat' dir='ltr'><strong>et</strong></span> <span class='ocrx_word' id='word_1_207' title='bbox 795 2335 856 2390; x_wconf 91' lang='lat' dir='ltr'><strong>in</strong></span> <span class='ocrx_word' id='word_1_208' title='bbox 879 2335 1072 2390; x_wconf 82' lang='lat' dir='ltr'><strong>futuro</strong></span> <span class='ocrx_word' id='word_1_209' title='bbox 1099 2335 1498 2392; x_wconf 67' lang='lat' dir='ltr'><strong>misericordiae</strong></span> <span class='ocrx_word' id='word_1_210' title='bbox 1532 2341 1646 2392; x_wconf 68' lang='lat' dir='ltr'><strong>tua:</strong></span> <span class='ocrx_word' id='word_1_211' title='bbox 1679 2355 1916 2396; x_wconf 86' lang='lat' dir='ltr'><strong>munere</strong></span> <span class='ocrx_word' id='word_1_212' title='bbox 1949 2341 2082 2398; x_wconf 88' lang='lat' dir='ltr'><strong>libe-</strong></span> 
     </span>
    </p>
   </div>
   <div class='ocr_carea' id='block_1_39' title="bbox 453 2431 1346 2486">
    <p class='ocr_par' dir='ltr' id='par_1_39' title="bbox 453 2431 1346 2486">
     <span class='ocr_line' id='line_1_39' title="bbox 453 2431 1346 2486; baseline 0.003 -1"><span class='ocrx_word' id='word_1_213' title='bbox 453 2433 630 2486; x_wconf 88' lang='lat' dir='ltr'><strong>retur.</strong></span> <span class='ocrx_word' id='word_1_214' title='bbox 659 2431 784 2486; x_wconf 90' lang='lat' dir='ltr'><strong>Per.</strong></span> <span class='ocrx_word' id='word_1_215' title='bbox 1341 2461 1346 2472; x_wconf 73' lang='grc' dir='ltr'><em>ι</em></span> 
     </span>
    </p>
   </div>
   <div class='ocr_carea' id='block_1_40' title="bbox 901 2501 1620 2573">
    <p class='ocr_par' dir='ltr' id='par_1_40' title="bbox 901 2501 1620 2573">
     <span class='ocr_line' id='line_1_40' title="bbox 901 2501 1620 2573; baseline 0.001 -13"><span class='ocrx_word' id='word_1_216' title='bbox 901 2501 1085 2560; x_wconf 81' lang='lat' dir='ltr'><strong>Oratio</strong></span> <span class='ocrx_word' id='word_1_217' title='bbox 1107 2516 1212 2573; x_wconf 85' lang='lat' dir='ltr'><strong>pro</strong></span> <span class='ocrx_word' id='word_1_218' title='bbox 1237 2503 1620 2560; x_wconf 83' lang='lat' dir='ltr'><strong>sacerdotibus.</strong></span> 
     </span>
    </p>
   </div>
   <div class='ocr_carea' id='block_1_41' title="bbox 1139 2590 1394 2642">
    <p class='ocr_par' dir='ltr' id='par_1_41' title="bbox 1139 2590 1394 2642">
     <span class='ocr_line' id='line_1_41' title="bbox 1139 2590 1394 2642; baseline 0.008 -2"><span class='ocrx_word' id='word_1_219' title='bbox 1139 2590 1394 2642; x_wconf 61' lang='lat' dir='ltr'><strong>Praefatio.</strong></span> 
     </span>
    </p>
   </div>
   <div class='ocr_carea' id='block_1_42' title="bbox 521 2671 2080 2738">
    <p class='ocr_par' dir='ltr' id='par_1_42' title="bbox 521 2671 2080 2738">
     <span class='ocr_line' id='line_1_42' title="bbox 521 2671 2080 2738; baseline 0.004 -12"><span class='ocrx_word' id='word_1_220' title='bbox 521 2673 582 2726; x_wconf 91' lang='lat' dir='ltr'><strong>ln</strong></span> <span class='ocrx_word' id='word_1_221' title='bbox 621 2673 944 2726; x_wconf 88' lang='lat' dir='ltr'><strong>sanctorum</strong></span> <span class='ocrx_word' id='word_1_222' title='bbox 989 2675 1176 2726; x_wconf 83' lang='lat' dir='ltr'><strong>sancta</strong></span> <span class='ocrx_word' id='word_1_223' title='bbox 1215 2671 1468 2738; x_wconf 88' lang='lat' dir='ltr'><strong>admissi,</strong></span> <span class='ocrx_word' id='word_1_224' title='bbox 1511 2677 1568 2729; x_wconf 92' lang='lat' dir='ltr'><strong>et</strong></span> <span class='ocrx_word' id='word_1_225' title='bbox 1617 2673 1805 2730; x_wconf 88' lang='lat' dir='ltr'><strong>altaris</strong></span> <span class='ocrx_word' id='word_1_226' title='bbox 1845 2675 2080 2732; x_wconf 70' lang='lat' dir='ltr'><strong>caalestis</strong></span> 
     </span>
    </p>
   </div>
   <div class='ocr_carea' id='block_1_43' title="bbox 450 2763 2080 2838">
    <p class='ocr_par' dir='ltr' id='par_1_43' title="bbox 450 2763 2080 2838">
     <span class='ocr_line' id='line_1_43' title="bbox 450 2763 2080 2838; baseline 0.001 -16"><span class='ocrx_word' id='word_1_227' title='bbox 450 2764 754 2822; x_wconf 84' lang='lat' dir='ltr'><strong>Sacerdotii</strong></span> <span class='ocrx_word' id='word_1_228' title='bbox 784 2764 982 2820; x_wconf 69' lang='lat' dir='ltr'><strong>interni</strong></span> <span class='ocrx_word' id='word_1_229' title='bbox 1006 2763 1306 2836; x_wconf 83' lang='lat' dir='ltr'><strong>participes</strong></span> <span class='ocrx_word' id='word_1_230' title='bbox 1331 2763 1534 2838; x_wconf 78' lang='lat' dir='ltr'><strong>effecti,</strong></span> <span class='ocrx_word' id='word_1_231' title='bbox 1575 2767 1671 2824; x_wconf 90' lang='lat' dir='ltr'><strong>Dei</strong></span> <span class='ocrx_word' id='word_1_232' title='bbox 1701 2769 1877 2823; x_wconf 84' lang='lat' dir='ltr'><strong>Patris</strong></span> <span class='ocrx_word' id='word_1_233' title='bbox 1903 2770 2080 2824; x_wconf 91' lang='lat' dir='ltr'><strong>omni-</strong></span> 
     </span>
    </p>
   </div>
   <div class='ocr_carea' id='block_1_44' title="bbox 449 2857 2078 2934">
    <p class='ocr_par' dir='ltr' id='par_1_44' title="bbox 449 2857 2078 2934">
     <span class='ocr_line' id='line_1_44' title="bbox 449 2857 2078 2934; baseline 0.002 -20"><span class='ocrx_word' id='word_1_234' title='bbox 449 2859 693 2934; x_wconf 89' lang='lat' dir='ltr'><strong>potentis</strong></span> <span class='ocrx_word' id='word_1_235' title='bbox 748 2857 1196 2914; x_wconf 90' lang='lat' dir='ltr'><strong>misericordiam</strong></span> <span class='ocrx_word' id='word_1_236' title='bbox 1231 2859 1622 2930; x_wconf 90' lang='lat' dir='ltr'><strong>deprecemur,</strong></span> <span class='ocrx_word' id='word_1_237' title='bbox 1659 2865 1726 2916; x_wconf 89' lang='lat' dir='ltr'><strong>ut</strong></span> <span class='ocrx_word' id='word_1_238' title='bbox 1765 2863 2078 2918; x_wconf 85' lang='lat' dir='ltr'><strong>sacerdotes</strong></span> 
     </span>
    </p>
   </div>
   <div class='ocr_carea' id='block_1_45' title="bbox 451 2951 2080 3028">
    <p class='ocr_par' dir='ltr' id='par_1_45' title="bbox 451 2951 2080 3028">
     <span class='ocr_line' id='line_1_45' title="bbox 451 2951 2080 3028; baseline 0.002 -22"><span class='ocrx_word' id='word_1_239' title='bbox 451 2969 579 3007; x_wconf 88' lang='lat' dir='ltr'><strong>suos</strong></span> <span class='ocrx_word' id='word_1_240' title='bbox 615 2969 679 3008; x_wconf 86' lang='lat' dir='ltr'><strong>ac</strong></span> <span class='ocrx_word' id='word_1_241' title='bbox 721 2951 1009 3006; x_wconf 86' lang='lat' dir='ltr'><strong>ministros</strong></span> <span class='ocrx_word' id='word_1_242' title='bbox 1043 2951 1202 3006; x_wconf 90' lang='lat' dir='ltr'><strong>donis</strong></span> <span class='ocrx_word' id='word_1_243' title='bbox 1237 2951 1456 3022; x_wconf 88' lang='lat' dir='ltr'><strong>repleat</strong></span> <span class='ocrx_word' id='word_1_244' title='bbox 1497 2953 1834 3025; x_wconf 88' lang='lat' dir='ltr'><strong>spiritalium</strong></span> <span class='ocrx_word' id='word_1_245' title='bbox 1876 2957 2080 3028; x_wconf 89' lang='lat' dir='ltr'><strong>gratia-</strong></span> 
     </span>
    </p>
   </div>
   <div class='ocr_carea' id='block_1_46' title="bbox 448 3061 600 3102">
    <p class='ocr_par' dir='ltr' id='par_1_46' title="bbox 448 3061 600 3102">
     <span class='ocr_line' id='line_1_46' title="bbox 448 3061 600 3102; baseline -0.007 0"><span class='ocrx_word' id='word_1_246' title='bbox 448 3061 600 3102; x_wconf 91' lang='lat' dir='ltr'><strong>rum.</strong></span> 
     </span>
    </p>
   </div>
   <div class='ocr_carea' id='block_1_47' title="bbox 1035 3113 1486 3179">
    <p class='ocr_par' dir='ltr' id='par_1_47' title="bbox 1035 3113 1486 3179">
     <span class='ocr_line' id='line_1_47' title="bbox 1035 3113 1486 3179; baseline 0.004 -15"><span class='ocrx_word' id='word_1_247' title='bbox 1035 3113 1208 3165; x_wconf 83' lang='lat' dir='ltr'><strong>Oratio</strong></span> <span class='ocrx_word' id='word_1_248' title='bbox 1237 3115 1486 3179; x_wconf 82' lang='lat' dir='ltr'><strong>sequitur.</strong></span> 
     </span>
    </p>
   </div>
   <div class='ocr_carea' id='block_1_48' title="bbox 519 3200 2074 3276">
    <p class='ocr_par' dir='ltr' id='par_1_48' title="bbox 519 3200 2074 3276">
     <span class='ocr_line' id='line_1_48' title="bbox 519 3200 2074 3276; baseline 0.001 -18"><span class='ocrx_word' id='word_1_249' title='bbox 519 3201 754 3258; x_wconf 87' lang='lat' dir='ltr'><strong>Domine</strong></span> <span class='ocrx_word' id='word_1_250' title='bbox 783 3201 929 3256; x_wconf 86' lang='lat' dir='ltr'><strong>Deus</strong></span> <span class='ocrx_word' id='word_1_251' title='bbox 962 3200 1260 3272; x_wconf 90' lang='lat' dir='ltr'><strong>virtutum,</strong></span> <span class='ocrx_word' id='word_1_252' title='bbox 1284 3201 1532 3272; x_wconf 87' lang='lat' dir='ltr'><strong>justitica</strong></span> <span class='ocrx_word' id='word_1_253' title='bbox 1561 3207 1618 3258; x_wconf 90' lang='lat' dir='ltr'><strong>et</strong></span> <span class='ocrx_word' id='word_1_254' title='bbox 1659 3205 1946 3260; x_wconf 86' lang='lat' dir='ltr'><strong>sanctiﬁca</strong></span> <span class='ocrx_word' id='word_1_255' title='bbox 1973 3222 2074 3276; x_wconf 87' lang='lat' dir='ltr'><strong>pa-</strong></span> 
     </span>
    </p>
   </div>
   <div class='ocr_carea' id='block_1_49' title="bbox 447 3295 2080 3368">
    <p class='ocr_par' dir='ltr' id='par_1_49' title="bbox 447 3295 2080 3368">
     <span class='ocr_line' id='line_1_49' title="bbox 447 3295 2080 3368; baseline 0.001 -16"><span class='ocrx_word' id='word_1_256' title='bbox 447 3301 624 3352; x_wconf 82' lang='lat' dir='ltr'><strong>stores</strong></span> <span class='ocrx_word' id='word_1_257' title='bbox 656 3301 712 3352; x_wconf 86' lang='lat' dir='ltr'><strong>et</strong></span> <span class='ocrx_word' id='word_1_258' title='bbox 735 3295 1068 3368; x_wconf 71' lang='lat' dir='ltr'><strong>prmpositos</strong></span> <span class='ocrx_word' id='word_1_259' title='bbox 1113 3295 1304 3350; x_wconf 88' lang='lat' dir='ltr'><strong>ovium</strong></span> <span class='ocrx_word' id='word_1_260' title='bbox 1341 3299 1591 3368; x_wconf 87' lang='lat' dir='ltr'><strong>tuarum,</strong></span> <span class='ocrx_word' id='word_1_261' title='bbox 1635 3303 1696 3352; x_wconf 91' lang='lat' dir='ltr'><strong>ut</strong></span> <span class='ocrx_word' id='word_1_262' title='bbox 1730 3299 2080 3354; x_wconf 87' lang='lat' dir='ltr'><strong>adversarius</strong></span> 
     </span>
    </p>
   </div>
   <div class='ocr_carea' id='block_1_50' title="bbox 447 3389 2076 3464">
    <p class='ocr_par' dir='ltr' id='par_1_50' title="bbox 447 3389 2076 3464">
     <span class='ocr_line' id='line_1_50' title="bbox 447 3389 2076 3464; baseline 0.001 -18"><span class='ocrx_word' id='word_1_263' title='bbox 447 3395 638 3448; x_wconf 86' lang='lat' dir='ltr'><strong>noster</strong></span> <span class='ocrx_word' id='word_1_264' title='bbox 677 3389 932 3446; x_wconf 85' lang='lat' dir='ltr'><strong>diabolus</strong></span> <span class='ocrx_word' id='word_1_265' title='bbox 961 3389 1070 3446; x_wconf 81' lang='lat' dir='ltr'><strong>fide</strong></span> <span class='ocrx_word' id='word_1_266' title='bbox 1109 3407 1308 3445; x_wconf 89' lang='lat' dir='ltr'><strong>eorum</strong></span> <span class='ocrx_word' id='word_1_267' title='bbox 1337 3395 1396 3446; x_wconf 91' lang='lat' dir='ltr'><strong>et</strong></span> <span class='ocrx_word' id='word_1_268' title='bbox 1431 3391 1728 3446; x_wconf 83' lang='lat' dir='ltr'><strong>sanctitate</strong></span> <span class='ocrx_word' id='word_1_269' title='bbox 1761 3395 2076 3464; x_wconf 89' lang='lat' dir='ltr'><strong>superatus,</strong></span> 
     </span>
    </p>
   </div>
   <div class='ocr_carea' id='block_1_51' title="bbox 448 3483 2075 3556">
    <p class='ocr_par' dir='ltr' id='par_1_51' title="bbox 448 3483 2075 3556">
     <span class='ocr_line' id='line_1_51' title="bbox 448 3483 2075 3556; baseline 0.001 -15"><span class='ocrx_word' id='word_1_270' title='bbox 448 3485 776 3556; x_wconf 88' lang='lat' dir='ltr'><strong>contingere</strong></span> <span class='ocrx_word' id='word_1_271' title='bbox 793 3483 1140 3540; x_wconf 89' lang='lat' dir='ltr'><strong>dominicum</strong></span> <span class='ocrx_word' id='word_1_272' title='bbox 1167 3501 1402 3556; x_wconf 82' lang='lat' dir='ltr'><strong>gregem</strong></span> <span class='ocrx_word' id='word_1_273' title='bbox 1420 3501 1485 3541; x_wconf 88' lang='lat' dir='ltr'><strong>ac</strong></span> <span class='ocrx_word' id='word_1_274' title='bbox 1503 3485 1706 3541; x_wconf 86' lang='lat' dir='ltr'><strong>violare</strong></span> <span class='ocrx_word' id='word_1_275' title='bbox 1723 3503 1837 3542; x_wconf 91' lang='lat' dir='ltr'><strong>non</strong></span> <span class='ocrx_word' id='word_1_276' title='bbox 1851 3486 2075 3543; x_wconf 88' lang='lat' dir='ltr'><strong>audeat.</strong></span> 
     </span>
    </p>
   </div>
   <div class='ocr_carea' id='block_1_52' title="bbox 449 3579 797 3650">
    <p class='ocr_par' dir='ltr' id='par_1_52' title="bbox 449 3579 797 3650">
     <span class='ocr_line' id='line_1_52' title="bbox 449 3579 797 3650; baseline 0.003 -18"><span class='ocrx_word' id='word_1_277' title='bbox 449 3579 554 3634; x_wconf 91' lang='lat' dir='ltr'><strong>Per</strong></span> <span class='ocrx_word' id='word_1_278' title='bbox 579 3595 797 3650; x_wconf 89' lang='lat' dir='ltr'><strong>resurg.</strong></span> 
     </span>
    </p>
   </div>
   <div class='ocr_carea' id='block_1_53' title="bbox 939 3651 1594 3721">
    <p class='ocr_par' dir='ltr' id='par_1_53' title="bbox 939 3651 1594 3721">
     <span class='ocr_line' id='line_1_53' title="bbox 939 3651 1594 3721; baseline 0 -15"><span class='ocrx_word' id='word_1_279' title='bbox 939 3651 1124 3706; x_wconf 84' lang='lat' dir='ltr'><strong>Oratio</strong></span> <span class='ocrx_word' id='word_1_280' title='bbox 1145 3665 1248 3720; x_wconf 85' lang='lat' dir='ltr'><strong>pro</strong></span> <span class='ocrx_word' id='word_1_281' title='bbox 1275 3652 1594 3721; x_wconf 81' lang='lat' dir='ltr'><strong>virginibus.</strong></span> 
     </span>
    </p>
   </div>
   <div class='ocr_carea' id='block_1_54' title="bbox 1135 3737 1385 3788">
    <p class='ocr_par' dir='ltr' id='par_1_54' title="bbox 1135 3737 1385 3788">
     <span class='ocr_line' id='line_1_54' title="bbox 1135 3737 1385 3788; baseline 0 -2"><span class='ocrx_word' id='word_1_282' title='bbox 1135 3737 1385 3788; x_wconf 60' lang='lat' dir='ltr'><strong>Praefatio.</strong></span> 
     </span>
    </p>
   </div>
   <div class='ocr_carea' id='block_1_55' title="bbox 521 3817 2078 3887">
    <p class='ocr_par' dir='ltr' id='par_1_55' title="bbox 521 3817 2078 3887">
     <span class='ocr_line' id='line_1_55' title="bbox 521 3817 2078 3887; baseline 0.003 -16"><span class='ocrx_word' id='word_1_283' title='bbox 521 3817 864 3887; x_wconf 70' lang='lat' dir='ltr'><strong>lncorrupta:</strong></span> <span class='ocrx_word' id='word_1_284' title='bbox 913 3817 1244 3872; x_wconf 63' lang='lat' dir='ltr'><strong>aeternitatis</strong></span> <span class='ocrx_word' id='word_1_285' title='bbox 1287 3819 1483 3886; x_wconf 86' lang='lat' dir='ltr'><strong>Deum,</strong></span> <span class='ocrx_word' id='word_1_286' title='bbox 1527 3821 1583 3872; x_wconf 90' lang='lat' dir='ltr'><strong>et</strong></span> <span class='ocrx_word' id='word_1_287' title='bbox 1621 3817 1950 3874; x_wconf 83' lang='lat' dir='ltr'><strong>inviolabilis</strong></span> <span class='ocrx_word' id='word_1_288' title='bbox 1983 3837 2078 3876; x_wconf 87' lang='lat' dir='ltr'><strong>na-</strong></span> 
     </span>
    </p>
   </div>
   <div class='ocr_carea' id='block_1_56' title="bbox 449 3909 2076 3982">
    <p class='ocr_par' dir='ltr' id='par_1_56' title="bbox 449 3909 2076 3982">
     <span class='ocr_line' id='line_1_56' title="bbox 449 3909 2076 3982; baseline 0.003 -18"><span class='ocrx_word' id='word_1_289' title='bbox 449 3913 592 3964; x_wconf 75' lang='lat' dir='ltr'><strong>tura:</strong></span> <span class='ocrx_word' id='word_1_290' title='bbox 649 3909 952 3964; x_wconf 90' lang='lat' dir='ltr'><strong>Dominum</strong></span> <span class='ocrx_word' id='word_1_291' title='bbox 1003 3909 1372 3964; x_wconf 88' lang='lat' dir='ltr'><strong>unianimitcr</strong></span> <span class='ocrx_word' id='word_1_292' title='bbox 1423 3911 1812 3982; x_wconf 89' lang='lat' dir='ltr'><strong>deprecemur,</strong></span> <span class='ocrx_word' id='word_1_293' title='bbox 1855 3917 2076 3970; x_wconf 84' lang='lat' dir='ltr'><strong>orantes</strong></span> 
     </span>
    </p>
   </div>
   <div class='ocr_carea' id='block_1_57' title="bbox 447 4001 2078 4076">
    <p class='ocr_par' dir='ltr' id='par_1_57' title="bbox 447 4001 2078 4076">
     <span class='ocr_line' id='line_1_57' title="bbox 447 4001 2078 4076; baseline 0.003 -18"><span class='ocrx_word' id='word_1_294' title='bbox 447 4019 550 4076; x_wconf 90' lang='lat' dir='ltr'><strong>pro</strong></span> <span class='ocrx_word' id='word_1_295' title='bbox 579 4001 846 4058; x_wconf 85' lang='lat' dir='ltr'><strong>fratribus</strong></span> <span class='ocrx_word' id='word_1_296' title='bbox 865 4001 1072 4056; x_wconf 87' lang='lat' dir='ltr'><strong>nostris</strong></span> <span class='ocrx_word' id='word_1_297' title='bbox 1095 4002 1190 4074; x_wconf 85' lang='lat' dir='ltr'><strong>qui</strong></span> <span class='ocrx_word' id='word_1_298' title='bbox 1221 4003 1526 4074; x_wconf 86' lang='lat' dir='ltr'><strong>gloriosam</strong></span> <span class='ocrx_word' id='word_1_299' title='bbox 1555 4003 1932 4076; x_wconf 80' lang='lat' dir='ltr'><strong>virginitatem</strong></span> <span class='ocrx_word' id='word_1_300' title='bbox 1961 4025 2078 4062; x_wconf 92' lang='lat' dir='ltr'><strong>cor-</strong></span> 
     </span>
    </p>
   </div>
   <div class='ocr_carea' id='block_1_58' title="bbox 447 4095 2074 4171">
    <p class='ocr_par' dir='ltr' id='par_1_58' title="bbox 447 4095 2074 4171">
     <span class='ocr_line' id='line_1_58' title="bbox 447 4095 2074 4171; baseline 0.002 -18"><span class='ocrx_word' id='word_1_301' title='bbox 447 4113 583 4171; x_wconf 91' lang='lat' dir='ltr'><strong>pore</strong></span> <span class='ocrx_word' id='word_1_302' title='bbox 608 4113 672 4151; x_wconf 89' lang='lat' dir='ltr'><strong>ac</strong></span> <span class='ocrx_word' id='word_1_303' title='bbox 701 4099 890 4152; x_wconf 89' lang='lat' dir='ltr'><strong>mente</strong></span> <span class='ocrx_word' id='word_1_304' title='bbox 929 4099 1222 4166; x_wconf 87' lang='lat' dir='ltr'><strong>voverunt,</strong></span> <span class='ocrx_word' id='word_1_305' title='bbox 1261 4095 1346 4151; x_wconf 90' lang='lat' dir='ltr'><strong>uti</strong></span> <span class='ocrx_word' id='word_1_306' title='bbox 1387 4113 1480 4151; x_wconf 85' lang='lat' dir='ltr'><strong>eos</strong></span> <span class='ocrx_word' id='word_1_307' title='bbox 1511 4114 1685 4168; x_wconf 89' lang='lat' dir='ltr'><strong>usque</strong></span> <span class='ocrx_word' id='word_1_308' title='bbox 1715 4099 1786 4153; x_wconf 89' lang='lat' dir='ltr'><strong>ad</strong></span> <span class='ocrx_word' id='word_1_309' title='bbox 1811 4117 2074 4156; x_wconf 91' lang='lat' dir='ltr'><strong>consum-</strong></span> 
     </span>
    </p>
   </div>
   <div class='ocr_carea' id='block_1_59' title="bbox 447 4189 2074 4266">
    <p class='ocr_par' dir='ltr' id='par_1_59' title="bbox 447 4189 2074 4266">
     <span class='ocr_line' id='line_1_59' title="bbox 447 4189 2074 4266; baseline 0.001 -18"><span class='ocrx_word' id='word_1_310' title='bbox 447 4191 755 4248; x_wconf 88' lang='lat' dir='ltr'><strong>mationem</strong></span> <span class='ocrx_word' id='word_1_311' title='bbox 779 4189 1056 4264; x_wconf 89' lang='lat' dir='ltr'><strong>propositi</strong></span> <span class='ocrx_word' id='word_1_312' title='bbox 1077 4191 1160 4244; x_wconf 92' lang='lat' dir='ltr'><strong>sui</strong></span> <span class='ocrx_word' id='word_1_313' title='bbox 1189 4189 1587 4246; x_wconf 74' lang='lat' dir='ltr'><strong>misericordia:</strong></span> <span class='ocrx_word' id='word_1_314' title='bbox 1615 4191 1852 4265; x_wconf 90' lang='lat' dir='ltr'><strong>Spiritus</strong></span> <span class='ocrx_word' id='word_1_315' title='bbox 1881 4211 2074 4266; x_wconf 90' lang='lat' dir='ltr'><strong>prose-</strong></span> 
     </span>
    </p>
   </div>
   <div class='ocr_carea' id='block_1_60' title="bbox 445 4285 830 4358">
    <p class='ocr_par' dir='ltr' id='par_1_60' title="bbox 445 4285 830 4358">
     <span class='ocr_line' id='line_1_60' title="bbox 445 4285 830 4358; baseline 0 -16"><span class='ocrx_word' id='word_1_316' title='bbox 445 4291 674 4358; x_wconf 88' lang='lat' dir='ltr'><strong>quatur.</strong></span> <span class='ocrx_word' id='word_1_317' title='bbox 705 4285 830 4342; x_wconf 91' lang='lat' dir='ltr'><strong>Per.</strong></span> 
     </span>
    </p>
   </div>
   <div class='ocr_carea' id='block_1_61' title="bbox 1035 4355 1482 4420">
    <p class='ocr_par' dir='ltr' id='par_1_61' title="bbox 1035 4355 1482 4420">
     <span class='ocr_line' id='line_1_61' title="bbox 1035 4355 1482 4420; baseline 0.002 -14"><span class='ocrx_word' id='word_1_318' title='bbox 1035 4355 1207 4406; x_wconf 82' lang='lat' dir='ltr'><strong>Oratio</strong></span> <span class='ocrx_word' id='word_1_319' title='bbox 1233 4357 1482 4420; x_wconf 87' lang='lat' dir='ltr'><strong>sequitur.</strong></span> 
     </span>
    </p>
   </div>
   <div class='ocr_carea' id='block_1_62' title="bbox 517 4441 2072 4516">
    <p class='ocr_par' dir='ltr' id='par_1_62' title="bbox 517 4441 2072 4516">
     <span class='ocr_line' id='line_1_62' title="bbox 517 4441 2072 4516; baseline 0.003 -20"><span class='ocrx_word' id='word_1_320' title='bbox 517 4442 770 4514; x_wconf 77' lang='lat' dir='ltr'><strong>Respice,</strong></span> <span class='ocrx_word' id='word_1_321' title='bbox 795 4441 1052 4508; x_wconf 89' lang='lat' dir='ltr'><strong>Domine,</strong></span> <span class='ocrx_word' id='word_1_322' title='bbox 1085 4443 1335 4514; x_wconf 81' lang='lat' dir='ltr'><strong>virgines</strong></span> <span class='ocrx_word' id='word_1_323' title='bbox 1364 4459 1567 4514; x_wconf 88' lang='lat' dir='ltr'><strong>sacras,</strong></span> <span class='ocrx_word' id='word_1_324' title='bbox 1599 4445 1655 4498; x_wconf 92' lang='lat' dir='ltr'><strong>et</strong></span> <span class='ocrx_word' id='word_1_325' title='bbox 1677 4445 1950 4516; x_wconf 84' lang='lat' dir='ltr'><strong>spadones</strong></span> <span class='ocrx_word' id='word_1_326' title='bbox 1975 4462 2072 4501; x_wconf 89' lang='lat' dir='ltr'><strong>vo-</strong></span> 
     </span>
    </p>
   </div>
   <div class='ocr_carea' id='block_1_63' title="bbox 446 4513 2152 4610">
    <p class='ocr_par' dir='ltr' id='par_1_63' title="bbox 446 4513 2152 4610">
     <span class='ocr_line' id='line_1_63' title="bbox 446 4513 2152 4610; baseline 0.003 -20"><span class='ocrx_word' id='word_1_327' title='bbox 446 4513 738 4602; x_wconf 86' lang='lat' dir='ltr'><strong>luntarios,</strong></span> <span class='ocrx_word' id='word_1_328' title='bbox 781 4534 836 4590; x_wconf 90' lang='lat' dir='ltr'><strong>id</strong></span> <span class='ocrx_word' id='word_1_329' title='bbox 878 4539 963 4590; x_wconf 86' lang='lat' dir='ltr'><strong>est</strong></span> <span class='ocrx_word' id='word_1_330' title='bbox 1009 4513 1285 4606; x_wconf 85' lang='lat' dir='ltr'><strong>pretiosas</strong></span> <span class='ocrx_word' id='word_1_331' title='bbox 1321 4513 1576 4592; x_wconf 72' lang='lat' dir='ltr'><strong>Ecclesiae</strong></span> <span class='ocrx_word' id='word_1_332' title='bbox 1611 4513 1966 4610; x_wconf 71' lang='lat' dir='ltr'><strong>margaritas,</strong></span> <span class='ocrx_word' id='word_1_333' title='bbox 2014 4513 2152 4594; x_wconf 84' lang='lat' dir='ltr'><strong>utD</strong></span> 
     </span>
    </p>
   </div>
   <div class='ocr_carea' id='block_1_64' title="bbox 445 4628 2076 4700">
    <p class='ocr_par' dir='ltr' id='par_1_64' title="bbox 445 4628 2076 4700">
     <span class='ocr_line' id='line_1_64' title="bbox 445 4628 2076 4700; baseline 0.004 -18"><span class='ocrx_word' id='word_1_334' title='bbox 445 4643 680 4700; x_wconf 88' lang='lat' dir='ltr'><strong>corpora</strong></span> <span class='ocrx_word' id='word_1_335' title='bbox 704 4643 900 4683; x_wconf 89' lang='lat' dir='ltr'><strong>eorum</strong></span> <span class='ocrx_word' id='word_1_336' title='bbox 925 4644 986 4681; x_wconf 92' lang='lat' dir='ltr'><strong>ac</strong></span> <span class='ocrx_word' id='word_1_337' title='bbox 1001 4628 1262 4698; x_wconf 88' lang='lat' dir='ltr'><strong>spiritum</strong></span> <span class='ocrx_word' id='word_1_338' title='bbox 1293 4629 1482 4686; x_wconf 64' lang='lat' dir='ltr'><strong>inlaesa</strong></span> <span class='ocrx_word' id='word_1_339' title='bbox 1503 4631 1772 4686; x_wconf 88' lang='lat' dir='ltr'><strong>castitatis</strong></span> <span class='ocrx_word' id='word_1_340' title='bbox 1795 4633 2076 4688; x_wconf 90' lang='lat' dir='ltr'><strong>conscien-</strong></span> 
     </span>
    </p>
   </div>
   <div class='ocr_carea' id='block_1_65' title="bbox 447 4721 1928 4800">
    <p class='ocr_par' dir='ltr' id='par_1_65' title="bbox 447 4721 1928 4800">
     <span class='ocr_line' id='line_1_65' title="bbox 447 4721 1928 4800; baseline 0.003 -22"><span class='ocrx_word' id='word_1_341' title='bbox 447 4721 546 4794; x_wconf 85' lang='lat' dir='ltr'><strong>tia,</strong></span> <span class='ocrx_word' id='word_1_342' title='bbox 581 4721 702 4795; x_wconf 89' lang='lat' dir='ltr'><strong>pari</strong></span> <span class='ocrx_word' id='word_1_343' title='bbox 731 4721 1178 4778; x_wconf 69' lang='lat' dir='ltr'><strong>exsestimatione</strong></span> <span class='ocrx_word' id='word_1_344' title='bbox 1207 4723 1542 4780; x_wconf 85' lang='lat' dir='ltr'><strong>custodiant.</strong></span> <span class='ocrx_word' id='word_1_345' title='bbox 1574 4725 1680 4780; x_wconf 90' lang='lat' dir='ltr'><strong>Per</strong></span> <span class='ocrx_word' id='word_1_346' title='bbox 1711 4743 1928 4800; x_wconf 90' lang='lat' dir='ltr'><strong>resurg.</strong></span> 
     </span>
    </p>
   </div>
   <div class='ocr_carea' id='block_1_66' title="bbox 783 4829 1741 4898">
    <p class='ocr_par' dir='ltr' id='par_1_66' title="bbox 783 4829 1741 4898">
     <span class='ocr_line' id='line_1_66' title="bbox 783 4829 1741 4898; baseline 0.002 -12"><span class='ocrx_word' id='word_1_347' title='bbox 783 4831 968 4887; x_wconf 78' lang='lat' dir='ltr'><strong>Oratio</strong></span> <span class='ocrx_word' id='word_1_348' title='bbox 1005 4829 1358 4898; x_wconf 74' lang='lat' dir='ltr'><strong>elemosynas</strong></span> <span class='ocrx_word' id='word_1_349' title='bbox 1399 4833 1741 4898; x_wconf 80' lang='lat' dir='ltr'><strong>facientibus.</strong></span> 
     </span>
    </p>
   </div>
   <div class='ocr_carea' id='block_1_67' title="bbox 1131 4917 1386 4969">
    <p class='ocr_par' dir='ltr' id='par_1_67' title="bbox 1131 4917 1386 4969">
     <span class='ocr_line' id='line_1_67' title="bbox 1131 4917 1386 4969; baseline 0 -1"><span class='ocrx_word' id='word_1_350' title='bbox 1131 4917 1386 4969; x_wconf 61' lang='lat' dir='ltr'><strong>Praefatio.</strong></span> 
     </span>
    </p>
   </div>
   <div class='ocr_carea' id='block_1_68' title="bbox 519 4999 2074 5060">
    <p class='ocr_par' dir='ltr' id='par_1_68' title="bbox 519 4999 2074 5060">
     <span class='ocr_line' id='line_1_68' title="bbox 519 4999 2074 5060; baseline 0.003 -3"><span class='ocrx_word' id='word_1_351' title='bbox 519 5002 786 5058; x_wconf 86' lang='lat' dir='ltr'><strong>Sanctum</strong></span> <span class='ocrx_word' id='word_1_352' title='bbox 811 5017 876 5056; x_wconf 86' lang='lat' dir='ltr'><strong>ac</strong></span> <span class='ocrx_word' id='word_1_353' title='bbox 905 4999 1270 5056; x_wconf 86' lang='lat' dir='ltr'><strong>benedictum</strong></span> <span class='ocrx_word' id='word_1_354' title='bbox 1297 4999 1686 5058; x_wconf 88' lang='lat' dir='ltr'><strong>retributionis</strong></span> <span class='ocrx_word' id='word_1_355' title='bbox 1715 5003 1894 5060; x_wconf 90' lang='lat' dir='ltr'><strong>Deum</strong></span> <span class='ocrx_word' id='word_1_356' title='bbox 1919 5005 2074 5060; x_wconf 89' lang='lat' dir='ltr'><strong>unia-</strong></span> 
     </span>
    </p>
   </div>
   <div class='ocr_carea' id='block_1_69' title="bbox 445 5093 2070 5170">
    <p class='ocr_par' dir='ltr' id='par_1_69' title="bbox 445 5093 2070 5170">
     <span class='ocr_line' id='line_1_69' title="bbox 445 5093 2070 5170; baseline 0.003 -20"><span class='ocrx_word' id='word_1_357' title='bbox 445 5095 649 5164; x_wconf 77' lang='lat' dir='ltr'><strong>nimas,</strong></span> <span class='ocrx_word' id='word_1_358' title='bbox 667 5095 870 5150; x_wconf 84' lang='lat' dir='ltr'><strong>fratres</strong></span> <span class='ocrx_word' id='word_1_359' title='bbox 891 5093 1260 5166; x_wconf 89' lang='lat' dir='ltr'><strong>dilectissimi,</strong></span> <span class='ocrx_word' id='word_1_360' title='bbox 1281 5096 1534 5152; x_wconf 86' lang='lat' dir='ltr'><strong>oratione</strong></span> <span class='ocrx_word' id='word_1_361' title='bbox 1559 5097 1948 5170; x_wconf 88' lang='lat' dir='ltr'><strong>deprecemur,</strong></span> <span class='ocrx_word' id='word_1_362' title='bbox 1971 5099 2070 5154; x_wconf 92' lang='lat' dir='ltr'><strong>ob-</strong></span> 
     </span>
    </p>
   </div>
   <div class='ocr_carea' id='block_1_70' title="bbox 445 5187 2074 5264">
    <p class='ocr_par' dir='ltr' id='par_1_70' title="bbox 445 5187 2074 5264">
     <span class='ocr_line' id='line_1_70' title="bbox 445 5187 2074 5264; baseline 0.002 -20"><span class='ocrx_word' id='word_1_363' title='bbox 445 5193 726 5244; x_wconf 88' lang='lat' dir='ltr'><strong>secrantes</strong></span> <span class='ocrx_word' id='word_1_364' title='bbox 753 5205 855 5260; x_wconf 87' lang='lat' dir='ltr'><strong>pro</strong></span> <span class='ocrx_word' id='word_1_365' title='bbox 897 5187 1168 5244; x_wconf 83' lang='lat' dir='ltr'><strong>fratribus</strong></span> <span class='ocrx_word' id='word_1_366' title='bbox 1203 5194 1262 5246; x_wconf 91' lang='lat' dir='ltr'><strong>et</strong></span> <span class='ocrx_word' id='word_1_367' title='bbox 1285 5191 1575 5248; x_wconf 87' lang='lat' dir='ltr'><strong>sororibus</strong></span> <span class='ocrx_word' id='word_1_368' title='bbox 1599 5193 1806 5248; x_wconf 89' lang='lat' dir='ltr'><strong>nostris</strong></span> <span class='ocrx_word' id='word_1_369' title='bbox 1828 5209 2074 5264; x_wconf 86' lang='lat' dir='ltr'><strong>quorum</strong></span> 
     </span>
    </p>
   </div>
   <div class='ocr_carea' id='block_1_71' title="bbox 445 5281 2072 5358">
    <p class='ocr_par' dir='ltr' id='par_1_71' title="bbox 445 5281 2072 5358">
     <span class='ocr_line' id='line_1_71' title="bbox 445 5281 2072 5358; baseline 0.002 -20"><span class='ocrx_word' id='word_1_370' title='bbox 445 5281 760 5338; x_wconf 87' lang='lat' dir='ltr'><strong>ministerio</strong></span> <span class='ocrx_word' id='word_1_371' title='bbox 785 5287 954 5354; x_wconf 86' lang='lat' dir='ltr'><strong>atque</strong></span> <span class='ocrx_word' id='word_1_372' title='bbox 970 5287 1200 5356; x_wconf 86' lang='lat' dir='ltr'><strong>sumptu</strong></span> <span class='ocrx_word' id='word_1_373' title='bbox 1223 5284 1600 5358; x_wconf 89' lang='lat' dir='ltr'><strong>inopiamnon</strong></span> <span class='ocrx_word' id='word_1_374' title='bbox 1617 5285 1869 5342; x_wconf 89' lang='lat' dir='ltr'><strong>sentiunt</strong></span> <span class='ocrx_word' id='word_1_375' title='bbox 1894 5285 1994 5356; x_wconf 90' lang='lat' dir='ltr'><strong>qui</strong></span> <span class='ocrx_word' id='word_1_376' title='bbox 2013 5285 2072 5342; x_wconf 93' lang='lat' dir='ltr'><strong>in</strong></span> 
     </span>
    </p>
   </div>
   <div class='ocr_carea' id='block_1_72' title="bbox 445 5375 2072 5450">
    <p class='ocr_par' dir='ltr' id='par_1_72' title="bbox 445 5375 2072 5450">
     <span class='ocr_line' id='line_1_72' title="bbox 445 5375 2072 5450; baseline 0.001 -16"><span class='ocrx_word' id='word_1_377' title='bbox 445 5375 690 5434; x_wconf 87' lang='lat' dir='ltr'><strong>Ecclesia</strong></span> <span class='ocrx_word' id='word_1_378' title='bbox 707 5381 836 5432; x_wconf 89' lang='lat' dir='ltr'><strong>sunt</strong></span> <span class='ocrx_word' id='word_1_379' title='bbox 849 5377 1186 5450; x_wconf 88' lang='lat' dir='ltr'><strong>indigentes,</strong></span> <span class='ocrx_word' id='word_1_380' title='bbox 1203 5383 1268 5436; x_wconf 90' lang='lat' dir='ltr'><strong>ut</strong></span> <span class='ocrx_word' id='word_1_381' title='bbox 1285 5379 1484 5436; x_wconf 89' lang='lat' dir='ltr'><strong>iisdem</strong></span> <span class='ocrx_word' id='word_1_382' title='bbox 1505 5379 1774 5434; x_wconf 89' lang='lat' dir='ltr'><strong>Dominus</strong></span> <span class='ocrx_word' id='word_1_383' title='bbox 1795 5377 2072 5450; x_wconf 79' lang='lat' dir='ltr'><strong>Spiritales</strong></span> 
     </span>
    </p>
   </div>
   <div class='ocr_carea' id='block_1_73' title="bbox 513 5521 2072 5592">
    <p class='ocr_par' dir='ltr' id='par_1_73' title="bbox 513 5521 2072 5592">
     <span class='ocr_line' id='line_1_73' title="bbox 513 5521 2072 5592; baseline 0.001 -16"><span class='ocrx_word' id='word_1_384' title='bbox 513 5522 540 5554; x_wconf 80' lang='grc'><strong><em>⁸</em></strong></span> <span class='ocrx_word' id='word_1_385' title='bbox 579 5521 916 5576; x_wconf 68' lang='lat' dir='ltr'><strong>Pmnitenles</strong></span> <span class='ocrx_word' id='word_1_386' title='bbox 939 5523 1248 5592; x_wconf 89' lang='lat' dir='ltr'><strong>quondam,</strong></span> <span class='ocrx_word' id='word_1_387' title='bbox 1276 5521 1370 5576; x_wconf 90' lang='lat' dir='ltr'><strong>alii</strong></span> <span class='ocrx_word' id='word_1_388' title='bbox 1396 5523 1717 5590; x_wconf 89' lang='lat' dir='ltr'><strong>voluntarii,</strong></span> <span class='ocrx_word' id='word_1_389' title='bbox 1741 5523 1836 5578; x_wconf 90' lang='lat' dir='ltr'><strong>alii</strong></span> <span class='ocrx_word' id='word_1_390' title='bbox 1865 5521 2072 5578; x_wconf 87' lang='lat' dir='ltr'><strong>addicti</strong></span> 
     </span>
    </p>
   </div>
   <div class='ocr_carea' id='block_1_74' title="bbox 443 5593 2071 5666">
    <p class='ocr_par' dir='ltr' id='par_1_74' title="bbox 443 5593 2071 5666">
     <span class='ocr_line' id='line_1_74' title="bbox 443 5593 2071 5666; baseline 0 -18"><span class='ocrx_word' id='word_1_391' title='bbox 443 5597 627 5666; x_wconf 75' lang='lat' dir='ltr'><strong>erant.</strong></span> <span class='ocrx_word' id='word_1_392' title='bbox 671 5595 751 5666; x_wconf 64' lang='grc' dir='ltr'><strong>Ιεῖις</strong></span> <span class='ocrx_word' id='word_1_393' title='bbox 787 5593 985 5666; x_wconf 79' lang='lat' dir='ltr'><strong>primis</strong></span> <span class='ocrx_word' id='word_1_394' title='bbox 1021 5597 1140 5666; x_wconf 77' lang='lat' dir='ltr'><strong>erat</strong></span> <span class='ocrx_word' id='word_1_395' title='bbox 1179 5593 1263 5644; x_wconf 88' lang='lat' dir='ltr'><strong>vir</strong></span> <span class='ocrx_word' id='word_1_396' title='bbox 1298 5593 1637 5666; x_wconf 75' lang='lat' dir='ltr'><strong>magniﬁcus</strong></span> <span class='ocrx_word' id='word_1_397' title='bbox 1675 5595 1766 5648; x_wconf 87' lang='lat' dir='ltr'><strong>ille</strong></span> <span class='ocrx_word' id='word_1_398' title='bbox 1811 5595 2071 5666; x_wconf 80' lang='lat' dir='ltr'><strong>Agricola</strong></span> 
     </span>
    </p>
   </div>
   <div class='ocr_carea' id='block_1_75' title="bbox 443 5659 2068 5736">
    <p class='ocr_par' dir='ltr' id='par_1_75' title="bbox 443 5659 2068 5736">
     <span class='ocr_line' id='line_1_75' title="bbox 443 5659 2068 5736; baseline 0.002 -20"><span class='ocrx_word' id='word_1_399' title='bbox 443 5664 633 5736; x_wconf 79' lang='lat' dir='ltr'><strong>Gallus</strong></span> <span class='ocrx_word' id='word_1_400' title='bbox 659 5659 1004 5736; x_wconf 59' lang='lat' dir='ltr'><strong>qlll,:lllul‘l)0</strong></span> <span class='ocrx_word' id='word_1_401' title='bbox 1037 5659 1364 5736; x_wconf 77' lang='lat' dir='ltr'><strong>ingruente,</strong></span> <span class='ocrx_word' id='word_1_402' title='bbox 1395 5659 1460 5716; x_wconf 80' lang='lat' dir='ltr'><strong>ut</strong></span> <span class='ocrx_word' id='word_1_403' title='bbox 1491 5659 2068 5736; x_wconf 54' lang='lat' dir='ltr'><strong>paenitentem&#39;proti-</strong></span> 
     </span>
    </p>
   </div>
   <div class='ocr_carea' id='block_1_76' title="bbox 443 5731 2066 5808">
    <p class='ocr_par' dir='ltr' id='par_1_76' title="bbox 443 5731 2066 5808">
     <span class='ocr_line' id='line_1_76' title="bbox 443 5731 2066 5808; baseline 0.005 -24"><span class='ocrx_word' id='word_1_404' title='bbox 443 5731 866 5808; x_wconf 39' lang='lat' dir='ltr'><strong>teretug’nullis</strong></span> <span class='ocrx_word' id='word_1_405' title='bbox 899 5731 1380 5808; x_wconf 54' lang='lat' dir='ltr'><strong>restibusindutus</strong></span> <span class='ocrx_word' id='word_1_406' title='bbox 1405 5731 1676 5808; x_wconf 63' lang='lat' dir='ltr'><strong>est,_teste</strong></span> <span class='ocrx_word' id='word_1_407' title='bbox 1701 5731 1926 5808; x_wconf 63' lang='lat' dir='ltr'><strong>Ruricio</strong></span> <span class='ocrx_word' id='word_1_408' title='bbox 1947 5737 2066 5808; x_wconf 84' lang='lat' dir='ltr'><strong>epi-</strong></span> 
     </span>
    </p>
   </div>
   <div class='ocr_carea' id='block_1_77' title="bbox 443 5800 2072 5876">
    <p class='ocr_par' dir='ltr' id='par_1_77' title="bbox 443 5800 2072 5876">
     <span class='ocr_line' id='line_1_77' title="bbox 443 5800 2072 5876; baseline 0.006 -24"><span class='ocrx_word' id='word_1_409' title='bbox 443 5815 608 5868; x_wconf 84' lang='lat' dir='ltr'><strong>scopo</strong></span> <span class='ocrx_word' id='word_1_410' title='bbox 639 5800 1010 5854; x_wconf 71' lang='lat' dir='ltr'><strong>Lemoviccnsi</strong></span> <span class='ocrx_word' id='word_1_411' title='bbox 1043 5801 1096 5854; x_wconf 86' lang='lat' dir='ltr'><strong>in</strong></span> <span class='ocrx_word' id='word_1_412' title='bbox 1129 5801 1228 5856; x_wconf 91' lang='lat' dir='ltr'><strong>lib.</strong></span> <span class='ocrx_word' id='word_1_413' title='bbox 1253 5819 1312 5872; x_wconf 84' lang='grc' dir='ltr'><strong>ιι,</strong></span> <span class='ocrx_word' id='word_1_414' title='bbox 1335 5800 1676 5872; x_wconf 76' lang='lat' dir='ltr'><strong>epistolaal.</strong></span> <span class='ocrx_word' id='word_1_415' title='bbox 1709 5807 1852 5876; x_wconf 81' lang='lat' dir='ltr'><strong>Lege</strong></span> <span class='ocrx_word' id='word_1_416' title='bbox 1871 5800 2072 5876; x_wconf 57' lang='lat' dir='ltr'><strong>prmia-</strong></span> 
     </span>
    </p>
   </div>
   <div class='ocr_carea' id='block_1_78' title="bbox 2097 3137 2152 3210">
    <p class='ocr_par' dir='ltr' id='par_1_78' title="bbox 2097 3137 2152 3210">
     <span class='ocr_line' id='line_1_78' title="bbox 2097 3137 2152 3210; baseline 0 0"><span class='ocrx_word' id='word_1_417' title='bbox 2097 3137 2152 3210; x_wconf 90' lang='lat' dir='ltr'>C</span> 
     </span>
    </p>
   </div>
   <div class='ocr_carea' id='block_1_79' title="bbox 2180 1849 3424 1922">
    <p class='ocr_par' dir='ltr' id='par_1_79' title="bbox 2180 1849 3424 1922">
     <span class='ocr_line' id='line_1_79' title="bbox 2180 1849 3424 1922; baseline 0 -18"><span class='ocrx_word' id='word_1_418' title='bbox 2180 1863 2366 1904; x_wconf 91' lang='lat' dir='ltr'><strong>comes</strong></span> <span class='ocrx_word' id='word_1_419' title='bbox 2393 1849 2618 1920; x_wconf 90' lang='lat' dir='ltr'><strong>adjutor</strong></span> <span class='ocrx_word' id='word_1_420' title='bbox 2645 1850 2878 1904; x_wconf 90' lang='lat' dir='ltr'><strong>reducat</strong></span> <span class='ocrx_word' id='word_1_421' title='bbox 2901 1867 2964 1904; x_wconf 89' lang='lat' dir='ltr'><strong>ac</strong></span> <span class='ocrx_word' id='word_1_422' title='bbox 2989 1853 3268 1922; x_wconf 75' lang='lat' dir='ltr'><strong>protegat.</strong></span> <span class='ocrx_word' id='word_1_423' title='bbox 3301 1851 3424 1906; x_wconf 89' lang='lat' dir='ltr'><strong>Per.</strong></span> 
     </span>
    </p>
   </div>
   <div class='ocr_carea' id='block_1_80' title="bbox 2773 1951 3226 2015">
    <p class='ocr_par' dir='ltr' id='par_1_80' title="bbox 2773 1951 3226 2015">
     <span class='ocr_line' id='line_1_80' title="bbox 2773 1951 3226 2015; baseline 0 -15"><span class='ocrx_word' id='word_1_424' title='bbox 2773 1951 2946 2001; x_wconf 88' lang='lat' dir='ltr'><strong>Oratio</strong></span> <span class='ocrx_word' id='word_1_425' title='bbox 2975 1951 3226 2015; x_wconf 87' lang='lat' dir='ltr'><strong>sequitur.</strong></span> 
     </span>
    </p>
   </div>
   <div class='ocr_carea' id='block_1_81' title="bbox 2250 2035 3816 2108">
    <p class='ocr_par' dir='ltr' id='par_1_81' title="bbox 2250 2035 3816 2108">
     <span class='ocr_line' id='line_1_81' title="bbox 2250 2035 3816 2108; baseline -0.001 -17"><span class='ocrx_word' id='word_1_426' title='bbox 2250 2035 2523 2106; x_wconf 85' lang='lat' dir='ltr'><strong>Restitue,</strong></span> <span class='ocrx_word' id='word_1_427' title='bbox 2557 2035 2816 2106; x_wconf 90' lang='lat' dir='ltr'><strong>Domine,</strong></span> <span class='ocrx_word' id='word_1_428' title='bbox 2845 2037 3163 2108; x_wconf 84' lang='lat' dir='ltr'><strong>peregrinis</strong></span> <span class='ocrx_word' id='word_1_429' title='bbox 3200 2035 3572 2092; x_wconf 89' lang='lat' dir='ltr'><strong>desideratum</strong></span> <span class='ocrx_word' id='word_1_430' title='bbox 3611 2035 3816 2107; x_wconf 71' lang='lat' dir='ltr'><strong>patriae</strong></span> 
     </span>
    </p>
   </div>
   <div class='ocr_carea' id='block_1_82' title="bbox 2179 2129 3816 2201">
    <p class='ocr_par' dir='ltr' id='par_1_82' title="bbox 2179 2129 3816 2201">
     <span class='ocr_line' id='line_1_82' title="bbox 2179 2129 3816 2201; baseline 0.001 -18"><span class='ocrx_word' id='word_1_431' title='bbox 2179 2129 2384 2199; x_wconf 89' lang='lat' dir='ltr'><strong>solum,</strong></span> <span class='ocrx_word' id='word_1_432' title='bbox 2433 2133 2496 2184; x_wconf 89' lang='lat' dir='ltr'><strong>ut</strong></span> <span class='ocrx_word' id='word_1_433' title='bbox 2531 2131 3004 2201; x_wconf 87' lang='lat' dir='ltr'><strong>contemplatione</strong></span> <span class='ocrx_word' id='word_1_434' title='bbox 3049 2129 3446 2185; x_wconf 72' lang='lat' dir='ltr'><strong>misericordiae</strong></span> <span class='ocrx_word' id='word_1_435' title='bbox 3497 2133 3630 2198; x_wconf 70' lang='lat' dir='ltr'><strong>tuae,</strong></span> <span class='ocrx_word' id='word_1_436' title='bbox 3671 2129 3816 2184; x_wconf 87' lang='lat' dir='ltr'><strong>dum</strong></span> 
     </span>
    </p>
   </div>
   <div class='ocr_carea' id='block_1_83' title="bbox 2181 2223 3816 2296">
    <p class='ocr_par' dir='ltr' id='par_1_83' title="bbox 2181 2223 3816 2296">
     <span class='ocr_line' id='line_1_83' title="bbox 2181 2223 3816 2296; baseline -0.001 -18"><span class='ocrx_word' id='word_1_437' title='bbox 2181 2223 2251 2278; x_wconf 89' lang='lat' dir='ltr'><strong>ad</strong></span> <span class='ocrx_word' id='word_1_438' title='bbox 2279 2240 2528 2295; x_wconf 69' lang='lat' dir='ltr'><strong>prazsens</strong></span> <span class='ocrx_word' id='word_1_439' title='bbox 2569 2227 2750 2296; x_wconf 86' lang='lat' dir='ltr'><strong>agunt</strong></span> <span class='ocrx_word' id='word_1_440' title='bbox 2773 2223 3059 2278; x_wconf 86' lang='lat' dir='ltr'><strong>beneﬁciis</strong></span> <span class='ocrx_word' id='word_1_441' title='bbox 3097 2224 3208 2278; x_wconf 90' lang='lat' dir='ltr'><strong>tuis</strong></span> <span class='ocrx_word' id='word_1_442' title='bbox 3253 2224 3482 2296; x_wconf 84' lang='lat' dir='ltr'><strong>gratias,</strong></span> <span class='ocrx_word' id='word_1_443' title='bbox 3515 2224 3658 2278; x_wconf 86' lang='lat' dir='ltr'><strong>cives</strong></span> <span class='ocrx_word' id='word_1_444' title='bbox 3693 2239 3816 2278; x_wconf 90' lang='lat' dir='ltr'><strong>esse</strong></span> 
     </span>
    </p>
   </div>
   <div class='ocr_carea' id='block_1_84' title="bbox 2179 2317 3820 2390">
    <p class='ocr_par' dir='ltr' id='par_1_84' title="bbox 2179 2317 3820 2390">
     <span class='ocr_line' id='line_1_84' title="bbox 2179 2317 3820 2390; baseline -0.001 -19"><span class='ocrx_word' id='word_1_445' title='bbox 2179 2321 2502 2372; x_wconf 90' lang='lat' dir='ltr'><strong>sanctorum</strong></span> <span class='ocrx_word' id='word_1_446' title='bbox 2530 2333 2594 2372; x_wconf 88' lang='lat' dir='ltr'><strong>ac</strong></span> <span class='ocrx_word' id='word_1_447' title='bbox 2623 2317 2704 2372; x_wconf 90' lang='lat' dir='ltr'><strong>tui</strong></span> <span class='ocrx_word' id='word_1_448' title='bbox 2725 2318 3016 2373; x_wconf 90' lang='lat' dir='ltr'><strong>domestici</strong></span> <span class='ocrx_word' id='word_1_449' title='bbox 3035 2317 3448 2390; x_wconf 90' lang='lat' dir='ltr'><strong>concupiscant.</strong></span> <span class='ocrx_word' id='word_1_450' title='bbox 3475 2319 3682 2372; x_wconf 68' lang='lat' dir='ltr'><strong>Praesta</strong></span> <span class='ocrx_word' id='word_1_451' title='bbox 3711 2331 3820 2387; x_wconf 88' lang='lat' dir='ltr'><strong>per</strong></span> 
     </span>
    </p>
   </div>
   <div class='ocr_carea' id='block_1_85' title="bbox 2179 2427 2400 2484">
    <p class='ocr_par' dir='ltr' id='par_1_85' title="bbox 2179 2427 2400 2484">
     <span class='ocr_line' id='line_1_85' title="bbox 2179 2427 2400 2484; baseline 0 -18"><span class='ocrx_word' id='word_1_452' title='bbox 2179 2427 2400 2484; x_wconf 90' lang='lat' dir='ltr'><strong>resurg.</strong></span> 
     </span>
    </p>
   </div>
   <div class='ocr_carea' id='block_1_86' title="bbox 2703 2485 3286 2553">
    <p class='ocr_par' dir='ltr' id='par_1_86' title="bbox 2703 2485 3286 2553">
     <span class='ocr_line' id='line_1_86' title="bbox 2703 2485 3286 2553; baseline -0.003 -13"><span class='ocrx_word' id='word_1_453' title='bbox 2703 2485 2890 2540; x_wconf 81' lang='lat' dir='ltr'><strong>Oratio</strong></span> <span class='ocrx_word' id='word_1_454' title='bbox 2909 2499 3012 2553; x_wconf 76' lang='lat' dir='ltr'><strong>pro</strong></span> <span class='ocrx_word' id='word_1_455' title='bbox 3039 2485 3286 2553; x_wconf 78' lang='lat' dir='ltr'><strong>inﬁmis.</strong></span> 
     </span>
    </p>
   </div>
   <div class='ocr_carea' id='block_1_87' title="bbox 2868 2575 3120 2626">
    <p class='ocr_par' dir='ltr' id='par_1_87' title="bbox 2868 2575 3120 2626">
     <span class='ocr_line' id='line_1_87' title="bbox 2868 2575 3120 2626; baseline 0 -2"><span class='ocrx_word' id='word_1_456' title='bbox 2868 2575 3120 2626; x_wconf 68' lang='lat' dir='ltr'><strong>Praefatio.</strong></span> 
     </span>
    </p>
   </div>
   <div class='ocr_carea' id='block_1_88' title="bbox 2249 2659 3814 2716">
    <p class='ocr_par' dir='ltr' id='par_1_88' title="bbox 2249 2659 3814 2716">
     <span class='ocr_line' id='line_1_88' title="bbox 2249 2659 3814 2716; baseline -0.001 0"><span class='ocrx_word' id='word_1_457' title='bbox 2249 2660 2530 2716; x_wconf 68' lang='lat' dir='ltr'><strong>Universae</strong></span> <span class='ocrx_word' id='word_1_458' title='bbox 2559 2661 2754 2716; x_wconf 87' lang='lat' dir='ltr'><strong>salutis</strong></span> <span class='ocrx_word' id='word_1_459' title='bbox 2781 2661 2958 2716; x_wconf 90' lang='lat' dir='ltr'><strong>Deum</strong></span> <span class='ocrx_word' id='word_1_460' title='bbox 2987 2665 3044 2716; x_wconf 91' lang='lat' dir='ltr'><strong>et</strong></span> <span class='ocrx_word' id='word_1_461' title='bbox 3067 2659 3342 2714; x_wconf 71' lang='lat' dir='ltr'><strong>universae</strong></span> <span class='ocrx_word' id='word_1_462' title='bbox 3369 2659 3590 2714; x_wconf 85' lang='lat' dir='ltr'><strong>virtutis</strong></span> <span class='ocrx_word' id='word_1_463' title='bbox 3617 2659 3814 2714; x_wconf 50' lang='lat' dir='ltr'><strong>Domi.</strong></span> 
     </span>
    </p>
   </div>
   <div class='ocr_carea' id='block_1_89' title="bbox 2177 2753 3818 2825">
    <p class='ocr_par' dir='ltr' id='par_1_89' title="bbox 2177 2753 3818 2825">
     <span class='ocr_line' id='line_1_89' title="bbox 2177 2753 3818 2825; baseline 0 -17"><span class='ocrx_word' id='word_1_464' title='bbox 2177 2769 2320 2808; x_wconf 91' lang='lat' dir='ltr'><strong>num</strong></span> <span class='ocrx_word' id='word_1_465' title='bbox 2344 2753 2716 2825; x_wconf 89' lang='lat' dir='ltr'><strong>deprecemur</strong></span> <span class='ocrx_word' id='word_1_466' title='bbox 2749 2771 2852 2824; x_wconf 92' lang='lat' dir='ltr'><strong>pro</strong></span> <span class='ocrx_word' id='word_1_467' title='bbox 2885 2755 3154 2808; x_wconf 87' lang='lat' dir='ltr'><strong>fratribus</strong></span> <span class='ocrx_word' id='word_1_468' title='bbox 3193 2757 3250 2808; x_wconf 89' lang='lat' dir='ltr'><strong>et</strong></span> <span class='ocrx_word' id='word_1_469' title='bbox 3285 2753 3568 2808; x_wconf 85' lang='lat' dir='ltr'><strong>sororibus</strong></span> <span class='ocrx_word' id='word_1_470' title='bbox 3605 2753 3818 2808; x_wconf 84' lang='lat' dir='ltr'><strong>nostris</strong></span> 
     </span>
    </p>
   </div>
   <div class='ocr_carea' id='block_1_90' title="bbox 2177 2847 3822 2919">
    <p class='ocr_par' dir='ltr' id='par_1_90' title="bbox 2177 2847 3822 2919">
     <span class='ocr_line' id='line_1_90' title="bbox 2177 2847 3822 2919; baseline 0.001 -19"><span class='ocrx_word' id='word_1_471' title='bbox 2177 2847 2278 2918; x_wconf 89' lang='lat' dir='ltr'><strong>qui</strong></span> <span class='ocrx_word' id='word_1_472' title='bbox 2307 2849 2618 2902; x_wconf 89' lang='lat' dir='ltr'><strong>secundum</strong></span> <span class='ocrx_word' id='word_1_473' title='bbox 2653 2863 2880 2902; x_wconf 78' lang='lat' dir='ltr'><strong>carnem</strong></span> <span class='ocrx_word' id='word_1_474' title='bbox 2909 2847 3140 2902; x_wconf 85' lang='lat' dir='ltr'><strong>diversis</strong></span> <span class='ocrx_word' id='word_1_475' title='bbox 3169 2847 3570 2919; x_wconf 66' lang='lat' dir='ltr'><strong>aegritudinum</strong></span> <span class='ocrx_word' id='word_1_476' title='bbox 3593 2848 3822 2918; x_wconf 82' lang='lat' dir='ltr'><strong>generi-</strong></span> 
     </span>
    </p>
   </div>
   <div class='ocr_carea' id='block_1_91' title="bbox 2175 2940 3814 3008">
    <p class='ocr_par' dir='ltr' id='par_1_91' title="bbox 2175 2940 3814 3008">
     <span class='ocr_line' id='line_1_91' title="bbox 2175 2940 3814 3008; baseline 0 -14"><span class='ocrx_word' id='word_1_477' title='bbox 2175 2940 2282 2995; x_wconf 90' lang='lat' dir='ltr'><strong>bus</strong></span> <span class='ocrx_word' id='word_1_478' title='bbox 2319 2940 2683 3008; x_wconf 88' lang='lat' dir='ltr'><strong>insultantur,</strong></span> <span class='ocrx_word' id='word_1_479' title='bbox 2725 2947 2788 2996; x_wconf 89' lang='lat' dir='ltr'><strong>ut</strong></span> <span class='ocrx_word' id='word_1_480' title='bbox 2823 2942 2912 2996; x_wconf 90' lang='lat' dir='ltr'><strong>his</strong></span> <span class='ocrx_word' id='word_1_481' title='bbox 2943 2941 3213 2996; x_wconf 89' lang='lat' dir='ltr'><strong>Dominus</strong></span> <span class='ocrx_word' id='word_1_482' title='bbox 3253 2943 3470 2996; x_wconf 65' lang='lat' dir='ltr'><strong>caeleste</strong></span> <span class='ocrx_word' id='word_1_483' title='bbox 3511 2941 3814 2996; x_wconf 70' lang='lat' dir='ltr'><strong>medicinae</strong></span> 
     </span>
    </p>
   </div>
   <div class='ocr_carea' id='block_1_92' title="bbox 2177 3035 3030 3106">
    <p class='ocr_par' dir='ltr' id='par_1_92' title="bbox 2177 3035 3030 3106">
     <span class='ocr_line' id='line_1_92' title="bbox 2177 3035 3030 3106; baseline 0.002 -18"><span class='ocrx_word' id='word_1_484' title='bbox 2177 3050 2294 3089; x_wconf 65' lang='lat' dir='ltr'><strong>sua:</strong></span> <span class='ocrx_word' id='word_1_485' title='bbox 2321 3051 2529 3090; x_wconf 90' lang='lat' dir='ltr'><strong>munus</strong></span> <span class='ocrx_word' id='word_1_486' title='bbox 2563 3035 2876 3106; x_wconf 86' lang='lat' dir='ltr'><strong>indulgeat.</strong></span> <span class='ocrx_word' id='word_1_487' title='bbox 2905 3037 3030 3090; x_wconf 89' lang='lat' dir='ltr'><strong>Per.</strong></span> 
     </span>
    </p>
   </div>
   <div class='ocr_carea' id='block_1_93' title="bbox 2766 3137 3210 3201">
    <p class='ocr_par' dir='ltr' id='par_1_93' title="bbox 2766 3137 3210 3201">
     <span class='ocr_line' id='line_1_93' title="bbox 2766 3137 3210 3201; baseline 0.002 -15"><span class='ocrx_word' id='word_1_488' title='bbox 2766 3137 2938 3187; x_wconf 84' lang='lat' dir='ltr'><strong>Oratio</strong></span> <span class='ocrx_word' id='word_1_489' title='bbox 2961 3137 3210 3201; x_wconf 87' lang='lat' dir='ltr'><strong>sequitur.</strong></span> 
     </span>
    </p>
   </div>
   <div class='ocr_carea' id='block_1_94' title="bbox 2248 3220 3810 3289">
    <p class='ocr_par' dir='ltr' id='par_1_94' title="bbox 2248 3220 3810 3289">
     <span class='ocr_line' id='line_1_94' title="bbox 2248 3220 3810 3289; baseline -0.001 -13"><span class='ocrx_word' id='word_1_490' title='bbox 2248 3223 2501 3289; x_wconf 92' lang='lat' dir='ltr'><strong>Domine,</strong></span> <span class='ocrx_word' id='word_1_491' title='bbox 2530 3223 2620 3278; x_wconf 93' lang='lat' dir='ltr'><strong>cui</strong></span> <span class='ocrx_word' id='word_1_492' title='bbox 2647 3221 2926 3278; x_wconf 74' lang='lat' dir='ltr'><strong>viviiicare</strong></span> <span class='ocrx_word' id='word_1_493' title='bbox 2955 3225 3212 3277; x_wconf 88' lang='lat' dir='ltr'><strong>mortuos</strong></span> <span class='ocrx_word' id='word_1_494' title='bbox 3243 3221 3404 3276; x_wconf 87' lang='lat' dir='ltr'><strong>facile</strong></span> <span class='ocrx_word' id='word_1_495' title='bbox 3439 3226 3542 3288; x_wconf 86' lang='lat' dir='ltr'><strong>est,</strong></span> <span class='ocrx_word' id='word_1_496' title='bbox 3573 3220 3810 3276; x_wconf 86' lang='lat' dir='ltr'><strong>restitue</strong></span> 
     </span>
    </p>
   </div>
   <div class='ocr_carea' id='block_1_95' title="bbox 2179 3313 3815 3388">
    <p class='ocr_par' dir='ltr' id='par_1_95' title="bbox 2179 3313 3815 3388">
     <span class='ocr_line' id='line_1_95' title="bbox 2179 3313 3815 3388; baseline -0.001 -18"><span class='ocrx_word' id='word_1_497' title='bbox 2179 3317 2580 3388; x_wconf 74' lang='lat' dir='ltr'><strong>aegrotantibus</strong></span> <span class='ocrx_word' id='word_1_498' title='bbox 2607 3316 2907 3388; x_wconf 88' lang='lat' dir='ltr'><strong>pristinam</strong></span> <span class='ocrx_word' id='word_1_499' title='bbox 2945 3317 3265 3385; x_wconf 88' lang='lat' dir='ltr'><strong>sanitatem,</strong></span> <span class='ocrx_word' id='word_1_500' title='bbox 3293 3331 3366 3370; x_wconf 92' lang='lat' dir='ltr'><strong>ne</strong></span> <span class='ocrx_word' id='word_1_501' title='bbox 3401 3314 3608 3370; x_wconf 86' lang='lat' dir='ltr'><strong>terreni</strong></span> <span class='ocrx_word' id='word_1_502' title='bbox 3633 3313 3815 3369; x_wconf 88' lang='lat' dir='ltr'><strong>medi-</strong></span> 
     </span>
    </p>
   </div>
   <div class='ocr_carea' id='block_1_96' title="bbox 2177 3407 3810 3481">
    <p class='ocr_par' dir='ltr' id='par_1_96' title="bbox 2177 3407 3810 3481">
     <span class='ocr_line' id='line_1_96' title="bbox 2177 3407 3810 3481; baseline -0.001 -17"><span class='ocrx_word' id='word_1_503' title='bbox 2177 3410 2412 3464; x_wconf 89' lang='lat' dir='ltr'><strong>caminis</strong></span> <span class='ocrx_word' id='word_1_504' title='bbox 2449 3410 2698 3464; x_wconf 88' lang='lat' dir='ltr'><strong>remedia</strong></span> <span class='ocrx_word' id='word_1_505' title='bbox 2741 3409 3080 3479; x_wconf 86' lang='lat' dir='ltr'><strong>desiderent,</strong></span> <span class='ocrx_word' id='word_1_506' title='bbox 3128 3409 3472 3481; x_wconf 87' lang='lat' dir='ltr'><strong>quicumque</strong></span> <span class='ocrx_word' id='word_1_507' title='bbox 3523 3407 3810 3463; x_wconf 87' lang='lat' dir='ltr'><strong>medelam</strong></span> 
     </span>
    </p>
   </div>
   <div class='ocr_carea' id='block_1_97' title="bbox 2177 3503 3806 3575">
    <p class='ocr_par' dir='ltr' id='par_1_97' title="bbox 2177 3503 3806 3575">
     <span class='ocr_line' id='line_1_97' title="bbox 2177 3503 3806 3575; baseline -0.001 -17"><span class='ocrx_word' id='word_1_508' title='bbox 2177 3503 2414 3560; x_wconf 78' lang='lat' dir='ltr'><strong>caelestis</strong></span> <span class='ocrx_word' id='word_1_509' title='bbox 2439 3503 2840 3560; x_wconf 79' lang='lat' dir='ltr'><strong>misericordiae</strong></span> <span class='ocrx_word' id='word_1_510' title='bbox 2881 3508 2994 3558; x_wconf 60' lang='lat' dir='ltr'><strong>tua!</strong></span> <span class='ocrx_word' id='word_1_511' title='bbox 3025 3503 3415 3575; x_wconf 89' lang='lat' dir='ltr'><strong>deprecantur.</strong></span> <span class='ocrx_word' id='word_1_512' title='bbox 3451 3505 3554 3558; x_wconf 91' lang='lat' dir='ltr'><strong>Per</strong></span> <span class='ocrx_word' id='word_1_513' title='bbox 3581 3517 3806 3573; x_wconf 86' lang='lat' dir='ltr'><strong>resurg.</strong></span> 
     </span>
    </p>
   </div>
   <div class='ocr_carea' id='block_1_98' title="bbox 2598 3610 3388 3683">
    <p class='ocr_par' dir='ltr' id='par_1_98' title="bbox 2598 3610 3388 3683">
     <span class='ocr_line' id='line_1_98' title="bbox 2598 3610 3388 3683; baseline -0.006 -13"><span class='ocrx_word' id='word_1_514' title='bbox 2598 3614 2784 3670; x_wconf 87' lang='lat' dir='ltr'><strong>Oratio</strong></span> <span class='ocrx_word' id='word_1_515' title='bbox 2803 3627 2906 3683; x_wconf 87' lang='lat' dir='ltr'><strong>pro</strong></span> <span class='ocrx_word' id='word_1_516' title='bbox 2935 3613 3316 3683; x_wconf 65' lang='lat' dir='ltr'><strong>paenitentibus</strong></span> <span class='ocrx_word' id='word_1_517' title='bbox 3343 3610 3388 3666; x_wconf 82' lang='grc'><strong>⁸.</strong></span> 
     </span>
    </p>
   </div>
   <div class='ocr_carea' id='block_1_99' title="bbox 2247 3709 3808 3782">
    <p class='ocr_par' dir='ltr' id='par_1_99' title="bbox 2247 3709 3808 3782">
     <span class='ocr_line' id='line_1_99' title="bbox 2247 3709 3808 3782; baseline -0.003 -13"><span class='ocrx_word' id='word_1_518' title='bbox 2247 3713 2586 3769; x_wconf 81' lang='lat' dir='ltr'><strong>Conﬁtentes</strong></span> <span class='ocrx_word' id='word_1_519' title='bbox 2631 3711 2894 3767; x_wconf 83' lang='lat' dir='ltr'><strong>bonitatis</strong></span> <span class='ocrx_word' id='word_1_520' title='bbox 2921 3727 2982 3765; x_wconf 90' lang='lat' dir='ltr'><strong>ac</strong></span> <span class='ocrx_word' id='word_1_521' title='bbox 3025 3709 3426 3766; x_wconf 64' lang='lat' dir='ltr'><strong>misericordia?</strong></span> <span class='ocrx_word' id='word_1_522' title='bbox 3465 3711 3666 3780; x_wconf 89' lang='lat' dir='ltr'><strong>Deum,</strong></span> <span class='ocrx_word' id='word_1_523' title='bbox 3707 3713 3808 3782; x_wconf 88' lang='lat' dir='ltr'><strong>qui</strong></span> 
     </span>
    </p>
   </div>
   <div class='ocr_carea' id='block_1_100' title="bbox 2177 3805 3808 3879">
    <p class='ocr_par' dir='ltr' id='par_1_100' title="bbox 2177 3805 3808 3879">
     <span class='ocr_line' id='line_1_100' title="bbox 2177 3805 3808 3879; baseline -0.002 -16"><span class='ocrx_word' id='word_1_524' title='bbox 2177 3811 2537 3879; x_wconf 88' lang='lat' dir='ltr'><strong>peccatorum</strong></span> <span class='ocrx_word' id='word_1_525' title='bbox 2599 3806 2812 3860; x_wconf 85' lang='lat' dir='ltr'><strong>mavult</strong></span> <span class='ocrx_word' id='word_1_526' title='bbox 2867 3805 3256 3876; x_wconf 82' lang='lat' dir='ltr'><strong>paenitentiam</strong></span> <span class='ocrx_word' id='word_1_527' title='bbox 3317 3821 3490 3876; x_wconf 89' lang='lat' dir='ltr'><strong>quam</strong></span> <span class='ocrx_word' id='word_1_528' title='bbox 3537 3809 3808 3876; x_wconf 87' lang='lat' dir='ltr'><strong>mortem,</strong></span> 
     </span>
    </p>
   </div>
   <div class='ocr_carea' id='block_1_101' title="bbox 2177 3893 3812 3974">
    <p class='ocr_par' dir='ltr' id='par_1_101' title="bbox 2177 3893 3812 3974">
     <span class='ocr_line' id='line_1_101' title="bbox 2177 3893 3812 3974; baseline -0.001 -16"><span class='ocrx_word' id='word_1_529' title='bbox 2177 3903 2604 3958; x_wconf 87' lang='lat' dir='ltr'><strong>communicatis</strong></span> <span class='ocrx_word' id='word_1_530' title='bbox 2639 3903 2900 3974; x_wconf 89' lang='lat' dir='ltr'><strong>precibus</strong></span> <span class='ocrx_word' id='word_1_531' title='bbox 2943 3921 3006 3958; x_wconf 89' lang='lat' dir='ltr'><strong>ac</strong></span> <span class='ocrx_word' id='word_1_532' title='bbox 3043 3903 3267 3959; x_wconf 86' lang='lat' dir='ltr'><strong>ﬂetibus</strong></span> <span class='ocrx_word' id='word_1_533' title='bbox 3295 3919 3398 3974; x_wconf 91' lang='lat' dir='ltr'><strong>pro</strong></span> <span class='ocrx_word' id='word_1_534' title='bbox 3437 3893 3710 3957; x_wconf 73' lang='lat' dir='ltr'><strong>fratribus</strong></span> <span class='ocrx_word' id='word_1_535' title='bbox 3749 3919 3812 3957; x_wconf 90' lang='lat' dir='ltr'><strong>ac</strong></span> 
     </span>
    </p>
   </div>
   <div class='ocr_carea' id='block_1_102' title="bbox 2177 3997 3810 4068">
    <p class='ocr_par' dir='ltr' id='par_1_102' title="bbox 2177 3997 3810 4068">
     <span class='ocr_line' id='line_1_102' title="bbox 2177 3997 3810 4068; baseline -0.001 -16"><span class='ocrx_word' id='word_1_536' title='bbox 2177 3997 2460 4052; x_wconf 87' lang='lat' dir='ltr'><strong>sororibus</strong></span> <span class='ocrx_word' id='word_1_537' title='bbox 2475 3997 2681 4051; x_wconf 89' lang='lat' dir='ltr'><strong>nostris</strong></span> <span class='ocrx_word' id='word_1_538' title='bbox 2701 3997 2928 4052; x_wconf 89' lang='lat' dir='ltr'><strong>Domini</strong></span> <span class='ocrx_word' id='word_1_539' title='bbox 2946 3997 3387 4052; x_wconf 88' lang='lat' dir='ltr'><strong>misericordiam</strong></span> <span class='ocrx_word' id='word_1_540' title='bbox 3413 3997 3810 4068; x_wconf 88' lang='lat' dir='ltr'><strong>deprecemur,</strong></span> 
     </span>
    </p>
   </div>
   <div class='ocr_carea' id='block_1_103' title="bbox 2177 4089 3814 4162">
    <p class='ocr_par' dir='ltr' id='par_1_103' title="bbox 2177 4089 3814 4162">
     <span class='ocr_line' id='line_1_103' title="bbox 2177 4089 3814 4162; baseline 0 -18"><span class='ocrx_word' id='word_1_541' title='bbox 2177 4091 2261 4146; x_wconf 90' lang='lat' dir='ltr'><strong>uti</strong></span> <span class='ocrx_word' id='word_1_542' title='bbox 2299 4107 2393 4146; x_wconf 91' lang='lat' dir='ltr'><strong>eos</strong></span> <span class='ocrx_word' id='word_1_543' title='bbox 2434 4090 2648 4162; x_wconf 87' lang='lat' dir='ltr'><strong>peccati</strong></span> <span class='ocrx_word' id='word_1_544' title='bbox 2692 4090 2778 4144; x_wconf 88' lang='lat' dir='ltr'><strong>sui</strong></span> <span class='ocrx_word' id='word_1_545' title='bbox 2805 4091 3045 4145; x_wconf 88' lang='lat' dir='ltr'><strong>crimina</strong></span> <span class='ocrx_word' id='word_1_546' title='bbox 3080 4089 3428 4161; x_wconf 81' lang='lat' dir='ltr'><strong>conﬁtentes,</strong></span> <span class='ocrx_word' id='word_1_547' title='bbox 3471 4107 3505 4145; x_wconf 90' lang='lat' dir='ltr'><strong>a</strong></span> <span class='ocrx_word' id='word_1_548' title='bbox 3539 4089 3814 4145; x_wconf 86' lang='lat' dir='ltr'><strong>bonitatis</strong></span> 
     </span>
    </p>
   </div>
   <div class='ocr_carea' id='block_1_104' title="bbox 2177 4184 3060 4264">
    <p class='ocr_par' dir='ltr' id='par_1_104' title="bbox 2177 4184 3060 4264">
     <span class='ocr_line' id='line_1_104' title="bbox 2177 4184 3060 4264; baseline 0.001 -25"><span class='ocrx_word' id='word_1_549' title='bbox 2177 4201 2294 4264; x_wconf 66' lang='lat' dir='ltr'><strong>suae</strong></span> <span class='ocrx_word' id='word_1_550' title='bbox 2319 4184 2478 4240; x_wconf 87' lang='lat' dir='ltr'><strong>venia</strong></span> <span class='ocrx_word' id='word_1_551' title='bbox 2506 4201 2621 4239; x_wconf 90' lang='lat' dir='ltr'><strong>non</strong></span> <span class='ocrx_word' id='word_1_552' title='bbox 2647 4185 2902 4257; x_wconf 89' lang='lat' dir='ltr'><strong>repellat.</strong></span> <span class='ocrx_word' id='word_1_553' title='bbox 2935 4185 3060 4240; x_wconf 90' lang='lat' dir='ltr'><strong>Per.</strong></span> 
     </span>
    </p>
   </div>
   <div class='ocr_carea' id='block_1_105' title="bbox 2767 4289 3213 4354">
    <p class='ocr_par' dir='ltr' id='par_1_105' title="bbox 2767 4289 3213 4354">
     <span class='ocr_line' id='line_1_105' title="bbox 2767 4289 3213 4354; baseline 0 -14"><span class='ocrx_word' id='word_1_554' title='bbox 2767 4291 2938 4341; x_wconf 88' lang='lat' dir='ltr'><strong>Oratio</strong></span> <span class='ocrx_word' id='word_1_555' title='bbox 2967 4289 3213 4354; x_wconf 88' lang='lat' dir='ltr'><strong>sequitur.</strong></span> 
     </span>
    </p>
   </div>
   <div class='ocr_carea' id='block_1_106' title="bbox 2245 4373 3814 4448">
    <p class='ocr_par' dir='ltr' id='par_1_106' title="bbox 2245 4373 3814 4448">
     <span class='ocr_line' id='line_1_106' title="bbox 2245 4373 3814 4448; baseline -0.001 -17"><span class='ocrx_word' id='word_1_556' title='bbox 2245 4376 2365 4432; x_wconf 80' lang='lat' dir='ltr'><strong>Rex</strong></span> <span class='ocrx_word' id='word_1_557' title='bbox 2405 4375 2618 4448; x_wconf 65' lang='lat' dir='ltr'><strong>gloriae,</strong></span> <span class='ocrx_word' id='word_1_558' title='bbox 2649 4375 2748 4448; x_wconf 90' lang='lat' dir='ltr'><strong>qui</strong></span> <span class='ocrx_word' id='word_1_559' title='bbox 2775 4393 2892 4430; x_wconf 90' lang='lat' dir='ltr'><strong>non</strong></span> <span class='ocrx_word' id='word_1_560' title='bbox 2929 4377 3012 4430; x_wconf 87' lang='lat' dir='ltr'><strong>vis</strong></span> <span class='ocrx_word' id='word_1_561' title='bbox 3057 4377 3302 4430; x_wconf 89' lang='lat' dir='ltr'><strong>mortem</strong></span> <span class='ocrx_word' id='word_1_562' title='bbox 3341 4373 3668 4447; x_wconf 83' lang='lat' dir='ltr'><strong>peccatoris,</strong></span> <span class='ocrx_word' id='word_1_563' title='bbox 3711 4373 3814 4430; x_wconf 90' lang='lat' dir='ltr'><strong>sed</strong></span> 
     </span>
    </p>
   </div>
   <div class='ocr_carea' id='block_1_107' title="bbox 2175 4467 3816 4541">
    <p class='ocr_par' dir='ltr' id='par_1_107' title="bbox 2175 4467 3816 4541">
     <span class='ocr_line' id='line_1_107' title="bbox 2175 4467 3816 4541; baseline -0.002 -15"><span class='ocrx_word' id='word_1_564' title='bbox 2175 4475 2239 4526; x_wconf 89' lang='lat' dir='ltr'><strong>ut</strong></span> <span class='ocrx_word' id='word_1_565' title='bbox 2274 4473 2633 4526; x_wconf 85' lang='lat' dir='ltr'><strong>convertatur</strong></span> <span class='ocrx_word' id='word_1_566' title='bbox 2679 4474 2735 4525; x_wconf 89' lang='lat' dir='ltr'><strong>et</strong></span> <span class='ocrx_word' id='word_1_567' title='bbox 2773 4471 2940 4538; x_wconf 88' lang='lat' dir='ltr'><strong>vivat,</strong></span> <span class='ocrx_word' id='word_1_568' title='bbox 2982 4471 3052 4526; x_wconf 89' lang='lat' dir='ltr'><strong>da</strong></span> <span class='ocrx_word' id='word_1_569' title='bbox 3087 4470 3250 4526; x_wconf 91' lang='lat' dir='ltr'><strong>nobis</strong></span> <span class='ocrx_word' id='word_1_570' title='bbox 3283 4472 3644 4541; x_wconf 88' lang='lat' dir='ltr'><strong>peccatorum</strong></span> <span class='ocrx_word' id='word_1_571' title='bbox 3683 4467 3816 4523; x_wconf 87' lang='lat' dir='ltr'><strong>labe</strong></span> 
     </span>
    </p>
   </div>
   <div class='ocr_carea' id='block_1_108' title="bbox 2173 4561 3820 4636">
    <p class='ocr_par' dir='ltr' id='par_1_108' title="bbox 2173 4561 3820 4636">
     <span class='ocr_line' id='line_1_108' title="bbox 2173 4561 3820 4636; baseline -0.002 -18"><span class='ocrx_word' id='word_1_572' title='bbox 2173 4563 2405 4636; x_wconf 87' lang='lat' dir='ltr'><strong>pollutis</strong></span> <span class='ocrx_word' id='word_1_573' title='bbox 2428 4563 2834 4636; x_wconf 67' lang='lat' dir='ltr'><strong>paenitentiam,</strong></span> <span class='ocrx_word' id='word_1_574' title='bbox 2859 4564 3029 4618; x_wconf 89' lang='lat' dir='ltr'><strong>simul</strong></span> <span class='ocrx_word' id='word_1_575' title='bbox 3057 4569 3120 4619; x_wconf 89' lang='lat' dir='ltr'><strong>ut</strong></span> <span class='ocrx_word' id='word_1_576' title='bbox 3143 4565 3278 4618; x_wconf 86' lang='lat' dir='ltr'><strong>ﬂere</strong></span> <span class='ocrx_word' id='word_1_577' title='bbox 3297 4579 3428 4618; x_wconf 88' lang='lat' dir='ltr'><strong>cum</strong></span> <span class='ocrx_word' id='word_1_578' title='bbox 3455 4561 3726 4617; x_wconf 87' lang='lat' dir='ltr'><strong>ﬂentibus</strong></span> <span class='ocrx_word' id='word_1_579' title='bbox 3757 4567 3820 4616; x_wconf 86' lang='lat' dir='ltr'><strong>et</strong></span> 
     </span>
    </p>
   </div>
   <div class='ocr_carea' id='block_1_109' title="bbox 2175 4655 3816 4729">
    <p class='ocr_par' dir='ltr' id='par_1_109' title="bbox 2175 4655 3816 4729">
     <span class='ocr_line' id='line_1_109' title="bbox 2175 4655 3816 4729; baseline -0.002 -16"><span class='ocrx_word' id='word_1_580' title='bbox 2175 4657 2512 4728; x_wconf 87' lang='lat' dir='ltr'><strong>dolentibus,</strong></span> <span class='ocrx_word' id='word_1_581' title='bbox 2543 4663 2599 4714; x_wconf 87' lang='lat' dir='ltr'><strong>et</strong></span> <span class='ocrx_word' id='word_1_582' title='bbox 2636 4673 2766 4712; x_wconf 89' lang='lat' dir='ltr'><strong>cum</strong></span> <span class='ocrx_word' id='word_1_583' title='bbox 2805 4657 3182 4729; x_wconf 88' lang='lat' dir='ltr'><strong>gaudentibus</strong></span> <span class='ocrx_word' id='word_1_584' title='bbox 3219 4657 3464 4728; x_wconf 86' lang='lat' dir='ltr'><strong>gaudere</strong></span> <span class='ocrx_word' id='word_1_585' title='bbox 3499 4655 3816 4727; x_wconf 87' lang='lat' dir='ltr'><strong>possimus.</strong></span> 
     </span>
    </p>
   </div>
   <div class='ocr_carea' id='block_1_110' title="bbox 2173 4752 2411 4808">
    <p class='ocr_par' dir='ltr' id='par_1_110' title="bbox 2173 4752 2411 4808">
     <span class='ocr_line' id='line_1_110' title="bbox 2173 4752 2411 4808; baseline 0.004 -2"><span class='ocrx_word' id='word_1_586' title='bbox 2173 4752 2280 4808; x_wconf 90' lang='lat' dir='ltr'><strong>Per</strong></span> <span class='ocrx_word' id='word_1_587' title='bbox 2302 4769 2411 4807; x_wconf 91' lang='lat' dir='ltr'><strong>res.</strong></span> 
     </span>
    </p>
   </div>
   <div class='ocr_carea' id='block_1_111' title="bbox 2692 4823 3271 4894">
    <p class='ocr_par' dir='ltr' id='par_1_111' title="bbox 2692 4823 3271 4894">
     <span class='ocr_line' id='line_1_111' title="bbox 2692 4823 3271 4894; baseline -0.002 -15"><span class='ocrx_word' id='word_1_588' title='bbox 2692 4825 2877 4880; x_wconf 86' lang='lat' dir='ltr'><strong>Oratio</strong></span> <span class='ocrx_word' id='word_1_589' title='bbox 2909 4839 3008 4894; x_wconf 84' lang='lat' dir='ltr'><strong>pro</strong></span> <span class='ocrx_word' id='word_1_590' title='bbox 3043 4823 3271 4878; x_wconf 86' lang='lat' dir='ltr'><strong>unitate.</strong></span> 
     </span>
    </p>
   </div>
   <div class='ocr_carea' id='block_1_112' title="bbox 2855 4915 3114 4966">
    <p class='ocr_par' dir='ltr' id='par_1_112' title="bbox 2855 4915 3114 4966">
     <span class='ocr_line' id='line_1_112' title="bbox 2855 4915 3114 4966; baseline -0.008 0"><span class='ocrx_word' id='word_1_591' title='bbox 2855 4915 3114 4966; x_wconf 75' lang='lat' dir='ltr'><strong>Prmfatio.</strong></span> 
     </span>
    </p>
   </div>
   <div class='ocr_carea' id='block_1_113' title="bbox 2247 5001 3824 5073">
    <p class='ocr_par' dir='ltr' id='par_1_113' title="bbox 2247 5001 3824 5073">
     <span class='ocr_line' id='line_1_113' title="bbox 2247 5001 3824 5073; baseline -0.001 -17"><span class='ocrx_word' id='word_1_592' title='bbox 2247 5003 2434 5056; x_wconf 89' lang='lat' dir='ltr'><strong>Unum</strong></span> <span class='ocrx_word' id='word_1_593' title='bbox 2459 5001 2635 5056; x_wconf 90' lang='lat' dir='ltr'><strong>Deum</strong></span> <span class='ocrx_word' id='word_1_594' title='bbox 2655 5003 2900 5070; x_wconf 88' lang='lat' dir='ltr'><strong>Patrem,</strong></span> <span class='ocrx_word' id='word_1_595' title='bbox 2923 5017 2990 5056; x_wconf 81' lang='lat' dir='ltr'><strong>ex</strong></span> <span class='ocrx_word' id='word_1_596' title='bbox 3013 5017 3128 5073; x_wconf 88' lang='lat' dir='ltr'><strong>quo</strong></span> <span class='ocrx_word' id='word_1_597' title='bbox 3157 5001 3350 5056; x_wconf 88' lang='lat' dir='ltr'><strong>omnia</strong></span> <span class='ocrx_word' id='word_1_598' title='bbox 3374 5003 3524 5068; x_wconf 87' lang='lat' dir='ltr'><strong>sunt,</strong></span> <span class='ocrx_word' id='word_1_599' title='bbox 3545 5001 3604 5053; x_wconf 90' lang='lat' dir='ltr'><strong>et</strong></span> <span class='ocrx_word' id='word_1_600' title='bbox 3623 5013 3824 5054; x_wconf 84' lang='lat' dir='ltr'><strong>unum</strong></span> 
     </span>
    </p>
   </div>
   <div class='ocr_carea' id='block_1_114' title="bbox 2175 5095 3824 5165">
    <p class='ocr_par' dir='ltr' id='par_1_114' title="bbox 2175 5095 3824 5165">
     <span class='ocr_line' id='line_1_114' title="bbox 2175 5095 3824 5165; baseline -0.001 -15"><span class='ocrx_word' id='word_1_601' title='bbox 2175 5095 2484 5150; x_wconf 90' lang='lat' dir='ltr'><strong>Dominum</strong></span> <span class='ocrx_word' id='word_1_602' title='bbox 2508 5099 2766 5149; x_wconf 89' lang='lat' dir='ltr'><strong>nostrum</strong></span> <span class='ocrx_word' id='word_1_603' title='bbox 2789 5095 2979 5150; x_wconf 85' lang='lat' dir='ltr'><strong>Jesum</strong></span> <span class='ocrx_word' id='word_1_604' title='bbox 3014 5095 3324 5164; x_wconf 87' lang='lat' dir='ltr'><strong>Christum,</strong></span> <span class='ocrx_word' id='word_1_605' title='bbox 3353 5109 3456 5165; x_wconf 88' lang='lat' dir='ltr'><strong>per</strong></span> <span class='ocrx_word' id='word_1_606' title='bbox 3479 5109 3652 5164; x_wconf 89' lang='lat' dir='ltr'><strong>quem</strong></span> <span class='ocrx_word' id='word_1_607' title='bbox 3679 5109 3824 5148; x_wconf 87' lang='lat' dir='ltr'><strong>om-</strong></span> 
     </span>
    </p>
   </div>
   <div class='ocr_carea' id='block_1_115' title="bbox 2173 5187 3828 5260">
    <p class='ocr_par' dir='ltr' id='par_1_115' title="bbox 2173 5187 3828 5260">
     <span class='ocr_line' id='line_1_115' title="bbox 2173 5187 3828 5260; baseline -0.002 -16"><span class='ocrx_word' id='word_1_608' title='bbox 2173 5190 2290 5259; x_wconf 90' lang='lat' dir='ltr'><strong>nia,</strong></span> <span class='ocrx_word' id='word_1_609' title='bbox 2331 5189 2534 5244; x_wconf 85' lang='lat' dir='ltr'><strong>fratres</strong></span> <span class='ocrx_word' id='word_1_610' title='bbox 2565 5187 2862 5258; x_wconf 86' lang='lat' dir='ltr'><strong>carissimi,</strong></span> <span class='ocrx_word' id='word_1_611' title='bbox 2899 5189 3288 5260; x_wconf 85' lang='lat' dir='ltr'><strong>deprecemur,</strong></span> <span class='ocrx_word' id='word_1_612' title='bbox 3317 5191 3384 5242; x_wconf 89' lang='lat' dir='ltr'><strong>ut</strong></span> <span class='ocrx_word' id='word_1_613' title='bbox 3409 5187 3690 5242; x_wconf 89' lang='lat' dir='ltr'><strong>unitatem</strong></span> <span class='ocrx_word' id='word_1_614' title='bbox 3719 5187 3828 5242; x_wconf 85' lang='lat' dir='ltr'><strong>Ec-</strong></span> 
     </span>
    </p>
   </div>
   <div class='ocr_carea' id='block_1_116' title="bbox 2173 5280 3828 5356">
    <p class='ocr_par' dir='ltr' id='par_1_116' title="bbox 2173 5280 3828 5356">
     <span class='ocr_line' id='line_1_116' title="bbox 2173 5280 3828 5356; baseline -0.002 -16"><span class='ocrx_word' id='word_1_615' title='bbox 2173 5284 2354 5340; x_wconf 69' lang='lat' dir='ltr'><strong>clesiae</strong></span> <span class='ocrx_word' id='word_1_616' title='bbox 2381 5299 2496 5338; x_wconf 67' lang='lat' dir='ltr'><strong>sum</strong></span> <span class='ocrx_word' id='word_1_617' title='bbox 2514 5281 2774 5337; x_wconf 88' lang='lat' dir='ltr'><strong>concordi</strong></span> <span class='ocrx_word' id='word_1_618' title='bbox 2801 5283 3252 5356; x_wconf 85' lang='lat' dir='ltr'><strong>congregationis</strong></span> <span class='ocrx_word' id='word_1_619' title='bbox 3281 5285 3490 5336; x_wconf 59' lang='lat' dir='ltr'><strong>nostra</strong></span> <span class='ocrx_word' id='word_1_620' title='bbox 3517 5280 3828 5336; x_wconf 85' lang='lat' dir='ltr'><strong>voluntate</strong></span> 
     </span>
    </p>
   </div>
   <div class='ocr_carea' id='block_1_117' title="bbox 2171 5377 2956 5434">
    <p class='ocr_par' dir='ltr' id='par_1_117' title="bbox 2171 5377 2956 5434">
     <span class='ocr_line' id='line_1_117' title="bbox 2171 5377 2956 5434; baseline 0 -2"><span class='ocrx_word' id='word_1_621' title='bbox 2171 5377 2486 5434; x_wconf 80' lang='lat' dir='ltr'><strong>conﬁrmet.</strong></span> <span class='ocrx_word' id='word_1_622' title='bbox 2513 5378 2620 5432; x_wconf 86' lang='lat' dir='ltr'><strong>Per</strong></span> <span class='ocrx_word' id='word_1_623' title='bbox 2649 5393 2754 5431; x_wconf 90' lang='lat' dir='ltr'><strong>res.</strong></span> <span class='ocrx_word' id='word_1_624' title='bbox 2777 5377 2880 5432; x_wconf 87' lang='lat' dir='ltr'><strong>Fil.</strong></span> <span class='ocrx_word' id='word_1_625' title='bbox 2911 5395 2956 5432; x_wconf 91' lang='lat' dir='ltr'><strong>s.</strong></span> 
     </span>
    </p>
   </div>
   <div class='ocr_carea' id='block_1_118' title="bbox 2171 5517 3822 5578">
    <p class='ocr_par' dir='ltr' id='par_1_118' title="bbox 2171 5517 3822 5578">
     <span class='ocr_line' id='line_1_118' title="bbox 2171 5517 3822 5578; baseline -0.003 0"><span class='ocrx_word' id='word_1_626' title='bbox 2171 5523 2385 5578; x_wconf 90' lang='lat' dir='ltr'><strong>tionem</strong></span> <span class='ocrx_word' id='word_1_627' title='bbox 2437 5523 2668 5576; x_wconf 86' lang='lat' dir='ltr'><strong>alteram</strong></span> <span class='ocrx_word' id='word_1_628' title='bbox 2716 5519 2906 5575; x_wconf 62' lang='lat' dir='ltr'><strong>saeculi</strong></span> <span class='ocrx_word' id='word_1_629' title='bbox 2951 5535 3010 5572; x_wconf 82' lang='lat' dir='ltr'><strong>Ill</strong></span> <span class='ocrx_word' id='word_1_630' title='bbox 3051 5517 3396 5574; x_wconf 86' lang='lat' dir='ltr'><strong>Benedictini</strong></span> <span class='ocrx_word' id='word_1_631' title='bbox 3461 5534 3624 5572; x_wconf 89' lang='lat' dir='ltr'><strong>num.</strong></span> <span class='ocrx_word' id='word_1_632' title='bbox 3683 5519 3822 5574; x_wconf 77' lang='lat'><strong>193.</strong></span> 
     </span>
    </p>
   </div>
   <div class='ocr_carea' id='block_1_119' title="bbox 2171 5589 3826 5662">
    <p class='ocr_par' dir='ltr' id='par_1_119' title="bbox 2171 5589 3826 5662">
     <span class='ocr_line' id='line_1_119' title="bbox 2171 5589 3826 5662; baseline -0.002 -14"><span class='ocrx_word' id='word_1_633' title='bbox 2171 5593 2380 5660; x_wconf 82' lang='lat' dir='ltr'><strong>Avitus,</strong></span> <span class='ocrx_word' id='word_1_634' title='bbox 2409 5593 2466 5648; x_wconf 90' lang='lat' dir='ltr'><strong>in</strong></span> <span class='ocrx_word' id='word_1_635' title='bbox 2491 5593 2720 5648; x_wconf 82' lang='lat' dir='ltr'><strong>homilia</strong></span> <span class='ocrx_word' id='word_1_636' title='bbox 2739 5593 2806 5646; x_wconf 89' lang='lat' dir='ltr'><strong>de</strong></span> <span class='ocrx_word' id='word_1_637' title='bbox 2837 5591 3260 5662; x_wconf 78' lang='lat' dir='ltr'><strong>ltogationibus,</strong></span> <span class='ocrx_word' id='word_1_638' title='bbox 3290 5590 3357 5644; x_wconf 91' lang='lat' dir='ltr'><strong>de</strong></span> <span class='ocrx_word' id='word_1_639' title='bbox 3383 5589 3826 5662; x_wconf 62' lang='lat' dir='ltr'><strong>noctePasche</strong></span> 
     </span>
    </p>
   </div>
   <div class='ocr_carea' id='block_1_120' title="bbox 2171 5660 3824 5743">
    <p class='ocr_par' dir='ltr' id='par_1_120' title="bbox 2171 5660 3824 5743">
     <span class='ocr_line' id='line_1_120' title="bbox 2171 5660 3824 5743; baseline -0.001 -25"><span class='ocrx_word' id='word_1_640' title='bbox 2171 5663 2292 5743; x_wconf 56' lang='lat' dir='ltr'><strong>haec</strong></span> <span class='ocrx_word' id='word_1_641' title='bbox 2323 5665 2492 5719; x_wconf 87' lang='lat' dir='ltr'><strong>habet</strong></span> <span class='ocrx_word' id='word_1_642' title='bbox 2517 5683 2534 5743; x_wconf 88' lang='lat'><strong>:_</strong></span> <span class='ocrx_word' id='word_1_643' title='bbox 2559 5687 2594 5743; x_wconf 80' lang='lat'>_«_</span> <span class='ocrx_word' id='word_1_644' title='bbox 2621 5663 2812 5743; x_wconf 79' lang='lat' dir='ltr'><strong>Adfuit</strong></span> <span class='ocrx_word' id='word_1_645' title='bbox 2841 5660 2983 5743; x_wconf 78' lang='lat' dir='ltr'><strong>ergo</strong></span> <span class='ocrx_word' id='word_1_646' title='bbox 3011 5679 3124 5743; x_wconf 80' lang='lat' dir='ltr'><strong>nox</strong></span> <span class='ocrx_word' id='word_1_647' title='bbox 3159 5663 3252 5743; x_wconf 70' lang='lat' dir='ltr'><strong>illa</strong></span> <span class='ocrx_word' id='word_1_648' title='bbox 3287 5660 3642 5743; x_wconf 73' lang='lat' dir='ltr'><strong>venerabilis,</strong></span> <span class='ocrx_word' id='word_1_649' title='bbox 3671 5675 3824 5743; x_wconf 77' lang='lat' dir='ltr'><strong>quae</strong></span> 
     </span>
    </p>
   </div>
   <div class='ocr_carea' id='block_1_121' title="bbox 2167 5731 3824 5862">
    <p class='ocr_par' dir='ltr' id='par_1_121' title="bbox 2167 5731 3824 5862">
     <span class='ocr_line' id='line_1_121' title="bbox 2167 5731 3824 5862; baseline -0.003 -72"><span class='ocrx_word' id='word_1_650' title='bbox 2167 5735 2239 5862; x_wconf 51' lang='lat' dir='ltr'><strong>pd</strong></span> <span class='ocrx_word' id='word_1_651' title='bbox 2263 5751 2422 5860; x_wconf 59' lang='lat' dir='ltr'><strong>spetm</strong></span> <span class='ocrx_word' id='word_1_652' title='bbox 2439 5736 2682 5808; x_wconf 60' lang='lat' dir='ltr'><strong>publica</strong></span> <span class='ocrx_word' id='word_1_653' title='bbox 2705 5731 3070 5790; x_wconf 86' lang='lat' dir='ltr'><strong>absolutionis</strong></span> <span class='ocrx_word' id='word_1_654' title='bbox 3093 5733 3342 5788; x_wconf 88' lang='lat' dir='ltr'><strong>votivum</strong></span> <span class='ocrx_word' id='word_1_655' title='bbox 3367 5731 3620 5788; x_wconf 87' lang='lat' dir='ltr'><strong>solemne</strong></span> <span class='ocrx_word' id='word_1_656' title='bbox 3647 5737 3824 5802; x_wconf 76' lang='lat' dir='ltr'><strong>pate-</strong></span> 
     </span>
     <span class='ocr_line' id='line_1_122' title="bbox 2193 5823 2458 5862; baseline -0.023 0"><span class='ocrx_word' id='word_1_657' title='bbox 2193 5823 2350 5862; x_wconf 84' lang='lat' dir='ltr'><strong>ecera</strong></span> <span class='ocrx_word' id='word_1_658' title='bbox 2383 5849 2396 5862; x_wconf 92' lang='lat'><strong>.</strong></span> <span class='ocrx_word' id='word_1_659' title='bbox 2430 5828 2458 5856; x_wconf 83' lang='grc'><strong>››</strong></span> 
     </span>
    </p>
   </div>
   <div class='ocr_carea' id='block_1_122' title="bbox 2193 5811 2458 5864">
    <p class='ocr_par' dir='ltr' id='par_1_122' title="bbox 2193 5811 2458 5864">
     <span class='ocr_line' id='line_1_123' title="bbox 2193 5811 2458 5864; baseline -0.008 0"><span class='ocrx_word' id='word_1_660' title='bbox 2193 5811 2396 5864; x_wconf 81' lang='lat' dir='ltr'><strong>&#39;ecerat.</strong></span> <span class='ocrx_word' id='word_1_661' title='bbox 2430 5828 2458 5856; x_wconf 82' lang='lat'><strong>»</strong></span> 
     </span>
    </p>
   </div>
  </div>
