4054 6188
209 227 323 282 273

761 333 1012 386 Collectio
1035 333 1283 398 sequitur.

285 414 668 487 Omnipotens
700 416 968 484 Domine,
997 417 1095 488 qui
1128 433 1188 472 es
1218 415 1411 490 246
1439 418 1588 472 Deus
1614 416 1841 473 bonita-

209 511 285 566 tis
317 515 374 565 et
401 511 574 564 totius
595 511 1026 577 consolationis,
1057 514 1113 565 te
1135 511 1416 582 supplices
1444 511 1843 583 deprecamur,

207 608 275 659 ut
299 603 602 659 haereticos
626 608 686 659 et
713 604 977 659 infideles
1008 621 1042 659 a
1071 604 1364 676 perpetuis
1396 607 1682 676 gehennae
1704 605 1848 677 igni-

205 697 318 752 bus
355 698 827 754 manifestatione
870 701 983 752 tua:
1029 698 1283 754 veritatis
1312 699 1540 770 eripias,
1570 699 1846 771 quoniam

203 791 295 846 vis
320 807 527 847 omnes
553 791 821 846 homines
842 792 1026 847 salvos
1044 791 1172 849 fleri
1197 793 1255 846 et
1274 791 1348 846 ad
1368 793 1728 864 agnitionem
1749 810 1844 848 ve-

205 884 401 940 ritatis
425 884 641 940 venire.
673 887 800 940 Per.

673 985 859 1041 Oratio
883 999 987 1055 pro
1015 1000 1150 1055 pace
1176 999 1379 1055 regum.

923 1073 1177 1124 Prcefatio.

279 1153 598 1210 Dominum
629 1154 1058 1210 dominantium
1095 1159 1155 1209 et
1192 1155 1413 1227 Regem
1451 1154 1844 1226 regnantium,

205 1249 423 1303 fratres
448 1247 751 1315 carissimi,
782 1248 1043 1304 oratione
1090 1249 1418 1304 unianimes
1450 1249 1844 1320 deprecemur,

203 1345 270 1396 ut
287 1343 460 1398 nobis
478 1343 690 1414 populo
709 1359 810 1396 suo
832 1359 1035 1412 pacem
1050 1360 1254 1414 regum
1272 1343 1525 1397 tribuere
1555 1342 1844 1412 dignetur,

205 1439 273 1490 ut
305 1436 591 1507 mitigatis
617 1453 817 1491 eorum
841 1437 1152 1504 mentibus,
1171 1437 1400 1508 requies
1423 1436 1586 1491 nobis
1606 1451 1846 1507 congre-

207 1529 467 1601 gationis
495 1529 656 1583 istius
682 1532 1029 1601 perseveret.
1062 1532 1188 1585 Per.

768 1622 1018 1672 Collectio
1046 1623 1296 1686 sequitur.

1297 225 1382 283 DE
1420 226 1731 284 LITURGIA
1768 227 2137 283 GALLICANA
2176 228 2374 282 LIBER
2414 228 2500 284 Ill.

1866 348 1924 422 Α
1945 335 2144 405 sciant,
2177 335 2357 391 crucis
2381 338 2496 392 tua
2526 332 2713 409 sigillo
2739 335 3070 411 signentur;
3104 337 3162 395 et
3191 336 3290 413 qui
3309 333 3578 414 indigent

3473 227 3573 288 274

1947 430 2223 485 dietatem
2255 431 2283 471 ι)
2307 432 2381 486 ad
2423 431 2566 486 sacri
2601 431 2852 487 nominis
2883 432 2963 488 tui
2994 433 3351 507 Baptismum
3389 434 3573 507 perci-

1945 541 2082 596 pere
2115 529 2468 581 mereantur.
2501 527 2608 580 Per
2635 527 2970 582 Dominum.

2550 625 2682 673 Item
2712 625 2972 675 collectio.

2016 707 2221 780 Accipe
2261 709 2621 780 signaculum
2649 710 2874 779 Christi,
2905 710 3128 784 suscipe
3157 711 3331 768 verba
3361 712 3574 782 divina,

1949 801 2297 856 inluminare
2328 802 2501 856 verbo
2533 801 2786 871 Domini,
2829 805 2963 876 quia
2987 805 3161 861 hodie
3192 805 3486 862 confessus
3514 822 3574 862 es

1949 911 1982 952 α
2003 896 2245 952 Christo.
2277 899 2384 958 Per
2410 895 2741 951 Dominum.

2557 995 2685 1044 Item
2707 995 2965 1046 collectio.

2019 1080 2197 1152 Signo
2225 1082 2279 1134 te
2307 1079 2365 1134 in
2397 1078 2635 1135 nomine
2651 1081 2853 1148 Patris,
2870 1084 2929 1136 et
2943 1080 3084 1149 Filii,
3115 1084 3173 1136 et
3192 1081 3434 1154 Spiritus
3453 1100 3580 1140 san-

1949 1174 2042 1241 cti,
2075 1177 2138 1228 ut
2157 1173 2231 1228 sis
2256 1173 2610 1228 Christianus
2644 1191 2657 1228 :
2686 1175 2904 1241 oculos,
2942 1177 3002 1228 ut
3029 1174 3225 1229 videas
3256 1177 3577 1233 claritatem

1949 1266 2048 1322 Dei
2075 1283 2088 1334 ;
2120 1284 2306 1333 aures,
2335 1269 2397 1321 ut
2423 1267 2622 1322 audias
2642 1283 2842 1323 vocem
2861 1267 3088 1322 Domini
3113 1285 3128 1334 ;
3157 1285 3345 1336 nares,
3368 1273 3432 1325 ut
3447 1271 3583 1327 odo-

1949 1378 2041 1415 res
2081 1360 2423 1415 suavitatem
2459 1361 2705 1427 Christi;
2748 1379 3053 1416 conversus
3081 1373 3124 1429 ο,
3161 1365 3223 1416 ut
3255 1364 3582 1419 conﬁtearis

1949 1455 2202 1520 Patrem,
2251 1457 2308 1507 et
2351 1454 2576 1522 Filium,
2615 1457 2673 1508 et
2712 1454 2988 1526 Spiritum
3030 1455 3338 1523 Sanctum;
3367 1472 3483 1525 cor,
3521 1461 3585 1512 ut

1951 1547 2152 1601 credas
2191 1547 2530 1602 Trinitatem
2574 1547 3044 1618 inseparabilem.
3091 1550 3205 1604 Pax
3233 1552 3446 1605 tecum.
3474 1551 3584 1605 Per

1948 1643 2143 1696 Iesum
2170 1639 2458 1696 Christum
2490 1640 2802 1696 Dominum
2833 1645 3094 1698 nostrum
3133 1643 3232 1715 qui
3258 1660 3389 1698 cum
3415 1645 3582 1700 Patre

280 1703 488 1760 Carnis
526 1703 830 1774 spirituum
863 1703 1037 1757 totius
1067 1707 1240 1770 sator,
1271 1706 1723 1774 cunctorumque
1761 1719 1848 1757 re-
1872 1730 1928 1801 B
1954 1737 2012 1789 et
2037 1734 2251 1806 Spiritu
2273 1737 2470 1788 sancto
2498 1734 2604 1788 vim

209 1813 466 1868 gnorum
504 1795 888 1851 mundialium
935 1797 1211 1863 indultor,
1253 1797 1327 1851 da
1362 1812 1570 1867 regum
1608 1795 1849 1852 culmini

208 1890 514 1961 religionis
559 1889 1003 1962 prosperitatem
1046 1893 1103 1944 et
1136 1889 1312 1960 pacis,
1353 1893 1417 1943 ut
1461 1888 1625 1943 nobis
1666 1905 1849 1960 regno

206 1987 308 2038 tuo
339 1983 554 2037 caelesti
581 1983 638 2036 in
673 1983 838 2038 terris
864 1983 1050 2038 adhuc
1079 1983 1276 2055 positis
1293 1981 1526 2038 liberius
1555 1980 1723 2037 liceat
1749 1981 1847 2036 de-

209 2075 446 2131 servire.
480 2077 590 2131 Per
618 2092 837 2148 resurg.

528 2175 715 2230 Oratio
737 2190 840 2245 pro
869 2175 1148 2246 spiritibus
1166 2175 1539 2246 pausantium.

902 2263 1158 2312 Praefatio.

280 2346 467 2399 Deum
495 2344 755 2400 Iudicem
789 2343 1192 2410 universitatis,
1224 2345 1405 2397 Deum
1428 2341 1766 2409 caelestium,
1796 2345 1854 2396 et

212 2439 599 2505 terrestrium,
625 2442 682 2492 et
703 2438 1087 2505 infernorum,
1115 2439 1324 2492 fratres
1355 2437 1727 2504 dilectissimi,
1759 2437 1854 2492 de-

215 2549 522 2602 precemur
568 2549 671 2602 pro
722 2531 1013 2602 spiritibus
1050 2548 1316 2586 carorum
1372 2535 1700 2586 nostrorum
1755 2530 1854 2602 qui

216 2625 392 2681 nosin
419 2625 710 2680 dominica
738 2641 876 2696 pace
900 2628 1334 2696 praecesserunt,
1359 2627 1421 2678 ut
1447 2641 1545 2679 eos
1576 2624 1854 2679 Dominus

214 2720 271 2774 in
302 2719 570 2789 requiem
602 2719 841 2773 collocet
868 2721 926 2773 et
959 2717 1014 2772 in
1045 2721 1205 2788 parte
1241 2717 1441 2788 primze
1482 2717 1851 2773 resurrectio-

216 2813 302 2866 nis
335 2813 656 2867 resuscitat.
690 2813 816 2866 Per.

811 2904 984 2954 Oratio
1013 2904 1262 2968 sequitur.

281 2989 417 3042 Iesu
449 2985 688 3052 Christe,
713 2985 828 3039 vita
856 2989 913 3039 et
933 2985 1274 3040 resurrectio
1297 2987 1512 3053 nostra,
1537 2984 1691 3040 dona
1717 3001 1851 3040 con-

217 3079 612 3135 sacerdotibus
638 3081 695 3132 et
721 3078 864 3133 caris
891 3079 1100 3133 nostris
1125 3079 1224 3150 qui
1250 3079 1309 3132 in
1341 3081 1441 3132 tua
1466 3095 1606 3150 pace
1624 3078 1850 3150 requie-
1874 3100 1928 3174 Ο

217 3178 443 3240 verunt,
478 3175 760 3244 emptataa
794 3172 1112 3228 mansionis
1152 3171 1539 3244 refrigerium,
1585 3175 1642 3226 et
1681 3171 1726 3226 si
1754 3171 1853 3243 qui

219 3284 282 3321 ex
304 3267 415 3332 his,
441 3266 776 3320 daemonum
805 3266 1007 3320 fraude
1032 3265 1279 3336 decepti,
1317 3281 1580 3320 errorum
1612 3281 1671 3318 se
1702 3266 1850 3319 mul-

207 3360 286 3436 tis
315 3359 556 3414 maculis
581 3361 927 3430 polluerunt,
962 3362 1042 3426 tu,
1071 3359 1332 3426 Domine,
1354 3358 1450 3430 qui
1468 3359 1620 3412 solus
1649 3361 1854 3430 potens

222 3471 298 3520 es,
342 3456 577 3524 peccata
618 3469 819 3507 eorum
871 3453 1143 3520 concede,
1185 3456 1247 3506 ut
1287 3469 1429 3524 quos
1461 3451 1854 3507 damnationis

218 3564 329 3601 suae
350 3545 660 3618 participes
677 3546 935 3600 diabolus
957 3546 1313 3617 gloriabatur
1333 3545 1569 3600 effectos
1585 3562 1727 3613 esse,
1752 3562 1855 3617 per

219 3639 671 3695 misericordiam
710 3643 870 3694 tuam
910 3640 1094 3694 socios
1138 3643 1252 3693 tuae
1281 3638 1655 3693 beatitudinis
1688 3639 1849 3711 inge-

223 3734 443 3789 miscat.
469 3733 582 3788 Sal.

665 3806 850 3862 Oratio
873 3819 976 3876 pro
1005 3805 1411 3860 catechumenis.

910 3892 1165 3942 Praefatio.

287 3975 522 4028 Precem
549 3973 668 4045 spei
695 3975 939 4027 fratrum
968 3976 1321 4038 nostrorum,
1348 3972 1650 4039 carissimi,
1688 3971 1849 4026 unia-

223 4066 406 4122 nimes
432 4067 790 4138 adjuvemus,
822 4065 902 4120 uti
924 4066 1202 4120 Dominus
1230 4066 1600 4136 omnipotens
1629 4065 1702 4120 ad
1731 4067 1856 4120 fon-

223 4164 338 4215 tem
382 4177 482 4216 eos
526 4161 712 4215 beatae
759 4159 1216 4231 regenerationis
1245 4177 1361 4214 sua!
1401 4163 1621 4227 euntes,
1651 4176 1854 4214 omnes

224 4253 629 4309 misericordiae
653 4270 769 4307 suae
797 4253 1005 4307 auxilio
1035 4253 1276 4323 Spiritus
1301 4255 1698 4324 prosequatur.

775 4346 1024 4395 Collectio
1053 4346 1302 4409 sequitur.

287 4429 526 4482 Creator
556 4427 821 4481 omnium
853 4426 1119 4493 Domine,
1148 4430 1204 4480 et
1232 4427 1359 4480 fons
1381 4443 1546 4498 aquae
1566 4425 1725 4492 viva),
1757 4425 1852 4496 qui

222 4537 320 4592 per
341 4523 632 4574 lavacrum
656 4519 928 4591 baptismi
957 4522 1191 4590 peccata
1213 4537 1414 4574 eorum
1445 4520 1621 4587 deles,
1647 4519 1852 4590 quibus

214 4615 335 4684 jam
359 4613 588 4668 donasti
623 4613 1059 4668 resurrectionis
1094 4613 1293 4680 fidem,
1319 4616 1381 4667 ut
1408 4615 1658 4667 mortem
1686 4613 1854 4684 hujus

224 4707 407 4761 seculi
437 4724 553 4761 non
577 4706 841 4772 timeant,
871 4708 1028 4777 reple
1057 4723 1155 4761 eos
1177 4707 1388 4778 Spiritu
1418 4710 1635 4774 sancto,
1655 4711 1717 4761 ut
1737 4707 1851 4762 for-

227 4801 368 4855 mari
401 4801 456 4854 in
481 4800 592 4854 illis
619 4801 908 4855 Christum
941 4817 1005 4854 ac
1031 4800 1220 4854 vivere
1253 4800 1588 4871 glorientur.
1621 4803 1746 4855 Per.

487 4899 698 4952 XXXIV.
742 4914 810 4953 AD
852 4913 1213 4954 CHRISTIANL'M
1251 4915 1577 4954 “omnem.

296 4990 485 5064 247
504 4990 771 5056 Domine,
787 4990 1028 5060 dignare
1042 4991 1382 5046 benedicere
1405 4992 1575 5062 hujus
1599 4991 1858 5047 infantia),

227 5086 556 5139 famulotuo
587 5085 664 5138 ill.
684 5085 708 5112 ⁸
729 5083 1005 5154 quoniam
1034 5101 1140 5139 nec
1172 5085 1499 5140 conditione
1529 5087 1855 5156 quisquam,

229 5195 327 5232 nec
359 5181 526 5231 (etate
571 5177 896 5247 depellitur,
933 5178 1162 5231 dicente
1195 5178 1568 5233 dilectissimo
1593 5179 1730 5233 Filio
1759 5182 1857 5233 tuo

231 5271 474 5326 Domino
498 5275 694 5325 nostro
719 5287 732 5326 :
767 5270 948 5325 Nolite
975 5271 1278 5341 prohibere
1302 5271 1553 5326 infantes
1571 5272 1764 5327 venire
1787 5272 1860 5326 ad

234 5381 342 5419 me.
371 5364 433 5418 Hi
454 5365 632 5430 enim,
654 5364 918 5430 Domine,
942 5368 1254 5436 antequam
1277 5365 1494 5420 bonum
1515 5368 1613 5420 aut
1640 5367 1860 5420 malum

297 5491 484 5572 {Haec
513 5492 651 5572 nota
682 5493 766 5544 est
787 5489 1059 5572 nominis
1094 5491 1330 5572 p_r0prii,
1366 5491 1520 5572 quod
1558 5491 1614 5545 in
1646 5491 1859 5572 baptis-

237 5566 387 5616 mate
417 5561 753 5632 impositum
784 5562 954 5616 fuisse
982 5561 1360 5633 intelligimus
1382 5561 1446 5616 ex
1465 5561 1760 5633 Gregorio,
1790 5563 1862 5617 de

237 5633 367 5689 Vitis
401 5637 632 5715 patrum
654 5635 804 5715 ,εἶβε
828 5633 924 5687 ubi
960 5632 1207 5687 Nicetius
1243 5649 1458 5688 nomen
1491 5633 1551 5688 in
1577 5632 1862 5708 baptismo

241 5702 519 5774 accepisse
550 5702 900 5774 perhibetur.

304 5775 332 5815 δ
359 5779 445 5830 An
473 5777 696 5847 pietate,
731 5775 815 5829 vel
843 5778 1022 5839 aetate,
1052 5776 1147 5830 alii
1181 5775 1536 5833 divinabunt.

1872 4473 1932 4544 D

2092 1843 2281 1896 XXXV.
2325 1856 2617 1897 COLLECTIO
2657 1859 2726 1898 AD
2767 1857 2970 1898 vomas
3007 1859 3430 1901 BENEDICRNDOS.

2023 1945 2271 2012 Stantes,
2309 1945 2514 1998 fratres
2556 1943 2868 2012 carissimi,
2911 1962 3081 2017 super
3119 1946 3305 2018 ripam
3346 1947 3586 2020 vitrigid

1953 2040 2161 2106 fontes,
2190 2055 2366 2092 novos
2391 2037 2658 2093 homines
2685 2038 2874 2093 adduc
2901 2038 2982 2092 eis
3004 2039 3074 2093 de
3097 2040 3417 2096 terralitori
3437 2058 3610 2110 mer-_

1953 2135 2176 2187 catores
2203 2147 2303 2185 sua
2326 2132 2675 2186 commercia
2703 2149 2716 2187 :
2751 2131 2965 2204 singuli
2988 2133 3328 2205 navigantes
3356 2136 3587 2206 pulsent

1955 2242 2114 2280 mare
2149 2242 2382 2295 novum,
2411 2243 2528 2280 non
2558 2226 2739 2297 virga,
2774 2225 2874 2280 sed
2905 2243 3101 2294 cruce;
3136 2244 3253 2282 non
3284 2231 3458 2296 tactu,
3483 2230 3586 2285 sed

1953 2336 2156 2387 sensu;
2191 2336 2306 2374 non
2336 2319 2560 2387 baculo,
2594 2319 2694 2374 sed
2723 2324 3105 2375 sacramento.
3134 2321 3313 2375 Locus
3347 2322 3584 2394 quidem

1956 2430 2187 2484 paruus,
2218 2412 2317 2467 sed
2341 2412 2528 2484 gratia
2553 2413 2776 2484 plenus.
2807 2413 2960 2467 Bene
2984 2413 3335 2485 gubernatus
3361 2417 3444 2469 est
3459 2414 3584 2488 Spi-

1953 2507 2094 2560 ritus
2121 2509 2366 2561 sanctus.
2397 2507 2640 2562 Oremus
2663 2523 2802 2578 ergo
2834 2507 3146 2562 Dominum
3179 2510 3237 2562 et
3274 2509 3457 2562 Deum
3489 2525 3589 2565 no-

1953 2603 2156 2666 strum,
2188 2603 2252 2653 ut
2292 2600 2608 2655 sanctificet
2647 2601 2798 2654 hunc
2843 2601 3100 2666 fontem;
3147 2599 3207 2655 ut
3233 2617 3437 2656 omnes
3487 2603 3585 2676 qui

1920 2693 2362 2747 descenderint
2387 2693 2446 2747 in
2490 2694 2644 2747 hunc
2690 2694 2934 2759 fontem,
2977 2693 3151 2748 faciat
3188 2694 3269 2748 eis
3296 2695 3584 2750 lavacrum

1952 2786 2299 2840 beatissimae
2334 2785 2792 2857 regenerationis
2836 2785 2896 2840 in
2939 2785 3280 2842 remissione
3321 2787 3584 2845 omnium

1953 2882 2338 2951 peccatorum.
2353 2869 2356 2873 ’
2371 2882 2480 2934 Per
2510 2879 2845 2934 Dominum.

2503 2976 2755 3026 Collectio
2777 2976 3027 3040 sequitur.

2026 3063 2175 3118 Deus
2209 3061 2307 3134 qui
2345 3062 2611 3118 Iordanis
2641 3063 2865 3118 fontem
2907 3080 3010 3134 pro
3039 3061 3369 3120 animarum
3397 3067 3588 3122 salute

1954 3156 2337 3224 sanctificasti,
2367 3156 2678 3212 descendat
2704 3173 2876 3228 super
2892 3173 3070 3228 aquas
3098 3159 3200 3212 has
3233 3160 3473 3230 angelus
3492 3159 3589 3214 be-

1955 3249 2296 3305 nedictionis
2330 3252 2461 3318 tuen,
2491 3253 2554 3304 ut
2583 3249 2788 3321 quibus
2825 3250 3041 3321 perfusi
3077 3251 3280 3306 famuli
3309 3252 3411 3319 tui,
3440 3252 3586 3307 acci-

1953 3343 2116 3415 piant
2155 3343 2558 3398 remissionem
2603 3346 2991 3413 peccatorum,
3023 3359 3086 3396 ac
3123 3344 3307 3398 renati
3341 3361 3407 3398 ex
3437 3361 3588 3416 aqua

1955 3440 2013 3492 et
2041 3436 2254 3508 Spiritu
2282 3439 2499 3504 sancto,
2534 3435 2724 3490 devoti
2751 3435 2854 3488 tibi
2899 3435 3149 3490 serviant
3177 3435 3236 3490 in
3277 3440 3580 3494 aeternum.

1954 3532 2060 3586 Per
2084 3529 2416 3584 Dominum.

2593 3599 2927 3649 Contestatio.

2026 3681 2277 3752 Dignum
2305 3683 2363 3735 et
2379 3680 2600 3751 justum
2627 3684 2732 3748 est,
2763 3680 3009 3736 Domine
3037 3683 3253 3748 sancte,
3277 3682 3447 3737 Pater
3465 3699 3588 3738 om-

1956 3775 2243 3846 nipotens,
2259 3777 2473 3828 aeterne
2487 3775 2656 3842 Deus,
2675 3773 2934 3829 initiator
2950 3777 3300 3842 sanctorum,
3317 3775 3590 3832 chrisma-

1955 3871 2077 3922 tum
2104 3871 2290 3936 Pater,
2322 3871 2380 3922 et
2405 3866 2598 3940 248
2621 3867 2755 3923 novi
2786 3884 2890 3938 per
2920 3867 3158 3923 unicum
3186 3868 3392 3924 Filium
3425 3873 3588 3926 tuum

1955 3962 2270 4018 Dominum
2288 3964 2346 4016 et
2361 3962 2545 4016 Deum
2569 3964 2830 4016 nostrum
2843 3961 3072 4017 .inditor
3087 3964 3466 4030 sacramenti;
3491 3963 3588 4035 qui

1954 4056 2314 4128 portantibus
2332 4055 2496 4126 aquis
2517 4055 2795 4126 Spiritum
2820 4058 2983 4110 tuum
3008 4059 3268 4110 sanctum
3291 4059 3424 4110 ante
3445 4057 3586 4111 divi-

1954 4150 2070 4204 cias
2096 4149 2298 4203 mundi
2327 4149 2606 4220 largires;
2646 4149 2745 4220 qui
2781 4148 3112 4202 Bethsaidas
3143 4165 3342 4219 aquas,
3379 4151 3587 4220 angelo

1955 4243 2300 4308 medicante,
2333 4258 2634 4313 procuras;
2665 4241 2760 4312 qui
2787 4240 3054 4296 Iordanis
3083 4242 3330 4307 alveum,
3361 4241 3585 4296 Christo

1956 4336 2093 4392 Filio
2121 4341 2219 4390 tuo
2249 4335 2547 4406 dignante,
2572 4334 2924 4399 sanctiﬁcas;
2959 4333 3198 4404 respice,
3227 4334 3474 4390 Domine
3501 4352 3591 4389 su-

1956 4447 2060 4502 per
2082 4431 2186 4484 has
2213 4445 2411 4499 aquas,
2437 4444 2564 4498 quae
2591 4429 2926 4498 praeparatae
2960 4429 3094 4480 sunt
3120 4426 3192 4481 ad
3224 4427 3470 4482 delenda
3490 4428 3590 4484 ho-

1955 4523 2177 4578 minum
2197 4523 2448 4593 peccata.
2468 4521 2758 4590 Angelum
2777 4519 3009 4590 pietatis
3035 4522 3144 4574 tute
3171 4520 3258 4574 his
3279 4521 3452 4576 sacris
3469 4523 3591 4578 fon-

1955 4617 2104 4672 tibus
2122 4616 2319 4670 adesse
2344 4613 2586 4684 dignare
2609 4630 2622 4668 :
2652 4613 2780 4667 vitae
2805 4613 3009 4685 prioris
3030 4615 3283 4669 maculas
3305 4615 3518 4683 abluat,
3535 4620 3594 4672 et

1955 4725 2194 4783 parvum
2238 4706 2631 4762 habitaculum
2665 4707 2983 4762 sanctiﬁcat
3022 4707 3144 4776 tibi,
3188 4726 3502 4780 procurans
3530 4713 3593 4765 ut

1957 4801 2492 4875 regenerandorum
2518 4801 2735 4860 viscera
2765 4805 2982 4857 aeterna
3010 4802 3336 4869 ﬂorescant,
3374 4805 3431 4856 et
3457 4821 3590 4859 vero

1955 4896 2316 4968 baptismatis
2335 4896 2554 4951 novitas
2569 4898 2886 4966 reparetur.
2903 4895 3593 4964 Benedic,Domine,Deus

1959 4994 2172 5058 noster,
2210 4991 2359 5044 hanc
2395 4992 2720 5044 creaturam
2763 5006 2944 5060 aquae,
2980 4993 3038 5043 et
3069 4989 3381 5044 descendat
3423 5008 3596 5063 super

1960 5102 2088 5139 eam
2109 5083 2284 5138 virtus
2305 5087 2434 5138 tua:
2463 5083 2708 5154 desuper
2729 5082 2971 5136 infunde
2994 5081 3270 5154 Spiritum
3291 5087 3454 5140 tuum
3469 5102 3596 5141 san-

1961 5182 2112 5233 etum
2133 5178 2500 5240 Paraclitum,
2531 5177 2802 5246 angelum
2831 5175 3104 5230 veritatis.
3136 5177 3459 5247 Sanctiﬁca,
3481 5181 3590 5236 Do-

1963 5273 2138 5339 mine,
2161 5272 2330 5342 hujus
2355 5270 2536 5326 laticis
2567 5269 2770 5335 undas,
2799 5268 2944 5322 sicut
2968 5270 3334 5326 sanctificasti
3377 5273 3595 5328 ﬂuenta

1961 5365 2245 5431 Iordanis,
2275 5367 2337 5418 ut
2355 5363 2451 5434 qui
2473 5363 2530 5416 in
2559 5363 2710 5416 hunc
2723 5363 2944 5417 fontem
2968 5363 3394 5433 descenderint,
3421 5366 3478 5420 in
3499 5383 3596 5420 no«

2035 5504 2056 5532 ο
2083 5492 2254 5560 Lege,
2289 5490 2550 5560 linguam,
2583 5504 2862 5546 conversus
2886 5493 2948 5544 ut
2969 5492 3288 5559 conﬁtearis.

2035 5564 2060 5604 ἀ
2088 5559 2252 5616 Forte
2275 5559 2608 5631 legendum,
2631 5575 2790 5630 super
2815 5563 2997 5632 ripam
3019 5563 3179 5632 vitrei
3200 5561 3387 5632 fontis.
3419 5560 3488 5632 Et
3512 5559 3596 5615 in-

1967 5635 2073 5700 fra,
2100 5629 2425 5687 mercaturas
2444 5648 2547 5703 pro
2572 5629 2908 5689 mercatores.
2939 5631 3054 5703 Nisi
3081 5631 3145 5703 sig
3163 5631 3220 5703 in
3256 5629 3435 5703 priori
3465 5631 3593 5703 loco

1972 5699 2174 5774 Vit-rigi
2202 5707 2286 5758 est
2313 5699 2527 5758 nom-en
2562 5704 2861 5774 proprium
2893 5702 3021 5768 loci,
3054 5700 3150 5755 ubi
3191 5699 3600 5772 baptisterium

1973 5779 2114 5845 erat,
2126 5773 2221 5831 vel
2246 5773 2577 5832 conditoris.
