4054 6188
391 293 492 346 275

1189 286 1522 342 APPENDIX
1560 285 1646 340 AD
1681 285 1904 342 OPERA
1941 285 2178 344 SANCTI
2215 288 2514 344 GERMANI
2549 287 2975 346 PARISIENSIS.

3657 289 3760 355 273

388 395 546 460 mine
565 395 768 466 Patris,
807 398 868 452 et
903 395 1048 464 Filii,
1083 397 1142 451 et
1165 393 1410 466 Spiritus
1439 392 1640 460 sancti,
1675 395 1736 448 et
1757 396 2022 464 peccat‘o-
2045 410 2106 484 Α
2124 395 2283 451 ribus
2309 395 2554 463 liberati,
2571 399 2629 450 et
2649 395 2723 451 ad
2745 396 2984 466 justitiaz
3013 400 3186 468 atque
3207 397 3346 453 lucis
3366 396 3603 453 caalestis
3627 413 3762 470 gra-

390 507 521 548 rum
544 491 798 559 veniam,
814 493 872 546 et
895 489 1076 545 sancti
1099 487 1344 558 Spiritus
1372 487 1722 542 infusionem
1751 487 2027 558 consequi

391 588 746 640 mereantur.
766 587 872 638 Per
893 582 1204 638 Dominum
1223 585 1484 635 nostrum
1495 583 1691 636 .lesum
1713 581 2022 648 Christum,

391 680 488 751 qui
519 681 605 734 est
641 675 978 732 benedictus
1009 675 1162 746 apud
1197 676 1448 741 Patrem,
1485 679 1542 728 et
1573 675 1848 746 Spiritum
1892 691 2022 728 san-

393 775 548 834 ctum
577 787 682 843 per
710 768 906 824 omnia
931 768 1138 824 saecula
1165 769 1527 824 saeculorum.

459 865 662 922 Deinde
685 865 828 930 facis
859 877 1010 918 cruce
1034 862 1100 918 de
1129 864 1374 921 Chris-ma
1401 864 1426 892 ⁸
1456 867 1506 916 et
1533 861 1687 916 dicis.

460 955 725 1012 Exoreizo
772 959 848 1022 te,
894 959 1156 1010 creatura
1203 972 1396 1026 aquae;
1440 955 1693 1010 exorcizo
1739 959 1797 1010 te
1837 952 2026 1011 omnis

390 1049 666 1108 exercitus
697 1047 931 1116 diaboli,
960 1049 1147 1104 omnis
1173 1051 1426 1120 potestas
1458 1049 1804 1114 adversaria,
1835 1047 2025 1102 omnis

389 1143 594 1200 umbra
623 1143 980 1198 daemonum.
1020 1143 1285 1198 Exorcizo
1321 1145 1378 1197 te
1423 1142 1484 1196 in
1513 1141 1750 1198 nomine
1795 1139 2026 1196 Domini

389 1237 570 1296 nostri
587 1238 614 1294 J
620 1253 720 1292 esu
741 1235 950 1294 Christi
974 1235 1230 1303 Nazarei,
1247 1235 1346 1306 qui
1361 1237 1693 1292 incarnatus
1719 1237 1806 1290 est
1831 1234 1892 1290 in
1911 1236 2022 1290 Ma-

387 1331 476 1386 ria
505 1330 750 1402 virgine,
782 1329 873 1385 cui
909 1329 1106 1384 omnia
1144 1329 1386 1400 subjecit
1419 1331 1586 1384 Pater
1613 1329 1672 1383 in
1703 1329 1840 1384 caelo
1879 1331 1937 1382 et
1966 1327 2024 1382 in

385 1429 562 1482 terra.
591 1424 748 1480 Time
789 1427 848 1478 et
881 1427 1067 1478 treme
1100 1425 1182 1490 tu,
1215 1425 1274 1477 et
1311 1423 1498 1479 omnis
1527 1423 1752 1478 malitia
1785 1425 1918 1488 tua;
1952 1421 2026 1476 da

391 1501 582 1576 locum
609 1516 846 1588 Spiritui
861 1520 1081 1584 sancto,
1102 1519 1166 1570 ut
1187 1531 1389 1572 omnes
1418 1515 1517 1587 qui
1542 1515 1947 1572 descenderint
1965 1514 2026 1568 in

386 1613 540 1668 hunc
567 1611 813 1678 fontem,
845 1611 946 1666 flat
973 1610 1056 1664 eis
1084 1611 1375 1666 lavacrum
1401 1608 1674 1680 baptismi
1713 1624 2023 1680 regenera-

386 1704 562 1764 tionis
587 1704 648 1760 in
683 1704 1024 1758 remissione
1065 1704 1328 1758 omnium
1367 1706 1756 1774 peccatorum.
1787 1703 1894 1756 Per
1923 1702 2026 1756 Do-

391 1799 614 1852 minum
637 1801 902 1852 nostrum
928 1799 955 1852 J
962 1813 1122 1850 esum
1137 1795 1444 1862 Christum,
1461 1795 1842 1867 quiventurus
1869 1793 2024 1848 estin
2044 1788 2101 1860 B

390 1891 590 1946 sedem
617 1889 939 1960 majestatis
968 1889 1150 1944 Patris
1175 1889 1262 1944 sui
1282 1905 1414 1944 cum
1435 1889 1646 1944 sanctis
1671 1887 1893 1960 angelis
1910 1887 2025 1942 suis

380 1983 644 2056 judicare
671 1986 746 2050 te,
777 1982 1032 2052 inimice,
1057 1986 1115 2037 et
1144 1983 1415 2038 saeculum
1441 1999 1545 2054 per
1582 1981 1780 2054 ignem
1812 1981 1872 2036 in
1917 1997 2022 2036 sae-

389 2077 516 2132 cula
544 2077 908 2132 saeculorum.

455 2171 656 2226 Deinde
701 2173 948 2240 insumus
992 2186 1195 2241 aquam
1231 2185 1333 2240 per
1389 2173 1494 2224 tres
1531 2171 1698 2232 uices,
1738 2173 1788 2224 et
1853 2170 2023 2224 mittis

383 2266 617 2320 chrisma
645 2266 702 2318 in
727 2264 944 2318 modum
970 2266 1162 2327 crucis,
1195 2267 1245 2318 et
1269 2263 1402 2318 dicis
1429 2282 1445 2316 :

453 2357 668 2412 Infusio
688 2356 954 2412 chrismae
971 2356 1236 2412 salutaris
1246 2355 1476 2410 Domini
1497 2355 1680 2411 nostri
1701 2356 1727 2412 J
1733 2371 1834 2410 esu
1859 2355 2018 2412 Chri-

383 2449 474 2518 sti,
506 2453 569 2504 ut
593 2449 694 2504 ﬁat
718 2451 848 2504 fons
875 2465 1038 2521 aqua:
1078 2449 1334 2504 salientis
1363 2447 1580 2504 cunctis
1629 2446 2023 2504 descendenti-

382 2543 488 2598 bus
517 2543 576 2598 in
602 2560 691 2612 eo,
723 2543 782 2598 in
813 2543 993 2598 vitam
1022 2545 1322 2598 aeternam.
1355 2544 1560 2598 Amen.

451 2640 590 2694 Dum
615 2637 860 2707 baptizas
885 2638 1184 2705 interrogas
1209 2638 1277 2698 ei,
1305 2639 1355 2692 et
1381 2637 1554 2691 dicis:

455 2729 684 2802 Baptizo
727 2733 780 2784 te
813 2729 890 2784 ill.
924 2729 984 2784 in
1016 2728 1253 2784 nomine
1281 2729 1484 2796 Patris,
1527 2732 1586 2784 et
1623 2728 1766 2796 Filii,
1797 2732 1856 2784 et
1897 2729 2020 2800 Spi-

384 2823 527 2884 ritus
557 2822 738 2880 sancti
765 2823 824 2877 in
857 2821 1260 2876 remissionem
1298 2823 1692 2894 peccatorum,
1715 2825 1778 2877 ut
1805 2822 2022 2878 habeas

388 2915 563 2971 vitam
598 2919 900 2970 aeternam.
928 2917 1131 2969 Amen.

309 3018 372 3056 ί
453 3013 592 3064 Dum
621 3010 856 3062 chrisma
884 3024 1002 3062 eum
1029 3009 1228 3076 tangis,
1261 3008 1394 3062 dicis
1423 3026 1440 3061 :

457 3099 650 3174 249
676 3101 940 3170 Perungo
977 3103 1029 3154 te
1058 3099 1307 3154 chrisma
1331 3100 1737 3168 sanctitatis,...
1761 3101 2017 3158 tunicam

384 3191 861 3259 immortalitatis,
901 3208 1014 3263 qua
1039 3192 1322 3246 Dominus
1356 3195 1553 3248 noster
1575 3195 1736 3249 Jesus
1763 3194 2018 3251 Christus

381 3286 657 3342 traditam
683 3287 900 3340 aPatre
929 3285 1150 3356 primus
1190 3286 1429 3358 accepit,
1471 3289 1534 3342 ut
1564 3303 1694 3342 eam
1727 3287 2018 3360 integram

383 3382 440 3436 et
464 3379 771 3434 inlibatam
795 3380 1053 3450 perferas
1084 3382 1216 3434 ante
1247 3380 1501 3436 tribunal
1526 3380 1752 3450 Christi,
1785 3385 1843 3436 et
1867 3382 2019 3438 vivas

381 3473 443 3530 in
465 3474 673 3529 saecula
701 3473 1060 3530 sazculorum.

453 3571 593 3624 Dum
617 3569 776 3638 pedes
799 3567 827 3608 ι’
853 3567 963 3637 ejus
995 3569 1169 3631 lavas,
1193 3567 1327 3624 dicis
1359 3586 1372 3622 :

454 3661 574 3730 Ego
608 3661 712 3714 tibi
746 3662 871 3714 lavo
903 3660 1098 3731 pedes.
1129 3659 1288 3716 Sicut
1313 3661 1596 3716 Dominus
1627 3665 1822 3718 noster
1858 3665 2020 3720 Iesus

383 3753 639 3808 Christus
667 3753 804 3807 fecit
837 3753 1126 3823 discipulis
1148 3753 1291 3822 suis,
1321 3757 1382 3808 tu
1409 3755 1588 3810 facias
1613 3755 1937 3828 hospitibus
1963 3761 2018 3812 et

385 3845 726 3916 peregrinis,
755 3848 820 3899 ut
842 3845 1057 3900 habeas
1087 3845 1263 3901 vitam
1290 3848 1592 3902 mternam.

329 3975 406 4028 β
453 3943 594 3994 Dum
620 3940 989 3993 vestimentum
1010 3941 1060 3994 ei
1087 3941 1347 4008 imponis,
1374 3940 1510 3995 dicis
1539 3959 1555 3995 :

455 4030 662 4102 Accipe
673 4033 890 4085 vestem
906 4031 1236 4100 candidam,
1258 4048 1432 4104 quam
1453 4034 1886 4090 immaculatum
1897 4052 2022 4107 per-

381 4125 536 4181 feras
568 4128 701 4180 ante
725 4124 976 4179 tribunal
1001 4125 1232 4180 Domini
1259 4126 1440 4182 nostri
1458 4128 1591 4182 Jesu
1611 4127 1838 4183 Christi.

1069 4213 1340 4264 Collectio.

453 4295 722 4361 Oremus,
742 4293 950 4348 fratres
975 4293 1277 4363 carissimi,
1297 4295 1608 4352 Dominum
1635 4298 1693 4350 et
1711 4296 1890 4352 Deum
1917 4307 2018 4353 no-

379 4391 566 4444 strum
592 4404 698 4460 pro
721 4387 929 4442 aufetis
949 4400 974 4432 c
993 4387 1126 4456 suis,
1157 4388 1254 4460 qui
1285 4389 1460 4446 modo
1485 4389 1757 4461 baptizati
1788 4393 1938 4458 sunt,
1961 4395 2026 4446 ut

379 4498 510 4538 cum
533 4481 592 4538 in
612 4481 916 4552 majestate
943 4499 1046 4538 sua
1071 4481 1332 4538 Salvator
1353 4483 1670 4552 advenerit,
1698 4501 1840 4556 quos
1853 4501 2016 4557 rege-

2124 489 2265 545 tiam
2295 490 2638 561 promissam
2667 489 2854 558 electi,
2891 489 3304 562 omnipotentis
3339 491 3440 546 Dei
3466 492 3648 546 Patris
3675 491 3762 547 in-

2125 584 2483 656 fatigabilem
2497 583 2818 640 bonitatem
2841 601 2946 656 per
2972 585 3260 640 Christum
3283 585 3466 639 ﬁlium
3495 586 3634 656 ejus,
3657 586 3772 640 fra-

2125 682 2242 732 tres
2285 677 2658 748 dilectissimi,
2709 680 3109 750 deprecemur,
3149 682 3212 732 ut
3239 679 3548 734 Ecclesium
3593 695 3764 734 suam

2127 775 2384 826 sanctam
2416 772 2758 828 catholicam
2794 771 3060 826 diffusam
3087 789 3192 844 per
3215 771 3416 826 orbem
3445 775 3760 840 terrarum,

2127 881 2302 937 quam
2347 864 2452 920 sibi
2480 865 2865 921 amantissimi
2893 867 3018 922 Filii
3049 866 3136 920 sui
3167 866 3431 937 passione
3460 871 3518 921 et
3547 867 3762 938 glorio-

2126 957 2347 1014 sissimo
2361 959 2642 1031 sanguine
2657 959 3030 1030 conquesivit,
3040 960 3168 1030 jugi
3179 960 3494 1030 majestatis
3505 977 3622 1015 suae
3633 977 3767 1032 pro-

2124 1053 2376 1109 tectione
2414 1053 2717 1116 custodiat,
2741 1057 2914 1124 atque
2941 1057 3142 1108 contra
3165 1069 3370 1108 omnes
3393 1053 3594 1108 mundi
3615 1053 3762 1110 insi-

2127 1147 2250 1202 dias
2267 1150 2452 1202 tutam
2473 1147 2886 1218 defensamque
2903 1147 3200 1215 concedat,
3221 1163 3288 1201 ac
3299 1150 3532 1218 praestet
3550 1147 3602 1201 ei
3621 1150 3764 1203 tem-

2125 1257 2268 1314 pora
2291 1241 2602 1313 tranquilla
2631 1240 2688 1295 in
2709 1245 3071 1312 perpetuum.
3099 1241 3208 1295 Per
3231 1243 3649 1313 resurgentem.

2832 1339 3101 1388 Collectio.

2197 1424 2512 1480 Redemisti
2529 1441 2653 1492 nos,
2689 1423 2932 1479 Domine
2957 1425 3126 1492 Deus,
3151 1441 3256 1495 per
3278 1425 3571 1480 lavacrum
3595 1441 3762 1498 rege-

2128 1517 2443 1574 nerationis
2478 1522 2536 1572 et
2579 1518 2922 1588 sanguinem
2966 1518 3166 1586 crucis,
3207 1521 3272 1572 ut
3309 1518 3406 1573 illa
3449 1535 3582 1574 caro
3631 1535 3758 1591 quae

2127 1613 2284 1684 prius
2304 1613 2362 1666 in
2380 1613 2564 1666 Adam
2586 1612 2845 1666 mortalis
2863 1613 3052 1666 fuerat
3068 1611 3290 1679 effecta,
3311 1628 3416 1684 per
3430 1613 3762 1684 passionem

2125 1705 2436 1776 Majestatis
2463 1709 2572 1760 tuae
2593 1721 2820 1759 rursum
2836 1708 3203 1760 revocaretur
3219 1705 3278 1759 in
3296 1708 3520 1761 coelum.
3545 1707 3760 1763 Salvat.

2749 1805 2872 1853 Post
2905 1802 3136 1854 nomina.

2197 1889 2438 1944 Oremus
2456 1905 2560 1962 pro
2587 1889 2674 1942 his
2692 1889 2790 1960 qui
2822 1889 3072 1944 offerunt
3096 1905 3342 1944 munera
3367 1889 3613 1945 Domino
3635 1892 3760 1946 Deo

2125 1985 2322 2038 nostro
2343 1999 2504 2038 sacro
2517 1985 2714 2037 sancta
2728 1979 2919 2055 250
2935 1981 3210 2053 spiritalia
3235 1999 3338 2054 pro
3362 1999 3441 2050 se,
3463 1987 3520 2037 et
3541 1999 3646 2055 pro
3668 2001 3762 2038 ca-

2123 2076 2202 2131 ris
2230 2075 2362 2144 suis,
2386 2078 2444 2130 et
2471 2091 2575 2147 pro
2602 2075 2892 2147 spiritibus
2923 2091 3188 2130 carorum
3219 2091 3474 2143 suorum,
3497 2075 3556 2130 in
3589 2093 3758 2132 com-

2125 2168 2550 2224 memoratione
2605 2170 2934 2223 sanctorum
2981 2171 3330 2239 martyrum,
3373 2173 3435 2223 ut
3479 2169 3762 2224 Dominus

2123 2263 2273 2317 Deus
2302 2264 2498 2318 noster
2525 2277 2723 2332 preces
2755 2261 2985 2317 illorum
3024 2263 3344 2317 clementer
3367 2262 3636 2318 exaudire
3666 2264 3756 2319 di-

2125 2359 2352 2430 gnetur.
2375 2357 2483 2410 Per
2505 2371 2726 2426 resurg.
2780 2427 2859 2478 Ad
2889 2439 3072 2490 pacem

2193 2511 2880 2584 Comple,Domine,vota
2905 2511 3248 2584 supplicum,
3273 2512 3474 2567 exaudi
3504 2513 3760 2584 gemitus

2121 2610 2524 2678 peccatorum;
2553 2607 2838 2662 osculetur
2865 2621 2970 2662 nos
2989 2605 3061 2661 ab
3098 2606 3288 2661 osculo
3327 2606 3440 2661 oris
3479 2607 3593 2662 suis
3625 2608 3762 2680 paci

2119 2701 2388 2772 Magister
2423 2703 2482 2755 et
2517 2699 2800 2768 conditor,
2831 2703 2893 2754 ut
2922 2699 2981 2754 in
3019 2700 3184 2756 nobis
3211 2700 3320 2755 hoc
3347 2699 3760 2772 recipientibus

2121 2795 2541 2862 holocaustum,
2555 2810 2758 2866 pacem
2773 2809 2948 2865 quam
2967 2811 3265 2865 speramus
3277 2793 3608 2849 habeamus.
3623 2796 3755 2850 Per.

2791 2890 3100 2940 lmmolatio.

2189 2973 2440 3044 Dignum
2469 2977 2528 3028 et
2545 2973 2766 3044 justum
2797 2975 2900 3040 est,
2933 2988 3163 3043 aequum
3194 2975 3252 3026 et
3274 2971 3494 3043 justum
3515 2976 3620 3040 est,
3649 2990 3761 3029 nos

2117 3065 2222 3120 tibi
2249 3065 2340 3120 hic
2372 3069 2430 3120 et
2463 3066 2675 3137 ubique
2706 3065 2922 3137 gratias
2944 3082 3136 3136 agere,
3167 3065 3269 3120 tibi
3301 3067 3498 3121 laudes
3535 3065 3754 3134 dicere,

2039 3157 2094 3232 Ο
2120 3162 2177 3214 et
2204 3159 2418 3215 hostias
2448 3159 2771 3228 immolare,
2798 3163 2855 3214 et
2885 3159 3146 3214 confiteri
3165 3159 3588 3215 misericordias
3603 3163 3755 3227 tuas,

2119 3253 2362 3308 Domine
2377 3255 2591 3322 sancte,
2610 3255 2778 3308 Pater
2790 3253 3178 3324 omnipotens,
3196 3257 3412 3308 aeterne
3431 3254 3598 3321 Deus,
3617 3271 3760 3325 quo-

2121 3345 2280 3400 niam
2307 3363 2555 3417 magnus
2581 3363 2641 3400 es
2655 3349 2737 3414 tu,
2769 3349 2826 3400 et
2845 3346 3062 3401 faciens
3087 3346 3372 3402 mirabilia
3395 3363 3407 3414 ;
3439 3349 3502 3402 tu
3529 3363 3589 3401 es
3603 3348 3758 3402 Deus

2120 3440 2290 3494 solus.
2322 3441 2402 3494 Tu
2427 3439 2610 3494 fecisti
2627 3441 2795 3495 caelos
2819 3439 2877 3493 in
2899 3439 3192 3494 intellectu
3218 3457 3231 3507 ;
3267 3443 3328 3494 tu
3357 3433 3620 3495 formasti
3643 3443 3756 3496 ter-

2119 3550 2246 3588 ram
2267 3551 2437 3605 super
2456 3551 2633 3604 aquas
2655 3551 2668 3600 ;
2693 3537 2755 3588 tu
2773 3533 2958 3588 fecisti
2976 3533 3286 3588 luminaria
3307 3549 3542 3605 magna,
3569 3535 3754 3590 solem

2117 3627 2178 3682 in
2214 3631 2559 3699 potestatem
2605 3627 2737 3694 diei,
2767 3628 2966 3681 lunam
3009 3629 3066 3681 et
3099 3628 3290 3681 stellas
3319 3627 3376 3681 in
3405 3631 3754 3699 potestatem

2123 3721 2322 3776 noctis.
2363 3723 2443 3776 Tu
2486 3719 2666 3775 fecisti
2709 3737 2832 3788 nos,
2876 3723 2934 3775 et
2967 3737 3084 3775 non
3115 3720 3220 3792 ipsi
3253 3737 3390 3788 nos;
3421 3738 3596 3793 opera
3627 3739 3753 3777 ma-

2123 3831 2300 3868 nuum
2329 3817 2558 3869 tuarum
2585 3831 2702 3868 non
2729 3813 2980 3868 omittas.
3015 3815 3162 3868 Tuus
3193 3817 3278 3868 est
3303 3814 3445 3882 dies,
3473 3819 3528 3870 et
3553 3819 3652 3870 tua
3671 3819 3758 3870 est

2123 3924 2252 3962 nox.
2285 3909 2348 3962 In
2370 3907 2462 3962 die
2495 3907 2652 3962 enim
2682 3907 2972 3962 mandasti
2999 3907 3456 3962 misericordiam
3487 3912 3668 3976 tuam,
3698 3913 3760 3964 et

2123 3999 2180 4054 in
2213 4003 2380 4056 nocte
2414 3999 2734 4068 declarasti,
2761 4016 2936 4072 quam
2957 4001 3254 4056 hodiernis
3275 4001 3483 4072 vigiliis
3507 4001 3568 4058 in
3591 4001 3759 4058 lumi-

2123 4095 2211 4148 nis
2237 4093 2406 4164 hujus
2425 4093 2732 4148 festivitate
2760 4088 3134 4148 celebramus.
3169 4096 3298 4149 Haec
3323 4097 3412 4148 est
3435 4095 3590 4150 enim
3617 4113 3756 4162 uox,

2123 4186 2458 4242 salutarium
2485 4187 2711 4242 conscia
2739 4189 3253 4242 sacramentorum.
3286 4188 3426 4255 Nox,
3457 4187 3516 4242 in
3536 4205 3650 4260 qua
3665 4206 3758 4244 ve-

2123 4280 2279 4335 niam
2299 4279 2692 4352 peccatoribus
2713 4281 2979 4350 praestas;
3015 4279 3088 4334 de
3113 4279 3401 4336 veteribus
3423 4281 3756 4338 hominibus

2124 4391 2302 4430 novos
2328 4372 2542 4438 efficis;
2573 4373 2644 4428 de
2674 4372 2903 4428 senibus
2931 4371 3115 4426 effetis
3145 4375 3404 4429 maturos
3434 4375 3627 4430 reddis
3663 4375 3752 4430 in-

2123 4468 2328 4536 fantes,
2358 4483 2502 4539 quos
2527 4467 2587 4522 in
2613 4483 2821 4522 novam
2848 4469 3172 4520 creaturam
3202 4471 3436 4524 renatos
3479 4469 3548 4522 de
3588 4485 3755 4524 sacro

534 4535 586 4538 ρ
688 4535 758 4552 νηί
1358 4535 1448 4539 πή
1704 4535 1989 4557 Ἱππ-ο-

379 4572 602 4630 neravit
614 4589 680 4628 ex
693 4591 844 4646 aqua
875 4578 933 4630 et
958 4575 1174 4647 Spiritu
1204 4581 1420 4645 sancto,
1449 4576 1624 4632 faciat
1646 4594 1744 4633 eos
1765 4595 1831 4633 ex
1853 4581 2015 4634 aeter-

2128 4561 2276 4618 Tonte
2315 4559 2600 4632 producis.
2643 4561 2757 4614 Hac
2792 4561 2960 4614 nocte
2995 4559 3053 4613 in
3091 4563 3375 4616 aeternum
3405 4562 3556 4617 diem
3578 4579 3754 4619 rena-

380 4666 562 4724 uitate
584 4666 796 4722 vestire
821 4668 1084 4724 salutem.
1118 4671 1225 4725 Per
1249 4670 1582 4728 Dominum.

453 4825 757 4898 Baptizatis
796 4829 854 4880 et
882 4826 942 4880 in
970 4759 1194 4882 Chigistti)l
1221 4760 1528 4898 Ziigonatis,
1561 4847 1705 4902 quos
1739 4831 2014 4886 Dominus

380 4922 576 4976 noster
609 4935 644 4974 a
673 4917 920 4974 chrisma
949 4919 1276 4990 petentibus
1321 4923 1762 4993 regeneratione
1795 4923 2016 4980 donare

383 5011 651 5084 dignatus
671 5016 774 5080 est,
798 5029 1108 5085 precamur
1129 5013 1497 5085 omnipotens
1527 5015 1696 5083 Deus,
1725 5021 1788 5070 ut
1806 5017 2016 5090 baptis-

379 5121 540 5160 mum
561 5105 715 5176 quod
748 5109 1112 5178 acceperunt,
1139 5107 1574 5162 immaculatum
1606 5108 1793 5180 ipsum
1821 5113 2010 5181 perfe-

383 5200 514 5252 rant
539 5213 718 5268 usque
750 5199 810 5252 in
831 5199 1031 5256 ﬁnem.
1065 5201 1174 5254 Per
1201 5201 1534 5255 Dominum.

549 5305 761 5361 XXXVI.
795 5322 954 5364 MISSA
991 5325 1044 5364 1N
1083 5323 1300 5364 VIGILIIS
1341 5322 1558 5364 suam:
1597 5323 1839 5365 pascua.

447 5397 835 5454 Sacrosanctae
874 5401 1056 5456 noctis
1083 5401 1246 5457 istius
1273 5401 1460 5473 gratia
1491 5401 1744 5456 tenebris
1773 5403 2008 5459 saecula-

445 5543 470 5572 ι
513 5531 604 5587 Sic
629 5534 864 5587 chrisma
914 5533 1225 5590 ﬂectebant
1272 5531 1530 5602 veteres,’
1555 5537 1618 5590 ut
1661 5535 1720 5591 in
1767 5536 2008 5594 concilio

374 5603 710 5680 Bracarensi
741 5621 801 5671 ιι,
825 5620 1046 5661 canone
1067 5607 1102 5662 4
1123 5623 1136 5662 :
1173 5611 1240 5663 Ut
1257 5623 1360 5678 pro
1385 5608 1618 5662 chrisma
1643 5609 1786 5664 nihil
1805 5611 2008 5680 episco-

363 5689 472 5746 pus
494 5675 752 5746 accipiat.

439 5745 1004 5822 ﬁllqjuscelotionis
1027 5750 1158 5820 post
1193 5747 1546 5822 baptismum
1584 5749 1804 5822 mentio
1835 5752 1918 5822 fit,
1947 5755 2012 5808 ut

2115 4658 2338 4712 scentes
2367 4655 2566 4727 populi
2583 4656 2978 4725 procreantur,
3013 4654 3183 4725 regni
3216 4655 3456 4710 caelestis
3483 4656 3627 4712 atria
3657 4673 3750 4711 re-
3847 4708 3856 4716 .

2115 4752 2396 4820 serantur,
2423 4751 2484 4804 et
2506 4749 2678 4803 beata
2707 4749 2838 4820 lege
2869 4747 3234 4804 commerciis
3261 4748 3467 4802 divinis
3491 4749 3756 4806 humana

2113 4845 2426 4896 mutantur.
2452 4842 2580 4896 Haec
2606 4845 2693 4896 est
2719 4842 2876 4896 enim
2899 4859 3011 4896 nox
3039 4841 3136 4896 illa
3154 4858 3282 4912 quae
3303 4843 3455 4896 facta
3473 4847 3558 4897 est
3576 4843 3634 4897 in
3654 4843 3755 4900 de-

2114 4934 2276 5002 liciis,
2309 4933 2366 4988 in
2396 4951 2510 5008 qua
2539 4935 2792 4990 maxime
2823 4934 3116 4990 delectasti
3145 4935 3549 5002 nos,Domine,
3579 4937 3638 4990 iu
3661 4937 3748 4992 fa-

2115 5031 2276 5084 ctura
2295 5031 2412 5082 tua.
2445 5011 2566 5084 Nox
2587 5028 2646 5082 in
2677 5045 2790 5100 qua
2817 5027 3047 5084 inferna
3073 5031 3408 5100 patuerunt,
3423 5045 3532 5083 nox
3555 5028 3614 5083 in
3633 5047 3756 5102 qua

2115 5122 2406 5177 absolutus
2437 5125 2523 5178 est
2541 5122 2748 5192 Adam,
2783 5139 2892 5178 uox
2914 5122 2975 5176 in
3004 5139 3118 5193 qua
3139 5122 3373 5178 inventa
3395 5125 3483 5177 est
3507 5121 3756 5194 dragma

2115 5232 2242 5288 quae
2269 5217 2539 5289 perierat,
2563 5235 2675 5274 nox
2706 5217 2766 5273 in
2793 5235 2906 5290 qua
2927 5215 3066 5272 boni
3094 5216 3345 5270 Pastoris
3370 5216 3626 5272 humeris
3657 5234 3752 5272 re-

2113 5315 2342 5382 portata
2373 5316 2459 5366 est
2484 5312 2602 5366 ovis
2641 5311 2887 5382 perdita,
2921 5329 3030 5366 uox
3057 5310 3118 5366 in
3149 5325 3266 5381 qua
3295 5309 3556 5364 diabolus
3579 5327 3750 5366 occu-

2111 5404 2236 5460 buit
2263 5408 2319 5459 et
2355 5405 2452 5460 Sol
2483 5404 2720 5475 justitiaa
2759 5404 3014 5459 Christus
3042 5407 3273 5460 exortus
3295 5406 3382 5457 est
3415 5420 3428 5458 :
3457 5407 3516 5458 et
3549 5403 3756 5460 solutis

2109 5537 2403 5610 Mysteriis,
2425 5554 2548 5608 cap.
2569 5540 2638 5610 6ζ
2639 5539 2697 5610 et
2716 5535 2776 5610 in
2797 5537 2897 5610 lib.
2923 5555 2983 5610 in
3011 5537 3082 5592 de
3103 5539 3514 5610 Sacramentis.
3539 5555 3664 5610 cap.
3697 5543 3748 5608 1,

2111 5607 2208 5664 ubi
2239 5609 2296 5664 in
2323 5607 2584 5664 Romana
2605 5607 2858 5664 Ecclesia
2885 5607 2944 5662 id
2965 5608 3304 5665 inusitatum
3331 5609 3553 5666 dicitur.
3589 5607 3752 5666 [dem

2109 5680 2252 5736 ritus
2285 5679 2434 5734 infra
2453 5679 2514 5736 in
2539 5679 2744 5735 Missali
2774 5680 3088 5736 Gallicana.

2179 5765 2202 5793 ο
2229 5752 2541 5825 Corruptus
2570 5752 2746 5819 locus,
2773 5751 2870 5806 ubi
2903 5751 3216 5822 legendum
3247 5752 3474 5808 videtur
3493 5767 3596 5825 pro
3615 5769 3750 5810 neo-

373 5815 536 5872 initio
563 5815 732 5890 hujus
749 5819 877 5877 libri
895 5815 1160 5890 diximus,
1175 5815 1710 5893 apudAmbrosium
1733 5821 1792 5878 in
1817 5815 1915 5880 lib;
1935 5823 2008 5878 de
2104 5823 2313 5895 phytis.
