4054 6188
204 213 314 263 277

1280 205 1364 261 DE
1404 203 1715 261 LITURGIA
1751 199 2126 258 GALLICANA
2162 202 2362 258 LIBER
2401 204 2490 260 Ill.

3468 200 3570 260 278

201 313 423 371 inferni
462 312 717 382 nexibus,
751 311 1123 386 claustrisque
1164 312 1482 386 perfractis,
1506 311 1690 366 multa
1711 326 1840 366 san-
1864 309 2211 395 Amaxima
2254 311 2486 383 pietatis
2529 313 2586 367 et
2632 310 2931 383 potestatis
2975 307 3345 384 omnipotens
3383 312 3572 383 Pater,

199 412 432 466 ctorum
446 407 790 480 corpora,de
802 407 1076 480 sepulcris
1091 405 1845 479 erumpentia,intraverunt
1944 405 2263 475 quamlibet
2288 421 2404 461 non
2421 407 2542 461 sine
2571 405 3116 473 debitareverentia,
3135 409 3392 462 attamen
3418 409 3574 466 nulla

201 503 260 559 in
291 505 557 558 sanctam
586 501 896 557 civitatem.
933 501 978 556 Ο
1008 517 1142 557 vere
1181 501 1353 556 beata
1388 517 1519 567 nox,
1559 515 1687 571 qua
1721 499 1843 554 sola
1944 498 2114 554 officii
2143 498 2445 570 dignitate,
2474 500 2598 554 vilis
2623 499 2938 554 admodum
2967 503 3234 571 precator
3261 501 3492 570 accedo,
3516 504 3575 558 et

201 597 426 652 meruit
460 596 604 651 scire
642 601 872 666 tempus
907 598 966 649 et
989 595 1195 650 horam
1223 611 1336 666 qua
1363 593 1618 649 Christus
1648 609 1838 648 resur-

196 690 382 746 rexit!
416 690 486 744 de
518 706 631 761 qua
654 690 779 760 jam
811 689 870 742 in
905 690 1130 760 psalmo
1167 688 1356 743 fuerat
1384 689 1792 760 prophetatum
1823 701 1836 742 :

198 783 347 850 Quia
379 800 492 838 nox
519 787 582 837 ut
605 782 727 837 dies
753 781 1211 838 inluminabitur.
1242 783 1359 837 Nox
1399 781 1459 835 in
1497 797 1612 852 qua
1644 782 1840 834 exorta

195 880 286 933 est
323 876 674 932 resurrectio
710 876 769 930 in
808 875 1125 930 aeternum!
1171 877 1245 930 Te
1279 873 1436 929 enim
1470 874 1840 946 omnipotens

193 971 370 1037 Deus,
397 974 796 1026 creaturarum
816 970 1129 1024 calestium
1157 968 1469 1024 multitudo
1491 971 1548 1024 et
1573 967 1840 1023 innume-

191 1065 416 1120 rabiles
445 1066 787 1136 angelorum
801 1064 961 1120 chori
979 1063 1100 1120 sine
1115 1063 1433 1119 cessatione
1453 1063 1836 1135 proclamant,

193 1158 463 1214 dicentes
491 1175 505 1214 :
535 1158 794 1213 Sanctus.

825 1250 946 1300 Post
969 1251 1206 1301 Sanctus.

260 1339 390 1394 Tuo
418 1337 602 1410 jussu,
631 1336 897 1404 Domine,
921 1335 1155 1391 condita
1184 1338 1317 1391 sunt
1347 1333 1529 1408 251
1574 1333 1839 1391 universa

187 1433 247 1488 in
281 1433 428 1488 calo
474 1435 532 1486 et
570 1431 627 1486 in
657 1435 830 1500 terra,
862 1430 921 1485 in
949 1430 1097 1484 mari
1130 1433 1187 1484 et
1216 1430 1275 1484 in
1301 1428 1570 1485 omnibus
1597 1427 1834 1500 abyssis.

187 1525 310 1582 Tibi
335 1524 703 1598 patriarcha,
729 1525 1046 1597 propheta,
1071 1523 1333 1595 apostoli,
1362 1525 1664 1594 martyres,
1697 1539 1832 1576 con-

189 1621 464 1687 fessores,
497 1623 667 1691 atque
688 1635 890 1674 omnes
911 1617 1088 1672 sancti
1113 1615 1326 1689 gratias
1346 1619 1526 1687 agunt
1549 1632 1562 1670 :
1596 1615 1751 1687 quod
1777 1617 1835 1670 et

1940 610 2074 648 reus
2095 592 2457 648 conscientia
2483 593 2644 648 testis
2665 592 2898 648 adsisto.
2928 592 3151 656 Quidne
3173 595 3390 666 rogabo
3418 595 3573 667 quod

1941 704 2060 743 non
2089 687 2366 742 mereor?
2391 689 2538 741 Atne
2570 687 2663 758 pie
2700 687 2838 758 (non
2870 686 2993 742 sine
3043 686 3145 741 Dei
3183 705 3323 758 pace
3357 689 3571 747 dictum

1941 780 2032 852 sit)
2055 782 2209 853 quod
2226 781 2445 854 peccati
2467 781 2653 852 magis
2680 784 2766 835 est
2795 783 3108 850 accusator,
3133 781 3233 852 qui
3254 799 3358 853 pro
3380 800 3575 854 pecca-

1939 875 2012 930 tis
2043 875 2242 930 debuit
2269 892 2392 930 esse
2414 873 2809 929 interventor?
2834 877 3048 930 Accuso
3081 891 3219 946 ergo
3246 891 3340 930 me
3370 876 3492 944 tibi,
3513 879 3574 933 et

1941 984 2057 1022 non
2091 985 2314 1036 excuso,
2343 971 2402 1022 et
2429 985 2624 1023 coram
2659 967 2898 1022 testibus
2924 968 3202 1024 confiteor
3227 969 3570 1040 injustitiam

1939 1062 2256 1116 meam'tibi
2270 1062 2515 1117 Domino
2534 1063 2650 1117 Deo
2665 1078 2816 1116 meo.
2834 1061 3141 1129 Confiteor,
3160 1062 3416 1134 inquam,
3433 1079 3568 1120 con-

1938 1155 2107 1210 fiteor
2133 1156 2236 1210 sub
2273 1155 2513 1210 testibus
2547 1155 2891 1226 injustitiam
2933 1155 3245 1226 impietatis
3291 1174 3468 1225 mea,
3509 1161 3574 1213 ut

1937 1249 2198 1304 remittas
2216 1247 2577 1320 impietatem
2590 1247 2808 1320 peccati
2826 1247 2960 1302 mei.
2977 1248 3267 1304 Confiteor
3284 1249 3437 1320 quod
3459 1250 3571 1306 nisi

1936 1342 2216 1410 remittas,
2246 1345 2399 1397 recte
2427 1358 2520 1396 me
2561 1341 2785 1412 punias.
2832 1341 3016 1396 Habes
3062 1357 3158 1395 me
3195 1342 3566 1399 confitentem

1936 1453 2121 1504 reum,
2138 1436 2239 1490 sed
2265 1434 2422 1511 (scio)
2437 1435 2547 1489 nisi
2567 1435 2754 1488 verbis
2773 1451 2890 1489 non
2917 1434 3348 1490 emendantem.
3373 1435 3570 1490 Verbis

1937 1529 2092 1584 enim
2114 1530 2297 1600 placo,
2323 1528 2590 1600 operibus
2614 1528 2865 1583 offendo.
2890 1529 3128 1600 Culpam
3153 1529 3360 1596 sentio,
3376 1545 3569 1584 emen-

1938 1622 2233 1678 dationem
2262 1621 2485 1676 diﬂero.
2516 1621 2767 1677 Subveni
2789 1638 2948 1692 ergo,
2964 1621 3201 1676 subveni
3221 1621 3406 1693 pietas
3426 1621 3569 1677 inef-

187 1730 292 1769 nos
320 1713 626 1780 facientes,
655 1713 759 1767 has
785 1712 999 1767 hostias
1031 1710 1315 1782 spiritales
1347 1713 1405 1764 et
1435 1710 1656 1764 sincera
1683 1709 1826 1764 liba-
1852 1694 1908 1767 B
1932 1715 2138 1770 fabilis.
2191 1717 2447 1787 Ignosce,
2481 1714 2711 1786 ignosce
2757 1714 2920 1781 mihi,
2969 1713 3214 1768 Trinitas
3262 1715 3562 1770 mirabilis.

190 1807 354 1863 mina
380 1811 443 1861 ut
463 1806 648 1860 libens
666 1805 936 1860 exaudias
959 1805 1355 1876 deprecamur.
1377 1805 1453 1858 Te
1472 1819 1720 1870 oramus,
1744 1802 1830 1858 uti

188 1902 296 1956 hoc
325 1900 676 1956 sacrificium
700 1902 799 1954 tua
823 1898 1228 1954 benedictione
1259 1896 1588 1964 benedicas,
1621 1900 1679 1950 et
1701 1896 1825 1968 Spi-

188 1995 331 2049 ritus
355 1993 542 2048 sancti
569 1993 649 2047 tui
677 2009 806 2048 rore
833 1991 1166 2064 perfundas,
1195 1994 1257 2044 ut
1287 1990 1360 2044 sit
1389 1989 1657 2044 omnibus
1684 1989 1824 2061 legi-

188 2089 334 2143 tima
363 2086 742 2154 Eucharistia,
772 2103 876 2158 per
899 2084 1187 2141 Christum
1208 2083 1522 2141 Dominum
1541 2086 1823 2139 nostrum.

189 2181 294 2246 Qui
321 2180 534 2254 pridie.
1727 2168 1730 2169 ⁷

570 2276 823 2328 Collectio
852 2276 915 2327 ad
945 2276 1094 2341 panis
1116 2275 1444 2326 fractionem.

254 2363 502 2435 Respice
549 2363 624 2417 ad
660 2363 810 2416 hanc
853 2362 1225 2430 oblationem,
1257 2360 1623 2433 omnipotens
1651 2359 1823 2427 Deus,

184 2474 364 2530 quam
392 2456 494 2511 tibi
521 2456 818 2512 offerimus
833 2456 894 2511 in
919 2456 1204 2511 honorem
1231 2454 1483 2510 nominis
1506 2453 1588 2508 tui
1613 2469 1718 2525 pro
1739 2468 1825 2507 sa-

183 2553 300 2607 lute
331 2567 560 2623 regum,
596 2554 653 2605 et
683 2550 932 2605 exercitu
954 2567 1176 2618 eorum,
1210 2552 1268 2604 et
1295 2549 1557 2604 omnium
1581 2547 1820 2602 circum-

185 2644 582 2710 adstantium;
616 2647 675 2698 et
703 2647 912 2716 prasta
942 2648 1005 2698 ut
1026 2643 1125 2715 qui
1154 2660 1220 2698 ex
1247 2660 1316 2697 ea
1333 2641 1705 2713 sumpserint,
1728 2657 1820 2695 ac-

185 2739 406 2810 cipiant
436 2737 745 2792 sanitatem
763 2736 994 2804 mentis,
1014 2736 1412 2808 integritatem
1434 2733 1707 2807 corporis,
1733 2736 1820 2788 tu-

183 2834 367 2887 telam
410 2831 628 2898 salutis,
661 2830 1018 2886 intellectum
1051 2847 1250 2884 sensus
1280 2828 1506 2896 Christi,
1548 2827 1820 2883 securita-

185 2929 302 2982 tem
346 2925 489 2996 spei,
519 2924 1053 2980 corroborationem
1095 2923 1251 2990 fidei,
1277 2922 1664 2978 aternitatem
1694 2921 1818 2992 Spi-

182 3019 326 3075 ritus
354 3018 557 3073 sancti.
583 3018 798 3073 Prasta
828 3034 931 3089 per
960 3035 1094 3072 eum
1117 3017 1216 3090 qui
1248 3019 1440 3072 tecum
1472 3015 1578 3070 viv.
1613 3018 1672 3070 et
1695 3031 1817 3087 reg.

362 3121 597 3176 XXXVII.
631 3135 789 3186 MISSA
829 3136 995 3176 PRIMA
1033 3136 1122 3175 DIE
1159 3134 1363 3175 smcro
1404 3133 1645 3174 PASCHJE.

642 3218 891 3268 Collectio
917 3221 1035 3282 post
1055 3216 1351 3282 praphetia.

253 3305 494 3360 Summe
518 3304 885 3376 omnipotens
897 3305 1065 3370 Deus,
1087 3302 1377 3374 quicornu
1393 3300 1589 3355 salutis
1611 3301 1822 3355 nostra

183 3399 242 3454 in
272 3398 460 3453 crucis
488 3401 600 3452 tua
621 3397 894 3469 mysterio
917 3395 1183 3463 extulisti,
1208 3399 1270 3450 ut
1295 3411 1398 3449 nos
1419 3395 1479 3448 in
1511 3393 1686 3448 domo
1710 3393 1816 3447 Da-

184 3491 275 3545 vid
288 3491 456 3562 pueri
479 3491 563 3545 tui
579 3491 759 3566 regali
778 3490 1006 3561 fastigio
1026 3488 1363 3543 sublimares
1385 3506 1397 3555 ;
1430 3488 1491 3541 in
1513 3503 1625 3558 quo
1645 3485 1818 3540 etiam

183 3583 406 3638 trifario
427 3583 593 3638 titulo
610 3583 899 3638 Trinitatis
925 3581 1090 3637 nobis
1111 3581 1300 3636 unitas
1319 3580 1688 3636 manifestata
1710 3579 1820 3632 cla-

183 3693 412 3732 rescens
438 3676 798 3745 ostenditur;
831 3677 1090 3732 Salvator
1117 3691 1324 3746 nempe
1350 3674 1408 3728 in
1433 3672 1692 3739 homine,
1723 3671 1819 3726 Sa-

184 3770 388 3825 cerdos
419 3773 634 3842 quippe
664 3771 724 3825 in
759 3771 1088 3836 chrismate,
1118 3769 1234 3822 Rex
1266 3767 1480 3822 scilicet
1499 3765 1816 3820 secundum

180 3881 419 3919 carnem
477 3881 545 3918 ex
590 3881 837 3936 genere;
881 3880 1079 3935 preces
1118 3865 1342 3917 nostras
1383 3864 1495 3915 tua
1533 3859 1816 3931 supplices

182 3958 606 4030 prosternimus
633 3957 933 4028 Majestati,
966 3960 1028 4011 ut
1054 3973 1196 4028 quos
1226 3956 1285 4010 in
1317 3958 1416 4010 tuo
1444 3954 1681 4009 nomine
1712 3969 1816 4024 per

181 4053 478 4108 lavacrum
525 4050 985 4123 regenerationis
1037 4065 1374 4105 consecrare
1424 4048 1694 4120 dignatus
1732 4063 1811 4114 es,

179 4150 441 4218 prasles,
475 4145 653 4200 etiam
681 4146 740 4199 in
776 4144 1077 4199 sanctitate
1106 4147 1164 4198 et
1182 4142 1406 4214 justitia
1437 4141 1535 4195 tibi
1568 4140 1812 4196 Domino

183 4239 518 4307 servientes,
543 4238 990 4293 unanimitatem
1017 4237 1153 4291 ﬁdei
1185 4253 1288 4307 per
1315 4235 1662 4290 infusionem
1694 4234 1815 4306 Spi-

184 4333 331 4388 ritus
360 4332 444 4387 tui
465 4332 642 4387 sancti
671 4331 1077 4386 inviolabiliter
1101 4329 1406 4397 custodire,
1437 4345 1503 4383 ac
1533 4345 1637 4400 per
1660 4327 1812 4382 viam

179 4427 334 4498 pacis
379 4427 576 4481 liberis
609 4425 896 4498 gressibus
932 4427 1329 4497 properantes,
1358 4422 1605 4478 calestia
1632 4435 1891 4507 regnaD

180 4521 596 4578 conscendere.
623 4523 730 4576 Per
753 4535 974 4590 resurg.

817 4619 941 4668 Post
965 4618 1173 4667 Preces.

249 4707 426 4773 Deus,
453 4704 568 4776 qui,
600 4704 806 4760 evulsis
826 4702 1296 4775 superstitionum
1322 4699 1520 4772 spinis,
1549 4698 1608 4754 in
1634 4699 1818 4754 Eccle-

177 4799 262 4855 sia
294 4805 397 4854 tua
440 4798 726 4870 plantaria
755 4797 891 4853 fidei
920 4798 1036 4852 alta
1071 4795 1263 4850 radice
1303 4793 1563 4866 posuisti,
1611 4791 1818 4848 exaudi

181 4909 420 4966 precem
466 4892 700 4947 familia
741 4895 891 4958 tua;
919 4890 1139 4962 respice
1180 4889 1252 4943 de
1283 4889 1440 4956 calo,
1480 4890 1538 4942 et
1573 4887 1724 4954 vide,
1759 4889 1818 4941 et

177 4987 346 5042 visita
375 4985 605 5041 vineam
633 4986 824 5053 istam,
859 4989 916 5039 et
939 4985 1149 5057 prasta
1167 4985 1246 5051 ut,
1269 4985 1328 5036 te
1356 4981 1669 5053 inrigante,
1701 4980 1816 5034 fru-

177 5086 335 5135 ctum
368 5079 612 5152 accipiat
637 5080 695 5134 in
727 5080 1012 5146 ubertate,
1037 5093 1184 5150 qua,
1204 5080 1260 5130 te
1292 5077 1613 5148 plantante,
1636 5073 1818 5127 incre-

178 5178 445 5230 mentum
465 5174 668 5245 accipit
696 5174 756 5228 in
792 5173 1073 5245 germine.
1107 5174 1214 5227 Per
1234 5185 1454 5241 resurg.

711 5271 966 5337 Apologia
984 5269 1287 5321 sacerdotis.

244 5363 400 5413 Ante
433 5362 546 5414 tua
582 5358 989 5414 immensitatis
1029 5357 1422 5427 conspectum,
1457 5355 1516 5407 et
1539 5351 1675 5405 ante
1705 5351 1818 5403 tua

179 5451 597 5508 ineffabilitatis
631 5454 844 5519 oculos,
888 5469 920 5506 ο
949 5451 1213 5522 Majestas
1260 5446 1568 5512 mirabilis,
1605 5442 1821 5498 scilicet

180 5552 316 5602 ante
352 5549 482 5602 tuos
524 5549 752 5602 sanctos
793 5546 1009 5616 vultus,
1046 5542 1240 5618 252
1281 5557 1496 5613 magne
1534 5539 1713 5607 Deus,
1762 5538 1821 5592 et

1929 1811 2124 1877 Parce,
2171 1826 2361 1880 parce,
2412 1824 2612 1880 parce,
2653 1807 2942 1878 supplico,
2988 1807 3182 1861 Deitas
3247 1808 3562 1879 placabilis.

1928 1902 2163 1968 Exaudi,
2197 1901 2422 1969 exaudi,
2461 1899 2666 1955 exaudi
2698 1916 2811 1968 me,
2845 1916 3010 1971 rogo,
3051 1899 3138 1953 his
3184 1900 3371 1954 verbis
3414 1900 3564 1956 illius

1928 1995 2053 2052 Filii
2081 1995 2162 2050 tui
2193 1996 2542 2050 clamantem
2571 2011 2583 2049 :
2610 1995 2800 2061 Pater,
2825 1996 3039 2047 aterne
3062 1994 3232 2061 Deus,
3255 1994 3484 2065 peccavi
3501 1994 3561 2050 in

1927 2091 2087 2158 calo,
2109 2092 2165 2144 et
2181 2105 2377 2144 coram
2403 2090 2494 2156 te;
2514 2087 2638 2158 jam
2665 2104 2783 2143 non
2807 2103 2934 2141 sum
2958 2086 3166 2159 dignus
3197 2085 3389 2142 vocari
3410 2087 3560 2144 ﬁlius

1927 2187 2090 2251 tuus;
2122 2183 2213 2238 fac
2238 2199 2331 2236 me
2350 2185 2413 2236 ut
2432 2198 2614 2236 unum
2637 2181 2706 2236 de
2738 2181 3112 2236 mercenariis
3138 2180 3269 2236 tuis.
3293 2183 3363 2236 Et
3384 2199 3556 2252 nunc,

1925 2278 2094 2332 Pater
2122 2276 2466 2344 misericors,
2488 2275 2721 2330 unicum
2747 2273 3155 2330 misericordia
3168 2277 3281 2330 tua
3303 2278 3555 2346 portum,

1925 2371 2149 2428 Christo
2191 2371 2440 2438 favente,
2473 2372 2629 2441 peto,
2665 2371 2726 2423 ut
2753 2368 2907 2441 quod
2936 2385 3040 2440 per
3072 2385 3166 2423 me
3211 2368 3430 2424 vilescit
3456 2385 3560 2442 per

1924 2465 2084 2520 illum
2122 2467 2419 2536 acceptum
2449 2463 2600 2518 ferre
2635 2461 2908 2535 digneris.
2939 2462 3048 2528 Qui
3076 2462 3135 2518 in
3163 2465 3445 2518 aternum
3471 2464 3555 2518 te-

1925 2576 2054 2614 cum
2082 2557 2219 2614 vivit
2249 2561 2306 2614 et
2329 2562 2554 2629 regnat.
3189 2545 3202 2553 ’

2517 2666 2753 2718 Prafatio
2780 2665 2969 2717 missa.

1994 2776 2388 2846 Expectatum,
2417 2773 2624 2828 fratres
2645 2771 2945 2839 carissimi,
2965 2773 3023 2826 et
3039 2770 3430 2827 desideratum
3455 2789 3556 2830 no-

1922 2869 2012 2924 bis
2039 2871 2210 2939 atque
2229 2866 2492 2922 universo
2513 2865 2713 2937 generi
2731 2866 2986 2920 humano
3001 2865 3311 2920 salutarem
3321 2866 3555 2922 Pascha

1924 2962 2079 3018 diem
2101 2961 2314 3032 adepti,
2330 2959 2602 3016 concordi
2623 2977 2687 3014 ac
2705 2959 2976 3030 religiosa
2987 2974 3155 3030 prece
3169 2958 3555 3030 omnipotenti

1842 3065 1896 3140 C
1922 3057 2039 3111 Deo
2062 3055 2275 3126 gratias
2295 3070 2554 3124 agamus,
2569 3056 2872 3125 poscentes
2892 3052 3015 3124 ejus
3025 3051 3482 3108 misericordiam
3493 3052 3553 3110 in

1921 3151 2029 3205 hac
2047 3149 2138 3204 die
2156 3147 2609 3203 Resurrectionis
2633 3146 2867 3202 Domini
2892 3146 3218 3201 nostriJesu
3234 3146 3442 3202 Christi
3462 3146 3548 3202 Fi-

1920 3243 1982 3298 lii
2003 3243 2108 3311 sui,
2129 3245 2192 3297 ut
2211 3242 2426 3296 tribuat
2450 3244 2782 3311 temporum
2796 3240 3071 3310 quietem,
3097 3256 3303 3310 regum
3327 3239 3553 3311 pacabi-

1919 3337 2160 3404 litatem,
2181 3335 2443 3407 judicum
2472 3332 2998 3400 mansuetudinem,
3031 3331 3285 3386 hostium
3312 3331 3552 3387 inﬁrmi-

1917 3433 2118 3496 tatem,
2133 3443 2439 3499 corporum
2454 3424 3026 3493 salubritatem,aeris
3039 3423 3550 3495 temperiem,anni

1917 3522 2361 3594 benignitatem,
2387 3521 2677 3575 fructuum
2699 3518 2946 3589 copiam,
2969 3517 3342 3572 schismatum
3367 3517 3546 3589 pani-

1918 3617 2183 3684 tentiam,
2205 3614 2467 3687 gentium
2482 3612 2845 3667 vocationem
2869 3629 2882 3680 ;
2916 3615 2974 3666 et
2997 3614 3343 3666 conventum
3355 3611 3546 3667 Eccle-

1918 3710 2209 3766 siasticum
2249 3708 2490 3780 pacifica
2517 3711 2573 3761 et
2609 3723 2754 3778 pura
2779 3704 3251 3777 congregatione,
3283 3705 3550 3763 Paracliti

1918 3804 2002 3859 sui
2032 3802 2483 3858 sanctiﬁcatione
2515 3800 2856 3866 conlustret;
2887 3798 3158 3852 devotum
3190 3815 3256 3852 ac
3294 3798 3548 3856 dicatum

1915 3898 2025 3953 sibi
2043 3896 2385 3969 virginalem
2414 3893 2698 3966 pudorem
2718 3895 2777 3947 et
2795 3892 3165 3948 continentia
3189 3892 3548 3964 propositum

1915 3991 2232 4063 gloriosum
2263 3993 2436 4060 atque
2461 3987 2698 4042 beatum
2730 3985 2788 4040 in
2828 3985 3096 4042 omnibus
3123 3985 3434 4052 custodiat;
3463 3986 3544 4040 vi-

1915 4087 2158 4141 duarum
2199 4081 2546 4139 laboriosam
2581 4079 2999 4136 continentiam
3044 4095 3145 4133 sua
3174 4079 3546 4134 miseratione

1914 4179 2244 4244 confoveat;
2279 4175 2552 4247 orphanis
2580 4190 2752 4245 opem
2783 4172 3013 4244 pietatis
3042 4173 3299 4243 paterna
3325 4171 3542 4242 imper-

1911 4273 2036 4329 tiat.
2070 4273 2178 4327 Per
2206 4271 2609 4341 resurgentem
2636 4283 2670 4322 a
2710 4269 2883 4321 mort.
2917 4264 3227 4320 Dominum
3260 4268 3541 4319 nostrum.

2464 4377 2714 4428 Collectio
2741 4375 2991 4441 sequitur.

1987 4483 2136 4537 Deus
2160 4477 2548 4550 omnipotens,
2579 4475 2781 4531 exaudi
2810 4475 3088 4547 populum
3113 4475 3296 4543 tuum,
3318 4474 3428 4531 hac
3453 4475 3548 4532 die

1918 4576 1992 4630 ad
2004 4573 2247 4646 gloriam
2261 4569 2717 4626 Resurrectionis
2738 4567 2972 4623 Domini
2997 4567 3177 4624 nostri
3187 4569 3213 4624 J
3220 4584 3319 4623 esu
3339 4569 3549 4627 Christi

1918 4669 2040 4724 Filii
2064 4667 2150 4722 tui
2168 4666 2228 4721 in
2248 4669 2348 4720 tuo
2371 4663 2610 4720 nomine
2640 4665 3080 4735 congregatum,
3107 4665 3166 4717 et
3189 4662 3546 4734 Majestatem

1917 4760 2110 4836 253
2144 4765 2304 4815 tuam
2341 4757 2672 4830 suppliciter
2710 4759 3046 4812 exorantem
3083 4756 3269 4829 dirige
3315 4774 3382 4812 ex
3407 4774 3548 4829 pra-

1917 4856 2062 4912 senti
2087 4853 2395 4909 festivitate
2428 4852 2487 4907 in
2521 4851 2780 4907 laetitiam
2811 4851 3251 4922 sempiternam,
3279 4854 3451 4922 atque
3479 4867 3547 4907 ex

1916 4952 2022 5005 hac
2064 4948 2361 5004 hodierna
2402 4945 2782 5001 solemnitatis
2833 4944 3180 5000 exultatione
3227 4944 3300 4999 ad
3336 4944 3548 5015 gaudia

1915 5045 2248 5114 incorrupta
2273 5039 2619 5096 transmitte.
2648 5041 2758 5094 Per
2778 5054 3000 5108 resurg.

2536 5151 2657 5200 Post
2691 5147 2920 5199 nomina.

1989 5252 2242 5326 Suscipe,
2273 5267 2621 5324 quasumus,
2645 5249 2913 5317 Domine,
2936 5248 3186 5305 hostiam
3212 5250 3554 5322 placationis

1919 5351 1977 5402 et
1988 5347 2189 5414 laudis;
2205 5350 2263 5400 et
2274 5346 2378 5400 has
2391 5343 2712 5399 oblationes
2723 5343 3073 5398 famulorum
3085 5343 3551 5417 famularumque

1918 5444 2169 5508 tuarum,
2201 5455 2343 5511 quas
2363 5437 2467 5493 tibi
2493 5436 2790 5493 offerimus
2821 5437 2993 5493 hodie
3025 5437 3084 5492 in
3112 5438 3548 5494 Resurrectione

1920 5534 2152 5590 Domini
2181 5532 2363 5589 nostri
2385 5534 2517 5590 Jesu
2547 5530 2756 5588 Christi
2787 5531 3107 5590 secundum
3147 5546 3402 5598 carnem,
3434 5529 3552 5600 pla-

254 5685 280 5714 ⁸
305 5687 369 5742 Id
403 5692 487 5743 est
514 5694 636 5760 post
653 5704 885 5761 precem,
916 5691 977 5743 ut
1005 5687 1065 5744 in
1105 5686 1292 5744 Natali
1319 5681 1572 5752 Domini,
1599 5681 1815 5740 scilicet
1839 5679 1969 5754 post
2004 5679 2285 5752 hymnum
2317 5675 2492 5736 trium
2533 5691 2876 5751 puerorum,
2901 5677 2964 5732 ut
2998 5671 3233 5745 quidem
3264 5669 3548 5742 interpre-

195 5764 406 5817 tamur.
