4032 6180
413 251 514 308 279

413 359 574 416 catus
589 349 1070 414 adsume.Tribue
1095 355 1272 412 etiam
1295 371 1400 426 per
1418 352 1904 430 intercessionem
1918 370 2045 410 san-

416 454 640 508 ctorum
657 455 888 508 tuorum
909 449 1056 506 caris
1085 447 1311 516 nostris,
1341 449 1440 520 qui
1463 449 1523 502 in
1551 447 1774 504 Christo
1802 447 2050 504 dormie-

415 547 570 613 runt,
599 544 966 616 refrigerium
995 543 1053 598 in
1079 542 1318 613 regione
1339 542 1618 598 vivorum.
1645 544 1774 598 Per.

1071 656 1148 708 Ad
1175 671 1380 721 pacem.

488 758 710 821 Annue,
743 768 1090 824 quaesumus,
1129 751 1396 818 Domine,
1435 751 1784 824 supplicibus
1825 751 1952 819 tuis,
1993 753 2054 806 ut

419 851 540 904 haec
559 850 768 902 nostrae
786 845 1072 900 servitutis
1093 845 1309 900 oblatio
1334 845 1394 899 in
1423 845 1576 900 diem
1595 843 2053 900 Resurrectionis

416 940 650 998 Domini
678 939 861 994 nostri
888 941 1020 995 Jesu
1051 939 1279 1006 Christi,
1313 941 1370 994 et
1397 939 1640 994 salutem
1671 938 1837 994 nobis
1864 939 2055 994 confe-

417 1035 568 1091 ferat
597 1037 654 1088 et
683 1049 904 1105 pacem.
936 1033 1044 1087 Per
1067 1035 1490 1104 resurgentem.

1067 1146 1404 1198 Contestatio.

488 1247 738 1318 Dignum
769 1247 827 1299 et
846 1243 1066 1315 justum
1099 1245 1203 1310 est,
1225 1257 1454 1313 aequum
1477 1245 1535 1294 et
1555 1243 1802 1296 salutare
1827 1243 1930 1308 est,
1950 1255 2054 1295 nos
2131 1259 2134 1262 Î‡

419 1341 521 1398 tibi
542 1340 634 1396 hic
657 1342 714 1394 et
732 1337 942 1410 ubique
971 1352 1203 1407 semper
1223 1335 1437 1407 gratias
1455 1351 1648 1406 agere,
1667 1333 1908 1389 Domine
1933 1350 2057 1388 san-

419 1437 530 1500 cte,
561 1434 732 1488 Pater
762 1430 1151 1502 omnipotens,
1179 1431 1392 1484 aeterne
1424 1429 1590 1484 Deus.
1615 1427 1728 1484 Sed
1749 1428 1808 1482 in
1829 1427 1936 1481 hac
1962 1427 2054 1481 die

421 1523 880 1582 Resurrectionis
915 1522 1148 1578 Domini
1183 1522 1364 1578 nostri
1395 1523 1527 1576 Jesu
1565 1521 1770 1576 Christi
1821 1519 1942 1578 Filii
1973 1520 2058 1574 tui

425 1617 733 1693 gratulatio
767 1617 955 1688 major
986 1617 1200 1670 exultat
1223 1616 1280 1670 in
1307 1615 1573 1670 cordibus
1597 1614 1824 1670 nostris.
1857 1613 1954 1668 Hic
1973 1615 2060 1667 est

425 1713 580 1768 enim
615 1711 734 1766 dies
761 1710 819 1764 in
853 1727 966 1782 quo
995 1709 1160 1764 nobis
1198 1711 1394 1764 exorta
1425 1711 1510 1762 est
1551 1711 1842 1780 perpetua:
1889 1723 2058 1762 causa

423 1805 652 1862 laetitiis.
677 1804 774 1858 Hic
803 1806 889 1858 est
918 1803 1038 1858 dies
1069 1801 1502 1858 resurrectionis
1531 1801 1821 1868 humanae,
1847 1805 1904 1854 et
1932 1801 2060 1856 vitae

423 1899 632 1956 natalis
674 1901 926 1952 aeternae.
971 1896 1070 1950 Hic
1109 1900 1194 1950 est
1229 1895 1351 1950 dies
1389 1895 1448 1950 in
1485 1911 1600 1966 quo
1637 1894 1826 1949 satiati
1865 1911 2062 1948 sumus

425 2009 596 2048 mane
633 1989 1030 2046 misericordia
1059 1993 1186 2057 tua;
1223 2006 1335 2060 quo
1377 1989 1543 2044 nobis
1572 1988 1667 2042 ille
1699 1988 2059 2056 Benedictus,

425 2085 524 2159 qui
568 2085 726 2144 venit
763 2083 823 2138 in
863 2083 1097 2138 nomine
1137 2082 1389 2150 Domini,
1427 2083 1578 2136 Deus
1627 2083 1824 2136 noster
1860 2081 2064 2136 inluxit

429 2179 610 2234 nobis.
625 2179 724 2232 Hic
743 2177 900 2234 enim
921 2176 1200 2260 Dominus
1222 2179 1418 2232 noster
1435 2177 1460 2230 .I
1468 2191 1596 2230 esus
1617 2174 1870 2230 Christus
1891 2175 2062 2229 Filius

425 2275 554 2327 tuus
582 2272 905 2344 adimplens
939 2270 1273 2342 prophetias
1313 2269 1670 2340 temporibus
1709 2267 2060 2340 praestitutis,

433 2365 680 2420 visitavit
705 2381 811 2418 nos
841 2367 970 2436 post
997 2363 1258 2430 biduum,
1295 2361 1388 2416 die
1421 2363 1590 2417 tertia
1621 2361 2064 2416 resurrexit.Hic

427 2461 515 2514 est
543 2458 702 2512 enim
735 2457 858 2511 dies
891 2456 1036 2512 tanti
1071 2455 1328 2510 muneris
1357 2454 1758 2510 benedictione
1786 2455 2063 2526 signatus,

430 2552 528 2624 qui
578 2551 861 2608 hodierna
903 2550 1208 2604 festivitate
1244 2549 1629 2620 gaudentibus
1667 2549 1726 2602 in
1765 2551 1886 2604 toto
1928 2548 2066 2603 orbe

433 2644 774 2702 mortalibus
794 2644 1214 2714 frequentatur.
1239 2643 1382 2708 Quia
1398 2643 1660 2698 omnium
1673 2659 1828 2697 mors
1839 2658 1972 2714 pere
1981 2659 2063 2696 m-

429 2743 530 2811 pta
564 2740 650 2792 est
687 2739 748 2791 in
788 2753 956 2791 cruce
991 2735 1218 2802 Christi,
1248 2739 1306 2790 et
1345 2736 1406 2790 in
1457 2736 1894 2790 Resurrectione
1947 2735 2068 2806 ejus

433 2831 696 2888 omnium
721 2829 836 2884 vita
847 2829 1106 2884 surrexit.
1123 2831 1191 2883 Et
1211 2845 1383 2894 nunc,
1407 2829 1650 2883 Domine
1671 2831 1886 2895 sancte,
1901 2829 2070 2883 Pater

435 2924 821 2995 omnipotens,
839 2926 1054 2976 aeterne
1067 2923 1238 2988 Deus,
1263 2921 1546 2993 supplices
1563 2923 1960 2992 deprecamur,
1985 2921 2067 2976 uti

435 3018 582 3072 hanc
627 3016 980 3070 oblationem
1013 3015 1356 3069 benedicere
1385 3017 1442 3068 et
1469 3015 1824 3068 sanctificare
1865 3013 2066 3086 digne-

435 3109 532 3163 ris.
565 3110 673 3163 Per
697 3107 986 3163 Christum
1017 3107 1328 3162 Dominum
1357 3111 1635 3162 nostrum.

1062 3225 1185 3273 Post
1213 3223 1442 3274 Sanctus.

507 3321 637 3374 Haec
663 3321 719 3372 te
749 3335 874 3386 vox,
905 3317 1171 3385 Domine,
1195 3317 1436 3388 mystica
1459 3318 1581 3372 luce
1604 3318 1928 3384 comitatur,
1944 3333 2072 3389 quae

435 3429 566 3468 cum
595 3412 654 3466 in
673 3411 936 3482 supernis
950 3411 1255 3466 dominicae
1269 3412 1696 3482 perennitatem
1709 3411 1896 3465 laudis
1910 3427 2068 3465 exer-

437 3509 586 3574 ceat,
617 3505 1066 3560 celebrationem
1101 3505 1247 3558 tanti
1277 3504 1530 3560 nominis
1561 3503 1775 3559 invexit
1800 3507 1856 3560 et
1883 3503 2070 3571 terris,

433 3603 498 3654 ut
546 3597 880 3669 hujusmodi
917 3614 1192 3668 personas
1221 3599 1268 3652 si
1307 3597 1576 3652 homines
1603 3601 1892 3664 tacerent,
1942 3615 2074 3653 saxa

437 3692 776 3746 clamarent.
813 3690 1092 3744 Viderunt
1125 3693 1182 3744 te
1221 3691 1413 3757 inferi,
1447 3693 1635 3756 Deus;
1673 3691 1978 3758 viderunt,
2019 3695 2076 3745 et

436 3783 762 3838 timuerunt
779 3799 812 3836 a
831 3797 968 3836 voce
991 3781 1231 3836 tonitrui
1251 3783 1352 3848 tui,
1383 3783 1639 3837 dicentes
1662 3800 1675 3836 :
1699 3783 1979 3854 Absorpta
1993 3786 2077 3838 est

439 3892 598 3932 mors
641 3875 701 3928 in
731 3875 972 3929 victoria
1005 3877 1122 3928 tua.
1161 3875 1268 3929 Ubi
1309 3878 1411 3942 est,
1443 3877 1609 3943 Mors,
1641 3877 1870 3930 aculeus
1899 3875 2076 3930 tuus?

438 3968 716 4024 Adtonita
735 3969 1034 4039 paululum
1049 3967 1397 4022 miserorum
1413 3971 1620 4024 stetere
1639 3970 1945 4041 supplicia;
1971 3987 2076 4024 nec

439 4061 770 4118 habuerunt
807 4064 1102 4116 tormenta
1147 4061 1462 4116 cruciatum
1490 4081 1502 4128 ;
1533 4067 1590 4117 et
1619 4063 1878 4133 judicem
1907 4080 2074 4118 suum

440 4153 633 4230 254
667 4154 790 4226 ipsa
819 4153 994 4208 etiam
1019 4171 1190 4226 paena
1211 4156 1578 4224 contremuit,
1597 4157 1730 4228 quia
1743 4160 1948 4211 natura
1967 4159 2076 4212 ter-

439 4249 696 4304 ribilium
718 4247 1115 4316 tenebrarum,
1149 4249 1458 4320 praesentia
1485 4250 1568 4304 tui
1595 4251 1836 4322 fulgoris
1856 4249 2073 4318 habita,

434 4343 560 4416 jam
605 4345 743 4397 tunc
797 4341 996 4396 timuit
1033 4341 1302 4413 judicari.
1339 4343 1745 4398 Exultaverunt
1783 4343 1964 4398 sancti
2015 4344 2074 4397 in

442 4436 646 4508 gloria,
661 4437 924 4491 laetantes
937 4435 996 4490 in
1011 4435 1291 4491 cubilibus
1303 4437 1438 4504 suis,
1455 4438 1608 4510 quod
1621 4439 1926 4494 Auctorem
1939 4453 2070 4509 pro-

441 4529 634 4584 missa:
663 4529 773 4583 sibi
807 4528 948 4583 lucis
979 4534 1378 4600 agnoscerent.
1409 4530 1666 4595 Quorum
1693 4535 1775 4598 tu,
1803 4531 2071 4600 Domine,

443 4622 686 4694 stipatus
715 4621 1066 4692 agminibus,
1103 4627 1160 4677 et
1203 4623 1309 4678 tibi
1333 4627 1562 4679 tantum
1591 4627 1728 4680 noto
1769 4625 2076 4696 splendore

442 4715 728 4786 perfusus,
775 4714 1054 4769 sacriï¬cia
1081 4731 1188 4786 per
1211 4719 1268 4771 te
1307 4717 1568 4772 instituta
1613 4719 1924 4786 sanctiï¬ca,
1958 4735 2075 4774 non

441 4807 734 4864 invitantis
755 4808 986 4874 merito,
1003 4808 1104 4862 sed
1121 4810 1528 4865 sanctificantis
1555 4813 1839 4884 exemplo,
1863 4815 1924 4866 ut
1945 4827 2078 4867 cun-

441 4903 544 4958 ctis
569 4903 677 4958 rite
707 4902 998 4973 perfectis,
1031 4901 1326 4959 Salvatore
1367 4907 1564 4960 nostro
1607 4905 1679 4960 ab
1711 4905 1912 4960 inferis
1952 4905 2076 4976 jam

441 5013 690 5063 reverso,
735 4999 794 5050 et
837 5011 996 5050 mors
1023 5011 1082 5049 se
1109 4995 1396 5069 intelligat
1423 4998 1654 5066 victam,
1687 5003 1744 5053 et
1771 4999 1886 5054 vita
1913 5017 2074 5055 revo-

443 5092 654 5156 catam,
685 5105 789 5160 per
817 5089 1108 5144 Christum
1145 5091 1456 5146 Dominum
1487 5095 1768 5147 nostrum.
1809 5093 1948 5158 Qui.
1969 5092 2078 5164 pri-

445 5183 538 5237 die
569 5199 742 5254 quam
773 5199 828 5252 p.

439 5305 696 5362 XXXVIII.
739 5321 896 5364 MISSA
949 5323 1303 5366 nummus
1357 5325 1456 5366 res
1495 5325 1674 5367 rorru
1725 5325 1930 5366 PASCHA
1971 5325 2076 5366 rno

603 5393 866 5434 PARVULIS
903 5395 996 5442 QUI
1033 5396 1226 5438 RENATI
1265 5397 1420 5445 SUNT,
1463 5397 1705 5438 SECUNDA
1743 5397 1920 5436 FERIA.

511 5485 677 5552 Deus,
702 5485 800 5557 qui
831 5485 1133 5542 credentes
1153 5487 1213 5542 in
1239 5491 1296 5543 te
1323 5489 1566 5560 populos
1594 5487 1794 5560 gratia:
1819 5489 1934 5542 tuae
1973 5487 2080 5541 lar-

442 5578 617 5650 gitate
649 5579 1010 5650 multiplicas,
1051 5581 1270 5651 respice
1313 5582 1594 5653 propitius
1625 5582 1698 5636 ad
1733 5581 2076 5636 electionem

441 5675 620 5738 tuam,
663 5675 724 5725 ut
764 5671 860 5742 qui
899 5687 1062 5728 sacro
1111 5672 1460 5742 baptismate
1504 5677 1637 5729 sunt
1673 5673 1882 5741 renati,
1911 5673 2080 5746 regni

443 5763 684 5818 caelestis
709 5766 1050 5818 mereantur
1077 5763 1400 5818 introitum.
1433 5766 1540 5820 Per
1566 5765 1892 5820 Dominum.

1197 247 1526 304 APPENDIX
1565 247 1653 302 AD
1689 247 1910 302 OPERA
1947 247 2180 304 SANCTI
2217 249 2518 305 GERMANI
2555 249 2980 304 PARISIENSIS.

2091 3111 2146 3184 C

2093 4480 2152 4554 D

3671 251 3788 306 280

2821 354 3094 406 Collectio.
3585 337 3592 340 â€™

2221 441 2442 497 Famuli
2478 441 2582 510 tui,
2616 441 2881 510 Domine,
2925 441 3022 512 qui
3067 441 3140 496 ad
3185 443 3344 498 tuam
3373 445 3506 498 sunt
3531 441 3788 516 gratiam

2151 535 2352 603 vocati,
2377 539 2475 590 tuo
2503 536 2902 590 indesinenter
2921 537 3303 608 protegantur
3318 535 3556 603 auxilio;
3589 539 3654 590 ut
3683 535 3792 608 qui

2153 629 2346 684 divino
2391 632 2526 684 'sunt
2563 629 2852 701 baptismo
2893 617 3222 700 regenerati
3245 671 3260 698 ,
3297 646 3594 702 nunquam
3633 647 3668 684 a
3699 629 3794 684 tui

2152 723 2320 794 regni
2345 722 2604 795 potentia
2629 723 2853 794 possint
2882 722 3067 777 evelli.
3095 724 3221 777 Per.

2773 826 2894 875 Post
2927 823 3157 875 nomina.

2223 911 2458 978 Adesto,
2477 909 3270 981 Domine,supplicationibus
3295 908 3524 976 nostris,
3553 911 3612 964 et
3633 910 3800 965 obla-

2155 1006 2342 1062 tiones
2367 1005 2718 1060 famulorum
2750 1020 2816 1058 ac
2841 1004 3192 1058 famularum
3223 1005 3476 1070 tuarum,
3503 1019 3647 1074 quas
3681 1003 3800 1060 tibi

2156 1099 2468 1166 offerimus,
2497 1096 2756 1170 placidus
2783 1113 2848 1152 ac
2873 1097 3161 1168 benignus
3189 1095 3448 1152 adsume.

2813 1199 2890 1250 Ad
2919 1213 3122 1264 pacem.

2227 1286 2511 1354 Concede,
2545 1301 2890 1357 quaesumus,
2929 1283 3300 1354 omnipotens
3333 1285 3501 1351 Deus,
3543 1287 3603 1338 ut
3639 1286 3798 1340 festa

2155 1380 2468 1446 Paschalia,
2510 1395 2638 1451 quae
2687 1379 2992 1434 devotione
3033 1377 3292 1447 colimus,
3331 1377 3590 1434 moribus
3627 1395 3794 1433 exse-

2159 1491 2424 1548 quamur.
2451 1475 2577 1528 Per.

2825 1543 3132 1594 Immolatio.

2228 1633 2371 1686 Vere
2399 1631 2640 1702 dignum
2659 1633 2718 1685 et
2729 1630 2950 1700 justum
2965 1633 3051 1684 est
3073 1647 3085 1684 :
3111 1629 3250 1700 quia
3275 1645 3441 1684 verus
3457 1629 3554 1684 ille
3569 1631 3798 1700 Agnus,

2079 1743 2135 1814 B
2159 1724 2258 1797 qui
2287 1741 2390 1796 pro
2420 1724 2586 1778 nobis
2615 1727 2700 1778 est
2725 1723 3074 1778 immolatus.
3107 1722 3216 1787 Qui
3249 1726 3498 1777 mortem
3533 1725 3802 1778 nostram

2161 1817 2462 1874 moriendo
2497 1817 2792 1884 destruxit,
2824 1821 2882 1870 et
2909 1816 3086 1872 vitam
3129 1818 3388 1872 nostram
3433 1815 3801 1886 resurgendo

2161 1911 2620 1984 reparavitJesus
2637 1910 2892 1966 Christus
2919 1908 3196 1964 Dominus
3217 1913 3430 1966 noster.
3455 1909 3558 1964 Cui
3583 1908 3804 1964 merito

2163 2021 2364 2064 omnes
2393 2004 2606 2075 angeli.

2291 2131 2498 2186 XXXIX.
2541 2145 2664 2185 ITEM
2705 2143 2863 2186 mssa
2901 2143 3214 2196 PASCIIALIS,
3255 2143 3442 2185 TERTIA
3481 2143 3657 2184 rsum.

2235 2244 2403 2310 Deus,
2431 2241 2530 2313 qui
2557 2257 2758 2296 omnes
2779 2240 2838 2294 in
2863 2239 3088 2295 Christo
3105 2243 3338 2295 renatos
3363 2257 3545 2311 genus
3567 2239 3806 2312 regium

2165 2339 2224 2392 et
2269 2335 2622 2390 sacerdotale
2667 2351 2790 2388 esse
2832 2333 3038 2400 fecisti,
3083 2333 3156 2388 da
3183 2333 3349 2388 nobis
3373 2335 3514 2388 velle
3547 2337 3606 2388 et
3629 2351 3807 2406 posse
3877 2373 3880 2378 -

2167 2429 2320 2502 quod
2341 2427 2620 2502 praecipis,
2640 2431 2702 2482 ut
2719 2427 2930 2500 populo
2959 2427 3032 2481 ad
3050 2427 3435 2482 teternitatem
3461 2431 3662 2482 vocato
3683 2445 3808 2483 una

2167 2524 2240 2578 sit
2269 2523 2412 2578 ï¬des
2439 2521 2722 2577 mentium
2756 2524 2812 2575 et
2837 2521 3021 2592 pietas
3049 2521 3361 2576 actionum.
3391 2523 3518 2576 Per.

2851 2621 3122 2672 Collectio.

2240 2710 2618 2781 Omnipotens
2639 2708 2990 2780 sempiterne
3007 2708 3174 2775 Deus,
3191 2725 3294 2779 per
3319 2724 3492 2779 quem
3517 2707 3680 2762 nobis
3705 2725 3804 2762 re-

2171 2803 2427 2876 demptio
2459 2805 2762 2875 praestatur
2785 2805 2844 2855 et
2869 2801 3124 2872 ad0ptio,
3149 2801 3368 2872 respice
3399 2801 3458 2855 in
3488 2817 3664 2872 opera
3683 2801 3811 2873 pie-

2171 2897 2304 2952 tatis
2327 2899 2468 2963 tuae;
2502 2899 2560 2950 et
2597 2911 2723 2968 quas
2763 2895 3032 2966 dignatus
3070 2912 3130 2949 es
3169 2895 3452 2961 conferre,
3487 2911 3808 2962 conserva;

2171 2993 2234 3045 ut
2257 2989 2316 3044 in
2343 2989 2567 3046 Christo
2594 2987 2811 3044 renatis
2841 2992 3060 3044 aeterna
3095 2987 3381 3044 tribuatur
3409 2985 3598 3062 255
3629 2989 3806 3043 here-

2173 3084 2339 3152 ditas,
2369 3086 2426 3138 et
2449 3099 2582 3138 vera
2611 3083 2864 3137 libertas.
2891 3083 3017 3137 Per.
3305 3075 3308 3078 â´

2793 3185 2914 3233 Post
2943 3183 3174 3234 nomina.

2245 3271 2498 3343 Suscipe,
2519 3270 2778 3336 nomine,
2799 3287 3042 3324 munera
3067 3269 3292 3325 nomini
3317 3273 3416 3324 tuo
3443 3269 3655 3334 oblata,
3675 3285 3812 3339 qua

2175 3365 2232 3419 in
2279 3364 2404 3418 Filii
2449 3364 2531 3418 tui
2575 3363 3011 3418 Resurrectione
3059 3363 3467 3434 triumphantis
3503 3363 3562 3418 in
3595 3363 3808 3434 gloria,

2175 3458 2510 3513 universalis
2539 3457 2660 3530 ejus
2681 3457 2970 3529 adquisita
3000 3457 3281 3528 sanguine
3316 3457 3486 3512 offert
3531 3457 3806 3512 Ecclesia.

2176 3554 2298 3608 Per.
2971 3597 2992 3606 -

2826 3621 2905 3672 Ad
2935 3635 3141 3687 pacem.

2247 3708 2626 3780 Omnipotens
2643 3707 2994 3779 sempiterne
3014 3709 3178 3775 Deus,
3201 3708 3298 3779 qui
3317 3707 3814 3791 perUnigenitum

2177 3805 2338 3856 tuum
2365 3801 2704 3856 aeternitatis
2717 3801 2884 3856 nobis
2909 3801 3150 3869 aditum,
3175 3801 3398 3856 devicta
3423 3803 3632 3868 morte,
3655 3815 3812 3854 rese-

2177 3894 2352 3960 rasti;
2387 3893 2544 3966 erige
2591 3894 2664 3950 ad
2711 3899 2764 3950 te
2809 3895 2985 3950 corda
3014 3895 3396 3962 credentium,
3425 3899 3486 3950 ut
3517 3910 3724 3950 omnes
3753 3894 3816 3948 in

2176 3987 2400 4043 Christo
2443 3987 2632 4042 renati
2671 4005 2738 4042 ex
2783 4005 2934 4059 aqua
2978 3991 3036 4042 et
3074 3988 3290 4058 Spiritu
3317 3991 3513 4044 sancto
3559 4003 3816 4059 regnum

2177 4082 2448 4136 caelorum
2481 4080 2710 4151 ingredi
2737 4083 3092 4136 mereantur.
3123 4083 3250 4136 Per.

2843 4183 3150 4234 Immolntio.

2247 4269 2492 4342 Dignum
2521 4272 2578 4323 et
2604 4268 2824 4340 justum
2851 4273 2936 4324 est
2957 4287 3062 4325 nos
3089 4269 3192 4324 tibi
3221 4269 3433 4341 gratias
3461 4286 3654 4342 agere,
3683 4287 3818 4325 om-

2177 4363 2446 4435 nipotens
2501 4363 2852 4434 sempiterne
2902 4365 3070 4431 Deus,
3121 4380 3226 4434 per
3275 4366 3468 4419 Iesum
3519 4363 3822 4418 Christum

2177 4455 2381 4510 Filium
2409 4457 2572 4510 tuum
2599 4456 2908 4510 Dominum
2940 4460 3221 4512 nostrum.
3261 4458 3370 4510 Per
3396 4472 3568 4527 quem
3601 4456 3818 4512 huma-

2178 4567 2316 4604 num
2346 4567 2528 4621 genus
2555 4549 2865 4617 vivificans,
2895 4551 3114 4605 Pascha
3139 4549 3315 4605 etiam
3351 4567 3456 4621 per
3493 4550 3728 4621 Moysen
3761 4553 3826 4606 et

2176 4645 2368 4698 Aaron
2395 4643 2642 4697 famulos
2667 4645 2796 4698 tuos
2825 4644 2976 4714 Agni
2999 4643 3396 4698 immolatione
3421 4643 3640 4713 jussisti
3669 4645 3824 4698 cele-

2176 4736 2333 4792 brari
2365 4753 2378 4790 :
2410 4737 2894 4808 consequentibus
2915 4737 3272 4809 temporibus
3295 4753 3472 4808 usque
3501 4737 3572 4790 ad
3602 4737 3824 4792 adven-

2177 4835 2302 4885 tum
2329 4827 2558 4884 Domini
2589 4830 2770 4884 nostri
2799 4833 2930 4885 Jesu
2961 4831 3170 4886 Christi
3202 4831 3322 4902 (qui
3347 4831 3492 4885 sicut
3519 4847 3704 4902 agnus
3741 4831 3824 4886 ad

2179 4923 2470 4979 victimam
2489 4923 2692 4978 ductus
2704 4923 2809 4994 est)
2827 4923 3096 4978 eamdem
3117 4925 3598 4980 consuetudinem
3615 4924 3673 4978 in
3695 4941 3828 4980 me-

2179 5017 2428 5072 moriam
2449 5017 2754 5072 observare
2777 5017 3116 5090 praecepisti.
3141 5021 3264 5090 Ipse
3287 5021 3374 5072 est
3399 5035 3582 5090 agnus
3611 5018 3832 5074 imma-

2180 5112 2417 5178 culatus,
2433 5111 2532 5182 qui
2543 5111 2752 5182 priOris
2775 5111 2970 5183 populi
2985 5111 3238 5184 primum
3249 5113 3466 5167 Pascha
3489 5112 3548 5166 in
3567 5113 3828 5184 [á¼˜Î¾ÎµÏá¿Î¿

2179 5205 2368 5259 fuerat
2387 5204 2736 5259 immolatus.
2761 5206 2884 5276 Ipse
2910 5208 2996 5259 est
3019 5205 3180 5260 Aries
3207 5205 3268 5260 in
3293 5205 3568 5260 verticem
3599 5205 3832 5260 montis

2181 5298 2385 5352 excelsi
2417 5297 2488 5352 de
2513 5313 2683 5368 vepre
2711 5299 2984 5368 prolatus,
3009 5299 3288 5354 sacriï¬cio
3313 5299 3650 5354 destinatus.
3681 5299 3828 5368 Ipse

2181 5395 2267 5446 est
2290 5391 2508 5446 Vitulus
2539 5391 2856 5462 saginatus,
2887 5393 2988 5464 qui
3013 5393 3072 5447 in
3101 5393 3476 5448 tabernaculo
3507 5391 3684 5463 patris
3713 5407 3832 5447 no-

2181 5485 2282 5539 stri
2323 5484 2568 5540 Abrahae
2607 5488 2846 5556 propter
2873 5486 3130 5558 hospites
3160 5491 3246 5541 est
3273 5485 3616 5541 victimatus.
3645 5484 3834 5557 Cujus

2181 5578 2508 5650 passionem
2543 5581 2602 5632 et
2635 5579 3114 5634 resurrectionem
3152 5579 3527 5646 celebramus,
3561 5577 3726 5648 cujus
3765 5583 3838 5634 et

2181 5671 2492 5727 adventum
2536 5689 2851 5743 speramus.
2896 5674 2964 5727 Et
3005 5673 3134 5730 ideo
3181 5691 3310 5729 cum
3361 5672 3582 5745 angelis
3629 5675 3688 5726 et
3737 5689 3836 5726 ar-

2181 5763 2476 5835 changelis
2507 5765 2752 5820 claman.
2783 5765 2892 5822 dic.
