4054 6188
229 209 349 264 281

452 318 553 374 XL.
586 333 712 377 ITEM
738 337 898 381 mssa
921 341 1238 394 PASCHALIS,
1271 347 1482 394 ausam
1507 351 1684 394 rem.

312 420 488 491 Deus,
517 423 616 496 qui
631 428 907 498 populum
931 432 1098 486 tuum
1119 449 1363 503 sacrum,
1389 437 1628 495 Jordane
1643 439 1882 500 ﬂumine

224 515 550 586 transacto,
581 521 794 576 terram
817 527 930 577 tuae
958 524 1137 581 fecisti
1164 530 1619 600 repromissionis
1645 533 1877 606 intrare,

223 609 510 677 concede,
557 628 906 684 quaesumus,
944 622 1010 673 ut
1046 624 1102 675 et
1137 637 1239 676 nos
1285 640 1531 696 quoque,
1583 628 1880 699 Majestatis

221 704 355 756 tua;
377 704 625 760 revelato
645 710 936 779 mysterio,
972 712 1161 770 divina
1189 732 1414 789 semper
1436 719 1705 777 beneﬁcia
1747 740 1877 780 sen-

221 793 477 852 tiamus.
509 801 632 855 Per.

929 876 1198 928 Collectio.

299 951 514 1006 Annue
541 951 720 1023 nobis,
750 971 1095 1028 quaesumus,
1124 961 1379 1030 Domine,
1409 969 1474 1020 ut
1507 970 1874 1038 quemadmo-

217 1039 376 1097 dum
432 1046 703 1116 mysteria
752 1050 1198 1110 Resurrectionis
1254 1057 1478 1113 Domini
1529 1062 1706 1117 nostri
1748 1065 1876 1120 Jesu

214 1134 447 1192 Christi
489 1139 783 1198 sollemnia
824 1145 1083 1216 colimus,
1132 1148 1210 1203 ita
1253 1153 1308 1206 et
1352 1151 1412 1206 in
1457 1153 1702 1210 adventu
1757 1158 1877 1228 ejus

217 1229 490 1300 gaudere
517 1249 646 1287 cum
673 1236 879 1292 sanctis
906 1239 1168 1294 omnibus
1197 1259 1539 1302 mereamur.
1567 1249 1692 1304 Per.

870 1330 1007 1400 PosL
1017 1333 1247 1384 nomina.

293 1405 528 1461 Auditis
552 1409 879 1465 nominibus
906 1411 1266 1485 ofl‘erentum,
1301 1417 1490 1474 debita
1530 1436 1660 1476 cum
1700 1440 1870 1480 vene-

213 1497 456 1554 ratione
505 1500 959 1560 beatissimorum
999 1509 1382 1578 apostolorum
1427 1517 1484 1568 et
1531 1520 1868 1587 martyrum,

213 1591 607 1664 omniumque
651 1599 971 1652 sanctorum
1019 1604 1560 1661 commemoratione
1613 1609 1868 1678 decursa,

213 1687 275 1738 et
327 1684 676 1742 oﬂ‘erentum
717 1694 772 1744 et
813 1694 1174 1762 pausantium
1222 1712 1734 1756 commemoremus
1773 1721 1945 1802 no-B

213 1776 381 1802 ...ζ-ι-
443 1783 502 1802 --ι
533 1782 881 1802 ..L.___-1:1,,,,
921 1785 932 1796 ο
997 1787 1052 1802 ιι.
1243 1790 1252 1799 ι
1303 1790 1313 1800 ι
1547 1798 1554 1802 .

213 1776 409 1846 mina,
443 1783 505 1833 ut
530 1782 890 1838 aeternalibus
917 1785 1096 1842 indita
1124 1790 1366 1861 paginis,
1406 1798 1728 1850 sanctorum
1754 1813 1865 1854 cce-

215 1869 380 1925 tibus
413 1872 820 1945 adgregentur.
853 1879 979 1934 Per.

893 1971 972 2021 Ad
1000 1986 1205 2023 pacem.

893 1986 972 2021 Λα
1000 1986 1205 2035 pacem.

286 2046 466 2113 Deus,
496 2063 601 2118 per
628 2049 788 2119 cujus
807 2067 867 2105 os
895 2053 1180 2123 prolatum
1203 2059 1305 2124 est,
1334 2059 1484 2129 quod
1513 2077 1713 2132 pacem
1739 2080 1862 2119 om-

213 2138 395 2193 nibus
423 2139 608 2209 dares,
641 2140 834 2216 256
864 2149 920 2200 et
946 2147 1098 2217 pacis
1136 2152 1342 2204 statuta
1377 2152 1744 2226 relinqueres,
1784 2157 1866 2212 in-

213 2231 403 2287 funde
455 2234 517 2287 in
570 2235 830 2291 cordibus
879 2240 1084 2294 nostris
1132 2243 1284 2312 pacis
1322 2245 1605 2318 studium,
1656 2253 1712 2303 et
1752 2251 1864 2322 piae

212 2325 531 2381 voluntatis
555 2327 840 2400 affectum,
872 2335 937 2386 ut
961 2333 1227 2389 vitiorum
1267 2339 1524 2393 omnium
1564 2340 1688 2397 labe
1724 2360 1861 2414 pur-

216 2419 362 2490 gati,
396 2436 615 2491 pacem,
643 2439 816 2494 quam
851 2425 1012 2481 labiis
1053 2444 1149 2482 ore
1195 2432 1615 2504 prosequimur,
1655 2435 1858 2491 imma-

214 2511 427 2568 culatis
453 2514 716 2569 cordibus
745 2520 1057 2575 teneamus.
1087 2523 1211 2578 Per.

493 2588 497 2592 1
877 2612 1211 2664 Contestatio.

290 2687 543 2759 Dignum
581 2693 638 2745 et
663 2691 882 2762 justum
919 2699 1003 2749 est
1040 2712 1143 2750 nos
1176 2697 1279 2752 tibi
1318 2715 1544 2770 semper
1576 2701 1766 2757 laudes
1807 2707 1864 2758 et

215 2781 434 2852 gratias
461 2771 651 2853 agere,
686 2785 1044 2856 omnipotens
1069 2791 1411 2861 sempiterna
1442 2793 1608 2862 Deus,
1640 2811 1742 2866 per
1768 2797 1858 2850 Je-

215 2890 348 2929 sum
371 2875 658 2931 Christum
683 2879 864 2933 Filum
897 2883 1059 2936 tuum
1087 2883 1394 2940 Dominum
1435 2891 1714 2943 nostrum.
1755 2889 1861 2953 Qui

216 2968 366 3022 sicut
391 2969 510 3023 ovis
544 2971 615 3025 ad
642 2971 977 3028 occisionem
1002 2992 1104 3046 pro
1132 2977 1293 3032 nobis
1331 2978 1531 3034 ductus
1557 2984 1661 3048 est,
1701 2984 1757 3035 et
1798 2986 1862 3036 ut

1303 223 1426 279 ‘DE
1462 225 1774 284 LlTURGlA
1811 232 2182 290 GALLICANA
2221 238 2416 294 LIBER
2456 240 2542 294 lli.

3520 258 3622 313 282

2656 349 2734 401 Ad
2757 366 2962 416 pacem.

2055 428 2280 500 Tribue,
2310 432 2573 505 Domine,
2599 439 2661 492 ut
2686 438 2764 494 ita
2791 442 2939 511 apud
2968 442 3254 501 universos
3283 447 3622 522 redemptio-

1980 521 2067 576 nis
2092 528 2205 578 tuae
2233 525 2476 582 famulos
2515 529 2767 587 infracta:
2815 535 3062 591 caritatis
3089 541 3337 595 exundet
3360 521 3616 615 affectus,

1980 620 2045 670 ut
2062 617 2205 672 nihil
2234 620 2494 676 odiorum
2525 623 2903 697 interpellatio
2933 629 3123 704 257
3173 638 3480 705 praevaleat
3516 639 3617 694 ad-

1978 711 2224 782 petitus;
2265 714 2361 768 sed
2389 716 2778 775 testimonium
2824 724 3018 792 osculi,
3063 728 3213 796 quod
3249 746 3354 800 pro
3397 731 3614 802 perfec-

1981 803 2132 859 tione
2160 822 2444 863 mansurae
2468 811 2623 880 pacis
2649 813 3019 887 impenditur,
3059 820 3212 875 nulla
3248 821 3510 896 deinceps
3547 825 3616 880 si-

1979 899 2230 954 multatis
2255 901 2452 960 fraude
2478 904 2801 962 frustretur.
2833 909 2943 963 Sal.

2643 1006 2950 1056 lmmolatio.

2047 1083 2184 1138 Vere
2227 1084 2466 1156 dignum
2495 1092 2550 1142 et
2566 1090 2787 1160 justum
2815 1096 2918 1160 est,
2946 1096 3262 1153 unianimes
3290 1103 3347 1154 et
3383 1118 3614 1158 concor-

1976 1176 2073 1230 des
2117 1179 2566 1250 omnipotentem
2611 1185 2792 1240 Deum
2830 1188 3112 1257 profusius
3151 1191 3433 1263 deprecari
3481 1213 3610 1252 cum

1978 1269 2142 1324 unico
2169 1272 2308 1327 Filio
2336 1275 2458 1345 ejus
2496 1277 2739 1332 Domino
2771 1281 2902 1334 Jesu
2944 1283 3163 1338 Christo
3198 1285 3475 1344 Salvatore
3515 1307 3612 1344 no-

1977 1366 2116 1434 stro,
2149 1365 2246 1436 qui
2271 1367 2575 1424 Ecclesiam
2609 1388 2768 1426 suam
2796 1377 3038 1431 secunda
3061 1377 3314 1434 liberavit
3338 1398 3371 1434 a
3404 1387 3606 1454 morte,

1975 1458 2203 1529 quando
2229 1462 2460 1533 sanguis
2495 1463 2672 1534 ipsius
2709 1467 2918 1522 effusus
2952 1474 3037 1525 est
3073 1489 3245 1544 super
3282 1490 3466 1530 cruce.
3506 1479 3610 1532 Per

1967 1929 2257 2004 changelis
2286 1933 2602 2005 laudamus,
2632 1937 2900 1994 dicentes.

2147 2041 2307 2095 'XLIl.
2342 2059 2467 2099 ITEM
2496 2061 2656 2101 MISSA
2684 2063 3000 2116 essemus,
3031 2067 3197 2109 sexu
3222 2071 3400 2112 ream.

2037 2138 2185 2192 Deus
2221 2139 2318 2211 qui
2355 2142 2427 2196 ad
2477 2147 2752 2199 aeternam
2795 2147 2965 2202 vitam
3005 2149 3068 2204 in
3104 2151 3308 2207 Christi
3339 2155 3601 2211 Resurre-

1965 2231 2151 2287 ctione
2189 2249 2292 2287 nos
2330 2251 2579 2308 repares,
2619 2239 2688 2293 da
2729 2240 2894 2295 nobis
2935 2243 3182 2300 caelestia
3215 2263 3432 2319 sapere,
3475 2251 3531 2303 et
3566 2266 3599 2304 a

1964 2329 2202 2384 terrenis
2227 2330 2625 2402 cupiditatibus
2652 2333 2950 2390 abstinere.
2978 2338 3104 2392 Per.

2648 2427 2915 2478 Collectio.

2036 2505 2181 2559 Deus
2208 2505 2421 2576 gloriae,
2452 2506 2543 2560 cui
2571 2509 2910 2578 complacuit
2937 2510 2996 2564 in
3017 2512 3318 2584 Unigenito
3348 2518 3444 2570 tuo
3469 2533 3593 2571 om-

1962 2614 2093 2652 nem
2146 2597 2560 2668 plenitudinem
2599 2600 2864 2672 habitari,
2912 2621 3110 2659 omnes
3154 2607 3500 2680 principatus
3541 2614 3598 2665 et

1961 2693 2262 2761 potestates
2283 2708 2509 2760 exuere,
2533 2697 2701 2764 atque
2728 2694 2788 2749 in
2813 2713 2879 2751 eo
2905 2698 3266 2754 reconciliare
3297 2702 3503 2771 omnia,
3534 2704 3596 2758 in

1961 2800 2072 2855 quo
2097 2785 2425 2839 condideras
2452 2786 2730 2858 universa,
2750 2789 2935 2860 aspice
2960 2790 3188 2847 festivas
3215 2794 3452 2850 subditae
3467 2812 3596 2851 con-

1964 2877 2307 2949 gregationis
2333 2880 2615 2950 excubias,
2637 2881 2827 2953 accipe
2855 2900 3051 2954 preces
3081 2887 3438 2943 Paschalibus
3458 2905 3592 2962 sup-

1959 2971 2355 3041 plicationibus
2384 2973 2622 3043 votivas;
2652 2978 2709 3029 et
2737 2975 2834 3046 qui
2865 2976 3066 3032 dedisti
3094 2979 3255 3034 nobis
3295 2981 3595 3039 dominicas

212 3077 402 3132 agnus
425 3079 616 3117 comm
648 3065 916 3121 tondente
941 3084 998 3123 se
1026 3068 1146 3124 sine
1171 3087 1324 3138 voce,
1349 3072 1428 3127 sic
1476 3089 1592 3128 non
1632 3074 1860 3146 aperuit
1878 3104 1932 3178 Ο
1960 3065 2406 3121 Resurrectionis
2448 3069 2772 3139 temporum
2796 3071 3144 3128 revolutione
3173 3073 3484 3145 victoriam,
3518 3077 3593 3132 da

217 3169 273 3178 Α-
305 3170 468 3178 -----...
520 3156 612 3178 Ill-
649 3157 788 3178 -_1__
837 3164 911 3178 _,L
953 3163 967 3178 Δ
1157 3164 1195 3178 n
1240 3165 1250 3174 -
1309 3166 1353 3178 τ’
1400 3165 1410 3175 ι
1536 3166 1567 3178 ο.
1683 3167 1783 3178 πη.
1957 3157 2114 3178 ..-1.2-
2144 3159 2189 3178 3,,
2209 3159 2311 3178 ,!,,_
2343 3159 2540 3178 o-,n-,,-.
2588 3162 2622 3178 ι·
3113 3166 3186 3178 ..η
3264 3169 3300 3178 .-
3450 3171 3464 3178 -
3528 3169 3562 3178 ,ι

213 3169 275 3208 os
303 3170 493 3210 suum.
520 3156 614 3210 Hic
643 3157 795 3212 enim
832 3164 915 3214 est
939 3163 1131 3233 Agnus
1157 3164 1276 3234 Dei,
1309 3165 1644 3236 Unigenitus
1682 3167 1857 3224 Filius
1880 3156 1932 3178 υ
1955 3157 2117 3213 Ποδίε
2142 3159 2315 3230 iPSius
2339 3159 2654 3216 fesmitﬂﬁs
2695 3179 2934 3234 099mm
2973 3166 3414 3225 δαυοῖίίίοεῐίοηθ
3449 3169 3588 3226 Ῑεθίί·

214 3246 370 3312 tuus,
401 3245 496 3316 qui
532 3246 677 3300 tollit
703 3253 994 3318 peccatum
1044 3253 1270 3321 mundi;
1314 3255 1412 3325 qui
1454 3272 1512 3310 se
1551 3273 1653 3327 pro
1694 3257 1857 3313 nobis

213 3337 504 3393 offerendo
524 3356 640 3394 non
661 3340 885 3411 desinit,
914 3360 1126 3415 nosque
1147 3347 1295 3416 apud
1325 3349 1378 3402 te
1398 3353 1674 3420 perpetua
1692 3352 1856 3407 advo-

216 3432 436 3486 catione
459 3432 712 3488 defendit
768 3435 900 3506 quia
919 3453 1234 3509 numquam
1250 3441 1850 3514 moritur-immolatus,

216 3525 312 3580 sed
342 3543 568 3598 semper
591 3527 727 3583 vivit
755 3530 986 3585 occisus.
1009 3533 1218 3587 Pascha
1246 3535 1400 3588 enim
1439 3541 1696 3591 nostrum
1740 3538 1850 3592 im-

215 3619 460 3674 molatus
486 3624 571 3675 est
592 3622 878 3692 Christus;
911 3627 975 3678 ut
992 3625 1113 3696 jam
1139 3643 1254 3681 non
1272 3627 1331 3682 in
1354 3628 1633 3684 fermento
1655 3632 1849 3702 veteri,

213 3727 398 3784 neque
439 3713 499 3767 in
539 3715 852 3770 carnalium
897 3718 1174 3789 sanguine
1224 3719 1602 3791 victimarum,
1649 3724 1745 3778 sed
1790 3725 1851 3780 in

211 3805 422 3876 azymis
460 3807 816 3878 sinceritatis,
861 3813 917 3864 et
956 3812 1248 3882 corporisa
1287 3814 1539 3869 veritatis
1583 3815 1847 3874 immole-

212 3914 362 3954 mus.
387 3901 493 3954 Per
516 3901 800 3958 Christum
829 3904 1129 3959 Dominum
1158 3909 1441 3962 nostrum.

396 4007 523 4062 XLI.
557 4025 681 4065 man
710 4025 868 4066 MISSA
897 4027 1212 4076 PASCHALIS,
1245 4030 1441 4077 QUINTA
1469 4033 1646 4073 manu.

281 4105 449 4173 Deus,
466 4106 564 4177 qui
591 4107 972 4163 sollemnitate
989 4111 1241 4167 Paschali
1261 4114 1503 4168 caelestia
1533 4117 1744 4172 mundo
1762 4135 1846 4175 re-

210 4198 398 4253 media
442 4199 721 4273 benignus
765 4203 1034 4273 operaris,
1092 4221 1299 4260 annuae
1349 4207 1617 4264 festivatis
1673 4211 1844 4283 hujus

209 4290 357 4346 dona
391 4310 754 4365 prosequere,
794 4299 856 4350 ut
891 4313 993 4367 per
1031 4298 1445 4356 observantiam
1471 4305 1843 4375 temporalem

209 4385 278 4438 ad
303 4385 477 4440 vitam
504 4387 668 4442 nobis
696 4388 952 4460 proficiat
978 4391 1400 4463 sempiternam.
1431 4396 1554 4450 Per.

889 4483 1164 4534 Collectio.‘

279 4559 429 4614 Deus
456 4559 551 4631 qui
576 4565 632 4617 et
660 4561 937 4617 libertatis
957 4569 1164 4620 nostrae
1192 4570 1393 4623 auctor
1436 4585 1494 4623 es
1534 4571 1591 4624 et
1626 4570 1838 4642 salutis,

178 4713 182 4720 _
209 4652 412 4707 exaudi
443 4654 875 4725 supplicantium
901 4673 1092 4726 voces;
1122 4663 1291 4731 atque
1318 4677 1431 4731 eos,
1455 4679 1596 4734 quos
1617 4665 1842 4736 sangui-

207 4745 294 4798 nis
316 4745 403 4800 tui
432 4746 699 4803 effusione
725 4749 1034 4820 redemisti,
1064 4757 1292 4822 praesta,
1317 4756 1380 4807 ut
1403 4771 1506 4826 per
1543 4759 1597 4811 te
1632 4757 1836 4826 vivere,

207 4841 261 4891 et
287 4843 564 4910 perpetua
588 4841 648 4896 in
677 4846 732 4898 te
758 4842 926 4898 facias
952 4844 1338 4903 incolumitate
1366 4849 1634 4920 gaudere.
1655 4851 1765 4906 Sal.

841 4937 960 4986 Post
986 4939 1216 4988 nomina.

273 5013 495 5068 Auditis
518 5016 842 5072 nominibus
884 5019 1242 5092 oﬂ‘erentum,
1280 5024 1609 5081 aeternitatis
1647 5026 1836 5082 Domi-

207 5122 344 5161 num
364 5107 756 5179 deprecemur,
786 5117 846 5166 ut
867 5113 925 5167 in
947 5115 1110 5169 nobis
1141 5117 1226 5171 vel
1255 5117 1426 5172 timor
1445 5119 1586 5190 ejus,
1614 5120 1701 5175 vel
1723 5137 1840 5175 cor-

205 5198 286 5252 dis
315 5200 550 5272 paritas,
581 5203 666 5257 vel
694 5203 894 5259 caritas
913 5223 1048 5279 qua:
1075 5225 1265 5264 casum
1280 5227 1394 5267 non
1420 5211 1612 5281 habet,
1633 5212 1832 5268 immo-

208 5291 332 5347 bilis
370 5300 709 5364 perseveret.
735 5297 876 5362 Quia
901 5299 1023 5355 haec
1051 5305 1135 5356 est
1162 5303 1423 5358 salutaris
1452 5304 1679 5372 oblatio,
1713 5305 1835 5361 haec

207 5401 354 5455 vera,
396 5385 516 5442 haec
546 5388 776 5460 pinguis
802 5391 1004 5448 hostia.
1052 5395 1158 5449 Ista
1195 5401 1326 5450 sunt
1361 5415 1504 5468 pura
1541 5399 1831 5470 libamina,

208 5493 330 5549 quas
357 5481 416 5534 et
442 5496 545 5550 pro
573 5481 738 5536 nobis
763 5487 819 5539 et
844 5501 947 5555 pro
972 5487 1166 5558 requie
1193 5489 1607 5561 defunctorum,
1632 5493 1834 5548 contri-

211 5570 274 5625 tis
300 5577 357 5627 et
383 5572 690 5630 humiliatis
718 5577 998 5650 cordibus,
1031 5580 1358 5638 offerantur.
1387 5585 1510 5639 Per.

1955 3249 2119 3318 tiam.
2148 3254 2274 3308 Per.

2581 3327 2702 3375 Post
2724 3327 2954 3376 nomina.

2025 3407 2121 3475 Da,
2152 3407 2466 3464 misericors
2494 3411 2658 3478 Deus,
2689 3414 2754 3464 ut
2786 3411 2848 3465 in
2892 3413 3322 3468 Rcsurrectione
3368 3416 3590 3472 Domini

1953 3499 2129 3554 nostri
2156 3501 2283 3556 Jesu
2310 3502 2515 3558 Christi
2545 3504 2924 3575 percipiamus
2953 3506 3226 3562 veraciter
3242 3508 3585 3579 portionem.

1952 3594 2076 3648 Per.

2614 3667 2689 3717 Ad
2715 3682 2920 3731 pacem.

2023 3749 2186 3817 Deus,
2215 3751 2312 3821 qui
2337 3751 2612 3823 pOpulum
2640 3756 2804 3807 tuum
2833 3759 2946 3809 tua;
2975 3754 3155 3811 fecisti
3181 3757 3588 3831 redemptionis

1951 3842 2305 3914 participem,
2351 3845 2593 3900 concede
2643 3847 2828 3915 nobis,
2865 3865 3208 3921 quaesumus,
3248 3857 3310 3907 ut
3345 3853 3414 3908 de
3455 3852 3586 3926 [die]

1950 3937 2390 3992 Resurrectionis
2443 3939 2749 3995 Dominicae
2791 3941 2851 3996 in
2894 3949 3171 4015 perpetuo
3212 3947 3588 4017 gratulemur.

1945 4029 2072 4084 Per.

2596 4105 2909 4156 Immolatio.

2017 4182 2264 4254 Dignum
2289 4189 2346 4240 et
2357 4186 2577 4258 justum
2603 4190 2707 4254 est,
2736 4204 2839 4243 nos
2867 4189 2970 4244 tibi
3011 4190 3217 4260 gratias
3257 4207 3445 4262 agere,
3480 4193 3584 4247 Do—

1945 4275 2099 4332 mine
2137 4281 2345 4349 sancte,
2388 4281 2553 4334 Pater
2584 4281 2962 4352 omnipotens,
3015 4286 3226 4337 aeterne
3263 4284 3428 4351 Deus,
3475 4302 3581 4356 per

1941 4370 2130 4424 Jesum
2172 4371 2462 4426 Christum
2498 4372 2676 4426 ﬁlium
2722 4377 2885 4427 tuum
2930 4373 3235 4430 Dominum
3283 4380 3580 4450 nostrum,

1861 4477 1920 4548 D
1943 4479 2114 4534 quem
2148 4481 2252 4536 pro
2279 4465 2445 4519 nobis
2473 4465 2737 4520 omnibus
2777 4466 2922 4521 tradi
2960 4467 3204 4522 hostiam
3237 4470 3480 4526 voluisti.
3532 4473 3575 4528 Ο

1944 4556 2088 4611 mira
2113 4557 2259 4612 circa
2283 4575 2384 4612 nos
2408 4558 2632 4630 pietatis
2661 4563 2774 4614 tuas
2805 4559 3092 4631 dignatio!
3123 4580 3156 4617 ο
3183 4563 3481 4620 ineffabilia
3501 4567 3582 4622 di-

1942 4650 2104 4705 lectio
2130 4649 2374 4705 caritatis
2402 4654 2464 4705 ut
2485 4668 2709 4707 servum
2735 4653 3064 4723 redimeres,
3093 4655 3295 4711 Filium
3317 4659 3575 4714 tradidis-

1943 4743 1986 4796 ti
2008 4743 2022 4796 l
2047 4743 2090 4798 Ο
2121 4747 2270 4799 certe
2291 4745 2668 4800 necessarium
2695 4746 2826 4800 Adae
2853 4750 3166 4818 peccatum,
3195 4750 3346 4821 quod
3373 4751 3580 4808 Christi

1941 4841 2124 4892 morte
2151 4837 2399 4892 deletum
2424 4839 2544 4893 est!
2576 4839 2618 4894 Ο
2648 4839 2780 4895 felix
2805 4840 2994 4913 culpa,
3023 4859 3150 4913 quas
3177 4843 3352 4898 talem
3373 4860 3436 4899 ac
3457 4848 3581 4900 tan-

1943 4932 2064 4984 tum
2095 4931 2304 4986 meruit
2337 4931 2546 4988 habere
2573 4934 3044 5006 Redemptoreml
3085 4936 3384 5008 Nunquam
3421 4938 3578 4995 enim

1941 5027 2148 5094 quanta
2161 5025 2308 5080 circa
2327 5042 2431 5080 nos
2453 5026 2674 5098 pietatis
2695 5032 2808 5082 tum
2834 5028 3056 5083 dilectio
3083 5032 3246 5098 esset,
3275 5047 3580 5103 cognosce-

1941 5134 2152 5186 remus,
2185 5119 2293 5173 nisi
2325 5135 2391 5174 ex
2419 5125 2605 5176 morte
2638 5120 2785 5175 unici
2817 5125 2874 5175 et
2895 5122 3161 5177 coaeterni
3189 5123 3310 5178 Filii
3339 5125 3440 5195 tui,
3472 5127 3578 5181 Do-

1939 5211 2080 5266 mini
2105 5228 2168 5266 ac
2196 5213 2293 5268 Dei
2319 5214 2500 5268 nostri
2524 5215 2652 5268 Jesu
2695 5212 2894 5286 258
2932 5214 3136 5270 Christi
3179 5217 3572 5287 probaremus.

1939 5304 2077 5360 Vicit
2105 5305 2377 5362 malitiam
2400 5306 2606 5360 diaboli
2632 5305 2855 5377 pietatis
2878 5310 2990 5363 tute
3017 5308 3294 5382 dignatio,
3319 5312 3452 5384 quia
3479 5313 3577 5368 ubi

1935 5399 2240 5454 abundavit
2267 5403 2578 5472 peccatum,
2618 5401 3095 5471 superabundavit
3129 5407 3187 5458 et
3221 5405 3424 5476 gratia.
3467 5406 3576 5461 Sed

1935 5493 2061 5564 plus
2089 5492 2253 5548 nobis
2282 5498 2379 5548 tua
2420 5493 2802 5549 misericordia
2832 5496 3094 5567 reddidit,
3137 5513 3308 5569 quam
3350 5496 3575 5552 invidus

1933 5585 2196 5641 inimicus
2233 5587 2558 5643 abstulerat.
2590 5588 2686 5644 Ille
2718 5591 3043 5661 paradisum
3071 5590 3289 5658 invidit,
3322 5593 3380 5642 tu
3405 5589 3575 5643 caelos

275 5711 411 5806 :Sic
447 5714 679 5806 inferius
722 5718 783 5806 in
814 5720 1022 5806 ldissali
1059 5725 1362 5802 Gallicano,
1411 5726 1503 5783 ubi
1543 5729 1733 5802 plures
1765 5727 2003 5802 eaedem,
2045 5745 2172 5805 qum
2211 5730 2325 5803 hic,
2369 5731 2670 5801 orationes,
2721 5737 2777 5788 et
2820 5732 3078 5806 quaedam
3121 5729 3459 5802 supplentur
3502 5725 3579 5783 ad

218 5778 515 5844 missarum
539 5787 945 5863 integritatem.
