4054 6188
421 331 525 388 283

1209 321 1542 379 APPENDIX
1577 319 1666 375 AD
1701 317 1923 373 OPERA
1961 313 2194 370 SANCTI
2231 307 2528 366 GERMANI
2569 303 2994 362 PARISIENSIS.

3685 301 3790 356 284

421 439 663 500 donasti.
707 437 802 494 Ille
833 440 1078 493 mortem
1107 432 1480 506 temporalem
1521 430 1735 500 intulit,
1777 433 1840 484 tu
1875 428 2048 484 vitam
2073 436 2130 508 Α
2149 435 2339 490 suum,
2371 419 2733 489 adsumptam
2757 431 2829 471 ex
2873 429 3041 470 carne
3083 411 3332 486 Virginis
3377 409 3488 508 viri
3517 399 3798 508 hominis

419 537 754 610 perpetuam
775 529 1042 588 tribuisti.
1067 531 1367 600 PrOpterea
1389 524 1633 598 profusis
1661 522 1880 596 gaudiis
1897 525 2048 576 totus

373 641 380 650 ‘
419 627 480 682 in
509 626 643 681 orbe
667 627 947 679 terrarum
983 618 1231 675 mundus
1269 617 1520 672 exultat:
1557 615 1654 670 sed
1693 617 1751 669 et
1788 627 2046 684 supernae

420 725 724 781 concinunt
745 721 1051 795 potestates
1083 718 1364 789 hymnum
1395 713 1592 786 glorias
1617 715 1751 780 tuae,
1786 712 1908 767 sine
1935 711 2048 766 ﬁne

421 819 689 875 dicentes.

561 925 736 984 XLIII.
771 937 932 978 MISSA
953 937 1008 977 IN
1034 937 1123 976 me
1149 933 1387 976 saesaro
1416 931 1638 974 ocnvn
1663 930 1904 972 PASCHE.

489 1021 785 1086 Conserva,
814 1015 1070 1084 Domine,
1099 1013 1369 1069 familiam
1403 1013 1578 1080 tuam,
1613 1025 1752 1082 quos
1791 1025 1860 1062 ex
1903 1024 2051 1080 aqua

420 1119 478 1171 et
514 1113 723 1186 Spiritu
770 1113 959 1166 sancto
999 1107 1278 1181 propitius
1321 1104 1644 1172 redemisti;
1695 1105 1758 1157 ut
1801 1105 2050 1157 veterem

419 1207 714 1266 hominem
756 1222 887 1260 cum
925 1203 1039 1258 suis
1077 1201 1294 1257 actibus
1339 1197 1734 1271 exspoliantes,
1779 1195 1840 1251 in
1875 1195 2051 1268 ipsius

419 1300 843 1358 conversatione
895 1297 1169 1366 vivamus,
1222 1295 1294 1350 ad
1343 1293 1502 1365 cujus
1537 1289 1907 1346 substantiam
1949 1306 2054 1360 per

419 1398 540 1453 haec
565 1393 849 1468 paschalia
867 1391 1090 1446 dierum
1113 1393 1438 1444 octavarum
1461 1389 1576 1442 tum
1605 1382 2052 1442 Resurrectionis

419 1489 691 1562 mysteria
717 1485 1070 1542 transtulisti.
1099 1486 1224 1539 Per.

1102 1583 1369 1636 Collectio.

491 1677 615 1745 Fac,
645 1674 1004 1745 omnipotens
1032 1675 1088 1726 et
1111 1670 1429 1726 misericors
1457 1667 1620 1736 Deus,
1649 1671 1710 1722 ut
1735 1665 1884 1738 quod
1909 1669 2054 1720 octa-

419 1786 618 1826 varum
638 1768 860 1824 dierum
888 1763 1334 1822 Resurrectionis
1371 1767 1484 1818 tuas
1517 1759 1876 1833 paschalibus
1913 1759 2054 1814 cele-

417 1865 647 1920 bramus
664 1859 882 1931 officiis,
903 1857 1260 1914 fructiferum
1281 1855 1447 1912 nobis
1471 1854 1628 1912 omni
1651 1857 1904 1926 tempore
1931 1869 2052 1909 sen-

419 1959 552 2012 nam
561 1973 642 2011 us.
674 1955 783 2010 sal.
1007 2001 1030 2028 ¹
1045 2024 1168 2073 Post
1186 2020 1419 2072 nomina.

487 2112 636 2166 Deus
660 2109 1063 2166 misericordia:
1085 2107 1466 2179 sempiternae,
1489 2105 1588 2176 qui
1605 2105 1665 2160 in
1685 2105 1806 2177 ipso
1823 2105 2054 2161 Pascha-

415 2205 484 2260 lis
515 2205 644 2260 festi
683 2221 914 2260 recursu
953 2202 1124 2258 ﬁdem
1163 2205 1392 2256 sacrata:
1423 2199 1526 2254 tibi
1563 2199 1742 2269 plebis
1773 2199 2048 2267 accendis,

416 2315 562 2370 auge
591 2297 852 2372 gratiam,
881 2313 1056 2370 quam
1081 2293 1304 2362 dedisti,
1333 2297 1398 2350 ut
1423 2293 1598 2366 digna
1625 2308 1824 2348 omnes
1849 2291 2054 2347 intelli-

419 2393 610 2464 gentia
635 2391 1120 2462 comprehendant
1150 2405 1264 2460 quo
1295 2387 1516 2444 lavacro
1541 2387 1740 2456 abluti,
1779 2401 1893 2458 quo
1933 2385 2054 2458 Spi-

415 2485 530 2542 ritu
557 2485 894 2558 regenerati,
927 2500 1038 2556 quo
1064 2481 1338 2554 sanguine
1357 2485 1490 2536 sunt
1523 2480 1786 2536 redemti.
1815 2481 1941 2536 Per.

1085 2585 1160 2636 Ad
1187 2598 1395 2650 pacem.

484 2676 648 2742 Deus,
671 2673 768 2745 qui
791 2689 895 2744 per
921 2673 1289 2744 Unigenitum
1317 2674 1482 2725 tuum
1513 2667 1844 2724 reternitatis
1885 2667 2050 2723 nobis

414 2768 652 2836 aditum,
675 2765 891 2822 devicta
919 2768 1122 2835 morte,
1151 2763 1432 2833 reserasti,
1451 2763 1632 2818 deduc
1657 2779 1761 2817 nos
1785 2761 1856 2817 ad
1883 2761 2051 2816 socie-

411 2865 587 2917 tatem
613 2859 921 2916 caelestium
949 2859 1308 2932 gaudiorum,
1339 2863 1400 2913 ut
1427 2856 1640 2928 Spiritu
1673 2858 1864 2911 sancto
1891 2871 2050 2911 rena-

414 2957 500 3010 tos
525 2971 772 3026 regnum
797 2957 964 3008 tuum
989 2952 1160 3008 facias
1179 2951 1434 3006 introire.
1465 2951 1573 3006 Per
1591 2965 1812 3020 resurg.

1063 3051 1396 3104 Contestatio.

485 3139 731 3210 Dignum
759 3141 818 3193 et
827 3138 1048 3208 justum
1063 3141 1167 3207 est,
1191 3136 1568 3192 necessarium
1594 3139 1652 3192 et
1677 3136 1917 3192 salutare
1938 3140 2042 3206 est,

411 3235 478 3288 ut
515 3236 572 3288 te
613 3231 920 3288 Dominum
961 3247 1026 3286 ac
1062 3232 1242 3286 Deum
1288 3231 1420 3284 totis
1457 3229 1762 3286 visceribus
1795 3231 2048 3285 humana

413 3325 658 3382 conditio
705 3329 1028 3395 veneretur,
1083 3326 1204 3380 Rex
1257 3323 1532 3384 mirabilis
1582 3324 1823 3379 Christe.
1875 3324 2046 3395 Cujus

411 3419 904 3489 condemnatione,
951 3417 1206 3474 tartareis
1231 3417 1468 3472 vinculis
1509 3417 1764 3472 absoluta
1809 3417 2044 3472 creden-

413 3513 554 3568 tium
583 3513 766 3580 turba,
795 3511 1072 3568 libertatis
1097 3511 1342 3582 insignia
1361 3512 1699 3582 gratulatur.
1717 3511 1822 3576 Qui
1837 3527 1966 3567 vere
1983 3516 2048 3566 ut

411 3607 517 3662 Leo
543 3608 612 3663 de
638 3607 792 3662 tribu
815 3607 954 3661 Juda
980 3606 1196 3660 mundo
1225 3609 1500 3672 ostensus,
1534 3605 1856 3660 animarum
1885 3605 2048 3660 devo-

410 3703 656 3754 ratorem
697 3699 1011 3754 extinctum
1055 3699 1280 3754 leonem
1320 3699 1604 3754 diabolum
1657 3699 1842 3753 omnis
1897 3701 2046 3754 terra

409 3793 654 3846 laetatur.
689 3791 974 3847 Permittis
1003 3795 1056 3846 te
1085 3793 1368 3848 clavorum
1391 3792 1631 3848 nexibus
1655 3791 1950 3864 alligatum
1975 3793 2048 3848 ad

411 3885 664 3956 stipitem
682 3884 862 3940 crucis
889 3884 1056 3939 tereri
1070 3896 1115 3954 ι,
1136 3889 1208 3939 ut
1224 3902 1340 3940 non
1375 3886 1448 3940 sit
1462 3902 1632 3958 parva
1650 3901 1821 3956 quem
1837 3885 2048 3956 impius

411 3977 696 4050 quondam
723 3981 1053 4048 expavescat
1077 3978 1348 4050 potentia.
1375 3979 1458 4034 Ad
1475 3978 1638 4050 cujus
1655 3995 1852 4034 vocem
1877 3979 2043 4034 emit—

413 4075 536 4126 tens
581 4071 867 4142 spiritum,
907 4075 1059 4126 terra
1095 4071 1348 4140 tremuit,
1387 4073 1586 4126 caelum
1644 4073 1889 4144 expavit,
1927 4072 2046 4127 dies

409 4164 575 4236 fugit,
604 4165 684 4219 sol
726 4164 1053 4219 obscuratus
1091 4167 1192 4234 est,
1236 4167 1388 4218 astra
1425 4165 1830 4220 abscondentes
1862 4165 2047 4220 radios

411 4275 557 4328 suos,
581 4258 751 4312 simul
785 4258 978 4312 omnia
1011 4259 1422 4331 migravcrunt.
1472 4257 1664 4330 259
1711 4257 1884 4329 Cujus
1925 4257 2046 4313 des-

409 4369 600 4420 censu,
631 4351 932 4408 confractis
957 4352 1156 4424 portis,
1183 4351 1346 4425 luget
1367 4351 1678 4407 infernum.
1707 4351 1830 4416 Quo
1853 4367 2042 4408 resur-

410 4449 598 4518 gente,
628 4447 894 4502 laetantur
921 4447 1133 4519 angeli,
1163 4446 1376 4502 exultat
1411 4450 1562 4502 terra
1597 4461 1730 4500 cum
1771 4445 2046 4500 habitato-

2149 515 2412 582 formam,
2439 511 2664 567 mittere
2690 509 2956 582 dignatus
2985 511 3088 576 est,
3117 504 3638 574 fratres'carissimi,
3667 519 3798 576 sup-

2149 607 2374 680 pliciter
2414 621 2740 673 exoremus;
2783 607 2850 658 ut
2902 602 3048 657 sicut
3096 601 3158 656 in
3201 601 3308 656 hac
3359 599 3796 655 Resurrectione

2151 701 2406 774 ejusdem
2431 717 2534 754 nos
2560 717 2594 754 ει
2623 700 2808 754 morte
2835 699 3112 770 perpetua
3138 711 3270 750 cum
3299 694 3394 748 illo
3419 692 3796 762 resuscitavit,

2151 795 2230 850 ita
2267 793 2486 866 pietatis
2520 809 2638 848 suae
2669 793 2817 847 dono
2845 791 2914 846 ab
2942 789 3208 844 omnibus
3231 805 3334 843 nos
3361 786 3578 842 inimici
3601 791 3798 842 tutans
3833 819 3842 826 -

2153 888 2392 957 insidiis,
2429 886 2650 942 inlaasos
2679 885 2844 940 faciat
2863 885 2922 938 in
2949 883 3144 938 matris
3171 881 3428 938 Ecclesiae
3455 879 3674 952 gremio
3695 895 3792 936 re-

2153 982 2382 1050 sedere;
2416 985 2473 1035 et
2500 973 2862 1036 conscientiae
2901 977 3230 1049 integritate
3259 975 3327 1030 de
3365 973 3798 1046 regeneratione

2157 1075 2485 1147 gaudentes,
2520 1078 2734 1128 (eterna
2755 1071 3178 1146 primitivorum
3205 1068 3492 1136 Ecctesim,
3521 1067 3800 1139 quemad-

2155 1169 2390 1224 modum
2417 1167 2710 1224 devotione
2737 1167 2806 1222 ad
2837 1181 3108 1238 praesens,
3145 1164 3224 1219 ita
3252 1167 3308 1218 et
3331 1161 3797 1217 remuneratione

2153 1262 2397 1318 adsociet
2421 1261 2482 1316 in
2509 1265 2819 1330 aeternum;
2844 1264 2900 1315 et
2924 1259 3045 1314 haec
3073 1273 3314 1313 munera
3343 1255 3524 1330 plebis
3549 1271 3666 1311 suae
3686 1255 3794 1312 be-

2151 1356 2412 1412 nedicere
2442 1355 2746 1442 dignetur.
2765 1354 2874 1409 Sal.

2842 1439 3111 1491 Collectio.

2221 1519 2388 1588 Deus,
2419 1517 2590 1574 totius
2609 1517 2880 1573 claritatis
2907 1501 3166 1572 conditor
3180 1517 3236 1570 et
3255 1513 3594 1584 moderator,
3617 1529 3790 1587 quem

2151 1613 2400 1668 caelestia.
2437 1612 2738 1682 mirantur,
2787 1616 2842 1667 et
2871 1615 3095 1666 terrena
3124 1609 3394 1681 pavitant,
3423 1608 3646 1663 inferna
3669 1613 3791 1664 tre-

2151 1707 2432 1776 miscunt;
2479 1707 2571 1762 cui
2607 1705 2941 1778 angelorum
2983 1709 3186 1760 turmae
3223 1707 3278 1758 et
3311 1702 3794 1774 archangelorum

2072 1808 2128 1880 Β
2152 1801 2431 1856 exercitus
2451 1799 2716 1870 militant,
2737 1815 2853 1854 non
2867 1799 2952 1854 uti
2968 1798 3250 1853 mundum
3276 1812 3589 1868 expugnes,
3613 1811 3796 1868 quem

2152 1895 2270 1966 ipse
2295 1895 2496 1962 fecisti,
2529 1893 2626 1950 sed
2656 1897 2722 1948 ut
2747 1893 2982 1948 subruas
3008 1891 3208 1946 mundi
3233 1894 3482 1962 peccata,
3509 1907 3639 1962 quae
3665 1889 3793 1945 dia-

2151 1989 2314 2044 bolus
2340 1987 2657 2056 adinvenit;
2686 1987 2818 2060 quia
2845 1987 2926 2041 ita
2963 1987 3228 2058 dignatus
3268 2001 3327 2040 es
3363 1983 3596 2056 diligere
3635 1984 3794 2038 hunc

2151 2083 2452 2152 mundum,
2487 2085 2554 2136 ut
2578 2080 2944 2152 Unigenitum
2967 2083 3132 2134 tuum
3159 2079 3408 2134 traderes
3455 2094 3558 2150 pro
3599 2083 3799 2133 nostra

2153 2177 2350 2246 salute,
2377 2175 2536 2246 cujus
2556 2190 2720 2230 cruce
2741 2173 3020 2245 redempti
3047 2189 3262 2241 sumus,
3291 2175 3472 2227 morte
3500 2170 3792 2240 vivificati,

2150 2269 2406 2342 passione
2435 2269 2649 2338 salvati,
2681 2267 3092 2323 resurrectione
3131 2265 3443 2338 gloriﬁcati.
3473 2267 3576 2320 Per
3598 2265 3796 2336 ipsum

2149 2363 2342 2436 itaque
2367 2367 2423 2418 te
2451 2361 2726 2434 supplices
2755 2361 3104 2429 invocamus,
3145 2363 3211 2414 ut
3233 2359 3367 2414 huic
3395 2357 3626 2414 familiae
3667 2365 3788 2414 tum

2149 2457 2210 2512 in
2237 2456 2502 2512 omnibus
2534 2456 2726 2511 adesse
2757 2455 3029 2527 digneris,
3074 2453 3218 2508 sicut
3259 2453 3490 2508 adfuisti
3529 2452 3790 2524 patribus

2149 2551 2356 2605 nostris
2387 2549 2742 2621 sperantibus
2783 2549 2842 2603 in
2879 2553 2978 2603 tua
3011 2546 3438 2602 misericordia:
3489 2545 3566 2600 sic
3608 2551 3666 2601 et
3699 2545 3794 2601 his

2151 2645 2413 2699 omnibus
2435 2643 2628 2698 adesse
2659 2643 2916 2712 dignare,
2957 2645 3024 2696 ut
3062 2641 3134 2694 sit
3175 2639 3235 2694 in
3284 2639 3543 2695 sensibus
3585 2655 3792 2696 eorum

2149 2737 2320 2794 timor
2348 2737 2658 2792 devotionis
2689 2741 2824 2803 tute,
2856 2735 2918 2790 in
2941 2735 3108 2789 corde
3133 2733 3292 2802 ﬁdes,
3322 2733 3384 2788 in
3422 2749 3590 2804 opere
3621 2733 3794 2803 justi-

2149 2833 2246 2901 tia,
2279 2832 2338 2888 in
2365 2835 2493 2886 actu
2519 2829 2717 2902 pietas,
2751 2829 2812 2884 in
2849 2828 3046 2900 lingua
3075 2827 3297 2896 veritas,
3335 2826 3396 2881 in
3431 2825 3682 2882 moribus
3707 2825 3795 2882 di-

2149 2925 2404 2997 sciplina,
2433 2928 2499 2978 ut
2522 2923 2695 2994 digne
2723 2923 2942 2994 riteque
2969 2920 3405 2976 immortalitatis
3449 2917 3640 2994 260
3678 2919 3794 2976 sibi

2149 3019 2453 3090 praemium
2479 3016 2748 3088 consequi
2776 3020 3124 3071 mereantur.
3152 3015 3276 3069 Per.

2772 3111 2896 3160 Post
2927 3108 3159 3168 nomine,

2066 3179 2120 3255 C
2215 3186 2488 3254 Concede,
2511 3201 2861 3258 quaesumus,
2886 3184 3242 3256 omnipotens
3259 3183 3425 3252 Deus,
3455 3183 3520 3236 ut
3547 3179 3646 3252 qui
3676 3181 3783 3237 Re-

2145 3279 2506 3335 surrectionis
2529 3279 2826 3334 dominicae
2851 3278 3140 3332 sollemnia
3162 3276 3417 3346 colimus,
3433 3291 3536 3346 per
3555 3273 3790 3329 innova-

2143 3373 2359 3428 tionem
2385 3373 2470 3428 tui
2489 3373 2728 3446 Spiritus
2745 3389 2778 3428 a
2803 3375 2984 3426 morte
3003 3371 3207 3425 animae
3233 3385 3615 3442 resurgamus.
3652 3369 3784 3422 Per.

2817 3465 2894 3515 Ad
2923 3478 3126 3528 pacem.

2219 3541 2432 3597 Exaudi
2469 3557 2591 3610 nos,
2635 3539 2893 3614 Domine,
2947 3545 3134 3594 sancte
3179 3541 3363 3606 Pater,
3419 3537 3786 3608 omnipotens

2145 3638 2320 3706 Deus;
2349 3638 2406 3692 et
2422 3635 2509 3690 his
2526 3633 2902 3689 oblationibus
2923 3633 3294 3704 precibusque
3322 3632 3613 3704 susceptis,
3639 3645 3786 3702 pre-

2146 3730 2340 3785 sentize
2381 3731 2494 3784 tuae
2527 3727 2796 3782 virtutem
2843 3727 3134 3796 intersere,
3171 3733 3232 3782 ut
3272 3725 3424 3800 quod
3465 3723 3678 3797 singuli
3711 3723 3784 3780 ad

2145 3822 2440 3896 Majestatis
2469 3827 2580 3878 tua:
2599 3821 2928 3878 obtulerunt
2953 3821 3250 3892 honorem,
3281 3819 3498 3876 cunctis
3523 3816 3785 3890 proﬁciat

2145 3917 2216 3972 ad
2244 3916 2502 3976 salutem.
2531 3917 2638 3971 Per
2661 3931 2886 3986 resurg.

2813 4002 3104 4053 Immolatio

2215 4079 2464 4151 Dignum
2493 4083 2549 4134 et
2566 4079 2788 4150 justum
2805 4082 2905 4147 est,
2928 4077 3308 4133 necessarium
3333 4081 3390 4134 et
3413 4077 3657 4132 salutare
3675 4081 3781 4148 est,

2144 4189 2246 4230 nos
2269 4172 2372 4228 tibi
2397 4172 2607 4244 gratias
2631 4188 2822 4244 agere,
2855 4171 3212 4243 omnipotens
3239 4172 3408 4240 Dens,
3427 4171 3560 4226 licet
3581 4170 3784 4242 glorite

2145 4271 2258 4322 tuas
2283 4265 2610 4322 mortalium
2637 4265 2898 4322 membra
2924 4282 3040 4320 non
3067 4269 3403 4337 congruant,
3423 4263 3784 4336 Redemptio-

2142 4359 2230 4416 nis
2253 4365 2464 4416 nostra:
2488 4359 2740 4431 perferre
2765 4359 3078 4430 praeconia:
3107 4359 3246 4413 dum
3272 4357 3572 4412 hominum
3593 4373 3782 4428 genus

2143 4455 2532 4526 mancipatum
2555 4457 2758 4523 morte,
2777 4452 3132 4508 infernarum
3157 4451 3382 4506 sedibus
3407 4451 3782 4506 tenebrarum

407 4539 563 4594 ribus
589 4540 720 4594 suis.
765 4541 826 4594 In
867 4556 981 4612 quo
1023 4540 1320 4612 triumpho
1362 4539 1704 4612 conspicitur
1755 4539 2120 4625 comitatioD
2141 4548 2324 4603 vincla
2347 4547 2776 4618 restringerent,
2807 4546 3058 4618 spiritale
3089 4545 3354 4614 Verbum,
3399 4560 3503 4616 per
3541 4544 3693 4615 quod
3719 4543 3784 4599 in

405 4631 500 4686 illa
539 4631 870 4702 prophetico
906 4649 1004 4688 ore
1035 4634 1310 4704 promissa
1341 4649 1355 4688 :
1392 4635 1499 4689 Ero
1539 4649 1694 4688 mors
1731 4637 1848 4703 tua,
1888 4649 1922 4687 o
1959 4633 2044 4687 in-

405 4725 584 4779 ferne.
617 4724 720 4778 Ubi
747 4729 830 4778 est
855 4741 992 4795 ergo
1031 4727 1264 4782 victoria
1303 4728 1435 4782 tua?
1471 4729 1582 4783 Nec
1617 4727 1772 4783 enim
1815 4727 1884 4782 ab
1928 4727 2041 4782 alio

407 4820 644 4889 poterat,
671 4817 780 4872 nisi
804 4835 838 4871 a
861 4817 974 4872 vita
1002 4835 1159 4874 mors
1183 4821 1457 4876 devorari.
1485 4822 1592 4885 Qui
1629 4823 1901 4877 descensu
1939 4837 2040 4876 suo

407 4929 499 4967 eos
522 4911 622 4983 qui
643 4911 986 4967 tenebantur
1028 4929 1062 4966 a
1097 4917 1278 4968 morte
1318 4914 1538 4984 superis
1577 4914 1820 4970 reddidit
1859 4931 2042 4970 resur-

407 5005 611 5076 gendo,
641 5009 703 5058 ut
723 5005 845 5075 ejus
889 5005 1224 5060 resurrectio
1264 5005 1526 5060 vivorum
1560 5007 1648 5062 vel
1683 5013 2040 5064 mortuorum

407 5097 724 5152 testimonio
747 5097 1111 5154 formaretur.
1139 5098 1298 5154 Unde
1328 5102 1518 5154 sancte
1557 5101 1742 5168 Pater,
1785 5102 2040 5172 omnipo-

403 5195 548 5258 tens,
571 5194 782 5247 aeterne
807 5193 977 5260 Deus,
1005 5209 1110 5263 per
1131 5193 1322 5248 Jesum
1345 5191 1632 5248 Christum
1651 5193 1854 5248 Filium
1873 5197 2037 5251 tuum

405 5283 708 5339 Dominum
745 5289 1004 5341 nostrum
1030 5285 1210 5358 gloria
1237 5287 1338 5343 tibi
1367 5301 1612 5358 semper,
1643 5287 1744 5359 qui
1773 5287 1834 5341 in
1865 5291 1941 5356 te,
1983 5295 2040 5345 et

403 5395 473 5434 ex
499 5381 574 5446 te,
603 5383 660 5434 et
686 5383 876 5434 tecum
905 5395 1128 5452 semper
1147 5385 1249 5436 est.
1282 5383 1388 5436 Per
1411 5397 1582 5453 quem
1607 5385 1662 5437 te
1687 5379 1892 5436 laud.b.

757 5481 930 5537 XLIV.
957 5497 1116 5539 MISSA
1149 5499 1394 5540 cursum
1427 5499 1666 5540 nscas.

473 5575 674 5646 Deum,
705 5575 804 5646 qui
835 5591 938 5646 pro
961 5575 1127 5630 ruina
1149 5577 1319 5632 totius
1345 5577 1546 5633 mundi
1571 5577 1803 5634 unicum
1829 5577 2034 5632 Filium

473 5697 498 5728 ⁸
529 5699 615 5755 Sic
643 5699 702 5755 in
728 5700 931 5756 Missali
957 5701 1258 5756 Gallicano.
1286 5705 1372 5756 An
1399 5707 1584 5759 teneri.

479 5769 508 5849 ξ’
535 5771 684 5827 Nihil
721 5771 816 5854 hic
854 5773 924 5828 de
972 5773 1192 5854 pascha
1215 5775 1497 5854 annotino,
1529 5775 1702 5854 quod_
1723 5775 2036 5854 baptizatus

321 5922 330 5930 _
402 5843 642 5915 quisque
653 5843 1124 5918 anniversarium,
1139 5843 1198 5903 id
1215 5847 1302 5904 est
1311 5843 1432 5918 ipso
1445 5844 1536 5904 die
1545 5843 1663 5920 quo
1685 5843 2034 5921 baptismum

2141 4640 2423 4714 principio
2453 4640 2645 4696 omnia
2669 4640 2894 4695 fuerant
2917 4639 3242 4707 constituta,
3265 4637 3554 4694 descendit
3579 4637 3642 4692 in
3671 4638 3784 4692 Ma-

2141 4735 2322 4804 riam;
2355 4751 2482 4807 quaa
2501 4734 2640 4789 dum
2669 4737 2896 4806 partum
2925 4750 3094 4788 suum
3113 4733 3286 4805 Virgo
3310 4731 3570 4799 miratur,
3603 4731 3790 4786 inclu-

2140 4845 2266 4884 sum
2295 4827 2588 4884 hominem
2609 4827 2783 4883 edidit
2811 4828 3011 4882 Deum.
3039 4828 3219 4891 Quem
3245 4831 3438 4882 tamen
3452 4829 3618 4880 tuum
3639 4839 3788 4894 esse,

2141 4938 2360 4978 summe
2386 4921 2744 4994 omnipotens
2771 4921 2938 4990 Deus,
2967 4925 3276 4992 antequam
3311 4923 3660 4986 nasceretur,
3698 4935 3792 4974 co-

2140 5020 2428 5088 gnoverat,
2453 5015 2666 5088 quippe
2683 5031 2812 5088 quas
2829 5014 3042 5070 sciebat
3059 5013 3258 5069 mundi
3277 5029 3396 5069 esse
3412 5012 3786 5085 principium.

2141 5112 2188 5164 ls
2223 5125 2472 5181 namque
2499 5125 2726 5164 crucem
2757 5113 3062 5180 spontanea
3083 5108 3392 5174 voluntate,
3423 5109 3659 5178 prOpter
3685 5122 3784 5162 re-
3823 5109 3832 5118 “

2140 5203 2525 5274 demptionem
2573 5202 2810 5259 humani
2859 5201 3102 5274 generis,
3149 5201 3218 5257 de
3267 5199 3498 5288 inimico
3537 5203 3788 5274 tyranno

2139 5297 2615 5370 triumphaturus,
2648 5296 2930 5366 ascendit;
2956 5299 3013 5352 et
3041 5295 3236 5351 relicto
3264 5295 3552 5367 paulisper
3575 5309 3790 5365 corpo-

2137 5391 2214 5446 ris
2238 5391 2470 5463 templo,
2491 5389 2808 5446 inferorum
2825 5391 3070 5445 claustra
3087 5389 3308 5444 confrin
3317 5405 3476 5462 gens,
3497 5387 3787 5459 pristinae,

2134 5489 2200 5539 ut
2225 5489 2354 5542 ante
2391 5485 2596 5554 fuerat,
2645 5483 2774 5539 vitae
2815 5483 3080 5539 restituit.
3113 5484 3224 5538 Nec
3259 5481 3554 5538 suffecerat
3595 5480 3790 5536 solum

2135 5578 2426 5636 hominem
2445 5577 2772 5635 emendasse
2799 5581 3132 5662 peccatum:
3161 5576 3259 5631 sed
3283 5591 3386 5648 per
3430 5573 3790 5634 ablutionem

2135 5703 2503 5778 suscepisset,
2519 5705 2823 5778 quotannis
2865 5703 3252 5778 rememorari
3275 5701 3532 5778 debebat,
3547 5775 3554 5778 Α
3571 5717 3642 5778 ex
3673 5703 3790 5778 [je-

2134 5773 2316 5834 rardo
2338 5773 2617 5834 saeculi—ix
2651 5777 2912 5850 episcopo
2943 5775 3278 5846 Turonensi,
3317 5775 3379 5830 in
3413 5773 3662 5850 capitulo
3685 5775 3786 5832 93.
