4054 6188
190 261 288 316 285

1253 255 1341 310 DE
1377 253 1691 310 LITURGIA
1725 254 2099 310 GALLICANA
2137 254 2335 310 LIBER
2373 254 2461 310 III.

3446 259 3546 316 286

189 365 472 422 caelestem
493 366 727 420 renatus
746 362 1000 419 redivivo
1013 378 1078 419 ac
1091 377 1239 419 novo
1253 361 1567 418 nativitatis
1581 377 1816 433 genere,
1840 364 2032 447 A-Eva
2057 361 2366 434 decipitur;
2391 380 2543 421 nunc
2567 367 2776 437 angelo
2794 365 3126 435 nunciante,
3143 367 3318 423 Maria
3347 366 3549 423 clariﬁ-

189 475 458 514 remeans
483 457 556 513 ad
587 457 874 529 originem
908 473 1093 525 suam,
1126 472 1230 513 nos
1254 457 1328 513 ad
1353 455 1603 512 caelestia
1635 472 1820 527 regna

186 552 472 625 produxit.
489 550 849 605 0consilium
873 549 1081 605 divinae
1109 550 1514 622 providentiae!
1547 569 1580 607 o
1607 549 1815 604 inaesti-

184 645 470 702 mandum
484 643 866 716 reparationis
887 643 1190 699 auxilium!
1213 645 1629 715 PerVirginem
1654 643 1819 699 nobis

181 740 435 813 gloriosa
459 739 575 793 vita
595 737 932 805 restituitur,
947 754 1075 809 qua:
1089 738 1817 810 perligniinobedientiam

179 833 526 890 credebatur
553 832 802 887 extincta
830 849 843 886 :
878 847 982 902 per
1010 848 1222 903 aquam
1249 832 1456 887 mundi
1475 835 1710 904 peccata
1731 830 1816 885 di-

177 931 435 994 luuntur,
465 943 570 998 per
601 942 778 997 quam
807 928 941 980 ante
972 929 1232 981 senserat
1253 926 1504 981 mundus
1534 927 1654 997 ipse
1682 941 1818 980 nau-

176 1022 453 1093 fragium.
483 1020 607 1076 Tibi
634 1036 795 1091 ergo,
820 1036 1025 1074 sumne
1051 1021 1307 1087 Genitor,
1337 1038 1481 1092 pura
1510 1019 1816 1075 devotione

174 1115 619 1172 immaculatum
650 1130 862 1168 munus
884 1113 1179 1168 offerimus
1208 1131 1222 1169 :
1255 1117 1314 1168 et
1343 1115 1663 1169 elevatione
1690 1129 1812 1168 ma-

175 1226 357 1264 nuum
388 1211 739 1275 nostrarum,
768 1207 931 1278 juxta
959 1206 1081 1262 Filii
1115 1207 1198 1262 tui
1221 1209 1352 1263 Jesu
1379 1208 1587 1264 Christi
1619 1207 1811 1278 dispo-

172 1303 472 1368 sitionem,
499 1302 661 1374 pium
698 1300 1040 1355 sacriﬁcium
1073 1301 1448 1358 celebramus.
1479 1303 1588 1356 Per
1622 1300 1809 1356 Chris-

172 1403 299 1453 tum
329 1397 645 1452 Dominum
672 1397 954 1450 nostrum.

307 1505 457 1560 XLV.
501 1519 662 1560 mssa
703 1519 756 1559 IN
796 1517 1120 1558 INVBNTIONE
1146 1529 1171 1558 ι
1209 1517 1424 1558 suone
1463 1517 1676 1558 cnucrs.

237 1603 574 1660 Gloriemur
614 1603 675 1656 in
712 1618 879 1657 cruce
918 1600 1148 1656 Domini
1187 1600 1369 1654 nostri
1407 1602 1538 1655 Jesu
1581 1600 1808 1668 Christi,

166 1699 383 1754 fratres
395 1696 696 1763 carissimi,
711 1699 768 1750 et
779 1698 901 1750 tota
923 1694 1135 1750 mentis
1160 1694 1507 1749 exultatione
1529 1695 1809 1761 latemur;

167 1797 220 1847 et
269 1792 444 1862 hujus
483 1790 602 1844 diei
631 1789 1000 1844 festivitatem
1038 1804 1169 1843 cum
1216 1788 1424 1859 grandi
1465 1788 1808 1856 reverentia,

167 1885 352 1960 261
392 1889 450 1939 et
483 1883 725 1955 spiritali
755 1882 968 1954 gaudio
994 1882 1370 1949 celebremus,
1406 1881 1465 1936 in
1501 1898 1616 1953 qua
1645 1897 1810 1936 cruce

169 1981 290 2051 ipse
319 1977 604 2034 Dominus
633 1980 830 2032 noster
861 1980 919 2031 et
947 1976 1208 2032 Salvator
1249 1992 1354 2046 pro
1398 1978 1596 2029 nostra
1628 1976 1811 2030 salute

169 2071 471 2145 pependit,
507 2075 564 2125 et
595 2070 888 2125 diabolum
926 2069 1323 2141 triumphavit.
1353 2070 1462 2123 Per
1494 2069 1644 2124 hanc
1669 2085 1809 2140 ergo

169 2181 424 2232 erucem,
455 2166 625 2220 mala:
645 2163 1121 2235 concupiscentiae.
1148 2162 1488 2234 adpetitum,
1505 2162 1658 2234 quod
1682 2163 1806 2217 dul-

169 2259 309 2315 cedo
349 2258 574 2313 arboris
611 2257 836 2325 inlexit,
871 2255 1196 2312 amaritudo
1233 2255 1383 2309 fellis
1425 2255 1709 2323 coercuit;
1751 2258 1811 2311 et

172 2355 321 2426 gulae
350 2351 726 2418 desiderium,
747 2351 902 2422 quod
925 2348 1172 2404 suavitas
1197 2348 1358 2421 pomi
1384 2347 1629 2422 decepit,
1660 2349 1806 2404 aceti

167 2446 450 2518 asperitas
482 2445 813 2500 refrenavit.
839 2445 952 2500 Sal.

853 2531 1124 2582 Collectio.

230 2609 402 2663 Dona
439 2605 626 2672 nobis,
675 2604 1049 2676 omnipotens
1087 2605 1274 2671 Pater,
1325 2620 1429 2676 per
1463 2603 1807 2676 mysterium

165 2702 350 2756 crucis
389 2698 684 2770 Unigeniti
716 2699 821 2766 tui,
851 2701 913 2752 ut
936 2714 1226 2752 venenum
1258 2697 1540 2768 serpentis
1580 2696 1807 2768 antiqui

165 2795 343 2867 (quod
372 2792 641 2847 ﬁdelibus
666 2792 870 2846 nititur
889 2791 1219 2863 propinare)
1250 2807 1355 2862 per
1380 2789 1523 2844 illud
1549 2790 1800 2846 medica-

163 2891 454 2954 mentum,
483 2885 637 2957 quod
659 2884 868 2941 Christi
899 2885 1157 2940 manavit
1180 2886 1382 2952 latere,
1405 2884 1587 2955 possit
1610 2901 1644 2938 a
1670 2883 1805 2939 tide-

162 2982 305 3035 lium
365 2979 694 3052 pectoribus
749 2979 1090 3050 expurgari;
1139 2994 1398 3050 quosque
1452 2969 1818 3049 trangressio'

166 3074 438 3146 praecepti
485 3073 556 3127 de
600 3071 873 3128 Paradiso
931 3073 1164 3143 expulit,
1213 3071 1495 3127 confessio
1551 3071 1803 3128 nominis

165 3168 378 3224 Christi
399 3168 460 3222 in
486 3167 758 3222 Paradiso
780 3167 1075 3220 reformet.
1109 3165 1222 3220 Sal.

799 3257 922 3305 Post
950 3255 1182 3305 nomina.

234 3328 487 3384 Domine
529 3329 662 3383 Jesu
691 3327 932 3394 Christe,
968 3326 1068 3398 qui
1099 3326 1156 3380 in
1188 3326 1446 3397 patibulo
1475 3325 1656 3382 crucis
1687 3343 1805 3382 sus-

165 3439 400 3494 pensus,
443 3423 672 3477 Patrem
705 3437 772 3476 ex
819 3421 1009 3476 forma
1053 3420 1201 3475 servi
1242 3437 1420 3492 quam
1457 3437 1807 3492 susceperas,

167 3519 226 3569 ut
255 3515 397 3586 quid
439 3519 497 3569 te
539 3514 931 3585 dereliquerit,
963 3514 1319 3582 adclamasti,
1350 3518 1408 3568 et
1443 3517 1504 3568 ut
1542 3529 1806 3585 persecu-

165 3609 390 3663 toribus
420 3607 652 3662 veniam
684 3607 962 3662 tribueret
991 3607 1311 3678 postulasti,
1342 3611 1503 3662 tuam
1527 3606 1809 3678 supplices

165 3701 551 3773 imploramus
572 3701 964 3767 clementiam,
989 3704 1052 3754 ut
1077 3701 1233 3772 quod
1253 3704 1388 3755 tunc
1416 3716 1520 3771 pro
1549 3703 1809 3770 suscepta

161 3797 360 3852 carnis
391 3794 715 3850 humilitate
746 3811 780 3848 a
808 3796 975 3850 Patre
1003 3797 1271 3865 expetere
1317 3793 1624 3861 videbaris,
1654 3809 1808 3848 nunc

164 3907 300 3945 cum
336 3889 568 3956 eodem,
597 3905 854 3942 connexa
881 3903 1112 3959 semper
1142 3886 1464 3942 Divinitatis
1499 3889 1804 3959 potestate,

163 3983 492 4039 consistens
516 3984 788 4053 praestare
811 3981 1088 4053 digneris.
1115 3981 1229 4036 Sal.

836 4069 913 4121 Ad
946 4083 1152 4134 pacem.

233 4146 408 4210 Deus,
439 4144 537 4216 qui
567 4143 879 4200 Ecclesiam
907 4147 1066 4199 tuam
1105 4142 1468 4211 catholicam,
1499 4159 1675 4215 quam
1708 4148 1805 4200 tuo

157 4243 369 4294 sancto
400 4238 680 4308 sanguine
719 4237 1038 4304 redemisti,
1074 4253 1393 4308 numquam
1431 4237 1804 4308 derelinquis,

157 4332 452 4402 nobisque
484 4331 737 4403 indignis
772 4332 829 4385 in
862 4330 1067 4386 eadem
1095 4330 1568 4386 concurrentibus
1611 4330 1824 4392 crimi-_

156 4442 308 4482 num
344 4424 766 4496 indulgentiam
810 4425 1066 4496 placatus
1095 4423 1381 4491 concedis,
1413 4426 1471 4478 et
1503 4423 1602 4495 qui
1630 4424 1804 4479 latro-

1832 1745 1888 1817 B

1919 461 2098 514 catur.
2120 461 2273 515 Tunc
2294 476 2398 530 per
2425 459 2699 515 invidiam
2729 461 3009 530 serpentis
3033 461 3208 516 homo
3234 461 3332 532 qui
3361 461 3550 517 fuerat

1920 557 2143 608 creatus
2155 553 2486 624 perimitur;
2511 570 2662 607 nunc
2676 570 2780 624 per
2789 553 3243 609 misericordiam
3257 555 3547 610 redimen-

1919 645 1992 702 tis
2012 647 2185 702 homo
2210 647 2307 718 qui
2329 647 2581 718 perierat
2610 647 2904 701 liberatur.
2928 649 3081 702 Tunc
3112 648 3285 703 homo
3313 649 3553 704 manda-

1919 744 2042 796 tum
2084 757 2200 796 non
2249 741 2625 796 custodiendo
2674 741 2744 794 de
2798 741 3064 811 paradiso
3114 742 3364 812 pellitur,
3398 759 3551 798 nunc

1919 835 2064 889 latro
2079 834 2364 890 Christum
2382 834 2688 889 Dominum
2709 835 3037 890 conﬁtendo
3063 835 3397 906 paradisum
3423 853 3546 892 me-

1917 931 2092 983 retur.
2113 928 2273 983 Unde
2287 929 2569 999 supplices
2586 945 2876 999 rogamus,
2891 929 3338 984 clementissime
3358 931 3544 996 Pater,

1917 1040 2020 1094 per
2047 1023 2272 1094 inclyta:
2299 1021 2490 1095 262
2518 1022 2699 1077 crucis
2729 1022 3076 1077 innarrabile
3095 1027 3545 1092 sacramentum,

1916 1119 1973 1171 et
1998 1133 2102 1188 per
2123 1116 2352 1172 Domini
2377 1116 2556 1171 nostri
2579 1117 2604 1171 Ι
2612 1132 2710 1170 esu
2732 1115 2939 1171 Christi
2954 1115 3074 1170 Filii
3099 1116 3180 1171 tui
3206 1117 3548 1172 admirabile

1914 1227 2180 1281 regnum,
2220 1214 2282 1264 ut
2320 1210 2442 1280 ejus
2479 1209 2848 1264 festivitatem
2891 1210 3271 1278 celebramus,
3322 1210 3550 1266 hodier-

1916 1321 2055 1359 num
2101 1303 2279 1370 diem,
2318 1303 2376 1358 in
2423 1320 2536 1374 quo
2567 1303 2748 1358 crucis
2787 1320 2892 1358 nos
2938 1320 3138 1359 omnes
3181 1320 3310 1358 cum
3350 1304 3548 1358 laetitia

1915 1397 2154 1469 spiritali
2178 1400 2233 1451 et
2245 1397 2509 1452 modesta
2523 1397 2871 1452 exultatione
2885 1413 3184 1468 peragere,
3209 1400 3266 1452 et
3277 1397 3430 1452 inter
3449 1414 3548 1453 οω-

1911 1491 2141 1545 lestium
2163 1491 2437 1545 virtutum
2450 1491 2651 1544 laudes
2669 1490 3006 1545 humilitatis
3018 1494 3230 1545 nostra
3245 1507 3413 1545 voces
3423 1507 3544 1545 sus-

1913 1584 2109 1656 cipias,
2133 1585 2440 1656 multiplici
2470 1584 2831 1640 confessione
2853 1585 2935 1638 ita
2966 1584 3222 1642 dicentes
3245 1601 3260 1640 :
3283 1584 3545 1640 Sanctus.

1910 1701 2081 1757 XLVI.
2112 1717 2270 1758 MISSA
2309 1716 2496 1758 suun
2534 1717 2798 1757 JOHANNIS
2828 1701 2854 1740 δ
2899 1716 3164 1756 APOSTOLI
3204 1717 3267 1757 ET
3306 1717 3546 1757 evmen-

2633 1788 2817 1828 LISTJE.

1984 1879 2364 1952 Omnipotens
2392 1880 2746 1952 sempiterne
2772 1881 2940 1946 Deus,
2972 1877 3070 1950 qui
3103 1879 3274 1950 hujus
3312 1878 3425 1933 diei
3467 1881 3546 1934 fe-

1911 1973 2219 2030 stivitatem
2243 1973 2427 2029 fecisti
2449 1974 2522 2029 ad
2547 1974 2808 2028 laetitiam
2830 1973 2986 2028 beati
3006 1972 3283 2028 Johannis
3304 1989 3546 2045 evange-

1909 2067 2073 2135 lista,
2104 2067 2178 2122 da
2207 2067 2472 2122 Ecclesiae
2501 2070 2612 2122 tuae
2645 2067 2821 2122 etiam
2855 2083 3052 2121 amare
3094 2065 3249 2138 quod
3280 2065 3542 2135 credidit,

1910 2164 1968 2217 et
1996 2161 2308 2234 praedicare
2330 2161 2484 2232 quod
2520 2160 2733 2216 docuit.
2786 2161 2894 2214 Per
2939 2159 3252 2216 Dominum
3284 2163 3542 2216 nostrum

1906 2257 2100 2312 Iesum
2128 2255 2416 2311 Christum
2440 2254 2647 2309 Filium
2676 2257 2862 2308 tuum.

2584 2361 2860 2412 Collectio.

1979 2451 2148 2516 Deus,
2169 2449 2265 2522 qui
2291 2465 2395 2521 per
2421 2466 2484 2504 os
2508 2447 2664 2503 beati
2686 2446 2965 2502 Johannis
2987 2445 3353 2518 evangelista
3374 2445 3545 2502 Verbi

1906 2543 1990 2597 tui
2019 2559 2230 2598 arcana
2254 2541 2542 2609 reserasti,
2569 2544 2798 2613 praesta,
2823 2557 3166 2612 quaesumus,
3192 2543 3254 2596 ut
3275 2539 3430 2612 quod
3448 2540 3545 2596 ille

1907 2636 2116 2691 nostris
2163 2636 2395 2690 auribus
2449 2636 2794 2689 excellenter
2846 2633 3086 2701 infudit,
3139 2633 3542 2706 intelligentiae

1907 2729 2261 2800 competenti
2291 2728 2614 2783 eruditione
2647 2727 2959 2799 capiamus.
2991 2728 3119 2781 Per.

2523 2835 2646 2885 Post
2681 2834 2913 2884 nomina.

1973 2924 2205 2987 Praesta,
2227 2920 2595 2992 omnipotens
2611 2921 2780 2987 Deus,
2807 2924 2869 2974 ut
2887 2919 3140 2976 Verbum
3155 2935 3288 2976 caro
3305 2919 3542 2986 factum,

1905 3015 2059 3088 quod
2080 3016 2283 3070 beatus
2297 3015 2591 3070 Iohannes
2607 3014 2959 3086 evangelista
2976 3013 3328 3086 praedicavit,
3347 3029 3451 3085 per
3465 3013 3548 3069 in-

1826 3117 1882 3191 C
1905 3108 2264 3164 tercessionis
2285 3125 2400 3164 suae
2425 3109 2760 3181 praesidium
2779 3108 3001 3164 habitet
3022 3124 3254 3180 semper
3273 3107 3332 3162 in
3353 3106 3539 3163 nobis.

1908 3205 2033 3260 Per.

2561 3272 2640 3322 Ad
2680 3286 2888 3337 pacem.

1977 3361 2184 3414 Pacem
2209 3361 2390 3426 tuam,
2421 3357 2683 3424 Domine,
2713 3359 2784 3412 de
2816 3359 2950 3412 caelo
2988 3357 3062 3412 da
3089 3355 3284 3423 nobis;
3319 3359 3376 3410 et
3407 3372 3537 3428 pos-

1909 3452 2030 3508 side
2059 3468 2183 3520 nos,
2217 3455 2280 3506 ut
2319 3467 2435 3506 non
2462 3452 2679 3506 haereat
2714 3451 2775 3505 in
2808 3450 3119 3505 visceribus
3148 3449 3358 3504 nostris
3384 3449 3540 3503 frau-

1909 3545 2178 3601 dulentus
2203 3545 2427 3600 osculus
2452 3542 2792 3616 proditoris;
2817 3543 2919 3598 sed
2942 3559 3051 3614 pax
3077 3542 3193 3609 illa,
3224 3557 3400 3614 quam
3430 3539 3543 3596 tuis

1907 3638 2188 3710 reliquisti
2223 3638 2532 3710 discipulis,
2563 3653 2795 3709 semper
2829 3636 3073 3691 inlibata
3105 3638 3449 3707 permaneat
3481 3634 3542 3691 in

1908 3732 2176 3788 cordibus
2203 3731 2432 3786 nostris.
2463 3732 2589 3786 Per.

2576 3834 2886 3886 lmmolatio.

1979 3927 2120 3979 Vere
2140 3923 2382 3996 dignum
2403 3925 2461 3976 et
2469 3922 2689 3993 justum
2713 3924 2818 3990 est,
2844 3938 3076 3993 aequum
3095 3923 3154 3976 et
3172 3921 3421 3976 salutare
3437 3923 3542 3987 est,

1908 4036 2014 4075 nos
2041 4017 2165 4086 tibi,
2196 4017 2564 4089 omnipotens
2592 4017 2761 4083 Deus,
2792 4015 3006 4087 gratias
3039 4032 3232 4087 agere,
3265 4014 3421 4069 beati
3447 4014 3544 4069 Jo-

1908 4112 2118 4168 hannis
2134 4111 2379 4184 apostoli
2394 4111 2477 4165 tui
2495 4113 2553 4165 et
2565 4109 2934 4180 evangelistae
2953 4108 3167 4164 natalia
3183 4110 3542 4161 venerantes.

1909 4206 2016 4271 Qui
2053 4205 2286 4261 Domini
2324 4204 2505 4260 nostri
2541 4205 2675 4258 Jesu
2714 4202 2922 4258 Christi
2961 4201 3086 4256 Filii
3123 4200 3206 4254 tui
3242 4199 3544 4255 vocatione

1907 4303 2190 4370 suscepta,
2205 4302 2501 4353 terrenum
2517 4296 2737 4367 respuit
2752 4298 2976 4366 patrem
2995 4297 3056 4348 ut
3076 4295 3268 4364 posset
3284 4291 3544 4346 invenire

1907 4394 2213 4448 caelestem.
2242 4390 2405 4444 Retia
2431 4389 2620 4444 szeculi
2647 4388 2852 4460 quibus
2883 4385 3290 4458 implicabatur
3313 4384 3541 4455 abjecit,

154 4519 251 4575 nis
294 4523 491 4573 tecum
537 4518 594 4572 in
630 4535 795 4573 cruce
827 4518 1134 4590 pendentis
1161 4516 1584 4573 confessionem
1605 4517 1808 4589 justitl-
1826 4489 1886 4562 D
1911 4491 1972 4590 _ut
1999 4487 2339 4590 “Efe'ff'taffs
2367 4483 2521 4538 dona
2546 4480 2954 4590 mentﬁhbfm
2973 4479 3545 4590 lsectﬁrefu‘j',“mn‘

153 4629 301 4667 care
339 4611 608 4683 dignatus
636 4628 716 4678 es,
745 4628 1096 4682 quaesumus,
1132 4613 1196 4666 ut
1225 4609 1490 4666 omnium
1516 4610 1574 4665 in
1593 4612 1650 4665 te
1683 4627 1803 4665 cre-

154 4705 437 4760 dentium
463 4704 637 4759 fidem
659 4721 893 4775 augeas,
919 4705 1292 4776 multiplices;
1324 4707 1382 4758 et
1402 4703 1568 4759 solita
1592 4703 1806 4775 pietate

151 4814 400 4870 pacem,
434 4813 606 4868 quam
653 4797 940 4853 custodire
967 4797 1204 4869 jussisti,
1233 4797 1537 4853 inlibatam
1586 4797 1646 4852 in
1703 4814 1808 4852 nos

151 4907 511 4946 conservare
541 4891 814 4963 digneris.
843 4892 959 4947 Sal.

807 4979 1141 5030 Contestatio.

229 5051 496 5121 Dignum
523 5055 579 5107 et
595 5051 816 5122 justum
841 5055 944 5119 est,
969 5051 1342 5122 omnipotens
1380 5053 1547 5120 Deus,
1581 5051 1686 5107 tibi
1716 5068 1804 5106 sa-

146 5144 519 5200 criﬁciorum
559 5150 693 5201 vota
733 5147 1077 5218 persolvere,
1112 5148 1168 5198 te
1200 5145 1261 5199 in
1289 5145 1476 5199 laudis
1516 5145 1805 5216 praeconio

147 5238 575 5294 indesinenter
601 5239 898 5307 adtollere,
919 5256 984 5294 ac
1003 5237 1322 5310 utriusque,
1339 5240 1397 5292 et
1419 5237 1568 5293 illius
1594 5239 1809 5294 scilicet

147 5331 513 5387 habitatoris
541 5331 814 5403 paradisi,
848 5336 907 5388 et
931 5333 1090 5388 istius
1126 5331 1534 5405 Redemptoris
1568 5331 1807 5387 humani

150 5425 404 5497 generis
431 5426 692 5497 exempla
718 5443 1061 5498 proponere.
1095 5428 1191 5482 Ille
1223 5427 1461 5500 quidem
1497 5425 1674 5497 prior,
1706 5426 1808 5481 sed

150 5521 270 5574 iste
303 5519 543 5586 melior;
577 5521 674 5574 ille
703 5523 987 5587 terrenus,
1019 5519 1122 5574 iste
1155 5521 1422 5588 caelestis;
1448 5521 1546 5575 ille
1572 5519 1642 5573 de
1663 5517 1806 5574 limo

147 5615 374 5680 factus,
403 5613 508 5668 iste
537 5612 711 5668 verbo
739 5615 1236 5685 conceptus.Tunc
1250 5615 1480 5671 diabolo
1499 5611 1803 5683 suadente,

231 5747 260 5774 ι
316 5731 432 5803 Hoc
477 5730 686 5784 festum
733 5729 871 5784 item
912 5729 1309 5803 praescriptum
1355 5735 1439 5786 est
1485 5731 1544 5786 in
1590 5729 1806 5787 Ordine

153 5803 279 5858 Gre
289 5801 550 5874 goriano.

1905 4584 2026 4634 tem
2051 4579 2110 4634 in
2140 4576 2407 4634 ﬂuctibus
2428 4592 2632 4631 navem
2653 4574 2908 4645 reliquit,
2933 4577 2995 4628 ut
3015 4572 3412 4629 ecclesiasticae
3438 4589 3542 4644 gu-

1907 4670 2263 4729 bernationis
2291 4669 2704 4740 tranquillitate
2738 4667 3096 4722 consisteret.
3119 4669 3165 4721 A
3185 4667 3428 4738 piscium
3456 4683 3545 4722 ca-

1908 4767 2104 4838 ptione
2132 4763 2390 4831 cessavit,
2414 4766 2478 4817 ut
2507 4761 2730 4817 animas
2759 4760 3070 4816 mundanis
3096 4760 3418 4832 gurgitibus
3441 4761 3547 4814 im-

1910 4876 2132 4915 mersas
2159 4859 2385 4913 calamo
2418 4856 2696 4912 doctrina:
2727 4855 2991 4910 salutaris
3015 4855 3392 4909 abstraheret.
3416 4854 3548 4908 Des-

1911 4954 2027 5008 titit
2063 4951 2255 5024 pelagi
2288 4950 2578 5023 profunda
2611 4949 2834 5017 rimari,
2872 4953 3226 5004 secretorum
3263 4949 3546 5002 scrutator

1909 5047 2171 5102 redditur
2207 5045 2562 5112 divinorum;
2601 5061 2671 5100 eo
2708 5060 2889 5116 usque
2925 5041 3266 5114 procedens,
3295 5043 3358 5095 ut
3399 5044 3458 5096 et
3486 5041 3546 5096 in

1909 5157 2087 5198 caena:
2114 5140 2376 5212 mysticae
2411 5141 2776 5194 sacrosancto
2817 5135 3074 5191 convivio
3107 5135 3284 5206 ipsius
3317 5151 3547 5190 recum-

1907 5235 2072 5291 beret
2101 5237 2332 5306 pectore
2367 5231 2695 5298 Salvatoris,
2731 5233 2789 5284 et
2818 5246 2951 5284 eum
2979 5229 3039 5284 in
3072 5245 3236 5284 cruce
3267 5229 3546 5284 Dominus

1909 5328 2250 5385 constitutus
2296 5325 2572 5382 vicarium
2619 5323 2705 5378 sui
2751 5321 3019 5394 Magistri,
3069 5321 3316 5393 Virginis
3366 5323 3546 5378 filium

1909 5423 2278 5494 subrogaret;
2306 5423 2363 5475 et
2383 5419 2440 5473 in
2472 5417 2755 5490 principio
2782 5417 3050 5486 Verbum,
3076 5416 3232 5489 quod
3253 5417 3401 5471 Deus
3421 5419 3546 5470 erat

1909 5517 2061 5588 apud
2112 5517 2314 5582 Deum,
2372 5513 2492 5584 ipse
2545 5528 2664 5584 prae
2717 5509 2912 5585 263
2965 5511 3170 5566 ceteris
3216 5509 3545 5566 ostenderet

1909 5608 2299 5681 praedicando,
2331 5623 2434 5681 per
2461 5605 2749 5662 Christum
2778 5605 3090 5661 Dominum
3118 5606 3395 5659 nostrum.

1983 5725 2010 5765 δ
2037 5725 2122 5781 Ad
2150 5727 2380 5796 portam
2410 5722 2675 5782 Latinam
2701 5724 3076 5794 appellamus.
