4032 6180
470 274 572 335 287
655 257 660 262 ’

647 385 845 444 XLVII.
879 397 1040 442 IISSA
1071 399 1236 440 mnu
1275 398 1366 438 ms
1401 398 1460 437 IN
1497 395 1930 438 nocuiomsus.

543 485 608 539 In
629 480 889 554 jejunio.
921 481 1031 536 hoc
1060 475 1258 534 afﬂicti
1293 491 1556 547 corpore,
1585 478 1644 530 et
1673 475 1846 532 corde
1872 473 2106 530 contriti

474 578 912 648 frequentamus
938 573 1012 627 ad
1036 574 1093 626 te
1122 586 1342 642 preces,
1375 560 1826 625 clementissime
1852 571 2021 636 Deus,
2045 570 2110 623 ut

475 687 606 725 cum
623 665 971 724 abstinentia
987 662 1270 736 corporali
1287 662 1636 718 abstinentia
1653 662 1819 718 nobis
1837 662 2108 718 vitiorum

477 764 724 819 donetur
755 777 768 815 :
799 762 862 814 ut
897 757 1158 812 restricto
1194 773 1434 827 corpore
1467 756 1538 811 ab
1570 755 1772 828 epulis,
1805 758 1887 822 tu,
1919 754 2016 826 qui
2048 770 2110 808 es

475 854 712 912 refectio
738 869 894 919 vera,
921 851 982 906 in
1013 851 1221 906 nostris
1247 849 1516 904 cordibus
1547 849 1769 905 oriaris.
1801 851 1928 904 Per.

547 946 771 1003 Gratias
803 944 906 1000 tibi
937 944 1184 1016 agimus,
1209 942 1453 999 Domine
1483 945 1700 1010 sancte,
1729 943 1902 997 Pater
1931 940 2112 998 omni-

475 1019 701 1114 plotens,
731 1041 948 1095 aeterne
973 1039 1142 1104 Deus,
1168 1036 1415 1108 quinos,
1439 1038 1570 1108 post
1585 1035 2111 1107 transgressionem

469 1133 680 1207 jejunii
701 1133 902 1188 vetitia
930 1131 1343 1202 contingendo,
1367 1129 1442 1186 ad
1468 1129 1887 1185 continentiam
1913 1128 2110 1184 salutis

478 1226 758 1299 reparasti
776 1242 881 1297 per
899 1224 1218 1292 Christum;
1236 1229 1293 1280 te
1315 1223 1374 1278 in
1396 1224 1505 1278 hoc
1518 1221 1810 1294 jejunium
1831 1221 2114 1294 supplices

479 1338 545 1378 ac
576 1317 859 1392 provoluti
886 1335 1178 1389 rogamus,
1202 1321 1266 1372 ut
1285 1317 1466 1372 dones
1488 1315 1652 1371 nobis
1672 1318 1889 1370 rectam
1915 1331 1948 1370 a
1965 1313 2114 1370 vitiis

478 1416 761 1479 mentem,
796 1415 854 1466 et
879 1411 1091 1482 Spiritu
1118 1410 1424 1482 principali
1452 1409 1572 1482 (qui
1603 1412 1688 1463 est
1713 1407 2112 1463 mortificatio-

479 1506 568 1561 nis
596 1506 842 1577 amator)
865 1522 970 1560 nos
990 1505 1358 1571 conrobores,
1384 1507 1446 1558 ut
1464 1505 1596 1575 post
1615 1505 1807 1557 actum
1821 1501 2114 1573 jejunium

481 1599 554 1656 ad
587 1603 820 1656 internae
847 1597 1180 1656 refectionis
1208 1615 1314 1652 nos
1343 1613 1555 1669 pascua
1580 1595 1880 1668 perducas.
1913 1597 2040 1650 Per.

1107 1687 1231 1738 Post
1257 1684 1488 1735 nomina.

554 1762 672 1816 Tua
701 1762 852 1826 sunt,
886 1757 1151 1824 Domine,
1184 1756 1463 1811 alimonia
1492 1756 1699 1828 quibus
1733 1756 1792 1810 in
1826 1754 2116 1810 cotidiano

483 1855 633 1910 victu
646 1853 719 1908 ad
731 1851 1213 1906 sustentationem
1229 1849 1844 1921 reficimur,tuaquejej
1853 1847 1988 1904 unia
1999 1848 2119 1921 qui-

480 1949 587 2004 bus
612 1963 847 2002 carnem
876 1963 909 2001 a
936 1943 1154 2000 lubrica
1182 1945 1496 2016 voluptate,
1524 1947 1580 1998 te
1607 1942 1999 2015 praecipiente,
2025 1959 2116 1996 re-

481 2041 838 2113 stringimus.
853 2040 934 2094 Tu
950 2038 1023 2093 ad
1040 2038 1498 2093 consolationem
1515 2039 1772 2092 nostram
1788 2035 2120 2091 vicissitudi-

481 2153 584 2191 nes
607 2138 934 2206 temporum
959 2131 1304 2204 disposuisti,
1326 2134 1389 2185 ut
1407 2134 1634 2201 tempus
1651 2129 1861 2184 edendi
1878 2145 2120 2201 corpora

483 2231 680 2284 nostra
705 2226 942 2281 refectio
965 2225 1156 2281 sobria
1177 2225 1376 2291 aleret,
1401 2226 1456 2278 et
1471 2223 1780 2294 jejunandi
1801 2225 2030 2294 tempus
2051 2239 2120 2277 ea

481 2322 542 2378 in
575 2319 862 2392 justitiam
897 2319 1004 2373 tibi
1043 2318 1316 2389 placitam
1361 2318 1578 2371 faceret
1610 2318 1922 2371 macerata.
1965 2317 2121 2370 Hanc

483 2413 733 2472 hostiam
764 2412 836 2468 ob
856 2411 1147 2484 jejunium
1167 2410 1452 2465 triduana;
1477 2409 1882 2464 macerationis
1903 2427 1937 2464 a
1957 2409 2122 2464 nobis

483 2508 741 2563 oblatam
783 2505 1146 2560 sanctiﬁcans
1185 2503 1497 2574 dignanter
1540 2503 1892 2568 adsume,'et
1916 2505 2123 2574 praesta

483 2601 742 2672 placatus
769 2601 849 2667 ut,
883 2598 1069 2670 sopita
1110 2595 1493 2652 delectatione
1527 2611 1824 2667 corporea,
1854 2613 2020 2651 mens
2050 2595 2122 2650 ab

483 2692 883 2766 iniquitatibus
906 2691 1122 2763 pariter
1147 2689 1536 2761 conquiescat.
1564 2690 1689 2744 Per.

558 2851 814 2909 Refectio
863 2855 982 2918 tua,
1028 2777 1617 2917 Don’iiineliaizgtrictis
1664 2847 2018 2919 corporibus,
2061 2847 2121 2902 in

485 2947 688 3018 spiritu
719 2945 1103 3001 contribulata
1130 2946 1424 3014 gustatur;
1453 2946 1512 2998 et
1543 2942 1696 3009 ideo,
1729 2941 1999 3012 prostrati
2029 2941 2120 3012 je-

482 3037 634 3110 junii
674 3037 1030 3110 paenitentia,
1065 3036 1347 3107 supplices
1374 3050 1699 3102 exoramus,
1726 3033 2124 3089 misericordia

487 3132 608 3187 sola
629 3133 893 3203 petentes
923 3129 1080 3202 quod
1107 3145 1280 3200 opere
1317 3145 1434 3183 non
1461 3144 1787 3194 meremur;
1820 3129 1884 3182 ut
1907 3127 2116 3182 sentia-

487 3242 617 3280 mus
646 3224 705 3280 in
727 3222 928 3296 spiritu
956 3221 1277 3278 dilectionis
1306 3224 1418 3276 tuae
1447 3221 1722 3294 pabulum
1749 3237 1938 3288 suave,
1967 3220 2123 3292 quod

487 3318 664 3374 corda
696 3321 894 3377 nostra
917 3317 990 3372 ab
1031 3315 1213 3388 epulis
1248 3315 1530 3383 vacantia,
1561 3315 1634 3370 ad
1665 3313 1910 3386 proximi
1948 3313 2121 3369 dilec-

485 3411 707 3468 tionem
735 3410 1064 3466 succendat.
1093 3411 1218 3464 Per.

557 3573 700 3626 Vere
731 3572 976 3642 dignum
1007 3573 1066 3624 et
1083 3498 1645 3642 ,Ῑιιέιὲιῗιὲἒὶο264
1679 3572 1736 3624 te
1766 3568 1826 3623 in
1855 3568 2122 3624 observa-

490 3665 648 3720 tione
668 3663 876 3735 jejunii
906 3679 1184 3735 quaarere,
1213 3662 1310 3734 qui
1337 3679 1397 3718 es
1421 3663 1586 3734 panis
1606 3679 1774 3718 verus
1798 3665 1856 3716 et
1873 3662 2032 3716 vivus
2051 3661 2121 3716 de

489 3758 629 3811 caelo
661 3756 1036 3812 descendens.
1057 3757 1132 3810 Te
1159 3755 1374 3827 itaque,
1408 3755 1724 3810 humiliatis
1745 3754 1968 3826 jejunio
1996 3771 2120 3810 cor-

490 3849 745 3921 poribus,
761 3851 955 3902 mente
973 3848 1326 3903 famulantes
1344 3847 1569 3914 devota,
1585 3864 1690 3919 per
1703 3848 1852 3903 hanc
1865 3846 2124 3902 sacrificii

492 3941 954 3997 immolationem
985 3957 1280 4012 rogamus,
1317 3943 1381 3995 ut
1415 3940 1878 3996 humiliationem
1916 3939 2124 4012 jejunii

490 4035 678 4106 hujus,
718 4050 894 4106 quam
930 4050 1032 4105 pro
1075 4033 1282 4088 nostris
1319 4033 1576 4088 reatibus
1614 4032 1672 4086 in
1713 4033 1822 4090 hac
1857 4033 2126 4088 triduana

490 4128 891 4184 observatione
949 4126 1364 4198 persolvimus,
1403 4125 1484 4180 ita
1528 4126 1805 4181 intuearis
1847 4127 2121 4198 placatus,

489 4225 553 4276 ut
579 4239 614 4277 a
641 4221 864 4278 delictis
881 4221 1216 4292 jejunantes
1241 4220 1520 4287 absolvas,
1546 4236 1689 4291 quos
1708 4219 2125 4275 incontinentia

490 4333 758 4372 vorarum
787 4315 845 4369 in
873 4313 1168 4387 pravitatis
1196 4313 1656 4386 transgressione
1686 4312 1988 4368 immersit.
2018 4315 2126 4368 Per

489 4409 780 4464 Christum
825 4407 1152 4464 dominum.

559 4503 778 4557 XLVIII.
809 4519 936 4558 nam
961 4517 1122 4559 IISSA
1153 4517 1392 4558 securum
1424 4517 1513 4558 nm
1545 4517 1598 4556 IN
1629 4516 2053 4557 ROGATIONIBUS.

565 4595 732 4661 Deus,
747 4595 908 4666 cujus
929 4596 1192 4666 exemplo
1207 4594 1500 4667 jejunium
1525 4594 1724 4649 datum
1749 4596 1834 4649 est
1851 4597 1978 4666 post
2001 4611 2127 4666 gus-

493 4690 617 4742 tum
649 4686 1076 4758 prohibitionis,
1111 4704 1216 4758 per
1238 4687 1702 4742 inobedientiam
1729 4685 1874 4758 ligni
1901 4687 2124 4758 ingres-

493 4797 642 4850 sum,
660 4779 782 4847 tibi,
797 4778 1066 4846 Domine,
1080 4779 1257 4834 corda
1269 4783 1484 4847 nostra,
1502 4779 1559 4834 in
1566 4779 1777 4851 jejunii
1789 4780 2128 4835 maceratio-

491 4890 562 4930 ne
576 4873 852 4946 subjecta,
867 4890 973 4945 per
983 4872 1448 4928 inlustrationem
1461 4875 1574 4928 tua:
1593 4872 1986 4944 inspirationis
2002 4891 2129 4928 san-

490 4968 705 5036 ctifica;
731 4969 789 5022 et
809 4967 880 5022 de
903 4967 1226 5022 caelestibus
1243 4966 1476 5021 sedibus
1491 4966 1604 5021 tuis
1625 4983 1732 5022 nos
1749 4967 1810 5022 in
1831 4969 1952 5024 luto
1973 4968 2128 5024 faecis

562 5094 588 5122 '
617 5093 741 5148 Non
771 5095 976 5160 solam,
1005 5095 1070 5147 ut
1109 5092 1307 5159 modo,
1341 5092 1776 5161 abstinentiam,
1815 5093 1917 5147 sed
1948 5093 2126 5148 etiam

487 5163 777 5233 jejunium
806 5165 879 5236 in,
894 5164 1312 5236 Rogationibus
1333 5164 1674 5235 prescipiunt
1701 5164 1944 5219 concilia
1963 5164 2130 5220 Galli-

494 5250 659 5301 cana,
691 5235 1105 5289 Aurelianense
1143 5252 1180 5301 I,
1214 5251 1438 5290 canone
1475 5238 1563 5302 27,
1597 5239 1657 5289 et
1696 5237 2028 5290 Turonense
2067 5253 2126 5301 II,

494 5322 715 5386 canone
747 5309 830 5359 l7.
861 5305 1083 5386 Unde__«
1108 5305 1508 5386 Bogationum
1540 5305 2007 5386 opgrogisgimarii
2044 5307 2127 5386 fe.-

495 5375 805 5457 stivitatem
823 5377 1128 5457 {appellat
1145 5375 1341 5457 Avitus
1364 5375 1686 5457 in‘homilia
1709 5376 1778 5429 de
1801 5375 2131 5457 Rogationi-

495 5447 598 5500 bus
621 5463 634 5500 :
668 5467 696 5495 ‹‹
722 5447 1019 5518 Festivitas
1045 5447 1334 5518 siquidem
1356 5450 1460 5513 est,
1484 5447 1644 5517 cujus
1657 5447 1991 5518 jucunditas
2008 5449 2131 5501 tota

491 5517 956 5598 sola.sobri_etas_s1
987 5517 1146 5588 cujus
1183 5519 1368 5589 epulae
1400 5518 1694 5598 lacrymaa,
1738 5517 1898 5598 cujus
1935 5520 2130 5598 pastus

495 5586 711 5641 esuries
732 5591 835 5643 est.
863 5610 890 5636 »
915 5586 1096 5642 Haac‘u
1120 5586 1238 5642 non
1265 5603 1368 5658 per
1395 5586 1604 5658 Callias
1634 5586 1831 5654 modo,
1855 5586 1956 5642 sed
1982 5604 2130 5658 pene

497 5674 602 5726 per
630 5658 833 5712 orbem
864 5661 1053 5712 totum
1080 5678 1110 5705 »
1143 5655 1385 5726 celebris
1415 5656 1579 5711 initio
1614 5658 1872 5712 homilise
1901 5655 2127 5714 dicitur.

493 5725 652 5808 'I‘unhc
670 5729 885 5808 lectum
907 5727 1099 5806 fuerat
1115 5725 1493 5808 Evangelium
1513 5743 1580 5807 ex
1597 5727 1848 5808 Matthgei
1867 5745 1992 5808 cap.
2007 5745 2128 5808 vni,

499 5797 569 5850 de
595 5796 818 5852 Christo
843 5795 1092 5852 Domino
1121 5795 1179 5850 in
1208 5793 1337 5851 navi
1365 5794 1712 5865 dormiente,
1743 5801 1802 5853 et
1827 5814 1861 5852 a
1890 5793 2132 5872 discipu-

1258 273 1588 330 APPENDIX
1625 273 1712 327 AD
1747 272 1968 329 OPERA
2005 271 2238 330 SANCTI
2273 269 2572 328 GERMANI
2611 269 3036 326 PARISIENSIS.

3727 262 3846 324 288

2123 397 2183 471 Α
2203 397 2269 438 ac
2297 379 2566 453 squalore
2591 377 2803 451 jejunii
2833 376 3148 435 substratos
3183 372 3436 444 intuens,
3467 371 3529 432 in
3557 373 3846 432 virtutum

2205 473 2553 531 successibus
2583 473 2793 529 releva.
2821 473 2948 528 Per.
3090 519 3096 525 .

2885 571 3154 626 Collectio.

2278 661 2661 733 Omnipotens
2677 659 3030 732 sempiterne
3048 660 3217 724 Deus,
3232 657 3606 725 mandentur,
3621 673 3854 730 quassu-

2209 772 2358 823 mus,
2385 755 2601 810 viscera
2627 758 2826 810 nostra
2846 770 2880 810 a
2900 753 3118 808 cunctis
3155 751 3346 807 carnis
3374 749 3614 817 delictis,
3630 750 3856 822 jejunii

2210 849 2625 906 adtenuatione
2655 847 2948 914 confecta;
2975 850 3048 902 ut
3077 845 3136 900 in
3172 844 3347 918 ipsius
3370 843 3577 916 jejunii
3603 844 3852 901 humili-

2209 947 2328 1000 tate
2343 941 2645 1016 prostratis
2662 958 2780 997 non
2795 941 2986 996 valeat
2999 939 3189 995 carnis
3199 937 3506 994 inﬁrmitas
3517 936 3816 994 dominari
3831 954 3852 994 :

2211 1037 2346 1110 quia
2369 1040 2434 1092 tu
2459 1035 2755 1092 institutor
2776 1033 3120 1102 sobrietatis,
3148 1032 3197 1087 si
3226 1032 3329 1100 vis,
3360 1034 3524 1104 potes
3552 1031 3736 1087 nostri
3764 1031 3854 1087 ci-

2211 1131 2324 1186 tius
2352 1129 2635 1196 misereri,
2675 1132 2738 1184 ut
2765 1127 3042 1200 spiritalia
3075 1126 3418 1198 cogitemus,
3447 1127 3506 1180 et
3543 1125 3852 1199 concupis-

2213 1223 2430 1280 centias
2454 1222 2662 1290 carnis,
2692 1224 2750 1276 te
2777 1221 3105 1292 adjuvante,
3135 1219 3452 1276 vincamus.
3483 1219 3609 1274 Per.

2831 1323 2954 1372 Post
2987 1320 3215 1372 nomina.

2284 1413 2453 1478 Deus,
2483 1409 2580 1482 qui
2621 1407 2835 1464 mentis
2870 1407 3181 1479 puritatem
3219 1403 3525 1478 adprobas,
3555 1422 3673 1462 non
3691 1406 3856 1479 jeju-

2215 1504 2376 1560 nium
2397 1522 2432 1559 a
2453 1502 2590 1560 cibis
2611 1501 2980 1558 solummodo
3004 1499 3249 1572 gloriam
3271 1499 3592 1556 humanam
3614 1504 3852 1572 captan-

2217 1603 2355 1666 tem,
2383 1598 2626 1668 dignare
2655 1596 2850 1652 oculos
2876 1593 3064 1649 cordis
3087 1593 3271 1650 nostri
3300 1593 3360 1648 in
3385 1593 3494 1648 hoc
3513 1593 3739 1664 jejunio
3767 1595 3856 1649 ita.

2216 1691 2564 1748 inluminare
2599 1689 2902 1756 introrsus,
2932 1690 2997 1742 ut
3035 1687 3142 1742 tibi
3183 1687 3243 1740 in
3290 1686 3378 1743 his
3421 1703 3550 1758 qum
3578 1687 3858 1743 homines

2137 1775 2194 1848 B
2219 1786 2479 1842 nesciunt
2502 1784 2562 1838 in
2589 1784 2809 1838 occulto
2836 1799 2870 1836 a
2895 1780 3044 1836 vitiis
3061 1779 3284 1852 jejunio
3311 1781 3643 1852 placeamus
3669 1798 3684 1836 :
3713 1781 3864 1852 quia

2217 1879 2354 1936 doni
2394 1877 2479 1932 tui
2519 1879 2606 1932 est
2642 1877 2751 1931 hoc
2789 1875 2999 1947 ipsum,
3029 1873 3184 1946 quod
3219 1891 3254 1928 a
3297 1873 3438 1928 cibis
3468 1873 3861 1944 abstinemus,
3961 1941 3970 1950 _

2219 1973 2291 2028 sit
2327 1971 2588 2028 muneris
2635 1970 2722 2024 tui
2764 1971 2828 2023 ut
2871 1985 2905 2024 a
2951 1966 3198 2040 peccatis
3234 1967 3413 2022 etiam
3456 1983 3588 2022 cum
3625 1967 3863 2039 jejunio

2219 2065 2636 2131 emundemur;
2687 2065 2747 2118 et
2793 2061 3172 2116 desiderabile
3228 2060 3388 2116 fonte
3438 2059 3718 2116 ubertatis
3775 2061 3866 2116 ita

2219 2161 2340 2215 haec
2384 2174 2630 2214 munera
2663 2155 2852 2211 imbre
2894 2153 3078 2209 sancti
3113 2153 3357 2226 Spiritus
3395 2153 3702 2226 perfunde,
3735 2158 3802 2210 ut
3825 2171 3866 2210 a

2213 2251 2612 2325 jejunantibus
2662 2251 2952 2322 percepta,
2995 2251 3201 2304 cuncta
3251 2247 3391 2304 vitia
3439 2247 3756 2316 mundent,
3801 2252 3866 2303 et

2220 2347 2458 2402 virtutes
2486 2344 2747 2400 inserant
2773 2357 3028 2398 morum.
3062 2343 3192 2397 Per.

2885 2443 2964 2494 Ad
2990 2457 3193 2508 pacem.

2291 2535 2354 2588 In
2379 2531 2591 2604 jejunii
2609 2529 2938 2585 humilitate
2957 2527 3276 2597 substratis,
3307 2527 3678 2600 omnipotens
3708 2545 3868 2584 sem-

2221 2625 2447 2700 piterne
2492 2626 2661 2691 Deus,
2701 2623 2970 2694 absterge
3011 2637 3251 2678 omnem
3280 2621 3474 2677 labem
3509 2621 3755 2693 peccati,
3797 2627 3870 2678 ut

2222 2719 2504 2774 mundata
2535 2717 2717 2773 nostri
2745 2716 2933 2772 cordis
2957 2733 3188 2784 arcana,
3219 2732 3352 2770 cum
3397 2714 3753 2771 abstinentia
3787 2717 3870 2771 ci-

2219 2813 2449 2880 borum,
2490 2811 2822 2883 jurgiorum
2877 2809 3054 2864 etiam
3099 2808 3530 2881 inquietudines
3577 2809 3868 2878 exclusas,

2222 2905 2452 2961 dilectio
2501 2908 2602 2960 tua
2659 2907 2718 2958 et
2757 2902 3025 2975 proximi,
3059 2901 3270 2958 nostris
3315 2902 3375 2956 in
3411 2901 3676 2957 cordibus
3709 2919 3872 2974 pura

2222 3000 2556 3054 succrescat.
2588 2999 2714 3052 Per.

2867 3065 3204 3118 Contestatio.

2141 3145 2197 3219 C
2247 3193 2250 3196 .
2292 3155 2436 3208 Vere
2463 3152 2707 3225 dignum
2735 3154 2793 3206 et
2813 3151 3035 3224 justum
3068 3154 3156 3206 est
3179 3153 3237 3206 te
3269 3153 3391 3208 tota
3423 3150 3611 3207 cordis
3639 3152 3870 3209 contri-

2223 3247 2379 3303 tione
2409 3247 2468 3300 in
2492 3245 2738 3317 jejunio,
2771 3245 3143 3317 omnipotens
3169 3245 3520 3318 sempiterne
3551 3246 3724 3313 Deus,
3755 3264 3872 3319 per

2221 3341 2509 3395 Christum
2556 3339 2869 3394 Dominum
2916 3342 3199 3394 nostrum.
3248 3338 3359 3404 Qui
3397 3356 3504 3394 nos
3546 3341 3870 3412 mysterio-

2223 3451 2354 3490 rum
2389 3437 2624 3488 tuorum
2663 3432 2896 3488 secretis
2932 3432 3276 3499 informans,
3308 3432 3611 3504 paciﬁcum
3659 3431 3867 3507 265

2224 3545 2430 3583 nemus
2451 3544 2549 3583 ore
2571 3525 2854 3581 columbas
2880 3528 3169 3598 gestatum
3187 3527 3304 3581 Noe
3327 3525 3504 3581 oculis
3523 3526 3869 3594 ostendens,

2225 3621 2390 3677 nobis
2420 3620 2492 3676 de
2523 3620 2746 3675 virente
2786 3619 2991 3674 arbore
3036 3619 3218 3674 crucis
3263 3619 3579 3691 gloriosum
3623 3620 3872 3692 signum

2224 3714 2518 3788 expressit;
2539 3730 2713 3786 quem
2731 3713 3013 3768 columbas
3026 3713 3315 3785 speciesin
3337 3713 3546 3770 Christi
3567 3713 3878 3769 decoravit

2224 3809 2466 3876 honore,
2494 3807 2713 3862 cunctis
2757 3806 3066 3862 colendum
3110 3805 3352 3878 Spiritus
3403 3806 3875 3862 sanctiﬁcatione

2225 3901 2650 3960 demonstrans.
2671 3901 2844 3972 Cujus
2858 3899 3128 3955 animalis
3147 3899 3482 3956 innocentia
3503 3917 3627 3955 esse
3639 3900 3879 3956 similes

2223 3997 2632 4067 praeoptantes,
2646 3993 2718 4049 ab
2741 4011 2925 4066 eoque
2947 3993 3292 4049 sanctiﬁcari
3313 3993 3548 4066 Spiritu,
3563 3994 3730 4065 cujus
3743 3994 3880 4067 ipse

2224 4088 2469 4160 sumpsit
2489 4087 2762 4159 speciem,
2787 4090 3118 4155 exorantes;
3143 4087 3202 4140 in
3222 4087 3330 4142 hoc
3345 4087 3570 4158 jejunio
3591 4087 3883 4144 triduana.

2225 4181 2628 4236 humiliatione
2654 4181 2938 4248 instituto,
2965 4180 3241 4236 invictum
3273 4181 3382 4235 hoc
3415 4181 3649 4253 signum
3675 4181 3706 4222 δ
3733 4199 3882 4238 cum

2225 4275 2480 4348 plebium
2503 4275 2700 4330 cuneis
2720 4275 3115 4347 praeferentes,
3134 4278 3305 4347 atque
3323 4274 3681 4346 Majestatem
3699 4277 3882 4331 tuam

2225 4369 2515 4442 psallentii
2538 4381 2562 4410 ο
2586 4368 2985 4424 modulatione
3014 4369 3336 4436 laudantes,
3361 4367 3632 4440 petimus,
3663 4370 3882 4425 omni-

2226 4467 2431 4534 potens
2475 4463 2644 4530 Deus,
2670 4466 2732 4517 ut
2747 4461 2994 4534 accipias
3019 4465 3223 4517 cuncta
3252 4461 3436 4533 plebis
3460 4464 3591 4516 vota
3613 4479 3887 4536 quasque

2143 4515 2204 4588 D
2227 4515 2458 4629 quoquo
2475 4515 2779 4611 sua
2791 4515 2987 4610 sas.
3007 4515 3292 4626 subjecta;
3328 4515 3401 4609 ξεί
3425 4515 3515 4610 ita,
3536 4515 3648 4610 εφέ
3663 4515 3890 4613 1:11;;

2193 4675 2204 4682 -
2219 4649 2444 4722 jejunio
2471 4649 2809 4717 sanctifices,
2825 4653 2888 4704 ut
2916 4667 2950 4704 a
2977 4648 3198 4704 cunctis
3223 4651 3559 4703 mereantur
3584 4649 3720 4704 exui
3739 4666 3893 4722 pec-

2227 4743 2386 4798 catis.
2419 4744 2528 4797 Per
2555 4743 2843 4798 Christum
2875 4743 3210 4798 Dominum.

2404 4860 2572 4915 XLIX.
2605 4875 2766 4916 mssa
2803 4876 2996 4916 rsnrm
3034 4876 3124 4916 ms
3160 4876 3215 4917 IN
3252 4874 3671 4916 ROGATIONIBUS.

2298 4967 2468 5034 Deus,
2498 4983 2672 5039 quem
2697 4967 2884 5021 nullus
2908 4967 3242 5022 mortalium
3268 4983 3487 5034 sensus,
3515 4984 3649 5022 usus
3677 4972 3907 5027 carnis

2229 5093 2297 5148 lis
2317 5093 2562 5148 excitato
2579 5092 2778 5174 ;__quod
2794 5091 3183 5174 _lj3vangeliu.m
3204 5091 3263 5148 in
3287 5095 3482 5174 nqstro
3503 5091 3908 5174 Lectionario

2229 5181 2346 5219 non
2374 5163 2782 5236 praescribitur.
2794 5163 2992 5236 Itaque
3013 5163 3171 5236 varia
3191 5164 3804 5236 eratiEvangeliorum
3831 5169 3910 5224 in

2229 5233 2468 5310 diversis
2511 5233 2818 5310 provinciis
2863 5233 3055 5310 lectio,
3101 5233 3236 5290 licet
3280 5235 3438 5290 idem
3471 5233 3622 5290 esset
3650 5236 3912 5310 ubique

2230 5304 2546 5362 Galliarum
2575 5304 2716 5359 ordo
2739 5321 2804 5359 ac
2833 5305 2995 5360 ritus.

2301 5377 2330 5416 δ
2364 5376 2506 5456 Hinc
2541 5375 2852 5457 probatur,-
2867 5375 3024 5457 quod
3045 5376 3104 5431 in
3135 5376 3232 5431 lib.
3272 5393 3310 5430 ιι
3347 5394 3415 5457 ex
3448 5377 3914 5457 Gregorio_'_l‘u-

2230 5446 2465 5522 ronensi
2497 5446 2764 5522 episcopo
2797 5446 3066 5522 diximus,
3100 5464 3329 5503 crucem
3371 5447 3429 5502 in
3470 5446 3920 5522 his'supplica-

2229 5517 2484 5589 tionibus
2508 5516 2682 5589 fuisse
2693 5516 3033 5589 'prtelatam.

2299 5601 2322 5630 ο
2347 5588 2544 5643 Avitus
2562 5588 2626 5661 in
2647 5588 2928 5661 sermone
2941 5588 3021 5661 Ade
3049 5590 3465 5661 Rogationibus
3497 5589 3598 5657 ait,
3629 5590 3926 5651 Mamer-

2231 5661 2356 5714 tum
2385 5679 2414 5708 «
2443 5675 2575 5734 cum
2600 5659 2719 5715 Deo
2758 5659 3089 5734 (deﬁniisse)
3119 5659 3401 5734 quidquid
3427 5661 3602 5717 hodie
3627 5662 3924 5721 Psalmis

2232 5746 2297 5785 ac
2328 5722 2591 5801 precibus
2622 5722 2877 5788 mundus
2901 5722 3198 5788 inclamat.
3233 5753 3262 5784 »
