4054 6188
184 227 303 281 289

1275 219 1362 282 DE
1399 227 1714 283 LITURGIA
1748 226 2118 284 GALLICANA
2157 226 2355 284 LIBER
2391 226 2480 284 ΙΙΙ.

3474 231 3577 288 290

181 337 487 392 inlecebra
520 343 925 411 praegravatus,
964 339 1074 394 nisi
1118 357 1151 394 a
1187 345 1242 395 te
1272 340 1478 412 jejunii
1521 340 1840 412 expiatione
1861 353 1918 425 Α
1941 341 2224 408 omnibus,
2263 357 2608 413 quaesumus,
2638 340 3012 413 benedictam,
3042 336 3363 415 ascriptam.
3392 347 3462 400 Et
3489 360 3575 399 re-

182 432 375 486 fuerit
399 432 756 502 inlustratus,
777 434 1056 506 agnoscit,
1084 435 1229 505 pelle
1248 435 1316 489 de
1346 434 1611 489 cordibus
1636 435 1842 491 nostris

180 542 329 580 cum
359 526 704 582 abstinentia
727 528 954 583 turbam
979 528 1245 582 vitiorum
1261 529 1329 582 de
1349 528 1618 599 ingluvie
1645 529 1843 584 saturi-

183 623 306 673 tate
352 620 736 692 gignentium,
765 626 831 676 ut
857 639 1000 693 pura
1027 621 1127 676 tibi
1154 621 1358 676 serviat
1383 622 1552 676 etiam
1582 626 1712 693 post
1739 639 1838 676 ex-

178 717 388 767 actum
407 714 726 785 jujunium,
755 732 927 787 quam
944 720 1008 770 .tu
1037 715 1316 787 propitius
1340 715 1658 785 donaveris,
1681 717 1840 770 devo-

177 805 263 861 tio
294 808 587 863 novitatis.
617 810 742 864 Per.

883 879 1153 930 Collectio.

251 958 392 1012 Iam
420 959 480 1012 in
505 959 752 1013 triduani
771 959 980 1030 jejunii
1006 961 1118 1016 fine
1145 961 1426 1028 conclusa,
1458 961 1839 1016 sinceritatem

179 1057 376 1118 tuam,
441 1053 703 1122 Domine,
751 1053 1124 1124 deprecamur
1161 1055 1220 1108 in
1267 1054 1570 1109 visceribus
1612 1055 1836 1122 nostris,

177 1145 578 1200 maceratione
592 1146 669 1216 jej
681 1146 797 1199 unii
832 1147 1089 1215 adﬂictis,
1109 1148 1372 1203 advenire
1392 1166 1408 1218 ;
1440 1153 1495 1202 et
1515 1154 1578 1203 ut
1605 1149 1672 1203 de
1699 1148 1840 1203 atria

177 1247 286 1298 tua
317 1249 518 1297 sancta
545 1244 810 1299 exaudias
841 1251 1158 1316 peccatores
1187 1245 1246 1300 in
1276 1246 1536 1318 squalore
1576 1245 1836 1301 miseria-

177 1353 324 1391 rum
370 1337 625 1408 jacentes
665 1355 966 1409 rogamus;
1006 1344 1067 1393 ut
1105 1339 1201 1393 des
1239 1339 1401 1394 nobis
1442 1339 1662 1394 fontem
1706 1357 1836 1412 gra-

179 1431 412 1485 tiarum
459 1437 717 1500 tuarum,
761 1437 817 1486 et
845 1433 1058 1502 pandas
1098 1432 1204 1486 iter
1237 1451 1350 1504 quo
1388 1438 1513 1504 post
1553 1433 1836 1504 jejunium

180 1540 457 1578 escarum
481 1524 790 1578 carnalium
817 1525 934 1579 itur
958 1525 1028 1579 ad
1055 1525 1418 1582 refectionem
1444 1543 1666 1598 pascua:
1697 1543 1839 1582 sem-

180 1619 507 1688 piternam.
537 1621 662 1673 Per.

823 1690 946 1738 Post
968 1688 1198 1739 nomina.

253 1770 679 1840 Jejunantium,
703 1769 957 1839 Domine,
987 1786 1334 1841 quaesumus,
1366 1771 1687 1842 supplicum
1708 1776 1834 1827 vota

182 1864 478 1934 propitius
503 1864 758 1932 intuere;
790 1868 845 1918 et
872 1880 1109 1918 munera
1134 1864 1436 1935 przesentia
1461 1865 1831 1934 sanctificans,

183 1971 288 2028 per
318 1957 752 2027 perceptionem
783 1972 983 2010 eorum
1010 1956 1224 2010 occulta
1253 1957 1434 2011 cordis
1465 1958 1641 2012 nostri
1660 1974 1836 2012 reme-

185 2049 279 2103 dia
332 2055 452 2104 tuae
495 2049 732 2103 clariﬁca
776 2049 1003 2120 pietatis
1046 2067 1058 2103 :
1105 2055 1170 2104 ut
1220 2066 1389 2120 opera
1431 2051 1677 2104 carnalia
1733 2068 1836 2106 nec

183 2145 342 2197 ﬂuxa
392 2160 498 2198 nos
536 2148 783 2212 teneant,
827 2160 968 2215 quos
1010 2143 1302 2198 institutor
1329 2142 1533 2215 jejunii
1585 2143 1836 2200 Christus

185 2239 478 2309 reparavit
508 2236 852 2309 redemptor.
882 2238 1006 2292 Per.

866 2330 941 2380 Ad
968 2343 1171 2380 pacem.

866 2345 941 2380 Λα
1006 2345 1171 2380 acem.

262 2413 438 2481 Deus,
497 2410 596 2484 qui
645 2345 1141 2483 intemperaﬁtiam
1181 2409 1484 2466 saturitatis
1518 2415 1630 2464 tute
1673 2410 1836 2464 absti-

189 2505 408 2559 nentiae.
459 2505 808 2560 dedicatione
840 2505 1137 2576 superasti,
1160 2509 1216 2558 et
1241 2503 1551 2576 puritatem
1579 2503 1834 2557 castimo-

191 2598 323 2664 niae,
353 2603 420 2651 ut
447 2598 824 2669 cognoscaris,
855 2597 1084 2666 dedisti;
1133 2612 1364 2652 serenus
1405 2613 1507 2650 nos
1542 2601 1640 2650 tuo
1682 2596 1837 2650 vultu

191 2691 588 2762 circumspice,
617 2696 673 2744 et
691 2691 1078 2761 jejunantibus
1105 2707 1299 2762 pacem
1325 2689 1570 2760 proximi
1599 2695 1653 2744 et
1680 2694 1837 2743 tuam

191 2783 454 2855 largiaris
471 2803 487 2853 ;
531 2799 706 2854 quam
744 2784 815 2838 ad
841 2784 1063 2838 Patrem
1091 2785 1415 2853 ascendens,
1675 2783 1835 2837 nobis

192 2876 478 2950 reliquisti
508 2877 851 2932 sectandam.
882 2879 1005 2932 Per.

853 2969 1161 3020 Immolalio.

263 3051 404 3105 Vere
443 3051 685 3122 dignum
718 3056 773 3106 et
799 3052 1019 3122 justum
1065 3057 1165 3121 est,
1197 3052 1442 3124 satisque
1474 3055 1558 3106 est
1595 3050 1834 3122 dignum

191 3150 247 3201 te
303 3145 493 3200 solum
521 3164 553 3199 a
577 3146 966 3217 jejunantibus
1005 3162 1280 3218 quaerere,
1325 3146 1424 3218 qui
1468 3162 1526 3202 es
1561 3144 1834 3216 magister

192 3239 577 3308 abstinentiae,
624 3245 680 3294 et
726 3239 1087 3294 continentiae
1132 3244 1526 3295 remunerator
1576 3245 1828 3294 aeterne:

195 3335 408 3406 quique
435 3351 468 3386 a
479 3334 558 3404 jej
567 3333 888 3403 unantibus,
908 3334 1072 3388 ﬁdele
1087 3338 1306 3388 tantum
1326 3334 1492 3388 corde
1508 3350 1574 3388 ex
1579 3337 1830 3405 poscant,

197 3427 475 3499 abstergis
502 3444 731 3482 omnem
749 3427 1050 3497 maculam,
1080 3445 1251 3499 quam
1278 3429 1536 3482 saturitas
1554 3427 1836 3482 contrahit

198 3521 486 3577 indecens.
519 3522 629 3575 Hoc
661 3520 850 3592 itaque
878 3526 1132 3576 sanctum
1165 3521 1451 3592 jejunium
1483 3521 1547 3574 in
1580 3521 1835 3575 Leviticis

195 3616 449 3686 apicibus
479 3633 582 3687 per
604 3615 886 3669 famulum
908 3619 1073 3669 tuum
1116 3616 1339 3686 Moysen
1382 3614 1694 3669 evidentius
1732 3614 1830 3668 de-

199 3709 419 3763 clarasti
463 3726 474 3764 :
525 3709 586 3763 in
627 3726 738 3780 quo
769 3709 985 3788 jussisti
1027 3713 1087 3763 ut
1132 3708 1565 3762 humiliaremus
1617 3707 1835 3761 animas

196 3809 436 3870 nostras,
465 3820 538 3858 ne
569 3802 1101 3871 exterminaremur,
1131 3802 1274 3856 sicut
1311 3818 1406 3855 esu
1437 3802 1583 3873 gulae
1614 3801 1834 3855 deditus

196 3897 442 3969 pOpulus
471 3897 902 3952 exterminatur.
939 3896 1095 3961 Quod
1127 3895 1295 3950 etiam
1319 3895 1482 3950 nobis
1502 3895 1835 3966 Unigenitus

197 3994 328 4044 tuus
360 3990 438 4045 ita
464 3991 832 4045 sanctiﬁcavit
866 3990 1176 4061 implendo,
1206 3995 1260 4044 et
1279 3995 1343 4044 ut
1368 4006 1612 4061 regnum
1640 3989 1830 4060 perdi-

196 4088 317 4138 tum
341 4100 440 4155 per
447 4084 735 4154 jejunium
758 4084 1049 4154 panderet,
1070 4089 1126 4138 et
1142 4084 1383 4154 peccatis
1406 4084 1629 4139 veniam
1652 4083 1830 4138 daret.

197 4177 264 4232 Et
287 4177 418 4232 ideo
462 4193 588 4250 qum
629 4177 924 4232 instituisti
963 4177 1183 4248 jejunia
1231 4177 1448 4249 suscipe
1484 4176 1688 4244 libens,
1733 4193 1835 4247 per

197 4287 262 4326 ea
290 4288 452 4326 nosa
496 4271 744 4326 reatibus
788 4271 1002 4326 cunctis
1046 4271 1358 4340 absolvens,
1401 4287 1504 4343 per
1548 4269 1832 4325 Christum

200 4366 505 4420 Dominum
533 4369 810 4420 nostrum.

267 4463 393 4516 Post
417 4461 649 4516 Sanctus
667 4476 768 4530 per
798 4464 938 4514 totas
966 4463 1070 4514 tres
1096 4461 1285 4514 missas
1314 4459 1452 4513 dicis
1483 4478 1498 4512 :

269 4555 424 4609 Hanc
448 4555 623 4626 igitur
648 4554 989 4608 oblationem
1016 4553 1247 4607 familia:
1276 4557 1389 4607 tuae
1412 4552 1515 4607 tibi
1543 4551 1832 4620 adstantis,

202 4663 448 4719 quorum
472 4648 574 4703 tibi
598 4649 734 4703 ﬁdes
762 4649 990 4720 cognita
1013 4652 1116 4715 est,
1147 4652 1204 4701 et
1229 4652 1363 4702 nota
1389 4645 1628 4715 devotio,
1665 4661 1836 4716 quam

203 4743 301 4796 tibi
325 4743 572 4797 oﬂ'erunt
607 4759 710 4814 pro
745 4742 1038 4797 devotione
1073 4741 1395 4795 animorum
1432 4756 1688 4808 suorum,
1734 4755 1836 4810 pro

202 4851 449 4908 quorum
468 4836 568 4891 tibi
591 4835 809 4908 placitis
837 4835 1126 4891 desideriis
1165 4833 1571 4906 supplicamus,
1618 4849 1838 4888 memor

203 4945 318 4985 esse
359 4930 617 5001 dignare,
673 4929 926 5000 Domine,
974 4934 1160 4985 sancte
1198 4930 1380 4996 Pater,
1419 4933 1628 4983 aeterne
1669 4927 1833 4996 Deus,

205 5023 262 5078 in
286 5024 486 5079 diebus
508 5024 859 5096 jejuniorum
886 5024 1160 5095 ipsorum,
1193 5027 1258 5077 ut
1281 5040 1314 5076 a
1338 5022 1552 5076 cunctis
1581 5037 1674 5076 eos
1703 5037 1834 5091 pec-

205 5119 338 5173 catis
363 5118 668 5191 abstergas,
699 5123 754 5173 et
777 5118 1068 5174 residuum
1086 5116 1376 5188 temporis,
1407 5132 1520 5186 quo
1541 5115 1620 5169 eis
1645 5113 1838 5167 alimo-

206 5212 435 5268 nierum
459 5213 744 5285 perceptio
773 5212 1128 5281 concedetur,
1167 5211 1242 5266 ita
1268 5227 1362 5266 eos
1391 5223 1721 5264 conservare
1750 5207 1836 5262 di-

210 5308 417 5378 gneris,
447 5313 506 5362 ut
534 5307 779 5362 sobriam
807 5307 978 5361 vitam
1006 5305 1294 5375 habentes,
1330 5321 1447 5359 non
1485 5303 1839 5357 involvantur

206 5407 558 5473 peccatorum
588 5401 799 5473 laqueis
825 5403 894 5456 ab
916 5399 1096 5472 epulis
1122 5397 1392 5465 excitatis,
1419 5413 1520 5468 per
1551 5394 1837 5450 Christum

151 5499 179 5538 κ
209 5493 509 5552 Dominum
561 5502 841 5552 nostrum.
884 5495 1065 5559 Quam
1102 5492 1446 5548 oblationem
1492 5495 1556 5546 tu
1599 5489 1745 5544 Deus
1779 5489 1838 5544 in

274 5644 298 5714 ξ
335 5643 461 5697 Herc
504 5641 788 5714 particula
816 5653 955 5696 nunc
999 5637 1208 5712 passim
1247 5635 1495 5692 occurrit
1531 5633 1589 5688 iu
1636 5633 1839 5691 Missali

213 5711 502 5769 Gallicano.

280 5786 365 5841 Sic
395 5786 452 5842 in
487 5785 719 5840 vetustis
745 5783 869 5838 aliis
897 5783 1020 5839 Mss.
1059 5783 1118 5838 in
1157 5782 1397 5838 Coﬂecta
1444 5795 1543 5835 seu
1587 5780 1838 5835 oratione

1857 1728 1912 1798 B

1944 436 2116 505 liqua.

1941 542 2002 596 [Α.
2047 558 2442 599 COLLECTIONES
2480 561 2535 598 IN
2586 560 2980 601 ROGATIONIBUS
3032 561 3132 601 PER
3176 561 3400 601 DIVERSA
3444 561 3578 602 LOCA

2593 631 2935 672 SANCTORL'M.

2421 706 2477 752 In
2503 709 2684 754 sancto
2715 706 2867 754 Petro
2893 719 3032 754 nunc
3048 706 3094 752 ⁸.

2013 778 2157 831 Deus
2178 778 2463 849 refugium
2477 796 2812 850 pauperum,
2830 797 2954 851 spes
2971 779 3298 849 humilium,
3313 781 3574 853 salusque

1940 868 2298 938 miserorum,
2341 871 2751 928 interveniente
2775 890 2878 944 pro
2906 873 3069 927 nobis
3095 873 3418 928 beatissimo
3447 874 3572 929 fun-

1940 962 2133 1017 datore
2161 964 2418 1019 Ecclesiae
2445 970 2554 1021 tuae
2580 967 2764 1033 Petro,
2793 967 3225 1037 supplicationes
3253 967 3574 1039 supplicum

1938 1061 2169 1111 tuorum
2189 1057 2246 1112 in
2276 1059 2364 1114 die
2389 1060 2637 1113 triduani
2660 1060 2832 1130 hujus
2851 1060 3056 1130 jejunii
3076 1062 3383 1117 clementer
3409 1078 3576 1116 exau-

1941 1149 2027 1218 di;
2070 1155 2127 1205 et
2163 1153 2629 1224 tranquillitatem
2671 1171 2704 1207 a
2747 1153 2895 1208 vitiis
2936 1154 3147 1225 pariter
3209 1159 3265 1210 et
3318 1155 3573 1210 hostibus

1939 1244 2146 1298 nostris
2166 1247 2408 1301 concede
2435 1247 2804 1318 temporibus,
2836 1252 2901 1302 ut
2939 1263 3080 1318 quos
3110 1247 3335 1318 justitia
3374 1249 3571 1320 ﬂagel-

1938 1337 2123 1392 lorum
2150 1343 2377 1393 tuorum
2392 1341 2544 1410 juste
2558 1340 2742 1395 facere
2765 1345 2948 1412 potest
2963 1357 3081 1395 esse
3109 1341 3378 1410 adﬂictos,
3400 1342 3576 1397 abun-

1939 1431 2127 1486 dantia
2155 1433 2551 1489 misericordia:
2581 1439 2708 1505 tuae,
2738 1435 2859 1506 ipso
2879 1435 3042 1490 beato
3073 1436 3236 1490 Petro
3264 1435 3570 1504 obtinente,

1937 1525 2104 1580 faciat
2133 1527 2464 1582 consolatos.
2488 1531 2610 1584 Per.

2653 1635 2880 1669 OIIECUO.

2653 1635 2682 1669 ο
2812 1637 2880 1669 ι.

2008 1695 2372 1766 Omnipotens
2417 1623 2978 1766 sempitirlifadgeus,
3037 1697 3134 1768 qui
3194 1697 3354 1753 beato
3411 1699 3575 1754 Petro

1935 1789 2203 1858 apostolo,
2250 1789 2484 1844 conlatis
2527 1790 2772 1844 clavibus
2811 1789 2975 1861 regni
3004 1791 3258 1860 caelestis,
3293 1791 3510 1846 animas
3551 1793 3576 1832 δ

1935 1881 2150 1952 ligandi
2175 1887 2344 1953 atque
2375 1883 2624 1937 solvendi
2653 1881 2841 1955 267
2876 1884 3228 1954 pontificium
3273 1886 3574 1953 tradidisti,

1937 1976 2141 2029 exaudi
2166 1975 2444 2047 propitius
2468 1993 2662 2047 preces
2690 1981 2908 2030 nostras
2935 1977 2994 2030 in
3025 1977 3114 2031 die
3135 1977 3340 2048 jejunii
3377 1978 3570 2049 hujus,

1937 2072 1994 2122 et
2034 2068 2433 2123 intercessione
2478 2069 2619 2139 ejus,
2656 2087 3002 2140 quaesumus,
3044 2075 3109 2125 ut
3146 2087 3179 2124 a
3213 2076 3571 2141 peccatorum

1936 2167 2260 2217 nostrorum
2285 2162 2523 2216 nexibus
2549 2163 2876 2218 liberemur.
2910 2165 3034 2218 Per.

2394 2255 2643 2306 Collectio
2664 2255 2718 2305 in
2743 2261 2921 2306 sancto
2949 2257 3124 2306 Paulo.

2009 2331 2163 2398 Vide,
2195 2331 2447 2398 Domine,
2489 2348 2834 2402 quaesumus,
2864 2331 3254 2387 inﬁrmitatem
3284 2337 3570 2404 nostram;

1938 2429 1994 2480 et
2023 2424 2080 2478 in
2098 2424 2294 2478 diebus
2313 2425 2666 2496 jejuniorum
2705 2425 2964 2492 istorum,
3009 2443 3150 2498 quos
3188 2426 3338 2482 trina
3374 2443 3570 2483 conse-

1937 2518 2110 2573 cratio
2154 2517 2303 2572 trino
2349 2536 2589 2573 numero
2648 2519 2780 2574 facit
2825 2525 3100 2589 extensos,
3165 2521 3574 2577 interveniente

1935 2613 2099 2666 beato
2135 2613 2384 2682 apostolo
2419 2618 2516 2668 tuo
2551 2614 2742 2680 Paulo,
2778 2614 2959 2667 celere
2994 2615 3154 2668 nobis
3192 2615 3402 2685 pietate
3443 2631 3570 2669 suc-

1937 2717 2100 2760 Curre
2124 2725 2137 2760 :
2179 2711 2244 2760 ut
2271 2722 2411 2776 quos
2429 2706 2652 2777 justitia
2679 2706 2932 2778 corripis,
2964 2707 3344 2762 misericordia
3368 2724 3566 2762 conso-

1936 2799 2086 2854 leris.
2114 2801 2239 2854 Per.

2546 2870 2674 2919 Item
2701 2869 2960 2920 collectio.

2007 2945 2242 3015 Exaudi,
2276 2945 2507 3001 Domine
2535 2963 2880 3018 quaesumus,
2913 2945 3190 3018 gemitum
3215 2950 3477 3002 nostrum
3511 2948 3571 3003 in

1936 3039 2132 3096 diebus
2163 3040 2515 3112 jejuniorum
2554 3040 2704 3096 trino
2742 3057 2984 3096 numero
3023 3041 3281 3096 Trinitati
3318 3047 3563 3097 sacrato-

1856 3099 1908 3172 C
1935 3151 2094 3203 rum;
2124 3099 2603 3190 et‘intercedente
2638 3135 2801 3190 beato
2843 3135 3016 3190 Paulo
3058 3136 3331 3207 magistro
3375 3141 3569 3192 nostro

1932 3234 2101 3300 atque
2138 3229 2382 3299 doctore,
2431 3246 2776 3300 quaesumus,
2821 3247 2893 3284 ne
2932 3230 3083 3301 apud
3129 3236 3184 3285 te
3227 3229 3353 3300 plus
3393 3230 3573 3285 valeat

1935 3322 2168 3377 oﬂ'ensio
2195 3321 2671 3392 delinquentium,
2703 3338 2876 3392 quam
2902 3322 3187 3377 miseratio
3208 3327 3324 3391 tua,
3349 3339 3573 3393 semper

1934 3415 2395 3472 indulta‘tletibus
2415 3415 2876 3485 supplicantium.
2904 3417 3029 3470 Per.

2373 3504 2544 3554 Oratio
2570 3504 2622 3552 in
2647 3509 2826 3554 sancto
2852 3505 3131 3567 Stephano.

2004 3583 2230 3650 Praesta,
2249 3596 2596 3652 quaesumus,
2617 3580 2973 3650 omnipotens
2999 3585 3055 3635 et
3074 3580 3390 3636 misericors
3401 3581 3566 3652 Deus,

1935 3680 1998 3730 ut
2015 3675 2302 3746 fragilitati
2330 3679 2536 3730 nostra:
2561 3673 2798 3728 adﬂictae
2823 3674 2884 3729 in
2911 3674 3108 3730 diebus
3143 3676 3380 3730 istorum
3411 3675 3566 3747 jeju—

1933 3769 2159 3824 niorum
2197 3769 2532 3840 magniﬁcus
2559 3769 2724 3824 levita
2744 3785 2807 3822 ac
2837 3769 3034 3824 beatus
3058 3769 3378 3841 Stephanus
3404 3770 3568 3825 auxi-

1932 3864 2072 3918 lium
2095 3863 2521 3918 interventionis
2547 3863 2844 3918 exhibeat:
2872 3864 2971 3935 qui
2996 3863 3244 3920 imitator
3271 3865 3568 3920 dominicae

1933 3959 2206 4030 passionis
2240 3963 2297 4013 et
2319 3958 2564 4029 pietatis,
2596 3958 2817 4030 primus
2844 3957 2903 4012 in
2931 3975 3128 4014 cruore
3157 3959 3414 4031 martyrii
3442 3959 3565 4015 eni-

1933 4053 2075 4123 tuit;
2120 4059 2176 4108 et
2211 4070 2435 4126 semper
2478 4053 2549 4107 sit
2585 4053 2868 4124 perfectus
2903 4052 3258 4124 suffragator,
3291 4057 3480 4125 atque,
3511 4058 3566 4109 te

1933 4147 2293 4219 concedente,
2325 4152 2620 4220 promptus
2649 4148 2890 4218 adjutor.
2922 4149 3043 4202 Per.

2541 4241 2669 4289 Item
2696 4239 2955 4288 collectio.

2006 4317 2202 4372 Preces
2240 4320 2460 4370 nostras
2505 4314 2564 4368 in
2609 4314 2716 4367 hoc
2743 4313 2964 4383 jejunio
3005 4316 3310 4383 protentas,
3341 4328 3567 4384 quaesu-

1934 4427 2083 4477 mus,
2112 4409 2369 4478 Domine,
2398 4407 2545 4461 beati
2571 4406 2752 4460 levita:
2778 4410 2835 4459 et
2872 4405 3137 4476 martyris
3177 4405 3261 4459 tui
3299 4406 3569 4478 Stephani

1936 4508 2311 4578 prosequatur
2347 4500 2554 4568 oratio;
2589 4505 2644 4554 et
2666 4504 2731 4554 ut
2749 4498 2894 4553 adsit
2931 4499 3094 4554 nobis
3131 4499 3368 4556 adﬂictis
3402 4501 3568 4558 mise-

1936 4598 2179 4654 ricordia
2202 4601 2318 4665 tua,
2353 4595 2474 4666 ejus
2498 4592 2758 4664 precibus
2785 4593 3140 4664 adjuvemur.
3171 4596 3295 4650 Per.

2391 4687 2563 4738 Oratio
2591 4687 2644 4736 in
2669 4691 2848 4737 sancto
2878 4688 3114 4738 Martino.

2009 4767 2238 4838 Porrige
2294 4764 2582 4818 dexteram
2631 4767 2821 4833 tuam,
2883 4779 3239 4834 quaesumus,
3294 4763 3565 4835 Domine,

1935 4861 2088 4934 plebi
2115 4865 2250 4927 tuae,
2280 4859 2339 4913 in
2368 4859 2456 4913 die
2476 4857 2828 4928 jejuniorum
2858 4873 3090 4911 suorum
3124 4857 3568 4913 misericordiam

1936 4953 2274 5027 postulanti;
2318 4957 2401 5020 ut,
2446 4952 2829 5007 intercedente
2858 4951 3021 5006 beato
3047 4951 3302 5021 Martino,
3325 4956 3570 5008 terrores

1936 5049 2299 5104 imminentes
2331 5047 2697 5115 declinemus,
2727 5050 2783 5100 et
2829 5045 3024 5099 solatia
3066 5045 3194 5099 vitae
3231 5045 3567 5102 immortali-

1937 5143 2067 5199 tatis
2091 5142 2448 5214 accipiamus,
2479 5146 2534 5196 et
2568 5139 2911 5211 sempiterna
2952 5139 3158 5210 gaudia
3203 5141 3570 5212 comprehen-

1938 5239 2158 5294 damus.
2189 5237 2314 5292 Per.

2620 5305 2746 5353 Item
2773 5304 2890 5354 alia.

2009 5388 2156 5441 Deus
2182 5389 2379 5439 auctor
2395 5381 2623 5454 jejunii,
2652 5381 2943 5436 institutor
2967 5382 3345 5450 abstinentiae,
3374 5381 3468 5454 qui
3489 5381 3572 5454 je—

1931 5481 2083 5554 junii
2105 5480 2348 5535 formam
2373 5475 2772 5548 complectens,
2797 5476 3128 5532 submovisti
3154 5477 3464 5549 ingluviem
3488 5490 3573 5528 sa—

1939 5626 2008 5681 de
2040 5627 2234 5709 sancto
2267 5625 2450 5707 Petro,
2484 5620 2585 5709 ubi
2627 5621 2796 5678 modo
2828 5622 3042 5696 legitur
3085 5619 3332 5676 absolute
3359 5611 3581 5688 ligandi

1940 5708 2143 5754 01111558
2163 5712 2296 5754 VOCQ
2326 5708 2538 5751 animas
2547 5735 2558 5748 .
