4032 6180
465 287 564 346 291
1258 281 1590 342 APPENDIX
1625 279 1714 340 AD
1749 281 1972 341 ΟΡΕΒΑ
2005 281 2240 343 SANCTI
2275 283 2574 344 GERMANI
2610 283 3034 344 PARISIENSIS.
3727 287 3854 342 292

465 391 731 462 inritatis,
761 395 828 450 ut
854 391 915 450 in
940 391 1104 450 nobis
1133 393 1479 449 castimoniae
1499 391 1769 448 sobrietas
1795 399 2098 464 regnaret;
2123 407 2182 482 Α
2205 393 2398 467 gloriae
2423 400 2554 463 tuas,
2583 394 2852 468 sedetque
2875 395 2945 450 ad
2972 395 3262 450 dexteram
3289 395 3468 462 tuam,
3489 393 3854 464 promissum

467 489 704 560 respice,
737 487 991 556 Domine,
1029 485 1307 559 propitius
1341 502 1511 558 super
1535 486 1638 540 hos
1657 487 1934 558 supplices
1953 491 2100 558 tuos,
2205 493 2464 544 sanctum
2491 487 2766 559 Spiritum
2789 488 2852 542 in
2875 487 3021 542 ﬁlios
3057 486 3376 560 adoptionis
3417 486 3635 543 eﬂ‘udit.
3681 487 3855 543 Unde

461 581 684 656 jejunio
727 581 1006 636 triduanis
1045 579 1398 634 abstinentiae
1429 585 1722 650 vacantes;
1767 585 1825 636 et
1863 580 2104 636 interce-

469 675 636 731 dente
679 690 900 728 summo
941 673 1062 726 viro
1113 673 1276 728 beato
1327 673 1587 740 Martino,
1645 673 1884 744 gratiam
1949 679 2106 729 tuam

467 767 877 824 benedictionis
903 771 1016 821 tute
1043 767 1206 821 nobis
1235 767 1498 822 omnibus
1524 767 1596 821 ab
1617 783 1684 822 eo
1723 771 1986 822 exoratus
2025 767 2109 822 in-

468 862 672 931 funde;
701 866 766 916 ut
795 859 941 915 sicut
969 859 1076 914 hoc
1097 860 1382 932 jejunium
1413 860 1484 915 ad
1509 861 1692 915 cultus
1717 859 1804 916 tui
1843 861 2108 916 timorem

468 955 835 1010 constitutum
865 953 1038 1009 vincit
1077 954 1389 1025 ingluviem
1435 955 1600 1026 gulae,
1629 953 1708 1008 ita
1745 953 2108 1009 inluminatio

466 1052 564 1104 tua
603 1049 666 1103 in
694 1047 950 1103 sensibus
1003 1047 1211 1103 nostris
1255 1053 1482 1120 superet
1513 1063 1742 1104 omnem
1781 1051 2106 1103 nostrorum

465 1141 728 1198 fomitem
752 1143 1018 1197 vitiorum
1030 1184 1042 1196 .
1073 1143 1197 1198 Per.

917 1235 1090 1284 Oratio
1115 1235 1168 1285 in
1195 1238 1374 1286 sancto
1398 1234 1666 1299 Gregorio.

537 1321 908 1393 Omnipotens
953 1321 1294 1392 sempiterne
1337 1321 1506 1390 Deus,
1561 1318 1755 1394 268
1794 1319 2009 1391 jejuni,
2041 1321 2108 1376 de

467 1415 582 1472 tuis
619 1417 790 1471 etiam
829 1413 989 1470 donis
1031 1414 1234 1484 satiati,
1287 1415 1376 1470 vel
1422 1413 1675 1487 qualibet
1733 1414 2108 1469 maceratione

471 1509 732 1580 confecti,
781 1507 1132 1580 majestatem
1167 1512 1324 1564 tuam
1365 1509 1646 1580 supplices
1679 1523 1997 1577 exoramus,
2045 1511 2110 1562 ut

470 1604 720 1676 expulsis
757 1603 826 1658 de
848 1603 1110 1658 cordidus
1135 1603 1340 1658 nostris
1368 1606 1728 1674 peccatorum
1753 1601 2022 1670 tenebris,
2049 1602 2108 1656 in

471 1699 560 1754 die
589 1697 694 1753 hac
711 1697 936 1770 jejunii,
967 1697 1350 1752 intercedente
1375 1713 1598 1751 summo
1627 1696 1876 1751 antistite
1917 1698 2110 1750 nostro

2205 583 2460 638 laetantes
2483 583 2634 638 inter
2661 581 2856 636 altaria
2891 585 3006 651 tua,
3055 581 3286 636 Domine
3326 579 3518 653 269
3547 580 3856 650 virtutem,

2206 675 2416 732 hostias
2437 676 2540 732 tibi
2563 675 2746 732 laudis
2770 675 3059 732 offerimus
3083 692 3216 731 cum
3255 675 3472 748 angelis
3512 677 3570 730 et
3607 674 3860 730 archan-

2209 769 2365 842 gelis,
2398 787 2502 842 per
2525 769 2811 826 Christum
2837 770 3162 826 Dominum.

2435 877 2542 932 Lll.
2575 894 2726 932 mssa
2754 894 2812 933 uv
2837 895 2926 932 nm
2950 893 3146 932 SANCTO
3166 876 3194 918 δ
3219 891 3609 932 PENTECOSTEN.

2277 977 2443 1046 Deus,
2471 976 2830 1030 inluminatio
2856 981 2913 1031 et
2949 975 3060 1030 vita
3103 974 3475 1042 credentium,
3513 973 3674 1046 cujus
3713 989 3853 1029 mu-

2207 1086 2412 1126 nerum
2440 1069 2740 1125 ineifabilis
2765 1069 3098 1142 magnitudo
3119 1069 3407 1123 hodierna:
3427 1067 3750 1122 festivitatis
3773 1072 3860 1126 te-

2207 1163 2470 1220 stimonio
2494 1163 2830 1233 celebratur,
2859 1163 2929 1218 da
2949 1163 3175 1236 p0pulis
3195 1162 3308 1217 tuis
3327 1177 3526 1234 capere
3551 1159 3858 1216 intellectu

2208 1259 2358 1331 quod
2402 1257 2648 1313 didicere
2701 1257 2994 1326 miraculo,
3037 1261 3102 1312 ut
3145 1255 3392 1328 adoptio,
3438 1271 3612 1327 quam
3647 1255 3711 1310 in
3757 1269 3856 1310 eos

2209 1352 2448 1424 Spiritus
2475 1357 2698 1407 sanctus
2725 1351 3029 1420 advocavit,
3073 1349 3214 1405 nihil
3254 1350 3314 1404 in
3359 1347 3655 1404 dilectione
3695 1347 3854 1420 tepi-

2209 1445 2366 1518 dum,
2397 1445 2540 1500 nihil
2565 1445 2770 1500 habeat
2795 1445 2856 1499 in
2881 1443 3230 1500 confessione
3250 1443 3555 1499 diversum.
3583 1443 3711 1498 Per.

2893 1542 3161 1592 Collectio.

2279 1623 2486 1680 Mentes
2533 1627 2783 1693 nostras,
2837 1637 3163 1695 quaesumus
3206 1621 3474 1690 Domine,
3535 1620 3852 1676 Paraclitus

2207 1717 2466 1788 Spiritus,
2505 1717 2604 1788 qui
2647 1717 2714 1771 de
2739 1721 2793 1772 te
2825 1716 3100 1788 procedit,
3120 1715 3457 1784 inluminet;
3489 1719 3547 1770 et
3570 1713 3642 1768 ad
3673 1729 3857 1769 omne

471 1797 528 1848 et
555 1791 876 1847 divinorum
903 1789 1302 1861 mysteriorum
1340 1805 1542 1862 capacc
1563 1791 1855 1862 Gregorio,
1906 1788 1976 1843 ad
2017 1781 2183 1854 ve-B
2207 1781 2348 1882 οξηιε
2387 1781 2604 1866 ωηιξη
2641 1781 2930 1882 Ρθτάηξεη,
2984 1781 3130 1864 sic,“
3171 1807 3332 1864 nobis
3368 1781 3632 1880 pr'omisit
3669 1806 3856 1862 Filius

471 1901 592 1940 ram
641 1883 847 1954 lucem,
901 1899 1030 1955 quae
1075 1882 1326 1938 Christus
1383 1889 1485 1955 est,
1535 1901 1636 1940 nos
1685 1883 1852 1938 facias
1903 1897 2104 1954 perve-

469 1979 614 2034 nire.

1159 2047 1428 2099 Collectio.

542 2135 911 2208 Omnipotens
938 2134 1282 2206 sempiterna
1325 2132 1491 2202 Dens,
1533 2139 1692 2202 cujus
1717 2133 1882 2205 jussu
1917 2149 2048 2188 caro
2075 2149 2108 2187 a

471 2229 850 2302 voluptatibus
879 2229 1086 2301 jejunii
1108 2227 1487 2283 maceratione
1520 2226 1904 2298 restringitur,
1933 2232 1991 2282 et
2017 2227 2108 2282 Sa-

471 2329 653 2380 torem
677 2340 842 2378 suum
872 2339 1000 2378 caro
1037 2327 1252 2391 nostra,
1289 2337 1394 2394 per
1429 2320 1792 2376 sobrietatem
1833 2321 2106 2390 restricta,

473 2415 782 2490 cognoscit,
811 2433 914 2488 per
944 2416 1407 2471 intercessionem
1446 2415 1656 2468 summi
1689 2413 1976 2485 apostolici
2011 2413 2110 2468 Pa-

473 2511 576 2567 tris
599 2511 778 2566 nostri
804 2509 1078 2582 Gregorii,
1107 2509 1170 2564 in
1195 2509 1300 2564 hoc
1319 2507 1542 2580 jejunio
1565 2507 1750 2563 tribue
1772 2507 1988 2563 cunctis
2006 2507 2110 2561 im-

471 2609 818 2665 maculatum
845 2609 904 2662 in
937 2611 992 2663 te
1037 2605 1395 2663 credentibus
1441 2621 1704 2662 exercere
1745 2605 1998 2676 cultum;
2049 2609 2112 2660 ut

474 2703 644 2759 etiam
670 2703 714 2757 si
752 2701 1146 2774 jejunantibus
1193 2701 1326 2756 vitia
1370 2701 1695 2770 succedunt,
1742 2703 1798 2754 et
1845 2699 2112 2755 deserunt

473 2797 726 2866 virtutes,
775 2801 874 2851 tua
915 2811 1050 2868 erga
1095 2811 1209 2864 eos,
1241 2797 1404 2852 Pater
1433 2795 1811 2866 omnipotens,
1860 2793 2112 2848 custodia

471 2895 810 2962 perseveret.
839 2891 965 2945 Per.

795 2985 876 3038 L1.
907 2998 1066 3040 mssa
1093 3000 1147 3039 IN
1177 2999 1512 3040 ASCENSIONE
1530 2989 1554 3018 α
1580 2997 1794 3038 Domst.

545 3075 712 3147 Deus,
755 3076 854 3149 qui
907 3077 1212 3131 Ecclesiam
1258 3082 1418 3132 tuam
1461 3077 1800 3148 evangelica:
1839 3075 2106 3130 exhorta-

2205 1903 2476 1960 veritatis.
2505 1905 2630 1961 Per.

2839 1975 2963 2024 Post
2984 1972 3214 2024 nomina.

2279 2055 2506 2111 Munera
2522 2059 2735 2125 nostra,
2758 2071 3084 2126 quaesumus
3109 2053 3370 2122 Domine,
3397 2052 3576 2107 sancti
3601 2051 3858 2124 Spiritus

2207 2149 2291 2205 tui
2318 2149 2644 2222 dignatione
2669 2151 2978 2215 sacrentur,
3005 2163 3109 2220 per
3136 2163 3264 2218 quas
3306 2163 3340 2202 a
3375 2146 3616 2218 peccatis
3655 2145 3851 2201 omni-

2207 2241 2313 2298 bus
2337 2241 2654 2314 adoptionis
2681 2245 2794 2297 tuaa
2813 2241 2914 2296 ﬁlii
2940 2256 3322 2296 renascamur.
3357 2241 3480 2295 Per.

2867 2335 2946 2387 Ad
2975 2349 3180 2387 nacem.

2867 2351 2946 2387 Ad
2975 2351 3180 2401 pacem.

2279 2419 2516 2474 Domine
2551 2421 2760 2488 sancte,
2805 2419 2971 2472 Pater
3003 2415 3382 2489 omnipotens,
3424 2421 3636 2471 aeterne
3674 2417 3854 2487 Deus,

2209 2513 2368 2585 cujus
2393 2513 2608 2585 Spiritu
2635 2516 2820 2568 totum
2847 2528 3054 2583 corpus
3077 2511 3334 2566 Ecclesia:
3359 2509 3773 2582 multiplicatur
3796 2515 3858 2565 et

2209 2607 2448 2684 regitur,
2477 2623 2744 2662 conserva
2769 2607 2828 2661 in
2855 2621 3058 2660 novam
3093 2603 3320 2660 familiae
3359 2609 3472 2658 tua:
3505 2603 3852 2676 progeniem

2211 2699 2666 2755 sanctiﬁcationis
2689 2699 2952 2772 gratiam,
2985 2714 3159 2772 quam
3180 2697 3410 2768 dedisti;
3437 2702 3504 2753 ut
3525 2713 3764 2769 corpore
3794 2703 3854 2754 et

2210 2799 2400 2848 mente
2419 2792 2691 2862 renovati,
2731 2808 2934 2864 puram
2957 2791 3060 2846 tibi
3095 2791 3344 2846 animam
3377 2806 3506 2844 cum
3548 2789 3856 2846 securitate

2209 2886 2361 2958 pacis
2387 2891 2444 2942 et
2462 2903 2672 2958 purum
2697 2890 2891 2958 pectus
2921 2901 3145 2956 semper
3169 2885 3494 2941 exhibeant.
3523 2885 3648 2940 Per.

2875 2983 3185 3032 Immolatio.

2283 3067 2422 3122 Vere
2445 3067 2686 3139 dignum
2711 3069 2766 3122 et
2795 3066 3018 3137 justum
3044 3071 3148 3136 est,
3179 3081 3282 3120 nos
3303 3066 3406 3122 tibi
3431 3082 3656 3138 semper
3673 3065 3772 3122 hic
3795 3071 3858 3122 et

473 3167 625 3226 tione
656 3170 926 3225 doctrina:
955 3187 1082 3242 quae.
1107 3187 1334 3225 sursum
1363 3173 1496 3224 sunt
1517 3169 1684 3240 jubes
1711 3185 1927 3242 sapere,
1959 3173 2018 3224 et
2039 3168 2112 3223 ad
2132 3155 2186 3230 C
2213 3161 2420 3232 ubique
2461 3161 2668 3232 gratias
2707 3175 2898 3232 agere,
2941 3165 2998 3215 et
3037 3159 3264 3232 gloriari
3301 3160 3364 3214 in
3407 3161 3672 3232 operibus
3711 3160 3852 3231 tuis,

475 3280 600 3320 eam
626 3281 684 3320 se
723 3264 1080 3320 altitudinem
1125 3265 1198 3319 ad
1230 3280 1402 3335 quam
1445 3263 1691 3318 Salvator
1732 3264 1934 3318 mundi
1973 3279 2107 3318 con-

475 3359 692 3416 scendit
717 3358 954 3430 erigere,
987 3359 1058 3414 da
1096 3357 1444 3430 supplicibus
1481 3357 1594 3413 tuis
1637 3357 1906 3430 subsequi
1947 3358 2111 3413 intel-

473 3453 622 3508 lectu
651 3453 804 3524 quod
826 3452 992 3508 multi
1015 3451 1280 3507 viderunt
1308 3457 1645 3524 conspectu;
1675 3455 1736 3506 ut
1771 3452 1832 3506 in
1861 3451 2109 3507 secundo

473 3546 788 3604 Mediatoris
823 3547 1066 3602 adventu
1112 3546 1364 3602 ditentur
1387 3545 1568 3614 donis,
1592 3545 1692 3617 qui
1717 3545 1829 3601 tuis
1855 3545 2107 3602 credide-

473 3647 610 3696 runt
633 3639 943 3712 promissis.
971 3642 1096 3696 Per.

545 3736 753 3790 Praesta
779 3733 960 3803 nobis,
991 3734 1348 3806 omnipotens
1391 3739 1448 3789 et
1485 3734 1804 3790 misericors
1843 3733 2007 3803 Deus,
2047 3739 2113 3788 ut

477 3825 622 3883 sicut
661 3826 900 3882 humani
941 3827 1167 3898 generis
1207 3828 1553 3883 Salvatorem
1579 3827 1882 3883 consedere
1921 3831 2110 3883 tecum

476 3919 536 3976 in
569 3925 670 3976 tua
695 3921 985 3991 majestate
1007 3921 1363 3992 conﬁdimus,
1413 3921 1492 3975 ita
1529 3937 1710 3993 usque
1749 3921 1820 3975 ad
1855 3937 2112 3976 consum-

477 4015 786 4070 mationem
814 4011 1004 4069 saeculi
1033 4031 1264 4070 manere
1289 4015 1604 4085 nobiscum,
1630 4014 2112 4086 quemadmodum

477 4113 564 4167 est
581 4108 882 4182 pollicitus,
916 4109 1248 4166 sentiamus.
1275 4111 1403 4165 Per.

1098 4203 1219 4253 Post
1241 4202 1492 4253 nomina.‘

547 4289 913 4356 Sacriﬁcium,
949 4287 1203 4360 Domine,
1231 4306 1335 4361 pro
1373 4287 1498 4344 Filii
1525 4288 1610 4344 tui
1645 4289 1714 4344 in
1756 4289 1904 4344 caelis
1947 4289 2112 4344 hodie

477 4384 811 4440 Ascensione
852 4382 1194 4452 deferimus;
1242 4389 1470 4456 praesta,
1529 4399 1876 4455 quaesumus,
1931 4388 1996 4438 ut
2042 4383 2114 4439 ad

476 4485 636 4534 tuam
661 4479 898 4550 gloriam
921 4494 1024 4550 per
1047 4477 1238 4550 ipsum
1266 4477 1358 4533 his
1391 4477 1740 4534 commerciis
1781 4477 2114 4534 venerandis

478 4585 798 4644 surgamus.
826 4573 950 4627 Per.

1147 4643 1224 4694 Ad
1251 4656 1456 4707 pacem.

551 4725 716 4796 Deus,
751 4727 850 4799 qui
875 4727 1015 4782 dum
1041 4725 1308 4783 subsellia
1353 4727 1583 4784 Deitatis
1614 4727 1892 4798 ascendis,
1931 4727 2116 4784 obser-

479 4835 608 4876 vare
635 4837 740 4875 nos
773 4837 972 4892 pacem
1013 4821 1334 4892 evangelica
1370 4821 1704 4878 auctoritate
1745 4838 1861 4876 non
1905 4821 2114 4878 desinis

477 4915 695 4984 docere,
725 4912 798 4970 da
819 4913 982 4968 nobis
1013 4913 1266 4986 placidus
1293 4931 1488 4986 pacem
1526 4919 1706 4984 tuam,
1733 4920 1800 4971 ut
1825 4915 1966 4971 dum
1994 4915 2110 4972 dis-

477 5007 684 5066 cordia
717 5025 898 5081 prona
937 5007 1272 5080 refugimus,
1309 5009 1426 5064 caeli
1467 5009 1644 5064 ardua
1675 5025 2111 5083 consequamur.

479 5103 602 5159 Per.

1143 5173 1450 5224 Immolalio.

549 5257 690 5314 Vere
719 5253 960 5332 dignum
984 5264 1040 5315 et
1067 5259 1290 5334 justum
1313 5267 1416 5330 est,
1457 5277 1559 5334 per
1593 5261 1878 5318 Christum
1917 5263 2110 5318 Domi-

475 5373 618 5414 num
645 5358 926 5411 nostrum.
952 5355 1059 5418 Qui
1091 5361 1350 5411 mortuus
1375 5359 1460 5410 est
1485 5359 1717 5426 propter
1751 5359 1978 5427 peccata
2007 5373 2111 5411 no-

475 5456 609 5518 stra,
641 5455 698 5506 et
733 5447 1044 5505 resurrexit
1078 5455 1312 5522 propter
1339 5447 1802 5520 justiﬁcationem
1841 5455 2110 5506 nostram.

477 5544 738 5602 Ascendit
787 5559 958 5616 super
1009 5559 1206 5600 omnes
1237 5542 1443 5612 caelos;
1490 5549 1546 5598 et
1599 5544 1873 5600 exaltatus
1911 5545 2115 5600 throno

548 5679 575 5710 ⁸
611 5681 762 5736 Inter
791 5679 995 5735 Alcimi
1021 5677 1166 5733 Aviti
1205 5677 1528 5745 fragmenta
1561 5693 1746 5734 unum
1773 5683 1859 5735 est
1893 5697 1964 5736 ex
1993 5693 2112 5738 ser-

477 5767 647 5811 mone
673 5751 743 5806 de
773 5749 1111 5807 Ascensione
1138 5745 1383 5802 Domini.

550 5821 580 5864 δ
603 5821 670 5876 Et
697 5821 768 5876 de
795 5821 903 5878 hoc
931 5819 1072 5877 festo
1097 5817 1380 5875 habentur
1407 5817 1520 5872 duo
1541 5817 1861 5892 fragmenta
1886 5838 1956 5878 ex
1993 5838 2113 5880 ser-

2209 3255 2446 3310 Domine
2477 3259 2686 3324 sancte,
2725 3256 2890 3308 Pater
2929 3254 3307 3326 omnipotens,
3339 3259 3550 3309 aeterne
3589 3254 3758 3322 Deus,
3789 3253 3854 3309 in

2211 3347 2316 3403 hoc
2341 3348 2624 3420 praecipue
2645 3347 2753 3419 die,
2777 3348 2836 3402 in
2861 3365 2976 3421 quo
2995 3347 3436 3403 sacratissimum
3455 3347 3666 3402 Pascha
3683 3347 3858 3420 quin-

2211 3442 2482 3516 quaginta
2521 3443 2744 3496 dierum
2769 3441 3052 3514 mysteriis
3073 3441 3316 3514 tegitur;
3357 3446 3413 3497 et
3439 3459 3541 3514 per
3564 3459 3666 3496 sua
3689 3441 3856 3496 vesti-

2212 3537 2324 3610 gia,
2369 3535 2784 3592 recursantibus
2831 3535 3053 3591 dierum
3093 3535 3308 3608 spatiis,
3363 3535 3740 3608 colleguntur,
3795 3541 3856 3591 et

2211 3631 2481 3704 dispersio
2509 3631 2856 3702 linguarum,
2885 3647 3012 3702 quae
3037 3630 3098 3685 in
3127 3629 3455 3685 confusione
3481 3629 3631 3684 facta
3643 3629 3852 3698 fuerat,

2210 3741 2312 3796 per
2359 3725 2632 3797 Spiritum
2677 3729 2936 3780 sanctum
2983 3723 3286 3780 adunatur.
3341 3725 3516 3779 Hodie
3577 3724 3736 3778 enim
3783 3725 3854 3780 de

2211 3819 2363 3874 caelis
2391 3825 2623 3890 repente
2648 3835 2852 3874 sonum
2889 3817 3182 3874 audientes
3217 3818 3473 3890 apostoli,
3515 3817 3684 3872 unius
3721 3817 3858 3873 ﬁdei

2211 3913 2547 3986 Symbulum
2593 3917 2956 3985 exceperunt,
3007 3917 3064 3968 et
3113 3912 3323 3984 linguis
3359 3911 3524 3966 variis
3563 3911 3857 3986 Evangelii

2210 4007 2295 4063 tui
2325 4007 2562 4080 gloriam
2591 4007 2854 4079 gentibus
2888 4006 3264 4078 tradiderunt,
3293 4023 3398 4080 per
3419 4005 3708 4062 Christum
3751 4005 3858 4062 Do-

2211 4101 2434 4158 minum
2459 4103 2738 4156 nostrum.

2317 4219 2454 4274 Llll.
2484 4235 2637 4274 mssa
2661 4233 2972 4276 ssucroaun
3003 4231 3260 4273 rannsou
3285 4231 3349 4272 ar
3376 4229 3746 4273 ranaecroms.

2287 4321 2588 4377 Dominum
2604 4323 2782 4378 Deum
2797 4325 3078 4392 nostrum,
3101 4321 3302 4376 fratres
3327 4319 3622 4388 carissimi,
3642 4320 3860 4392 suppli-

2214 4431 2304 4472 ces
2329 4433 2650 4484 exoremus,
2679 4416 2780 4488 qui
2805 4416 3007 4471 sanctis
3049 4413 3398 4486 martyribus
3443 4415 3558 4470 suis
3592 4413 3862 4472 Ferreolo

2132 4527 2192 4602 D
2215 4513 2271 4565 et
2327 4510 2650 4565 Ferrucioni
2699 4509 2962 4582 quaedam
3011 4507 3216 4564 tribuit
3254 4507 3578 4564 futurorum
3615 4508 3862 4579 prmmia

2216 4603 2554 4676 gaudiorum
2583 4603 2644 4658 in
2663 4603 2786 4675 ipsa
2809 4603 3178 4676 praesentium
3222 4602 3544 4658 conditione
3585 4603 3858 4657 certami-

2211 4713 2354 4752 num
2380 4696 2571 4770 270
2593 4697 2752 4769 (dum
2777 4696 3388 4770 perinextinguibilem
3415 4695 3502 4751 sui
3525 4695 3742 4751 amoris
3769 4713 3866 4752 ar-

2213 4791 2410 4848 dorem
2436 4792 2765 4864 intelligunt
2785 4793 3120 4848 suavitatem
3134 4791 3264 4848 vitae
3288 4791 3510 4846 damnis
3527 4789 3862 4862 adquirere,

2213 4891 2270 4942 et
2295 4890 2537 4942 mortem
2561 4887 2856 4943 moriendo
2883 4887 3094 4942 calcare
3119 4903 3134 4942 :
3165 4885 3528 4958 quibusdam
3547 4889 3868 4956 praetervo-

2213 4981 2335 5036 lans
2359 4981 2450 5036 hic
2477 4981 2595 5036 dies
2636 4997 2739 5053 per
2783 4980 3112 5052 urgentium
3147 4995 3446 5051 pinnarum
3479 4978 3866 5036 acerbitatem

2213 5075 2585 5145 concluditur,
2611 5076 2798 5132 aditus
2823 5078 3052 5131 aeternae
3071 5075 3214 5130 lucis
3237 5074 3528 5146 aperitur),
3562 5073 3658 5128 det
3687 5073 3868 5130 nobis

2211 5167 2438 5224 famulis
2457 5168 2592 5238 suis,
2613 5173 2680 5224 ut
2701 5169 2848 5224 sicut
2863 5169 2990 5224 illos
3007 5169 3162 5224 nulla
3187 5173 3601 5224 tormentorum
3615 5181 3866 5239 genera,

2212 5279 2446 5334 corpore
2497 5263 2628 5319 licet
2667 5263 2980 5332 deserente,
3031 5263 3348 5336 fregerunt,
3401 5264 3482 5319 ita
3532 5277 3636 5318 nos
3677 5263 3870 5320 nulla

2215 5357 2414 5412 mundi
2449 5357 2620 5428 hujus
2663 5356 2963 5414 inlecebrae.
3015 5375 3050 5413 a
3087 5373 3206 5414 sua:
3245 5357 3535 5431 proposito
3567 5357 3874 5416 servitutis

2213 5451 2528 5523 perniciosa
2565 5451 2862 5507 securitate
2895 5452 3232 5522 deﬂectant;
3287 5457 3354 5508 ut
3405 5451 3672 5508 virtutem
3723 5451 3878 5510 ﬁdei

2214 5550 2422 5601 nostris
2448 5545 2669 5602 divinus
2689 5546 2836 5618 ignis
2859 5563 2976 5603 sum
2991 5547 3240 5604 caritatis
3259 5547 3545 5618 accendat,
3575 5551 3634 5604 et
3659 5549 3878 5606 omnia

2213 5695 2382 5768 mone
2407 5683 2574 5754 Aviti,
2603 5685 2665 5768 in
2693 5699 2940 5768 quprum
2962 5685 3151 5757 primo
3178 5685 3446 5760 egregius
3469 5686 3628 5744 locus
3655 5693 3748 5746 est
3791 5689 3878 5748 de

2215 5753 2454 5827 Spiritus
2473 5753 2650 5814 sancti
2678 5753 2987 5814 divinitate}
