4054 6188
203 193 321 248 293

1317 189 1404 248 DE
1441 189 1755 249 LITURGIA
1789 185 2162 246 GALLICANA
2198 185 2398 246 LIBER
2435 187 2524 244 lIl.

3489 191 3594 245 294

200 300 268 356 in
289 299 454 357 nobis
477 299 858 374 corporalium
870 299 1138 358 vitiorum
1148 299 1522 359 fundamenta
1541 306 1854 358 consumat.
1879 311 1938 384 Α
1957 300 2215 355 animum
2241 301 2312 356 ad
2351 298 2610 371 martyrii
2635 302 2766 357 vota
2793 297 3142 372 componat?
3179 300 3279 356 aut
3319 299 3447 373 quis
3479 318 3598 356 non

206 395 343 450 Per.

901 466 1172 519 Collectio.

273 539 448 610 Deus,
478 540 640 612 cujus
668 558 920 597 amorem
947 541 1185 614 piissimi
1223 541 1567 598 confessores
1608 545 1664 598 et
1697 558 1852 597 mar-

197 639 356 705 tyres
401 634 486 689 tui
531 635 825 690 Ferreolus
858 640 914 692 et
954 636 1212 691 Ferrucio
1253 653 1449 692 cruore
1473 637 1761 706 adserunt,
1799 639 1855 691 et

194 733 389 782 morte
407 727 745 784 conﬁrmant
762 748 778 799 ;
797 730 894 802 qui
908 730 1045 784 dum
1060 729 1161 784 tibi
1175 733 1290 784 tam
1305 730 1546 784 libenter
1559 733 1852 801 sumptum

194 837 229 875 a
253 826 316 876 te
345 821 475 876 vitae
499 839 709 878 munus
733 824 1091 895 impendunt,
1128 823 1420 879 neminem
1445 840 1559 878 non
1586 840 1689 895 pro
1729 823 1851 877 Vita

192 915 350 970 mori
399 919 708 986 testantur;
743 919 986 973 concede
1040 923 1103 973 ut
1154 919 1327 973 ﬁdem
1364 934 1536 990 quam
1586 917 1850 972 cordibus

190 1010 414 1064 nostris
431 1011 658 1082 proprio
676 1011 1007 1084 inscriptam
1026 1013 1301 1084 sanguine
1320 1013 1694 1084 reliquerunt,
1719 1013 1847 1069 vitae

189 1103 424 1158 meritis
451 1105 805 1175 excolamus;
837 1112 892 1160 et
917 1107 1067 1178 quod
1092 1106 1153 1160 in
1179 1107 1258 1162 eis
1285 1106 1637 1162 admiramur
1655 1105 1844 1162 imite-

188 1211 351 1266 mur,
377 1198 533 1270 quod
562 1198 798 1253 colimus
824 1199 1150 1271 diligamus,
1182 1200 1334 1271 quod
1357 1199 1523 1256 laude
1548 1202 1846 1274 prosequi-

185 1306 329 1347 mur
349 1293 776 1348 conversatione
807 1299 1108 1349 sectemur.
1141 1295 1267 1348 Per.

828 1388 953 1436 Post
975 1387 1206 1436 nomine.

258 1460 582 1515 Recensitis
608 1461 934 1516 nominibus
958 1462 1200 1517 fratrum
1225 1477 1599 1534 carorumque
1627 1462 1842 1516 nostro-

183 1569 347 1623 rum,
380 1571 611 1610 oremus
641 1555 992 1610 Dominicam
1016 1555 1482 1618 misericordiam,
1505 1555 1636 1610 utin
1653 1555 1841 1610 medio

186 1647 547 1703 Hierusalem
576 1649 635 1703 in
661 1649 1102 1722 congregatione
1127 1655 1448 1704 sanctorum
1468 1649 1591 1704 haec
1608 1649 1840 1704 nomina

185 1741 292 1795 sibi
323 1741 498 1797 faciat
519 1742 589 1797 ab
613 1744 818 1815 angelo
852 1743 1306 1798 sanctiﬁcationis
1335 1743 1394 1797 in
1434 1742 1840 1798 beatitudinem

185 1836 399 1890 aeterni
427 1837 617 1908 gaudii
637 1838 947 1892 recenseri:
982 1837 1435 1908 sacriﬁciumque
1453 1837 1562 1891 hoc
1587 1841 1843 1891 nostrum

186 1929 334 1983 sicut
372 1929 436 1984 in
490 1930 1007 2001 praeformationem
1049 1930 1472 2000 Melchisedech,
1536 1930 1597 1985 in
1635 1931 1842 1985 virtute

186 2024 532 2093 sanctiﬁcet;
575 2041 768 2095 preces
788 2041 1013 2097 quoque
1039 2024 1398 2080 offerentium
1424 2025 1571 2078 hanc
1600 2023 1836 2079 oblatio-

184 2133 322 2172 nem
381 2118 724 2190 propitiatus
792 2119 1055 2174 exaudiat
1117 2118 1178 2174 in
1239 2118 1839 2182 commemorationem

185 2209 650 2268 beatissimorum
705 2217 1022 2284 martyrum
1071 2212 1321 2267 Ferreoli
1363 2217 1420 2268 et
1462 2211 1834 2280 Ferrucionis,

187 2306 565 2377 omniumque
592 2311 952 2372 sanctorum;
994 2310 1059 2361 ut
1099 2322 1301 2361 eorum
1339 2305 1600 2378 precibus
1636 2306 1834 2378 adjuti,

183 2415 302 2454 non
325 2401 512 2455 solum
542 2390 857 2455 viventibus
880 2399 1162 2471 praesidia,
1191 2417 1392 2454 verum
1435 2400 1605 2454 etiam
1642 2400 1837 2455 defun-

185 2495 288 2548 ctis
318 2495 466 2549 caris
497 2494 707 2550 nostris
732 2493 989 2565 requiem
1031 2493 1283 2550 obtinere
1323 2499 1670 2550 mereantur.
1707 2495 1832 2550 Per.

731 2587 981 2636 Collectio
1007 2587 1068 2636 ad
1100 2601 1302 2650 pacem.

252 2661 526 2716 Mirabilis
550 2661 611 2716 in
641 2661 848 2716 sanctis
877 2661 1012 2730 tuis,
1046 2662 1279 2716 Domine
1307 2661 1602 2733 virtutum,
1637 2666 1693 2718 et
1708 2677 1836 2733 pec-

183 2755 468 2810 catoribus
518 2755 681 2810 nobis
725 2755 1185 2810 beatissimorum
1235 2762 1552 2828 martyrum
1601 2760 1835 2810 tuorum

185 2842 434 2899 Ferreoli
465 2850 522 2899 et
557 2844 913 2899 Ferrucionis
938 2845 1249 2916 patrocinio
1285 2846 1512 2916 largire.
1558 2844 1641 2899 llli
1683 2861 1835 2899 coro—

182 2948 284 2988 nas
321 2933 578 3005 insignes
607 2934 949 3006 gemmibus,
979 2934 1264 3006 lapidibus
1285 2933 1547 3006 pretiosis
1576 2935 1834 3005 martyrii

181 3028 393 3083 virtute
422 3033 792 3100 meruerunt;
821 3045 923 3083 nos
949 3044 1145 3083 eorum
1175 3028 1477 3101 suffragiis,
1499 3033 1556 3084 te
1587 3029 1832 3084 donante
1853 3058 1908 3132 Ο

183 3121 524 3177 delictorum
547 3123 769 3177 veniam
805 3139 1250 3194 consequamur;
1289 3128 1345 3178 et
1391 3122 1632 3178 concede
1666 3122 1827 3177 nobis

183 3221 246 3270 ut
276 3216 602 3288 conjunctio
628 3216 911 3271 labiorum
950 3217 1152 3288 copula
1179 3216 1452 3272 efﬁciatur
1482 3217 1824 3285 animarum,

183 3315 239 3366 et
292 3310 680 3367 ministerium
733 3311 909 3366 osculi
947 3314 1242 3382 perpetuae
1286 3310 1542 3383 proﬁciat
1587 3310 1824 3367 caritati.

181 3405 310 3460 Per.

823 3475 1157 3526 Contestatio.

255 3546 509 3623 Dignum
535 3554 590 3606 et
607 3549 829 3622 justum
856 3555 958 3606 est.
977 3553 1115 3606 Vere
1136 3551 1377 3623 dignum
1394 3554 1451 3605 et
1469 3550 1690 3621 justum
1706 3554 1822 3606 est:

182 3645 694 3718 quotienscumque
739 3661 959 3717 pugnas
1014 3649 1342 3700 sanctorum
1397 3643 1720 3711 recolimus,
1770 3648 1827 3700 te

182 3737 519 3805 laudamus;
577 3744 634 3794 et
669 3739 730 3794 in
764 3755 878 3811 quo
927 3744 1204 3810 martyres
1242 3744 1372 3794 tuos
1407 3738 1735 3794 Ferreolum
1773 3742 1829 3793 et

182 3831 592 3888 Ferrucionem
626 3832 988 3904 proferimus,
1021 3832 1134 3889 tuis
1163 3833 1463 3888 virtutibus
1501 3831 1683 3905 271
1724 3832 1824 3887 ad-

181 3927 543 3996 scribamur;
572 3928 706 3998 quia
733 3927 960 3982 illorum
991 3944 1196 3983 corona
1219 3932 1320 3983 tua
1356 3932 1440 3982 est
1487 3927 1683 3999 gloria,
1727 3928 1828 3999 qui

180 4036 285 4092 per
312 4021 550 4076 unicum
578 4022 782 4076 Filium
809 4027 974 4077 tuum
1001 4023 1190 4078 Jesum
1216 4021 1502 4077 Christum
1523 4021 1827 4076 Dominum

179 4133 242 4170 ac
297 4115 647 4171 Salvatorem
695 4121 954 4174 nostrum
994 4117 1253 4171 mortalia
1299 4132 1530 4188 corpora
1587 4115 1828 4171 docuisti

175 4210 419 4282 pretiosi
447 4210 695 4281 palmam
721 4214 947 4282 portare
986 4210 1263 4282 martyrii.
1296 4211 1450 4266 Juste
1488 4213 1682 4264 autem
1716 4209 1827 4264 tuis

176 4304 404 4360 meritis
454 4304 807 4374 exhibemus,
867 4322 978 4377 quo
1017 4304 1455 4360 fortissimorum
1511 4307 1827 4375 martyrum

179 4399 330 4455 facta
354 4415 713 4468 veneramur,
746 4399 847 4470 qui
876 4400 1154 4454 humanas
1180 4402 1400 4453 mentes
1434 4397 1504 4452 ad
1541 4402 1826 4452 certamen

183 4494 436 4549 caelestis
477 4494 669 4564 glorias
713 4510 909 4549 amore
950 4499 1064 4548 tuas
1106 4493 1328 4565 pietatis
1377 4491 1655 4547 accendis.
1693 4494 1827 4547 Tute

180 4603 440 4660 namque
458 4588 679 4643 virtutis
705 4594 790 4643 est
808 4587 1114 4659 praemium
1135 4603 1299 4659 paena
1318 4591 1662 4642 sanctorum.
1686 4587 1827 4642 Nam

185 4682 250 4737 in
305 4698 424 4753 qua
478 4682 882 4752 subjacuerunt
920 4681 1052 4736 saevi
1094 4681 1352 4736 membra
1392 4681 1687 4751 carniﬁcis,
1723 4680 1828 4735 tibi

184 4776 360 4831 servit
386 4781 702 4848 martyrum
727 4775 937 4830 effusus
957 4773 1207 4846 sanguis,
1236 4775 1340 4829 tibi
1360 4775 1718 4846 triumphum
1743 4790 1831 4830 re-

183 4875 381 4941 portat
406 4886 607 4925 manus
634 4875 869 4926 cruenta
895 4869 1143 4938 lictoris;
1172 4869 1386 4940 quique
1413 4865 1600 4941 gladio
1635 4869 1829 4923 volun-

184 4964 338 5018 taria
369 4963 514 5019 colla
533 4964 846 5035 subposuit,
875 4964 975 5019 tibi
996 4963 1160 5032 vicit;
1193 4963 1404 5035 quique
1426 4964 1654 5035 ungulis
1673 4963 1826 5018 ﬂam-

185 5059 416 5130 misque
454 5057 767 5130 subjacuit,
804 5056 887 5113 tui
924 5058 1177 5130 palmam
1215 5057 1462 5112 nominis
1503 5058 1824 5130 reportavit.

186 5152 372 5208 Habes
410 5169 567 5224 ergo,
599 5151 854 5222 Domine,
884 5152 945 5206 in
969 5167 1082 5224 quo
1123 5152 1355 5221 exultes,
1404 5153 1825 5224 quotienscum-

186 5263 304 5319 que
331 5252 505 5302 tanta:
531 5247 754 5303 virtutis
777 5246 1113 5302 memoriam
1136 5246 1438 5302 recolimus
1452 5264 1468 5315 ;
1509 5262 1613 5301 nec
1642 5245 1825 5300 inme-

189 5342 306 5396 rito
334 5341 574 5413 singulis
600 5342 917 5413 quibusque
961 5340 1206 5396 caelestia
1245 5341 1395 5395 dona
1425 5339 1697 5413 disponis,
1729 5338 1829 5412 qui

190 5439 419 5491 tantum
444 5452 546 5508 per
580 5441 796 5491 sanctos
825 5441 950 5491 tuos
978 5434 1231 5507 undique
1260 5450 1516 5489 amorem
1555 5433 1825 5505 adquiris.

191 5529 330 5596 Quis
358 5546 474 5587 non
498 5534 627 5602 post
648 5534 865 5585 tantam
906 5529 1129 5602 pietatis
1172 5534 1285 5585 tuae
1323 5527 1825 5601 magniﬁcentiam,

269 5654 296 5683 ⁸
325 5655 454 5712 Haac
477 5654 745 5712 Collectio
771 5655 970 5712 eadem
994 5654 1055 5712 in
1083 5656 1292 5712 Ordine
1319 5656 1682 5729 Gregoriano.

1956 399 2295 466 provocetur
2325 395 2396 450 ad
2437 411 2714 467 pugnam,
2747 411 2880 450 eum
2916 395 3103 451 videat
3142 410 3352 466 magno
3388 393 3597 450 laboris

1954 489 2142 544 fructu
2171 495 2594 544 remuneratam
2613 493 2929 561 martyrum
2945 489 3118 544 fuisse
3144 487 3473 544 victoriam?
3492 490 3598 544 Ro-

1956 599 2156 654 gamus
2178 599 2335 655 ergo,
2371 583 2628 653 Domine,
2661 588 2725 638 ut
2751 583 2810 638 in
2840 583 3438 638 commemorationem
3463 599 3592 639 san-

1951 680 2173 732 ctorum
2199 681 2434 732 tuorum
2460 677 2705 732 Ferreoli
2733 682 2787 731 et
2810 677 3180 746 Ferrucionis,
3210 677 3443 732 illorum
3471 692 3596 748 pre—

1951 771 2111 825 tiosas
2137 770 2362 824 virtutis
2391 771 2729 826 memoriam
2750 771 3079 839 recolentes,
3099 775 3320 842 partem
3337 786 3596 828 remune-

1948 863 2181 920 rationis
2193 864 2455 918 admittas
2470 882 2486 933 ;
2506 880 2568 918 ac
2581 868 2814 936 praestes
2829 869 2891 919 ut
2899 864 3116 918 familia
3125 869 3223 918 tua
3234 881 3591 936 perseverare

1950 974 2178 1012 cursum
2208 957 2372 1030 empti
2399 957 2610 1013 laboris
2642 957 2906 1029 expediat
2935 975 2949 1013 :
2995 963 3276 1030 quatenus
3305 959 3401 1030 qui
3442 959 3504 1012 in
3535 963 3590 1014 te

1947 1051 2204 1121 credunt,
2235 1057 2290 1106 et
2315 1051 2421 1106 tibi
2451 1052 2724 1122 serviunt,
2767 1052 2872 1106 etsi
2914 1069 3029 1106 non
3071 1052 3126 1106 in
3163 1052 3366 1124 prima,
3406 1053 3495 1107 vel
3529 1053 3590 1107 in

1946 1145 2194 1200 secunda
2220 1145 2695 1200 remunerationis
2735 1150 2905 1215 sorte,
2949 1146 3142 1200 locum
3182 1145 3334 1218 apud
3373 1150 3430 1201 te
3468 1162 3586 1200 me-

1945 1242 2179 1294 reantur
2207 1238 2462 1294 obtinere
2483 1239 2740 1311 justitiec.
2775 1241 2843 1294 Et
2861 1238 2990 1295 ideo
3017 1255 3146 1295 cum
3173 1238 3390 1311 angelis
3417 1243 3585 1312 atque

1945 1333 2300 1404 archangelis
2319 1334 2565 1388 clamant
2589 1333 2859 1388 dicentes.

1975 1441 2106 1495 LIV.
2144 1458 2296 1496 MISSA
2326 1458 2383 1496 IN
2409 1457 2728 1496 NA'IIVITATE
2757 1457 2941 1496 SANCTI
2971 1457 3234 1496 JOHANNIS
3266 1457 3548 1498 mensus.

2012 1535 2177 1603 Deus,
2225 1535 2323 1606 qui
2358 1535 2590 1589 beatum
2631 1536 2948 1590 Johannem
2986 1534 3294 1606 Baptistam
3335 1535 3585 1593 veritatis

1939 1626 2262 1683 testimonio
2293 1628 2583 1697 decorasti,
2608 1629 2678 1683 da
2705 1629 2868 1684 nobis
2881 1645 3227 1700 quaesumus,
3247 1629 3584 1685 humilitatis

1941 1721 2064 1792 ejus
2103 1721 2429 1792 exemplum
2472 1721 2690 1789 audire,
2741 1727 2806 1777 ut
2843 1721 3228 1777 desideremus
3268 1721 3583 1796 intelligere

1941 1815 2096 1887 quod
2124 1816 2395 1884 exercuit,
2430 1819 2486 1869 et
2509 1815 2741 1888 adsequi
2766 1821 2886 1872 toto
2925 1831 3116 1871 amore
3157 1816 3312 1888 quod
3349 1817 3578 1874 meruit.

1939 1910 2047 1964 Per
2070 1910 2260 1964 Jesum
2289 1909 2597 1964 Christum.

2493 2010 2741 2061 Collectio
2772 2011 3022 2075 sequitur.

2011 2090 2384 2163 Omnipotens
2428 2090 2768 2163 sempiterne
2813 2092 2977 2160 Deus,
3032 2092 3131 2165 qui
3180 2092 3576 2151 beatissimum

1936 2202 2350 2258 praecursorem
2377 2190 2541 2240 tuum
2567 2186 2886 2241 Johannem
2924 2187 3229 2259 Baptistam
3259 2188 3331 2243 ad
3356 2205 3574 2261 praepa-

1938 2281 2140 2335 randas
2189 2280 2478 2352 Unigeniti
2534 2279 2618 2334 tui
2657 2280 2774 2334 vias
2832 2279 2986 2336 nasci
3021 2281 3270 2352 jussisti,
3321 2287 3530 2354 praesta
3560 2326 3575 2354 ,

1935 2390 2262 2446 quaesumus
2305 2379 2373 2429 ut
2417 2373 2836 2428 intercessionis
2873 2375 2994 2446 ejus
3023 2375 3302 2430 auxilium
3337 2375 3573 2446 tribuas,

1936 2471 1991 2521 et
2015 2468 2085 2522 ad
2115 2467 2403 2538 implenda
2447 2468 2714 2524 mandata
2760 2484 3050 2541 praepares
3099 2469 3437 2526 voluntates.
3471 2471 3576 2526 Per

1933 2560 2238 2615 Dominum
2258 2565 2535 2616 nostrum.

2565 2641 2686 2690 Post
2705 2639 2934 2690 nomina.

2003 2724 2372 2796 Omnipotens
2397 2725 2738 2796 sempiterne
2755 2725 2918 2793 Deus,
2934 2725 3032 2797 qui
3048 2724 3199 2783 hunc
3219 2725 3371 2782 diem
3389 2725 3570 2783 hono-

1932 2819 2172 2874 rabilem
2199 2818 2363 2874 nobis
2391 2818 2450 2872 in
2475 2819 2626 2874 beati
2655 2818 2929 2874 Johannis
2969 2819 3234 2891 Baptistae
3275 2821 3567 2877 nativitate

1929 2911 2110 2967 fecisti
2132 2912 2434 2983 insignem,
2465 2929 2809 2984 quaesumus,
2839 2916 2905 2967 ut
2928 2915 3061 2967 tuus
3089 2914 3414 2969 Prazcursor
3441 2915 3573 2987 (quo

1934 3004 2127 3078 2'72
2152 3006 2300 3062 inter
2324 3009 2486 3061 natos
2513 3006 2820 3061 mulierum
2841 3007 3105 3062 omnibus
3123 3007 3308 3078 major
3325 3025 3442 3064 non
3453 3025 3572 3064 sur-

1932 3101 2095 3172 rexit)
2124 3105 2374 3156 nostram
2400 3100 2766 3172 fragilitatem
2793 3105 2906 3156 tua:
2937 3101 3134 3173 pietati
3165 3103 3523 3158 commendet
3554 3120 3570 3172 ;

1929 3198 1986 3250 et
2015 3193 2155 3249 caris
2190 3194 2421 3264 nostris,
2463 3211 2711 3266 quorum
2754 3199 2888 3250 sunt
2921 3194 3156 3250 nomina
3191 3195 3441 3260 recitata,
3492 3197 3570 3252 ita

1926 3288 2288 3360 refrigerium
2316 3287 2538 3360 pietatis
2565 3287 2852 3358 impetret,
2899 3291 2965 3343 ut
3006 3289 3086 3342 ibi
3111 3289 3456 3360 recipiantur
3481 3291 3569 3345 vel

1925 3380 2136 3452 ultimi,
2179 3382 2281 3437 ubi
2315 3398 2576 3448 summus
2625 3381 2923 3452 praeminet
2964 3382 3028 3436 in
3067 3397 3246 3452 regno
3294 3381 3567 3438 caelorum

1927 3475 2195 3547 Baptista.
2226 3475 2383 3540 Quod
2409 3475 2551 3546 ipse.

2455 3575 2704 3626 Collectio
2727 3576 2794 3626 ad
2817 3589 3022 3639 pacem.

2001 3658 2145 3713 Deus
2169 3656 2196 3684 ⁸
2222 3657 2322 3729 qui
2349 3661 2691 3729 praesentem
2717 3657 2868 3713 diem
2893 3656 3290 3712 honorabilem
3314 3656 3564 3716 nobisin

1926 3752 2079 3808 beati
2103 3751 2371 3807 Johannis
2393 3750 2681 3806 nativitate
2706 3751 2907 3819 fecisti,
2941 3751 3013 3806 da
3040 3751 3268 3823 populis
3293 3753 3408 3808 tuis
3448 3756 3564 3826 spi-

1927 3845 2180 3902 ritalium
2211 3846 2450 3918 gratiam
2479 3845 2837 3918 gaudiorum,
2891 3850 2948 3901 et
3000 3846 3260 3901 omnium
3309 3846 3567 3905 ﬁdelium

1927 3945 2146 3998 mentes
2171 3940 2354 4012 dirige
2378 3940 2439 3996 in
2463 3940 2612 3995 viam
2641 3940 2836 3995 salutis
2859 3944 2916 3996 et
2941 3941 3116 4012 pacis.
3137 3942 3263 3997 Per.

2592 4037 2907 4088 lmmolatio.

1998 4120 2137 4176 Vere
2178 4119 2418 4191 dignum
2457 4123 2541 4174 est
2577 4135 2678 4173 nos
2713 4119 2817 4174 tibi
2854 4135 3078 4190 semper
3110 4118 3204 4174 hic
3246 4124 3302 4175 et
3355 4119 3563 4192 ubique

1929 4214 2136 4286 gratias
2193 4230 2383 4285 agere,
2433 4212 2670 4268 Domine
2713 4217 2922 4281 sancte,
2973 4214 3134 4267 Pater
3184 4213 3562 4284 omnipotens,

1926 4313 2135 4364 aeterne
2165 4307 2329 4361 Deus.
2356 4306 2463 4371 Qui
2484 4306 2543 4360 in
2574 4306 2831 4360 omnium
2871 4310 3194 4359 sanctorum
3233 4310 3461 4361 tuorum
3502 4323 3562 4362 es

1927 4402 2226 4473 splendore
2252 4399 2554 4467 mirabilis;
2586 4398 2684 4470 qui
2704 4403 3040 4469 praesentem
3077 4398 3229 4453 diem
3256 4399 3560 4456 honorabi-

1928 4496 2044 4552 lem
2085 4495 2248 4550 nobis
2285 4494 2345 4548 in
2387 4491 2537 4547 beati
2571 4491 2840 4546 Johannis
2865 4483 3173 4548 inativitate
3206 4493 3423 4564 fecisti;
3475 4498 3558 4567 ut,

1930 4590 2126 4662 gratiae
2162 4594 2275 4645 tua:
2317 4590 2588 4658 operante
2618 4585 2848 4655 virtute,
2898 4585 2992 4640 ille
3030 4591 3162 4659 (quo
3203 4587 3354 4643 inter
3397 4593 3560 4645 natos

1927 4685 2231 4739 mulierum
2268 4681 2458 4736 nullus
2493 4680 2693 4751 major)
2739 4679 3012 4751 oriretur;
3061 4681 3129 4735 da
3170 4681 3395 4754 populis
3447 4685 3561 4740 tuis

1927 4776 2305 4834 eruditionem
2327 4774 2669 4846 spiritalium
2687 4774 3044 4846 gaudiorum,
3064 4781 3120 4831 et
3138 4776 3395 4832 omnium
3421 4777 3557 4833 lide-i

1926 4872 2067 4927 lium
2093 4875 2313 4927 mentes
2329 4869 2509 4941 dirige
2535 4869 2594 4924 in
2609 4868 2763 4923 viam
2783 4868 2980 4924 salutis
3001 4874 3057 4924 et
3079 4870 3267 4940 pacis;
3299 4873 3364 4924 ut
3388 4887 3563 4942 quem

1928 4963 2305 5021 manifestavit
2340 4963 2656 5019 testiﬁcatio
2696 4963 2903 5033 nuntii,
2968 4963 3203 5034 impleat
3263 4963 3563 5035 prementia

1927 5059 2192 5130 nuntiati,
2211 5075 2313 5131 per
2329 5057 2617 5114 Christum
2643 5057 2948 5113 Dominum
2962 5062 3240 5114 nostrum.
3262 5059 3369 5116 Per
3387 5076 3562 5134 quem

1927 5155 2268 5227 Majestatem
2291 5157 2472 5209 tuam.

2443 5252 2744 5306 Benedictio
2769 5255 2797 5296 ι)
2820 5255 3017 5319 populi.

1999 5336 2164 5410 Deus,
2193 5337 2292 5410 qui
2317 5354 2420 5410 per
2447 5335 2726 5391 Zachariae
2752 5335 3040 5409 loquelam
3066 5334 3437 5400 manifestasti
3455 5359 3558 5402 nac-

1926 5434 2201 5490 tivitatem
2242 5431 2416 5487 sancti
2453 5430 2745 5501 Johannis,
2784 5430 2822 5501 -ι-
2859 5439 3085 5505 praesta,
3120 5451 3463 5508 quaesumus,
3496 5441 3560 5492 ut

1927 5529 2028 5602 qui
2054 5525 2312 5585 natalitia
2337 5527 2462 5602 ejus
2494 5525 2850 5584 devotissime
2879 5527 3135 5602 colimus,
3160 5528 3556 5589 intercessione

269 5747 300 5787 ιι
323 5747 456 5803 Tres
480 5762 672 5804 cruces
699 5746 792 5804 hic
818 5745 1088 5807 denotant
1111 5749 1324 5807 trinam
1347 5749 1543 5826 populi
1567 5746 2046 5810 benedictionem.
