4032 6180
451 243 555 298 295

1237 237 1570 296 APPENDIX
1609 235 1696 294 AD
1733 229 1954 294 OPERA
1991 235 2226 294 SANCTI
2262 235 2564 295 GERMANI
2599 229 3024 294 PARISIENSIS.

3711 233 3828 290 296

451 351 607 407 illius
637 343 1002 423 gaudeamus.
1031 353 1068 417 +
1093 349 1162 404 Ut
1187 347 1432 420 populus
1457 351 1608 416 tuus,
1639 347 1738 419 qui
1768 347 1839 401 ad
1879 347 2082 402 nativi-
2109 361 2168 433 Α
2187 348 2441 420 vestigiis
2471 348 2652 418 Caput
2675 345 2934 402 omnium
2971 343 3230 400 nostrum
3275 347 3498 400 secutus
3532 347 3618 400 est
3651 344 3828 400 Chri-

355 501 370 516 ,
451 449 628 500 tatem
668 445 790 516 ejus
827 447 1229 510 convenerunt,
1276 443 1563 496 salventur
1604 441 1820 496 meritis
1857 457 1962 512 per
1995 442 2084 497 in-

453 543 774 595 terventum
811 537 1066 592 omnium
1105 540 1428 590 sanctorum
1453 541 1510 590 et
1537 535 1990 606 deprecationem
2017 537 2086 590 il-

453 633 565 688 lius
591 631 805 687 meritis
833 631 1188 701 adjuvantur.
1220 637 1258 698 +
1297 630 1392 699 Da,
1433 629 1694 698 Domine,
1737 635 1804 684 ut
1843 629 1953 684 illis
1983 647 2085 685 an-

457 727 614 798 gelus
665 723 882 778 Gabriel
927 723 1076 794 (quo
1121 723 1412 778 Zacharias
1457 724 1722 794 loquente
1786 723 2087 794 obmutuit)

453 819 786 874 intercessor
829 816 1074 886 adsistat,
1111 821 1168 871 et
1215 816 1430 872 meritis
1467 817 1619 872 illius
1661 817 2090 888 adjuventurjet

452 911 722 968 moribus.

703 1021 808 1074 LV.
839 1035 1000 1075 mssa
1028 1032 1351 1074 sancroaun
1379 1033 1532 1073 rem
1560 1035 1624 1074 er
1651 1035 1831 1074 psum.

528 1130 897 1202 Omnipotens
936 1141 960 1170 ⁸
1007 1128 1350 1198 sempiterna
1389 1129 1556 1194 Deus,
1599 1127 1698 1200 qui
1737 1129 1890 1182 hunc
1938 1127 2088 1182 diem

455 1223 912 1280 beatissimorum
943 1222 1326 1294 apostolorum
1353 1221 1502 1276 Petri
1531 1227 1586 1276 et
1623 1223 1784 1276 Pauli
1817 1222 2090 1293 martyrio

457 1319 814 1385 consecrasti,
880 1317 950 1372 da
999 1315 1262 1370 Ecclesiae
1303 1320 1416 1369 tuae
1459 1321 1580 1370 toto
1625 1321 1903 1370 terrarum
1954 1315 2089 1370 orbe

457 1413 695 1482 ditl‘usae,
748 1427 946 1466 eorum
981 1425 1204 1480 semper
1257 1409 1584 1480 magisterio
1624 1409 1946 1480 gubernari,
1990 1425 2092 1480 per

457 1523 598 1579 quos
637 1505 878 1577 sumpsit
913 1503 1204 1576 religionis
1254 1503 1577 1557 exordium.
1629 1505 1736 1557 Per
1781 1503 2086 1556 Dominum

457 1605 716 1656 nostrum
743 1601 934 1654 Iesum
961 1597 1250 1652 Christum
1277 1596 1480 1650 Filium
1505 1601 1687 1650 tuum.

1015 1695 1264 1744 Collectio
1285 1693 1537 1758 sequitur.

2189 445 2359 496 stum.
2387 441 2490 496 Cui
2515 441 2718 496 merito
2749 457 2864 496 om.

2189 533 2490 584 Benedictio
2515 533 2695 598 populi
2723 534 2778 584 in
2798 533 2968 584 natale
3011 533 3364 596 apostolorum
3394 531 3530 582 Petri
3572 535 3624 582 et
3657 531 3832 581 Pauli.

2259 621 2422 688 Deus,
2445 619 2542 690 qui
2563 619 2832 674 membris
2845 617 3124 686 Ecclesiae,
3137 617 3290 672 velut
3308 616 3612 688 gemellum
3625 617 3836 672 lumen

2189 729 2301 784 quo
2330 717 2632 767 caveantur
2655 711 2924 782 tenebrae,
2957 711 3138 766 fecisti
3165 710 3313 765 Petri
3339 709 3634 782 lacrymas,
3662 709 3840 764 Pauli

2188 807 2404 862 litteras
2458 822 2768 861 coruscare.
2829 809 3028 860 Amen.
3099 805 3246 858 Hanc
3303 803 3528 875 plebem
3583 803 3836 875 placitus

2189 901 2397 972 inspice
2426 917 2438 954 :
2471 899 2746 972 qiiiczclos
2771 899 2904 954 facis
2931 899 3150 970 aperire
3171 900 3334 953 Petro
3361 897 3420 951 in
3446 897 3619 964 clave,
3653 897 3836 950 Paulo

2187 995 2248 1050 in
2287 995 2573 1066 dogmate.
2611 997 2811 1049 Amen.
2843 991 3035 1065 274
3059 993 3130 1046 Ut
3155 990 3556 1064 praeviantibns
3585 989 3838 1045 ducibus

2188 1088 2304 1143 illic
2341 1105 2478 1159 grex
2509 1087 2684 1158 possit
2720 1087 3003 1153 accedere,
3047 1102 3160 1158 quo
3197 1089 3578 1156 pervenerunt
3611 1083 3840 1156 pariter

2187 1187 2304 1236 tam
2332 1181 2424 1236 ille
2453 1183 2644 1236 Pastor
2669 1179 2994 1252 suspendio,
3023 1195 3192 1249 quam
3223 1178 3326 1233 iste
3357 1177 3552 1232 doctor
3573 1193 3678 1248 per
3709 1175 3832 1248 gla-

2191 1275 2348 1330 dium
2377 1273 2434 1329 in
2462 1291 2783 1346 congresso.
2811 1275 2917 1328 Per
2941 1273 3242 1327 Dominum
3271 1277 3547 1326 nostrum.

2239 1388 2366 1442 LVI.
2391 1403 2548 1442 mssa
2573 1403 2624 1442 IN
2655 1402 2858 1442 sum:
2879 1385 2906 1426 ι)
2933 1401 3093 1441 carus
3115 1399 3368 1440 APOSTOLI
3393 1399 3456 1438 ετ
3483 1398 3754 1439 mamrs
3777 1425 3792 1438 .

2264 1485 2500 1540 Domine
2531 1486 2696 1552 Deus,
2723 1483 2981 1540 omnium
3005 1483 3338 1538 Sanctorum
3364 1481 3629 1554 splendor
3651 1481 3830 1536 mira-

2191 1580 2340 1648 bilis,
2371 1579 2468 1650 qui
2495 1579 2648 1634 hunc
2673 1579 2824 1634 diem
2857 1577 3007 1632 beati
3041 1577 3278 1648 apostoli
3315 1577 3400 1632 tui
3433 1576 3513 1630 ill.
3555 1575 3836 1646 martyrio

2191 1673 2544 1742 consecrasti,
2575 1673 2646 1728 da
2683 1671 2940 1728 Ecclesiae
2965 1676 3080 1726 tuae
3106 1671 3276 1742 digne
3303 1672 3372 1726 de
3397 1673 3552 1726 tanto
3579 1669 3838 1741 gaudere

1018 1733 1264 1744 wn“..-
1285 1733 1510 1758 περ.-.
1525 1733 1537 1742 .
2533 1733 2543 1742 ,
3167 1733 3200 1742 ν
3580 1733 3612 1741 ν

529 1783 761 1852 Exaudi,
801 1797 1144 1852 quaesumus,
1177 1779 1434 1848 Domine,
1467 1779 1745 1850 p0pulum
1771 1783 1936 1833 tuum
1961 1733 2168 1832 cumB
2193 1767 2465 1840 apostolo,
2492 1769 2560 1820 ut
2599 1766 2751 1838 apud
2791 1765 3232 1820 misericordiam
3265 1769 3444 1831 tuam,
3471 1767 3528 1819 et
3565 1763 3840 1834 exemplo

457 1882 778 1933 sanctorum
807 1875 1190 1947 apostolorum
1213 1879 1442 1928 tuorum
1463 1872 1611 1927 Petri
1641 1876 1696 1926 et
1719 1871 1876 1926 Pauli
1899 1877 2090 1943 patro-

460 1970 607 2026 cinio
635 1969 1040 2041 supplicantem
1063 1985 1078 2037 ;
1111 1965 1304 2040 2'73
1331 1971 1396 2021 ut
1419 1971 1518 2022 tuo
1541 1963 1987 2033 auxilio'servati,
2005 1980 2088 2019 se-

461 2081 592 2118 cura
617 2063 720 2118 tibi
745 2063 920 2135 possit
949 2062 1242 2116 devotione
1272 2060 1499 2115 servire.
1531 2061 1637 2115 Per
1664 2060 1875 2115 Jesum.

949 2159 1199 2208 Collectio
1225 2161 1343 2222 post
1369 2158 1597 2207 nomina.

531 2245 922 2316 Apostolorum
947 2249 1198 2314 tuorum,
1233 2243 1484 2312 Domine,
1515 2243 1812 2298 beatorum
1853 2241 2002 2296 Petri
2039 2244 2095 2295 et

461 2339 620 2395 Pauli
641 2339 954 2395 desiderata
977 2337 1272 2392 sollemnia
1293 2353 1669 2406 recensemus,
1692 2340 1916 2407 praesta,
1931 2351 2091 2406 quae-

463 2449 678 2500 sumus,
725 2437 790 2486 ut
813 2433 1028 2486 honora
1056 2431 1232 2503 gloria
1253 2431 1548 2502 passionis,
1577 2430 1722 2485 sicut
1745 2429 1852 2484 illis
1877 2429 2096 2500 magni-

461 2525 746 2582 ﬁcentiam
777 2525 974 2580 tribuit
999 2525 1424 2596 sempiternam,
1452 2524 1528 2578 ita
1555 2524 1717 2579 nobis
1742 2523 1965 2579 veniam
1991 2523 2096 2576 lar-

465 2621 652 2694 giatur
686 2623 970 2691 optatam;
1009 2623 1062 2674 et
1095 2619 1326 2674 nomina
1346 2634 1542 2673 eorum
1569 2634 1694 2689 qua:
1715 2617 1940 2672 recitata
1966 2621 2099 2671 sunt

461 2714 520 2768 in
545 2714 689 2768 libro
713 2714 840 2768 vitae
866 2729 1092 2768 censeas
1119 2711 1396 2784 deputari.
1423 2713 1531 2766 Per
1566 2727 1718 2778 eum,
1773 2710 1872 2782 qui
1907 2715 2096 2766 tecum

459 2809 612 2864 vivit.

995 2877 1244 2927 Collectio
1263 2875 1328 2925 ad
1363 2889 1564 2940 pacem.

534 2962 678 3015 Deus
717 2959 872 3030 pacis
915 2958 1194 3028 conditor,
1239 2959 1386 3012 Deus
1431 2957 1676 3012 caritatis
1715 2957 1986 3024 indultor,
2025 2957 2098 3011 da

461 3053 624 3110 nobis
650 3052 904 3124 placidus
921 3068 1120 3124 pacem
1135 3056 1313 3120 tuam,
1337 3056 1394 3106 et
1417 3053 1624 3122 praesta
1637 3055 1703 3106 ut
1719 3051 1862 3106 dum
1886 3055 2096 3106 sancto-

463 3161 594 3204 rum
629 3151 860 3201 tuorum
902 3145 1291 3216 apostolorum
1327 3145 1474 3199 Petri
1516 3149 1572 3198 et
1598 3145 1756 3199 Pauli
1779 3145 1920 3200 festa
1945 3145 2092 3199 cele-

463 3242 714 3307 bramus,
743 3255 845 3310 per
861 3255 1058 3293 eorum
1081 3237 1538 3293 intercessionem
1559 3238 1710 3309 pacis
1739 3238 2095 3292 securitatem

463 3351 593 3391 cum
617 3339 975 3406 peccatorum
1001 3333 1164 3387 venia
1193 3331 1458 3404 consequi
1479 3347 1820 3387 mereamur.
1851 3333 1957 3387 Per
1984 3331 2092 3386 Do-

463 3430 686 3485 minum
709 3435 968 3484 nostrum
993 3428 1202 3482 Iesum.

1030 3523 1321 3574 Immolatio
1347 3523 1532 3574 missas.

535 3613 670 3664 Vere
698 3609 938 3681 dignum
961 3611 1016 3662 et
1031 3608 1250 3679 justum
1277 3610 1362 3660 est
1385 3622 1488 3660 nos
1507 3605 1610 3660 tibi
1637 3621 1861 3676 semper
1883 3609 1940 3659 et
1967 3603 2092 3658 ubi-

461 3717 574 3777 que
595 3703 804 3774 gratias
829 3717 1017 3772 agere,
1037 3700 1270 3754 Domine
1290 3703 1497 3768 sancte,
1527 3700 1690 3752 Pater
1717 3697 2092 3769 omnipotens,

462 3803 670 3853 aeterne
699 3797 846 3850 Deus
873 3813 889 3848 :
919 3793 1202 3865 praecipue
1227 3792 1395 3846 hodie
1441 3792 1502 3845 in
1548 3791 1824 3846 honorem
1850 3791 2098 3846 beatissi-

463 3907 690 3946 morum
727 3888 1108 3960 apostolorum
1137 3891 1193 3941 et
1233 3891 1548 3958 martyrum
1585 3889 1814 3940 tuorum
1855 3886 2005 3940 Petri
2041 3889 2098 3940 et

463 3984 658 4040 Pauli:
703 3999 844 4055 quos
881 3981 960 4036 ita
993 3980 1190 4036 electio
1227 3984 1328 4034 tua
1363 3979 1464 4034 tibi
1511 3995 1838 4034 consecrare
1868 3979 2097 4050 dignata

464 4083 566 4146 est,
593 4083 658 4133 ut
680 4076 830 4132 beati
854 4074 1002 4130 Petri
1035 4074 1362 4130 saecularem
1385 4073 1637 4144 piscandi
1661 4077 1841 4128 artem
1867 4072 1925 4127 in
1953 4073 2094 4128 divi-

461 4185 603 4230 num
629 4172 838 4244 dogma
863 4171 1232 4236 converteret,
1265 4171 1542 4240 quatenus
1567 4166 1887 4221 humanum
1918 4182 2096 4237 genus

462 4268 530 4323 de
557 4265 839 4339 profundo
863 4263 1022 4318 istius
1047 4261 1246 4317 mundi
1271 4265 1686 4334 praeceptorum
1709 4265 1940 4316 tuorum
1969 4261 2098 4316 reti-

460 4363 566 4418 bus
599 4361 885 4416 liberares.
933 4358 1072 4411 Nam
1112 4356 1432 4427 coapostolo
1472 4355 1592 4426 ejus
1633 4355 1806 4409 Paulo
1845 4359 2096 4410 mentem

2191 1862 2237 1933 ej
2249 1879 2311 1916 us
2338 1862 2624 1932 juvemur,
2668 1863 2724 1914 et
2768 1859 3006 1916 meritis.
3063 1861 3166 1914 Per
3209 1859 3512 1914 Dominum
3565 1861 3840 1913 nostrum

2192 1955 2398 2012 Filium
2422 1959 2606 2010 tuum.

2751 2024 3000 2075 Collectio
3017 2023 3268 2086 sequitur.

2263 2111 2602 2183 Majestatem
2631 2115 2808 2178 tuam,
2840 2110 3097 2178 Domine,
3131 2108 3462 2180 suppliciter
3487 2125 3794 2164 exoramus
3819 2125 3836 2178 ;

2193 2211 2260 2260 ut
2291 2205 2436 2260 sicut
2471 2204 2731 2258 Ecclesia:
2769 2209 2882 2258 tuae
2908 2203 3108 2258 beatus
3134 2202 3216 2257 ill.
3245 2203 3532 2273 apostolus
3551 2201 3840 2274 praedica-

2193 2303 2283 2354 tor
2321 2302 2378 2354 et
2419 2299 2616 2353 doctor
2655 2297 2887 2364 exstitit,
2929 2297 3012 2350 ita
3049 2297 3119 2351 sit
3175 2313 3278 2368 pro
3317 2295 3484 2350 nobis
3520 2299 3842 2368 perpetuus

2195 2393 2546 2464 suffragator.
2579 2393 2684 2447 Per
2712 2391 3016 2446 Dominum
3043 2395 3300 2445 nostrum
3327 2392 3538 2446 Jesum.

2691 2477 2940 2541 Collectio
2960 2494 3076 2554 post
3098 2489 3330 2539 nomina.

2265 2577 2530 2632 Laetiﬁcet
2573 2593 2694 2644 nos,
2734 2591 3080 2648 quaesumus,
3119 2575 3376 2644 Domine,
3421 2589 3630 2628 munus
3669 2571 3836 2628 obla-

2195 2677 2354 2742 tum;
2385 2676 2448 2726 ut
2471 2672 2616 2726 sicut
2641 2671 2700 2726 in
2725 2670 2975 2742 apostolo
3003 2675 3100 2724 tuo
3129 2675 3184 2724 te
3211 2667 3530 2724 mirabilem
3551 2667 3836 2739 praedica-

2196 2783 2345 2836 mus,
2367 2765 2444 2820 sic
2467 2781 2571 2836 per
2589 2765 2752 2818 illum
2777 2779 3188 2836 praesumamus
3207 2761 3576 2834 indulgentiae
3605 2761 3842 2834 largita—

2197 2865 2334 2916 tem.
2377 2861 2584 2914 Praesta
2627 2859 2790 2914 nobis
2835 2859 2956 2929 ejus
2991 2857 3303 2912 desiderata
3345 2854 3722 2924 commercia;
3771 2859 3844 2910 ut

2197 2955 2360 3025 cujus
2403 2957 2738 3025 perpetuam
2779 2951 3114 3024 dignitatem
3161 2953 3511 3006 sacrosancto
3561 2948 3844 3020 mysterio

2197 3047 2620 3119 frequentamus
2643 3047 2704 3100 in
2729 3045 2914 3113 terris,
2945 3051 3001 3100 et
3042 3045 3344 3116 praesentia
3383 3042 3546 3098 nobis
3583 3041 3844 3096 subsidia

2195 3141 2442 3214 postulet
2469 3143 2526 3195 et
2550 3144 2780 3196 aeterna.
2809 3140 2915 3194 Per
2943 3139 3248 3194 Dominum
3273 3143 3550 3194 nostrum.

2848 3237 3180 3286 Contestatio.

2267 3327 2404 3380 Vere
2425 3323 2664 3396 dignum
2691 3329 2747 3379 et
2765 3323 2988 3395 justum
3013 3327 3098 3378 est
3121 3326 3176 3376 te
3203 3321 3456 3390 laudare,
3475 3321 3840 3393 omnipotens

2195 3421 2359 3488 Deus,
2387 3419 2671 3490 praecipue
2697 3417 2758 3471 in
2784 3417 2934 3472 beati
2961 3416 3194 3488 apostoli
3210 3415 3296 3470 tui
3321 3415 3401 3470 ill.
3427 3415 3752 3485 festivitate,
3773 3416 3838 3472 in

2195 3530 2306 3585 qua
2341 3512 2619 3584 gloriosus
2661 3513 2782 3582 ejus
2820 3510 3052 3582 sanguis
3089 3527 3194 3581 pro
3231 3509 3450 3564 Christo
3489 3509 3700 3564 effusus
3727 3515 3836 3564 est.

2195 3607 2366 3678 Cujus
2393 3605 2726 3661 venerabilis
2761 3621 2968 3660 annuae
3007 3603 3345 3659 recursionis
3389 3603 3740 3658 sollemnitas
3777 3609 3838 3658 et

2195 3705 2472 3772 perpetua
2499 3715 2740 3771 semper,
2768 3703 2824 3754 et
2843 3715 2987 3753 nova
3013 3703 3130 3767 est;
3172 3697 3306 3769 quia
3335 3703 3394 3752 et
3432 3697 3492 3751 in
3523 3699 3836 3768 conspectu

2195 3799 2308 3848 tuae
2333 3795 2432 3865 Maj
2442 3793 2629 3848 estatis
2649 3795 2944 3864 permanet
2963 3809 3118 3847 mors
3143 3795 3372 3846 tuorum
3391 3791 3635 3862 pretiosa
3651 3791 3840 3861 justo-

2195 3905 2357 3956 rum;
2386 3891 2443 3941 et
2467 3891 2856 3942 restaurantur
2885 3887 3232 3942 incrementa
3261 3885 3488 3954 laetitia,
3533 3901 3664 3938 cum
3705 3883 3834 3939 feli-

2195 3981 2376 4037 citatis
2401 3985 2624 4036 azternae
2655 3981 2980 4036 recoluntur
2997 3980 3243 4036 exordia.
3273 3979 3557 4050 Supplices
3581 3983 3638 4033 te
3663 3993 3840 4050 roga-

2195 4093 2343 4145 mus,
2397 4075 2754 4148 omnipotens
2803 4075 2968 4143 Deus,
3013 4079 3078 4130 ut
3129 4073 3292 4128 nobis
3327 4073 3536 4128 donare
3578 4071 3842 4144 digneris

2195 4169 2508 4242 apostolum
2539 4175 2702 4226 tuum
2740 4169 2819 4224 ill.
2849 4186 2952 4242 pro
2979 4167 3220 4241 peccatis
3260 4167 3466 4222 nostris
3495 4167 3838 4222 intercesso-

2195 4279 2339 4334 rem,
2381 4263 2808 4344 necessitatibus
2839 4267 3178 4335 patronum;
3217 4267 3282 4318 ut
3323 4261 3422 4334 qui
3457 4277 3560 4333 pro
3598 4261 3844 4316 veritate

2195 4375 2417 4414 sacrum
2459 4357 2794 4429 sanguinem
2829 4357 2995 4428 fudit,
3024 4357 3143 4428 ipse
3167 4359 3298 4412 ante
3327 4359 3688 4426 conspectum
3719 4355 3842 4410 Ma-

463 4471 594 4511 cum
617 4454 847 4510 nomine
871 4451 1263 4519 commutasti;
1304 4455 1360 4505 et
1391 4467 1560 4521 quem
1589 4449 1747 4520 prius
1785 4455 2098 4520 persecuto-
2115 4483 2174 4556 D
2189 4453 2410 4526 jestatis
2435 4457 2548 4508 tuae
2577 4457 2702 4506 vota
2725 4457 2916 4507 nostra
2943 4451 3228 4523 suscipiat.
3261 4451 3328 4506 Et
3351 4449 3430 4505 ita
3455 4450 3506 4505 ei
3527 4448 3842 4521 obsequio-

461 4565 586 4606 rem
607 4547 895 4603 metuebat
915 4545 1179 4612 Ecclesia,
1199 4561 1350 4599 nunc
1373 4545 1684 4599 caelestium
1703 4545 2096 4599 mandatorum

461 4639 688 4698 laetatur
718 4657 776 4695 se
811 4639 1018 4694 habere
1061 4639 1366 4693 doctorem.
1409 4638 1611 4692 Paulus
1646 4643 1882 4693 caecatus
1926 4641 2010 4692 est
2035 4643 2098 4692 ut

461 4734 696 4802 videret,
765 4735 962 4787 Petrus
1006 4732 1232 4804 negavit
1283 4737 1344 4786 ut
1395 4731 1666 4786 crederet.
1723 4731 1860 4786 Huic
1917 4731 2096 4786 claves

463 4829 699 4886 caelestis
737 4826 963 4898 imperii
1007 4825 1306 4894 tradidisti,
1339 4825 1424 4878 illi
1459 4825 1528 4880 ad
1563 4826 1870 4880 evocandas
1900 4830 2096 4897 gentes

462 4925 666 4980 divina:
693 4923 837 4994 legis
863 4921 1154 4976 scientiam
1183 4919 1483 4974 contulisti.
1529 4921 1668 4973 Nam
1707 4920 1798 4974 ille
1833 4920 2092 4974 introdu-

462 5019 556 5087 cit,
595 5018 689 5074 hic
715 5017 915 5090 aperit.
947 5015 1126 5070 Ambo
1152 5013 1328 5085 igitur
1353 5013 1574 5068 virtutis
1598 5019 1822 5069 aeternae
1859 5015 2096 5085 praemia

464 5117 598 5167 sunt
636 5111 844 5181 adepti.
883 5111 1040 5164 Hunc
1075 5109 1305 5164 dextera
1347 5111 1444 5162 tua
1483 5107 1834 5180 gradientem
1873 5109 1934 5163 in
1978 5109 2092 5165 ele-

463 5210 654 5262 mento
677 5205 912 5276 liquido,
944 5220 1016 5258 ne
1041 5207 1420 5273 mergeretur,
1448 5202 1662 5272 erexit;
1703 5203 1868 5256 illum
1904 5208 2094 5258 autem

463 5297 630 5356 tertio
687 5297 1118 5368 naufragantem
1161 5295 1439 5368 profunda
1491 5295 1676 5367 pelagi
1735 5295 1868 5350 fecit
1919 5295 2094 5352 vitare

463 5391 807 5450 discrimina.
841 5391 940 5445 Hic
965 5397 1152 5463 portas
1181 5391 1408 5458 inferni,
1437 5389 1528 5444 ille
1555 5389 1752 5445 mortis
1777 5389 1912 5444 vicit
1957 5407 2092 5445 acu-

461 5485 637 5544 leum.
674 5487 876 5542 Paulus
904 5485 1086 5557 capite
1127 5485 1412 5556 plectitur,
1455 5483 1589 5556 quia
1632 5485 1894 5556 gentibus
1929 5489 2097 5556 caput

461 5583 594 5640 ﬁdei
618 5579 1050 5654 comprobatur;
1073 5581 1270 5634 Petrus
1294 5583 1484 5633 autem
1511 5577 1817 5651 praemissis
1845 5579 1904 5634 in
1931 5595 2096 5636 cruce

533 5737 558 5813 ξ
587 5735 792 5813 affinis
810 5739 894 5788 est
923 5734 1044 5813 haec
1065 5731 1244 5788 oratio
1271 5731 1647 5813 Gregorianm.

2197 4564 2326 4602 rum
2351 4552 2675 4602 nostrorum
2701 4545 3048 4601 officiositate
3077 4546 3416 4617 placeamus,
3449 4548 3512 4598 ut
3549 4543 3690 4598 dum
3731 4559 3844 4598 nos

2197 4639 2248 4692 ei
2275 4637 2660 4709 supplicamus
2685 4636 2744 4690 in
2773 4637 2958 4706 terris,
2981 4635 3074 4690 ille
3095 4651 3199 4690 nos
3211 4633 3612 4689 commendare
3633 4631 3846 4703 digne-

2195 4735 2290 4786 tur
2317 4731 2376 4785 in
2397 4731 2544 4786 caelis
2571 4731 2808 4786 Domino
2837 4731 2966 4786 Jesu
2991 4729 3232 4785 Christo.
3267 4728 3366 4784 Cui
3403 4726 3606 4782 merito
3631 4741 3848 4782 omnes

2197 4841 2268 4880 an
2276 4827 2383 4898 gel.

2293 4939 2446 4994 LVII.
2489 4955 2638 4994 mssa
2679 4955 2734 4994 IN
2775 4955 2904 4994 men
2947 4951 3212 4994 mssxoms
3249 4953 3432 4993 SANCTI
3471 4949 3742 4992 JOBANNIS

2661 5027 2922 5067 BAPTISTZ
2957 5029 3020 5066 ET
3057 5025 3341 5066 IlARTYRIS.

2268 5109 2458 5184 275
2493 5111 2672 5166 Deum
2711 5113 2955 5178 Patrem,
2986 5115 3042 5166 et
3066 5099 3290 5180 Filium,
3320 5113 3376 5164 et
3401 5107 3674 5180 Spiritum
3707 5123 3850 5162 san-

2197 5209 2348 5260 ctum
2372 5204 2574 5260 humili
2593 5205 2938 5260 confessione
2959 5209 3013 5260 et
3037 5203 3274 5276 supplici
3301 5202 3613 5268 devotione,
3633 5201 3859 5257 fratres

2195 5299 2489 5368 carissimi,
2525 5299 2844 5354 unianimes
2885 5299 3270 5368 Obsecremus;
3313 5301 3376 5352 ut
3413 5313 3516 5352 nos
3541 5295 3716 5352 hodie
3741 5311 3858 5351 va-

2197 5387 2446 5449 ticina'tae
2493 5395 2674 5462 Vocis,
2725 5393 2890 5449 Verbi
2923 5395 3310 5466 Prtecursoris,
3351 5393 3542 5465 legum
3589 5391 3860 5464 Limitis,

2196 5489 2748 5560 ancrnmfluceutis,
2777 5491 2953 5544 sancti
2979 5491 3245 5561 martyris
3269 5489 3535 5562 Baptistae
3561 5489 3866 5548 Johannis

2195 5582 2514 5656 passionem
2545 5583 2972 5654 celebrantibus,
3003 5585 3259 5656 ejusdem
3301 5581 3710 5642 intercessione
3753 5587 3864 5644 in-

542 5807 570 5850 ι»
591 5807 752 5860 Deest
779 5806 900 5860 haec
921 5805 1092 5858 missa
1117 5805 1434 5860 communis
1461 5805 1518 5858 in
1541 5806 1888 5864 Lectionario
1909 5815 2119 5878 nostro,
2151 5809 2210 5868 in
2236 5827 2349 5886 quo
2377 5817 2602 5872 nullum
2629 5824 2712 5875 est
2737 5819 3050 5876 Commune
3077 5820 3501 5892 Apostolorum.
