4054 6188
205 204 314 257 297

202 417 431 456 sacrum
462 401 803 473 sanguinem
835 403 1002 469 fudit,
1045 420 1148 474 pro
1183 404 1346 458 nobis
1376 404 1451 459 ad
1490 405 1673 459 Deum
1703 422 1832 476 pre-

201 510 296 549 ces
318 495 570 550 fundere
605 495 894 566 dignetur.
927 497 1036 551 Per
1075 497 1406 552 Dominum.

751 594 1000 644 Collectio
1030 594 1280 658 sequitur.

268 679 331 732 In
374 677 660 732 honorem
692 677 1006 733 beatissimi
1028 679 1295 751 martyris
1324 681 1407 735 tui
1448 681 1713 752 Baptista
1741 683 1833 736 Jo-

196 771 430 838 hannis,
465 771 625 842 cujus
651 771 823 825 hodie
856 773 1184 842 passionem
1216 775 1592 842 celebramus,
1616 774 1705 829 his
1721 775 1832 830 Ma-

189 865 396 935 jestati
420 868 555 932 tua,
587 865 958 937 omnipotens
993 868 1167 934 Deus,
1201 867 1467 922 laudibus
1503 868 1833 936 servientes,

195 957 505 1013 sollemnia
526 958 674 1013 festa
691 960 1070 1028 concinimus,
1093 961 1427 1033 suppliciter
1439 962 1833 1034 deprecantes,

196 1056 256 1106 ut
283 1052 451 1122 cujus
478 1052 699 1107 meritis
728 1053 1116 1124 obsequimur,
1152 1055 1294 1124 ejus,
1309 1059 1365 1109 te
1398 1055 1671 1125 donante,
1701 1059 1838 1127 aput

197 1146 575 1200 clementiam
609 1150 767 1200 tuam
798 1147 1063 1218 precibus
1085 1147 1442 1218 adjuvemur.
1472 1152 1596 1204 Per.

827 1244 947 1294 Post
972 1245 1203 1295 nomina.

263 1329 505 1383 Munera
536 1329 734 1401 populi
766 1328 870 1396 tui,
901 1330 1270 1402 omnipotens
1295 1333 1460 1400 Deus,
1491 1349 1617 1403 qua
1645 1333 1747 1389 tibi
1777 1334 1835 1388 in

191 1422 303 1477 hac
335 1422 655 1476 beatissimi
681 1423 939 1494 Martyris
966 1424 1048 1477 tui
1081 1425 1346 1496 Baptista
1375 1426 1654 1482 Johannis
1680 1427 1834 1482 festi-

191 1516 375 1569 vitate
418 1515 752 1583 deferimus,
797 1533 1143 1587 quasumus,
1177 1519 1517 1590 propitiatus
1561 1519 1834 1588 intende;

193 1610 254 1661 ut
293 1608 546 1679 perfecti
589 1608 758 1679 hujus
793 1608 1053 1664 sacriﬁcii
1095 1611 1548 1667 sanctificatione
1588 1613 1834 1685 purgati,

637 280 642 288 1
1299 201 1387 259 DE
1421 201 1733 260 musam
1768 202 2140 263 GALLICANA
2177 205 2376 265 LIBER
2412 206 2502 263 Ill.

201 307 466 376 Inminet,
487 292 794 376 defendat,
823 310 882 362 et
907 307 1250 377 sanctificet;
1274 313 1338 364 ut
1357 311 1454 381 qui
1475 327 1580 382 pro
1596 311 1834 367 veritate
1857 325 1914 398 Α

3459 212 3562 268 298

2461 312 2712 364 Collectio
2738 311 2803 363 ad
2827 328 3028 379 pacem.

2005 399 2230 470 Accipe,
2265 415 2608 470 quasumus,
2656 400 2922 468 Domine,
2967 418 3213 456 munera
3257 401 3565 473 dignanter

1938 492 2150 562 oblata,
2175 496 2233 546 et
2251 493 2404 547 beati
2431 493 2568 548 Sixti
2601 493 2850 564 episcOpi
2883 497 2941 548 et
2959 495 3226 565 martyris
3253 495 3566 567 suifragan-

1936 585 2087 640 tibus
2117 586 2356 653 meritis,
2391 586 2464 640 ad
2494 590 2704 641 nostra.
2731 586 2929 641 salutis
2954 591 3332 658 augmentum
3361 604 3562 660 prove-

1938 679 2062 733 nire
2093 680 2374 746 concede;
2408 683 2466 732 et
2507 680 2684 746 illam,
2728 696 2854 751 qua
2885 679 2942 734 in
2985 696 3053 735 eo
3096 680 3359 752 ﬂagravit
3403 682 3567 738 fortis

1937 771 2186 841 dilectio,
2214 773 2274 826 in
2312 773 2478 827 nobis
2503 772 2732 843 adspira
2756 773 3064 844 benignus.
3097 775 3206 828 Per
3237 791 3368 828 eum
3401 792 3454 845 q.

2495 869 2784 918 Immolalio
2819 870 3005 920 missa.

2005 957 2148 1009 Vere
2171 955 2411 1026 dignum
2421 959 2488 1032 'et
2500 955 2718 1024 justum
2743 958 2846 1020 est,
2871 971 3098 1026 aquum
3118 959 3175 1009 et
3194 957 3440 1012 salutare
3459 962 3563 1026 est,

1939 1048 2040 1102 tibi
2069 1049 2324 1103 assiduas
2363 1047 2562 1102 laudes
2611 1064 2838 1114 canere,
2868 1049 3111 1102 Domine
3156 1054 3370 1118 sancte,
3399 1051 3568 1106 Pater

1938 1142 2326 1213 omnipotens,
2357 1145 2570 1196 aeterne
2604 1143 2772 1209 Deus,
2805 1157 2909 1212 per
2936 1141 3222 1196 Christum
3257 1144 3566 1198 Dominum

1937 1240 2218 1290 nostrum.
2255 1235 2363 1300 Qui
2394 1251 2498 1306 per
2530 1235 2843 1289 adventum
2881 1251 3053 1308 suum.
3091 1236 3389 1292 credentes
3423 1237 3480 1290 in
3507 1253 3565 1291 se

1938 1329 2203 1384 homines
2235 1329 2308 1382 ad
2339 1328 2586 1383 caelestia
2615 1345 2796 1400 regna
2825 1329 3069 1382 transire
3099 1329 3358 1399 permisit
3386 1347 3398 1385 :
3433 1347 3570 1402 quo-

1938 1422 2094 1476 niam
2120 1422 2197 1476 hii
2225 1422 2321 1492 qui
2353 1438 2410 1476 sc
2441 1427 2550 1476 tua
2589 1425 2764 1476 testes
2798 1421 3047 1476 offerunt
3070 1422 3342 1489 veritatis,
3377 1423 3566 1478 inimi-

1937 1531 2086 1583 cum,
2122 1515 2258 1569 dum
2293 1515 2646 1583 occiduntur,
2676 1515 2959 1569 occidunt.
2977 1517 3054 1570 Ex
3088 1517 3293 1588 quibus
3322 1520 3407 1570 est
3437 1533 3566 1571 san-

1937 1612 2058 1664 ctus
2097 1625 2162 1664 ac
2191 1608 2532 1662 venerabilis
2582 1608 2768 1663 Sixtus
2800 1613 3038 1680 martyr,
3074 1610 3235 1679 cujus
3257 1609 3426 1665 hodie
3454 1611 3564 1666 sol-

193 1703 533 1756 nostrorum
566 1718 599 1756 a
627 1705 680 1756 te
712 1718 1047 1757 mereamur
1063 1705 1339 1775 consequi
1359 1705 1584 1761 veniam
1609 1706 1840 1762 delicto-
1858 1698 1914 1771 B
1939 1702 2206 1757 lemnitas
2225 1702 2546 1756 celebratur
2571 1719 2583 1756 :
2615 1703 2712 1772 qui
2735 1702 2872 1774 dum
2895 1703 3224 1772 apostolica
3243 1704 3392 1758 sedis
3414 1719 3570 1758 exce-

191 1809 346 1848 rum.
382 1795 508 1848 Per.

733 1866 984 1916 Collectio
1011 1867 1076 1916 ad
1105 1881 1309 1931 pacem.

262 1949 529 2020 Suscipe,
564 1966 910 2021 quasumus,
953 1953 1220 2020 Domine,
1263 1970 1462 2023 preces
1504 1957 1746 2022 nostras,
1783 1958 1840 2009 et

193 2043 613 2098 intercessione
644 2045 914 2115 martyris
934 2045 1014 2099 tui
1051 2046 1315 2116 Baptista
1333 2047 1630 2116 Johannis,
1665 2065 1837 2119 quem

191 2137 249 2191 in
283 2141 391 2192 tuo
422 2137 645 2192 honore
678 2154 1044 2206 veneramur,
1076 2139 1342 2194 Ecclesia
1375 2142 1487 2194 tua
1525 2145 1657 2196 vota
1699 2158 1834 2197 con-

195 2230 370 2284 firma
400 2247 412 2284 :
449 2230 549 2300 qui
580 2229 753 2285 etiam
783 2231 993 2302 dignus
1017 2236 1102 2286 est
1128 2232 1357 2288 habitus
1383 2237 1448 2287 ut
1472 2234 1524 2288 ei
1562 2238 1619 2288 te
1648 2235 1834 2307 bapti-

193 2323 470 2390 zandum,
494 2323 698 2378 mundi
719 2325 998 2392 Salvator,
1016 2325 1272 2380 offerres.
1304 2327 1554 2398 Dignum
1576 2332 1663 2382 est
1682 2329 1836 2383 enim

195 2416 306 2472 hoc
332 2417 573 2483 mereri,
608 2420 669 2471 ut
719 2435 921 2473 omnes
967 2436 1072 2473 nos
1115 2420 1476 2491 baptismatis
1519 2422 1605 2475 tui
1653 2422 1838 2492 gratia

195 2514 557 2577 consecutos,
591 2511 934 2566 meritorum
965 2529 1199 2567 suorum
1241 2512 1672 2583 intercessione,
1701 2531 1834 2569 con-

197 2603 358 2658 ciliet
384 2603 648 2660 Salvator
671 2604 893 2659 mundi.

459 2706 472 2714 ‘
767 2703 1057 2754 lmmolatio
1091 2704 1278 2755 missa.

270 2787 526 2857 Dignum
543 2788 601 2840 et
611 2786 832 2858 justum
855 2792 958 2856 est,
989 2806 1219 2860 aequum
1245 2794 1302 2844 et
1328 2792 1574 2846 salutare
1606 2796 1709 2860 est,
1735 2810 1838 2848 nos

196 2879 304 2934 tibi
330 2896 751 2951 semperagere
778 2882 1014 2951 gratias,
1045 2884 1412 2955 omnipotens
1439 2889 1496 2938 et
1515 2885 1838 2942 misericors

194 2971 372 3039 Deus,
414 2973 568 3027 inter
605 2973 709 3027 has
757 2980 1252 3030 sacramentorum
1306 2978 1522 3048 epulas,
1570 2981 1839 3052 martyris

1939 1797 2114 1868 pisset
2140 1795 2411 1866 insignia,
2443 1798 2499 1848 et
2540 1811 2598 1848 se
2629 1795 2882 1866 primum
2918 1812 3040 1849 esse
3083 1797 3441 1866 conspiceret
3479 1814 3564 1852 sa-

1937 1890 2256 1956 cerdotum,
2287 1889 2646 1944 occasionem
2675 1889 2937 1943 salutaris
2957 1889 3238 1960 passionis
3259 1891 3565 1961 excipiens,

1939 2001 2056 2039 non
2088 1986 2314 2038 tantum
2341 1983 2627 2036 sacularis
2659 1983 2811 2036 exuit
2851 1983 3046 2037 sordes
3077 1983 3347 2054 contagii,
3371 2000 3569 2038 verum

1939 2078 2113 2132 etiam
2142 2077 2467 2147 exemplum
2490 2075 2598 2130 fuit
2618 2075 2841 2130 ceteris.
2874 2077 3018 2130 Nam
3037 2093 3169 2130 mox
3187 2093 3319 2131 suus
3340 2093 3567 2148 quoque

1938 2171 2200 2226 minister
2235 2169 2474 2224 eximius
2515 2169 2857 2224 venerabilis
2899 2170 3266 2241 Laurentius,
3322 2170 3570 2226 victoria

1938 2266 2190 2336 palmam
2223 2264 2498 2329 imitatus,
2525 2263 2746 2334 accepit
2769 2266 3177 2318 ornamentum
3221 2280 3332 2335 quo
3374 2263 3572 2318 debuit

1938 2374 2170 2428 poenam
2199 2358 2406 2424 subire,
2429 2361 2492 2410 ut
2517 2356 2763 2428 gloriam
2783 2361 3108 2418 mereretur
3132 2359 3412 2412 aternam
3432 2373 3567 2412 con-

1939 2468 2199 2524 sequere.
2226 2453 2332 2506 Per
2366 2451 2675 2506 Christum.

1992 2565 2116 2618 LIX.
2152 2579 2320 2619 'MISSA
2359 2579 2417 2617 IN
2455 2580 2661 2619 unus
2702 2579 2895 2619 SANCTI
2937 2579 3202 2620 LAURENTI
3243 2579 3533 2620 MARTYRIS.

1941 2715 1946 2720 .
2011 2673 2177 2738 Deus,
2213 2671 2472 2725 fidelium
2521 2674 2752 2725 tuorum
2797 2672 3045 2726 salvator
3088 2676 3146 2725 et
3178 2675 3386 2739 rector,
3413 2671 3571 2726 omni

1939 2768 2144 2837 potens
2182 2764 2532 2834 sempiterne
2574 2765 2742 2830 Deus,
2773 2763 2982 2818 adesto
3000 2765 3143 2818 votis
3177 2764 3575 2819 sollemnitatis

1939 2858 2264 2924 hodiernae;
2309 2861 2365 2911 et
2401 2856 2589 2929 277
2637 2857 2898 2912 Ecclesia
2947 2857 3170 2929 gaudiis
3213 2857 3282 2912 de
3326 2858 3575 2930 gloriosa

1938 2952 2207 3024 martyris
2238 2951 2319 3006 tui
2342 2951 2605 3023 passione
2631 2951 2786 3005 beati
2818 2952 3090 3006 Laurenti
3124 2952 3438 3024 conceptis,
3473 2951 3572 3006 be-

197 3065 280 3120 tui
315 3070 490 3138 caput
529 3083 660 3120 cum
707 3069 1042 3139 evangelica
1072 3070 1476 3126 recordatione
1503 3072 1750 3142 misceri,
1787 3070 1917 3145 etC
1944 3062 2152 3145 mgnus
2176 3045 2406 3145 ﬁds???“
2436 3063 2448 3099 ³
2483 3049 3058 3145 ifugfalurfmmum
3079 3045 3224 3145 ᾳάῗδ
3255 3050 3430 3145 tam?
3461 3063 3570 3100 vn"
3633 3069 3642 3074 ί

196 3159 358 3213 velut
381 3159 441 3212 in
474 3159 630 3214 disco
659 3161 877 3215 metalli
915 3161 1213 3229 radiantis,
1242 3163 1323 3218 ita
1368 3182 1537 3237 super
1576 3178 1839 3222 mensam

196 3255 315 3307 tua
361 3253 784 3324 propitiationis
815 3255 1026 3309 offerri.
1071 3256 1156 3310 Sit
1186 3273 1326 3328 ergo
1367 3259 1552 3328 nobis,
1576 3260 1838 3328 Domine,

189 3345 456 3416 jocunda
485 3347 760 3414 laudatio,
795 3348 867 3402 sit
891 3348 949 3402 in
973 3349 1259 3405 honorem
1283 3353 1539 3424 Martyris
1571 3355 1837 3409 recorda-

199 3440 282 3494 tio
315 3439 524 3494 cantici
549 3441 932 3511 triumphalis.
957 3443 1027 3496 Et
1047 3460 1178 3498 cum
1195 3445 1283 3498 his
1300 3446 1618 3501 calestibus
1644 3465 1837 3520 super-

200 3533 410 3604 nisque
434 3533 734 3587 virtutibus
755 3534 939 3588 fidelis
950 3536 1149 3607 populi
1160 3539 1503 3610 symphonia
1513 3540 1839 3609 misceatur,

200 3641 334 3696 qua
369 3641 401 3678 a
429 3625 642 3680 dextris
669 3627 779 3680 tuis
810 3643 1065 3683 consona
1095 3647 1230 3685 voce
1264 3632 1366 3684 sub
1386 3632 1539 3687 trina
1554 3633 1842 3704 repetitio-

198 3734 274 3772 ne
308 3723 568 3786 cantant,
601 3719 874 3776 dicentes.
901 3723 1164 3791 Sanctus,
1201 3725 1462 3793 Sanctus,
1492 3727 1750 3782 Sanctus.

196 3836 386 3892 LVIII.
411 3853 565 3892 mssa
588 3855 646 3893 ιη
672 3855 878 3895 NATALE
910 3857 1092 3896 sanan
1122 3858 1257 3898 smn
1290 3859 1433 3899 ΡΔΡᾸΞ
1471 3861 1624 3900 URBIS
1661 3861 1839 3903 nonus.

271 3941 474 4017 276
495 3945 736 4000 Domine
750 3947 918 4016 Deus,
933 3949 1189 4005 ﬁdelium
1203 3950 1602 4024 insuperabilis
1622 3955 1842 4011 fortitu-

198 4033 298 4102 do,
330 4035 426 4106 qui
458 4037 609 4092 inter
640 4040 951 4095 mundana
975 4045 1424 4100 conversationis
1452 4046 1689 4103 adversa
1709 4066 1838 4104 san-

194 4132 432 4184 ctorum
449 4147 550 4186 nos
570 4133 820 4188 maxime
844 4135 1262 4206 gloriﬁcatione
1279 4138 1566 4209 solaris,...
1582 4142 1666 4197 tui
1687 4143 1843 4199 inde—

195 4223 468 4278 sinenter
505 4226 788 4294 accendis,
828 4228 1028 4298 excita,
1063 4231 1326 4301 Domine,
1356 4234 1413 4288 in
1452 4235 1701 4291 Ecclesia
1744 4240 1842 4293 tua

195 4315 506 4389 Spiritum,
535 4320 622 4374 cui
667 4319 760 4375 ille
806 4323 1058 4391 servivit;
1111 4329 1172 4378 ut
1215 4326 1549 4383 Studeamus
1603 4329 1840 4402 diligere

1943 3141 2077 3195 tutis
2106 3143 2252 3207 ortu,
2286 3142 2345 3194 et
2386 3139 2562 3194 corda
2591 3139 2911 3193 latantium
2943 3140 3218 3211 supplicio
3254 3143 3575 3213 martyrum

1942 3233 2264 3305 igniantur;
2293 3237 2354 3288 ut
2381 3232 2535 3304 apud
2559 3232 3017 3286 misericordiam
3055 3237 3212 3288 tuam
3242 3233 3390 3312 illius
3410 3233 3573 3302 juve-

1941 3344 2073 3381 mur
2096 3325 2324 3393 merito,
2358 3326 2518 3397 cujus
2563 3326 2884 3379 exultamus
2915 3327 3196 3396 exemplo.
3235 3327 3343 3380 Per
3385 3324 3576 3380 Domi-

1945 3437 2083 3475 num
2111 3423 2393 3474 nostrum.

2502 3487 2751 3538 Collectio
2791 3485 3040 3549 sequitur.

2015 3576 2182 3641 Deus,
2201 3573 2401 3628 mundi
2439 3575 2664 3627 creator
2690 3575 2749 3626 et
2777 3575 2988 3640 rector,
3017 3572 3112 3642 qui
3144 3572 3296 3627 hunc
3333 3572 3486 3628 diem
3516 3573 3574 3628 in

1942 3669 2124 3724 levita
2143 3668 2224 3722 tui
2243 3667 2510 3722 Laurenti
2537 3665 2815 3737 martyrio
2844 3667 3430 3734 consecrasti,exaudi
3451 3683 3579 3738 pro-

1943 3762 2114 3834 pitius
2139 3761 2420 3833 supplices
2436 3764 2583 3828 tuos,
2614 3763 2671 3814 et
2700 3759 2952 3814 concede
2975 3762 3037 3814 ut
3063 3776 3265 3814 omnes
3301 3761 3400 3832 qui
3431 3777 3580 3816 mar-

1943 3855 2073 3927 tyrii
2087 3857 2209 3927 ejus
2229 3855 2436 3910 merita
2453 3870 2816 3920 veneramur,
2837 3853 3342 3909 intercessionibus
3363 3855 3486 3926 ejus
3507 3855 3578 3910 ab

1943 3952 2172 4008 aternis
2185 3952 2466 4024 gehenna
2479 3950 2760 4006 incendiis
2777 3950 3107 4008 liberemur.
3123 3951 3232 4006 Per
3242 3951 3572 4006 Dominum.

2432 4050 2679 4102 Collectio
2707 4054 2826 4120 post
2845 4050 3076 4100 nomina.

2014 4140 2276 4196 Concede
2320 4140 2503 4207 nobis,
2548 4137 2811 4205 Domine,
2845 4137 3092 4208 gratiam
3133 4139 3290 4191 tuam
3322 4136 3380 4190 in
3422 4135 3576 4191 beati

1942 4234 2210 4290 Laurenti
2259 4233 2528 4305 martyris
2577 4231 2912 4286 celebritate
2952 4230 3369 4300 multiplicem;
3400 4232 3462 4283 ut
3505 4228 3574 4283 de

1943 4327 2087 4383 tanti
2118 4344 2303 4399 agone
2351 4325 2681 4381 certaminis
2713 4325 2892 4378 discat
2926 4324 3170 4394 populus
3201 4322 3573 4390 Christianus,

195 4411 364 4483 quod
393 4413 625 4481 amavit,
659 4418 717 4468 et
759 4432 932 4488 opere
980 4434 1244 4474 exercere
1287 4422 1439 4493 quod
1496 4421 1705 4479 docuit.
1734 4426 1919 4518 PerD
1943 4427 2001 4478 et
2029 4423 2197 4476 firma
2218 4419 2450 4475 solidari
2474 4417 2772 4491 patientia,
2806 4420 2863 4470 et
2892 4417 2986 4487 pia
3018 4417 3272 4471 exultare
3317 4414 3573 4472 victoria.

191 4504 518 4561 Dominum
541 4511 802 4564 nostrum
826 4511 1019 4566 Iesum
1047 4513 1247 4568 Filium
1279 4518 1460 4570 tuum.

763 4609 1016 4660 Collectio
1043 4610 1293 4674 sequitur.

268 4689 489 4745 Praesta
516 4691 700 4761 nobis,
739 4694 1108 4766 omnipotens
1140 4699 1197 4751 et
1222 4695 1545 4754 misericors
1576 4701 1743 4769 Deus,
1777 4705 1841 4757 ut

187 4783 352 4839 beati
376 4784 517 4840 Sixti
538 4786 808 4859 martyris
835 4788 912 4842 tui
940 4788 1186 4860 repetita
1216 4792 1589 4862 sollemnitas,
1622 4799 1678 4849 et
1703 4796 1839 4850 libe-

188 4877 492 4932 rationem
535 4880 699 4935 nobis
741 4882 1063 4953 perfectam
1095 4883 1329 4951 tribuat,
1358 4889 1414 4941 et
1441 4888 1702 4944 salutem.
1731 4891 1839 4944 Per

189 4971 516 5026 Dominum
549 4978 830 5030 nostrum.

697 5073 947 5124 Collectio
969 5078 1088 5138 post
1108 5077 1337 5128 nomina.

261 5155 508 5223 Adesto,
526 5156 790 5227 Domine,
807 5160 1320 5232 supplicationibus
1333 5165 1562 5232 nostris,
1587 5169 1646 5220 et
1666 5165 1836 5220 inter-

186 5249 460 5304 cessione
491 5252 758 5322 martyris
785 5254 864 5308 tui
893 5255 1031 5309 Sixti
1064 5261 1401 5328 perpetuam
1425 5259 1590 5315 nobis
1613 5259 1832 5314 miseri-

187 5342 464 5398 cordiam
495 5344 783 5416 benignus
807 5347 1079 5420 impende
1102 5367 1114 5417 ;
1142 5354 1198 5405 et
1225 5352 1462 5408 nomina
1484 5370 1611 5425 qua
1637 5353 1837 5409 recita-

190 5440 254 5491 ta
288 5441 428 5491 sunt
450 5443 778 5494 nostrorum
803 5459 1070 5498 carorum
1095 5444 1152 5498 in
1171 5447 1377 5502 calesti
1398 5444 1614 5519 pagina
1630 5446 1836 5518 jubeas

187 5530 477 5587 intimari.
512 5534 621 5588 Per
646 5534 954 5592 Dominum
979 5541 1261 5595 nostrum.

2462 4515 2710 4566 Collectio
2742 4513 2806 4564 ad
2838 4527 3041 4577 pacem.

2012 4605 2204 4662 Sancti
2237 4601 2504 4658 Laurenti
2537 4617 2661 4667 nos,
2697 4600 2960 4668 Domine,
3003 4616 3350 4671 quasumus,
3374 4617 3573 4673 preca-

1941 4701 2018 4757 tio
2043 4701 2198 4771 justa
2229 4701 2495 4763 tueatur;
2529 4699 2588 4749 et
2630 4694 2786 4766 quod
2818 4697 3016 4749 nostra
3055 4694 3408 4749 conscientia
3453 4711 3569 4751 non

1938 4792 2252 4866 prasumit,
2287 4791 2410 4862 ejus
2443 4789 2628 4857 nobis,
2662 4789 2758 4860 qui
2790 4788 2892 4843 tibi
2916 4788 3148 4859 placuit,
3183 4788 3442 4844 oratione
3477 4787 3573 4842 do-

1939 4889 2125 4943 netur.
2157 4886 2264 4941 Per
2288 4882 2599 4939 Dominum
2625 4886 2885 4939 nostrum
2921 4881 3122 4937 Filium
3147 4884 3330 4936 tuum.

2498 4981 2787 5032 Immolalio
2819 4979 3004 5030 missa.

2007 5073 2150 5126 Vere
2170 5070 2411 5143 dignum
2433 5072 2491 5123 et
2499 5069 2720 5140 justum
2748 5069 2851 5133 est,
2887 5064 3253 5136 omnipotens
3282 5067 3579 5138 sempiter-

1940 5183 2010 5220 ne
2041 5167 2209 5232 Deus,
2224 5163 2325 5219 tibi
2348 5164 2405 5218 in
2429 5163 2573 5217 tanti
2588 5159 2855 5231 martyris
2873 5160 3212 5215 Laurenti...
3237 5160 3423 5216 laudis
3437 5161 3569 5218 hos-

1937 5258 2044 5316 tias
2061 5259 2383 5324 immolare,
2405 5256 2500 5328 qui
2524 5254 2770 5311 hostiam
2796 5252 3086 5308 viventem
3111 5254 3284 5309 hodie
3312 5255 3370 5309 in
3396 5255 3572 5327 ipsius

1937 5355 2120 5409 levita
2171 5353 2252 5408 tui
2295 5351 2449 5405 beati
2496 5347 2765 5404 Laurenti
2814 5348 3083 5420 martyris
3119 5347 3438 5405 ministerio
3470 5364 3575 5421 per

1935 5447 2138 5504 ﬂorem
2156 5443 2294 5501 casti
2307 5443 2563 5516 corporis
2586 5441 2873 5513 accepisti.
2889 5442 3062 5514 Cujus
3078 5459 3279 5500 vocem
3291 5458 3394 5514 per
3413 5441 3576 5510 hym-

1937 5541 2190 5598 nidicum
2219 5537 2597 5594 modolamiui
2622 5535 2647 5564 ⁸
2688 5537 2893 5607 psalmi
2935 5537 3276 5604 audivimus,
3316 5532 3577 5586 canentis

271 5671 298 5700 ⁸
337 5674 494 5747 Ῑιθεε
516 5677 817 5743 malum:
850 5681 938 5736 νεὶ
964 5683 1251 5742 modulati.
1288 5684 1386 5741 Hic
1408 5701 1547 5758 ergo
1571 5686 1881 5746 versiculus
1907 5691 2042 5742 tunc
2066 5687 2126 5743 in
2156 5686 2301 5742 festo
2323 5684 2503 5741 sancti
2529 5681 2842 5753 Laurentii,
2865 5682 2946 5738 uti
2978 5697 3150 5749 nunc,
3177 5671 3494 5739 canebatur
3523 5673 3583 5728 in

210 5761 436 5818 Ordine
456 5765 768 5822 Gallicana.

533 5863 809 5930 PATROL.
858 5867 1097 5936 LXXII.

3199 5872 3272 5937 t0
