4054 6188
445 267 548 321 299

1227 263 1560 321 APPENDIX
1596 263 1684 320 AD
1720 263 1940 320 OPERA
1979 257 2211 324 SANCTI
2247 265 2546 324 GERMANI
2583 265 3008 324 PARISIENSIS.

3695 269 3808 324 300

443 379 616 444 atque
648 369 888 427 dicentis
913 387 926 426 :
957 371 1218 428 Probasti
1247 387 1346 426 cor
1373 387 1590 440 meum,
1611 372 1780 440 Deus,
1803 377 1860 427 et
1886 372 2072 430 visita-
2091 389 2150 460 Α
2171 377 2382 431 nostris
2414 376 2514 447 qui
2544 377 2604 430 in
2633 376 2856 431 Christo
2903 372 3201 430 dormiunt
3240 371 3548 446 refrigeria
3587 377 3816 430 aeterna

439 467 512 520 sti
541 469 729 533 nocte,
753 465 812 519 id
840 469 926 520 est
945 465 1004 519 in
1035 465 1288 520 tenebris
1319 466 1544 530 saeculi;
1577 466 1715 536 igne
1741 483 1834 520 me
1863 467 2072 522 exami-

441 559 608 626 nasti,
633 562 692 612 et
716 575 831 612 non
859 563 945 612 est
971 559 1202 612 inventa
1227 558 1286 612 in
1311 575 1404 612 me
1433 559 1726 628 iniquitas.
1758 560 1802 614 Ο
1823 560 2074 630 gloriosa

439 652 771 708 certaminis
795 652 970 706 virtus
992 652 1002 706 ι
1039 669 1072 705 ο
1101 652 1438 706 inconcussa
1455 653 1780 708 constantia
1799 655 2074 708 confiten-

393 737 398 742 ’
439 747 538 802 tisl
573 746 834 801 Stridunt
861 745 1123 800 membra
1151 745 1399 800 viventia
1421 763 1593 817 super
1609 747 1941 802 craticulam
1963 748 2068 802 im-

437 839 652 910 posita;
677 843 735 892 et
758 839 955 909 prunis
975 838 1356 906 saevientibus,
1381 840 1739 906 anhelantes,
1771 841 2070 895 incensum

439 953 602 991 suum
635 937 694 990 in
725 936 966 990 modum
997 935 1389 1008 thymiamatis
1421 937 1626 991 divinis
1651 938 1884 992 naribus
1914 939 2068 992 exhi-

436 1030 578 1084 bent
619 1030 880 1084 odorem.
919 1029 1065 1084 Dicit
1107 1031 1264 1083 enim
1295 1031 1506 1100 Martyr
1533 1030 1652 1108 ipse
1685 1048 1816 1086 cum
1846 1033 2021 1087 Paulo
2053 1049 2066 1087 :

435 1122 640 1178 Christi
675 1123 859 1178 bonus
889 1123 1035 1178 odor
1061 1139 1255 1177 sumus
1275 1125 1412 1178 Deo.
1441 1125 1566 1178 Non
1595 1125 1750 1179 enim
1779 1125 2072 1196 cogitabat

438 1217 729 1287 quomodo
757 1217 814 1271 in
837 1221 991 1271 terra
1021 1217 1255 1287 positus,
1283 1234 1316 1271 a
1345 1218 1627 1288 passionis
1654 1218 1908 1289 periculo
1935 1219 2070 1274 libe-

434 1314 680 1378 raretur,
705 1311 804 1365 sed
835 1311 1126 1382 quomodo
1150 1311 1303 1365 inter
1327 1315 1609 1382 martyres
1639 1312 1700 1368 in
1726 1313 1876 1367 caelis
1903 1329 2064 1368 coro-

439 1407 692 1459 naretur.
707 1405 815 1458 Per
827 1404 1114 1460 Christum
1127 1405 1438 1460 Dominum
1452 1409 1731 1460 nostrum.
1753 1408 1860 1462 Per
1872 1423 2063 1478 quem.

677 1511 778 1564 LX.
821 1525 982 1566 mssa
1021 1525 1207 1566 suam
1247 1527 1496 1568 YPPOLITI
1537 1529 1828 1570 MARTYRIS.

509 1605 702 1681 278
729 1609 813 1661 Da
837 1608 1020 1676 nobis,
1053 1609 1420 1680 omnipotens
1443 1614 1501 1665 et
1529 1612 1852 1667 misericors
1895 1613 2064 1681 Deus,

437 1705 498 1756 ut
523 1702 677 1756 beati
699 1701 945 1772 Yppoliti
975 1703 1242 1773 martyris
1261 1705 1340 1758 tui
1357 1705 1690 1760 veneranda
1709 1705 2063 1774 solemnitas,

2173 470 2474 526 concedas.
2503 473 2630 524 Per.

2701 539 2948 590 Collectio
2973 539 3038 590 ad
3063 552 3268 603 pacem.

2242 626 2540 680 Praetende
2591 625 2755 680 nobis
2800 625 3257 680 misericordiam
3531 628 3714 690 tuam,
3751 628 3810 678 et

2174 721 2294 774 esto
2335 720 2532 790 populi
2571 719 2653 774 tui
2703 719 2976 774 defensor
3019 722 3076 772 et
3119 721 3326 786 custos,
3370 722 3434 772 ut
3475 721 3810 773 sanctorum

2171 815 2404 867 tuorum
2433 813 2646 868 Cornili
2668 817 2725 866 et
2741 812 3012 884 Cypriani
3037 811 3370 867 veneranda
3391 811 3700 867 sollemnia
3729 829 3814 866 se-

2171 923 2306 962 curo
2337 907 2556 978 possint
2577 907 2945 978 frequentare
2977 909 3278 960 conventu.
3305 908 3431 961 Per.

2738 1005 3029 1054 Immolutio
3057 1003 3244 1054 missae.

2240 1091 2488 1162 Dignum
2521 1094 2578 1146 et
2599 1090 2820 1160 justum
2852 1093 2937 1144 est
2967 1107 3196 1162 semper
3223 1092 3280 1144 et
3309 1089 3521 1160 ubique
3549 1091 3654 1144 tibi
3672 1107 3808 1163 gra-

2171 1185 2277 1238 tias
2299 1201 2492 1256 agere,
2527 1185 2894 1256 omnipotens
2931 1187 3144 1238 aeterne
3183 1187 3348 1250 Deus,
3377 1187 3548 1254 teque
3583 1185 3640 1238 in
3679 1202 3808 1240 san-

2169 1282 2391 1334 ctorum
2412 1283 2732 1349 martyrum
2762 1278 3076 1350 praedicare
3101 1277 3306 1332 virtute
3325 1294 3514 1348 :-quos
3543 1278 3809 1333 discretis

2167 1376 2454 1427 terrarum
2483 1373 2742 1444 partibus
2771 1389 2981 1443 greges
3005 1388 3194 1426 sacros
3215 1375 3536 1444 pascentes,
3561 1389 3676 1426 una
3709 1389 3805 1426 ea-

2170 1465 2416 1538 demque
2463 1465 2598 1534 ﬁde,
2627 1465 2698 1520 de
2745 1465 2981 1519 diversis
3025 1465 3160 1520 licet
3204 1465 3580 1537 temporibus,
3607 1482 3806 1521 conso-

2167 1563 2364 1628 nante,
2393 1559 2632 1631 parique
2671 1559 2921 1614 nominis
2963 1559 3048 1614 tui
3091 1558 3452 1614 confessione
3495 1559 3798 1626 coronasti,

2165 1654 2273 1708 Per
2291 1653 2602 1708 Dominum
2623 1656 2903 1708 nostrum.
2938 1654 3047 1707 Per
3073 1669 3269 1724 quem.

437 1797 495 1850 et
515 1769 880 1850 devotiohém
911 1795 1076 1850 nobis
1109 1769 1320 1868 augeat
1345 1801 1403 1852 et
1432 1800 1696 1854 salutem.
1745 1801 1852 1855 per
1877 1769 2063 1856 Domi;
2085 1771 2142 1844 B
2166 1769 2314 1824 LXII.
2347 1785 2506 1826 mssa
2535 1787 2588 1826 IN
2623 1785 2830 1826 NATALE
2863 1785 3177 1824 sucronem
3204 1783 3570 1825 assumantur
3599 1785 3802 1824 ,ωειλκ-

437 1905 576 1944 num
597 1891 856 1944 nostrum
883 1888 1088 1943 Filium
1120 1893 1302 1945 tuum.

981 1986 1232 2036 Collectio
1258 1989 1507 2052 sequitur.

503 2071 715 2123 Praesta
755 2067 938 2136 nobis,
969 2069 1336 2140 omnipotens
1364 2073 1421 2125 et
1453 2071 1778 2126 misericors
1805 2073 1974 2140 Deus,
2003 2075 2066 2127 ut

431 2160 586 2216 beati
611 2161 858 2232 Yppoliti
879 2163 1148 2234 martyris
1179 2165 1517 2235 tuirepetita
1545 2165 1898 2233 solemnitas,
1927 2170 1984 2220 et
2003 2165 2064 2220 li-

427 2255 792 2310 berationem
839 2255 1003 2310 nobis
1047 2257 1365 2328 perfectam
1414 2258 1648 2326 tribuat,
1692 2263 1749 2312 et
1797 2259 2058 2314 salutem.

429 2350 538 2405 Per
565 2351 874 2405 Dominum
903 2355 1183 2407 nostrum.

919 2447 1168 2498 Collectio
1197 2451 1315 2512 post
1333 2449 1563 2500 nomina.
1639 2489 1642 2492 .

501 2531 668 2596 Deus,
692 2533 924 2584 tuorum
951 2531 1154 2601 gloria,
1183 2532 1422 2604 martyri
1462 2536 1562 2588 tuo
1594 2535 1878 2606 Yppolito,
1905 2551 2058 2607 quae-

427 2643 642 2696 sumus,
673 2631 736 2682 ut
773 2644 876 2698 pro
915 2628 1080 2684 nobis
1107 2630 1617 2702 supplicantem...,
1652 2633 1848 2688 omnia
1897 2634 2062 2690 nobis

424 2743 702 2799 prospera
736 2726 1008 2782 concede.
1061 2729 1170 2782 Per
1221 2728 1532 2784 Dominum
1563 2733 1824 2786 nostrum
1856 2731 2060 2787 Filium

427 2823 607 2875 tuum.

957 2889 1208 2941 Collectio
1233 2891 1300 2941 ad
1323 2907 1528 2956 pacem.

493 2971 568 3025 Ut
599 2969 784 3040 nobis
839 2973 956 3038 tua,
991 2972 1256 3038 Domine,
1299 2975 1562 3028 remedia
1609 2975 1750 3030 dent
1793 2977 2057 3045 salutem,

423 3061 625 3116 beatus
649 3063 946 3133 Yppolitus
963 3067 1200 3135 martyr,
1233 3082 1580 3136 quaesumus,
1604 3085 1707 3138 pro
1740 3070 1906 3124 nobis
1935 3087 2061 3142 sup-

2789 1857 2876 1894 NIS
2904 1857 2966 1895 ΕΤ
2995 1857 3172 1896 PAULI.

2234 1935 2572 2000 Quaesumus
2595 1934 2644 2002 ι),
2687 1933 3056 2004 omnipotens
3093 1937 3152 1988 et
3179 1933 3505 1988 misericors
3539 1937 3707 2000 Deus,
3743 1936 3810 1987 ut

2163 2045 2268 2084 nos
2303 2029 2597 2100 geminata
2625 2027 2823 2082 laetitia
2853 2027 3150 2082 hodiernae
3179 2027 3503 2082 festivitatis
3531 2025 3804 2098 excipiat,

2163 2137 2294 2192 quas
2323 2121 2394 2176 de
2425 2123 2730 2176 beatorum
2769 2123 3093 2192 martyrum
3143 2125 3376 2176 tuorum
3423 2120 3706 2175 Johannis
3753 2124 3810 2174 et

2161 2216 2320 2270 Pauli
2355 2215 2773 2286 glorificatione
2817 2215 3100 2285 procedit,
3149 2231 3292 2286 quos
3334 2215 3544 2270 eadem
3571 2213 3720 2269 ﬁdes
3754 2217 3810 2268 et

2162 2309 2349 2380 passio
2380 2309 2516 2364 fecit
2545 2325 2667 2364 esse
2706 2325 3035 2380 germanos.
3059 2310 3185 2362 Per.

2717 2406 2970 2455 Collectio
2993 2405 3246 2469 sequitur.
3315 2403 3318 2408 ’

2232 2489 2606 2562 Omnipotens
2645 2491 2995 2562 sempiterne
3023 2493 3188 2558 Deus,
3221 2507 3294 2545 ne
3335 2493 3473 2562 aput
3511 2491 3802 2562 justitiam

2161 2587 2322 2640 tuam
2351 2589 2586 2656 peccata
2627 2589 2823 2640 nostra
2867 2601 2972 2640 nos
3014 2585 3354 2656 adgravent,
3385 2601 3802 2656 germanorum

2161 2683 2482 2751 martyrum
2505 2679 2791 2750 suffragiis
2823 2677 3182 2749 adjuvemur,
3208 2695 3352 2750 quos
3372 2681 3430 2733 et
3447 2683 3663 2751 partus,
3687 2697 3804 2735 una

2161 2777 2219 2828 et
2247 2791 2352 2845 par
2385 2773 2647 2844 martyrii
2671 2773 2868 2844 palma
2898 2773 3211 2844 conjunxit.
3240 2775 3369 2827 Per.

2649 2869 2901 2919 Collectio
2932 2874 3048 2932 post
3072 2870 3305 2921 nomina.

2231 2955 2762 3027 Suscipe,Domine,
2783 2955 3064 3026 propitius
3085 2972 3283 3027 preces
3311 2959 3554 3024 nostras,
3583 2959 3644 3010 et
3679 2959 3807 3010 tuo-

2158 3066 2288 3104 rum
2318 3049 2723 3120 deprecatione
2754 3049 3042 3119 justorum
3075 3051 3356 3105 Johannis
3386 3054 3444 3105 et
3464 3050 3644 3116 Pauli,
3673 3050 3802 3122 pie-

423 3155 642 3226 plicans
673 3155 934 3227 copiosus
969 3157 1253 3211 audiatur.
1287 3159 1395 3212 Per
1435 3160 1744 3215 Dominum
1781 3167 2057 3216 nostrum.
2083 3143 2136 3218 C
2163 3144 2266 3198 tau
2297 3147 2408 3198 tuae
2429 3145 2638 3215 Perﬁce
2662 3143 2950 3214 benignus
2981 3147 3278 3215 acceptas;
3313 3148 3370 3198 et
3397 3160 3540 3216 quos
3569 3143 3803 3215 εδηὲιιί·

983 3254 1272 3304 Immolatio
1307 3256 1496 3308 missas.

493 3337 636 3393 Vere
683 3335 924 3407 dignum
957 3339 1014 3388 et
1034 3335 1254 3406 justum
1289 3341 1393 3404 est,
1428 3337 1799 3409 omnipotens
1846 3344 2059 3396 aeterne

421 3429 590 3485 Deus.
623 3430 728 3494 Qui
755 3430 992 3484 beatum
1021 3431 1372 3501 Yppolitum,
1394 3433 1706 3502 tyrannicis
1738 3435 1924 3488 adhuc
1956 3435 2056 3489 0b-

421 3524 634 3595 sequiis
661 3526 1024 3594 occupatum,
1059 3524 1245 3579 subito
1281 3524 1468 3578 fecisti
1497 3527 1768 3580 Laurenti
1817 3529 2054 3583 socium.

424 3618 531 3682 Qui
557 3617 796 3688 spiritali
823 3617 1030 3672 ardore
1061 3635 1383 3686 succensus,
1414 3619 1552 3674 dum
1571 3620 1934 3692 unigenitum
1967 3623 2054 3677 Fi-

421 3710 564 3766 lium
583 3714 745 3764 tuum
761 3711 1072 3764 Dominum
1089 3715 1349 3766 nostrum
1364 3729 1556 3768 coram
1570 3715 1950 3784 potestatibus
1969 3731 2058 3771 ve-

422 3803 634 3858 raciter
664 3802 988 3870 confitetur,
1019 3805 1202 3874 poenis
1229 3805 1544 3875 subjicitur,
1583 3807 1820 3876 vinculis
1851 3809 2052 3880 inliga—

423 3900 536 3962 tur,
571 3895 756 3950 cardis
785 3895 1110 3966 conﬁgitur,
1143 3915 1426 3969 equorum
1453 3899 1752 3955 ferocitate
1786 3901 2058 3974 disjungi-

425 3993 546 4056 tur;
580 3993 638 4043 et
668 3988 878 4060 adepta
909 3990 1104 4060 palma
1147 3992 1425 4062 martyrii,
1461 3993 1576 4048 vita
1615 3999 1896 4066 perpetua
1925 4013 2056 4050 cum

422 4085 708 4152 lucratore
765 4085 822 4136 et
874 4081 1148 4154 magistro
1205 4085 1513 4140 Laurentio
1575 4091 1898 4143 coronatur.
1949 4091 2058 4144 Per

424 4177 712 4234 Christum
739 4175 1050 4232 Dominum
1074 4181 1354 4232 nostrum.

423 4288 547 4344 LXI.
583 4303 744 4344 MISSA
770 4304 822 4344 IN
853 4303 1055 4344 NATALE
1082 4302 1404 4388 SANCTORU:
1435 4305 1728 4344 manuum
1757 4303 1970 4344 CORNILI
1993 4306 2056 4346 ar

1079 4375 1330 4414 CYPRIANI
1359 4375 1403 4413 ’³.

496 4451 703 4507 Sancte
739 4449 982 4504 Domine
1033 4449 1423 4520 omnipotens,
1458 4465 1631 4520 quem
1667 4449 1949 4505 Cornilius
2000 4455 2058 4505 et

2161 3237 2250 3292 nis
2274 3237 2675 3309 propinquitas
2691 3235 2989 3308 conjunxit
3009 3241 3066 3292 et
3091 3237 3253 3305 ﬁdes,
3283 3237 3668 3309 patrocinium
3699 3253 3801 3292 no-

2157 3331 2244 3386 bis
2277 3331 2545 3385 deferant
2569 3330 2885 3385 solaminis.
2913 3332 3038 3385 Per.

2683 3429 2934 3479 Collectio
2964 3429 3028 3478 ad
3057 3443 3262 3493 pacem.

2229 3514 2490 3584 Intende,
2527 3515 2789 3578 Domine,
2822 3531 3100 3584 munera,
3139 3529 3488 3586 qumsumus,
3523 3515 3800 3570 altaribus

2159 3607 2268 3663 tuis
2299 3625 2402 3680 pro
2443 3609 2750 3664 beatorum
2781 3612 3102 3679 martyrum
3139 3611 3372 3663 tuorum
3419 3609 3704 3664 Johannis
3743 3611 3799 3662 et

2156 3702 2315 3756 Pauli
2343 3701 2902 3758 commemoratione
2927 3702 3252 3772 proposita;
3283 3703 3346 3755 ut
3377 3701 3524 3756 sicut
3551 3717 3658 3773 per
3675 3702 3796 3757 hac

2157 3795 2326 3850 beata
2357 3797 2632 3867 mysteria
2663 3795 2772 3850 illis
2801 3795 3046 3866 gloriam
3068 3796 3378 3864 contulisti,
3407 3795 3574 3850 nobis
3605 3794 3794 3850 indul-

2157 3889 2416 3960 gentiam
2439 3889 2721 3961 largiaris.
2749 3891 2855 3944 Per
2885 3889 3212 3944 Dominum.

2713 3987 3002 4036 Immolatio
3047 3987 3233 4036 missae.

2227 4067 2368 4120 Vere
2389 4065 2525 4120 satis
2554 4069 2639 4120 est
2656 4067 2898 4138 dignum
2921 4071 3092 4138 atque
3105 4067 3326 4140 justum
3346 4067 3404 4120 in
3423 4067 3634 4122 horum
3646 4081 3798 4120 mar—

2157 4163 2346 4230 tyrum
2361 4160 2636 4214 Johannis
2664 4165 2720 4216 et
2735 4162 2913 4230 Pauli,
2941 4162 3327 4234 germanitate
3349 4161 3566 4232 pariter
3583 4163 3641 4214 et
3655 4160 3794 4215 bea-

2155 4251 2401 4307 titudine
2450 4257 2764 4322 consortes,
2797 4255 2920 4322 tibi,
2969 4255 3338 4328 omnipotens
3377 4257 3544 4320 Deus,
3603 4252 3798 4308 dicere

2155 4347 2354 4402 laudes
2379 4365 2390 4403 :
2417 4365 2558 4420 quos
2591 4355 2649 4402 et
2681 4349 2887 4403 fratres
2913 4353 3063 4404 sorte
3091 4347 3383 4418 nascendi,
3413 4351 3470 4402 et
3484 4347 3802 4418 magniﬁca

2156 4441 2471 4512 prastitisti
2497 4442 2761 4512 passione
2792 4459 3120 4514 germanos,
3145 4447 3208 4498 ut
3232 4443 3400 4497 simul
3423 4445 3615 4496 essent
3630 4457 3802 4496 vene—

425 4543 762 4615 Cyprianus,
793 4543 1128 4614 triumphali
1168 4519 1448 4614 sanguine
1475 4519 1844 4610 conﬁtendo,
1881 4561 2052 4598 vene-
2073 4519 2132 4592 D
2156 4535 2351 4590 randze
2384 4536 2568 4607 gloria
2601 4537 2912 4608 genitricis,
2944 4541 3002 4591 et
3035 4537 3441 4592 ﬂorentissima
3463 4531 3664 4608 proles
3691 4536 3796 4590 Ec-

427 4637 637 4691 rabiles
688 4635 1017 4702 extiterunt,
1051 4639 1280 4706 praesta,
1315 4653 1661 4708 qumsumus,
1715 4641 1776 4692 ut
1817 4641 2056 4710 uterque

429 4729 594 4784 nobis
613 4727 832 4798 jugiter
857 4727 1262 4800 suffragentur.
1293 4731 1417 4784 Per.

987 4825 1234 4874 Collectio
1257 4827 1506 4888 sequitur.

501 4911 741 4965 Sanctus
779 4903 1063 4961 Cornilius
1108 4907 1166 4958 et
1199 4905 1514 4976 Cyprianus
1559 4907 1830 4980 suffragia
1872 4909 2057 4979 nobis,

431 5002 692 5070 Domine,
721 5001 996 5056 consueta
1015 4997 1367 5068 dependant,
1401 5003 1457 5068 et
1475 5001 1599 5070 pari
1626 5019 1855 5075 semper
1881 5005 2056 5059 inter-

431 5095 685 5152 cessione
713 5111 818 5150 nos
845 5093 1096 5148 foveant.
1121 5091 1230 5145 Per
1255 5091 1586 5148 Dominum.

915 5187 1166 5239 Collectio
1195 5193 1312 5253 post
1338 5189 1567 5240 nomine.

505 5275 810 5330 Beatorum
842 5273 1162 5342 martyrum
1195 5271 1528 5344 pariterque
1555 5271 1892 5344 pontiﬁcum
1923 5277 2056 5332 Cor-

435 5369 532 5425 nili
555 5373 613 5423 et
641 5365 910 5439 Cypriani
937 5383 1060 5432 nos,
1083 5383 1427 5438 quaesumus,
1457 5366 1606 5421 festa
1637 5369 1938 5436 tueantur;
1974 5387 2064 5425 eo-

433 5480 562 5519 rum
601 5477 704 5516 nos
737 5459 858 5528 tibi,
890 5460 1152 5528 Domine,
1183 5459 1553 5515 commendet
1585 5461 1788 5530 oratio,
1821 5465 1884 5516 ut
1918 5463 2062 5518 caris

501 5598 526 5628 "
547 5600 686 5654 Tam
705 5595 928 5652 celebre
945 5595 1238 5668 quondam
1261 5599 1384 5650 erat
1411 5596 1498 5650 his
1515 5597 1576 5652 in
1607 5598 1860 5668 partibus
1882 5601 2062 5656 sancti

433 5667 702 5744 Cypriani
733 5669 961 5744 festum,
1001 5671 1062 5720 ut
1103 5667 1173 5720 ab
1204 5684 1270 5744 e_o
1300 5667 1704 5744 sequentesin
1733 5671 2058 5727 Adventum

435 5737 764 5866 Db'mipicaa,
798 5739 1006 5812 prima,
1040 5737 1311 5806 secunda,
1349 5737 1408 5791 et
1438 5739 1518 5792 sic
1553 5740 1823 5814 deinceps
1855 5761 2056 5800 nume-

435 5831 596 5866 raren
629 5831 713 5866 ur.

431 5831 713 5868 rarentur.

2159 4631 2362 4684 clesiaa.
2386 4632 2447 4683 In
2471 4647 2716 4700 quorum
2731 4630 3014 4686 memoria
3033 4631 3313 4702 passionis
3339 4630 3594 4686 oblatum
3619 4630 3801 4684 sacri-

2158 4715 2574 4795 ﬁcium'accipe
2603 4723 2807 4792 libens,
2836 4723 3098 4792 Domine,
3129 4729 3186 4780 et
3217 4741 3321 4796 per
3351 4741 3484 4778 eum
3517 4741 3623 4779 nos
3661 4741 3802 4778 cum

2159 4816 2417 4888 ipsorum
2443 4817 2751 4890 Martyrum
2773 4819 3181 4874 intercessione
3215 4817 3486 4884 emunda,
3515 4821 3582 4871 ut
3599 4818 3806 4872 liberis

2159 4909 2391 4966 vocibus
2424 4913 2482 4964 et
2501 4911 2767 4966 consonis
2805 4911 3098 4968 mentibus
3129 4911 3234 4966 tibi
3273 4913 3554 4984 hymnum
3602 4911 3806 4967 dicere

2161 5003 2346 5058 laudis
2375 5023 2727 5074 mereamur,
2761 5023 2892 5060 cum
2922 5005 3143 5078 angelis
3167 5009 3224 5060 et
3482 5003 3816 5078 archange-

2163 5097 2229 5152 lis
2261 5099 2578 5153 clamantes
2607 5117 2618 5154 :
2651 5101 2909 5156 Sanctus.

2161 5207 2334 5262 LXIII.
2379 5224 2536 5264 mssa
2586 5225 2642 5262 IN
2691 5225 2895 5264 NATALE
2949 5224 3252 5264 BEATISSIMI
3303 5221 3612 5262 SINFURIANI
3667 5223 3820 5264 man-

2886 5296 3064 5335 TYRIS.

2234 5373 2532 5428 Sacratam
2563 5373 2849 5446 mysteriis
2881 5373 3199 5429 caelestibus
3247 5371 3400 5426 diem
3427 5369 3501 5425 ad
3539 5369 3820 5428 officium

2163 5465 2482 5522 devotionis
2513 5471 2720 5523 nostra:
2752 5467 3151 5523 sollemnitatis
3187 5465 3449 5538 ingressi,
3483 5465 3700 5520 fratres
3731 5467 3824 5522 di-

2233 5603 2260 5643 b
2289 5603 2506 5657 Eadem
2537 5619 2689 5657 nunc
2719 5603 2778 5658 in
2807 5602 3018 5658 Ordine
3047 5601 3422 5672 Gregoriano.
3461 5601 3590 5655 Haec
3619 5601 3822 5658 missa

2163 5677 2320 5728 extra
2345 5674 2631 5743 ordinem,
2665 5675 2745 5728 uti
2777 5677 2833 5729 et
2864 5689 3128 5745 sequens.
3151 5673 3227 5727 De
3257 5673 3344 5727 his
3371 5672 3642 5727 fratribus
3671 5673 3820 5745 lege

2161 5745 2526 5816 epigramma
2563 5747 2622 5800 in
2663 5749 2826 5802 temo
2869 5745 2936 5800 IV
2961 5744 3390 5812 Analectorum,
3421 5745 3674 5800 Damaso
3723 5744 3820 5816 (ut

2163 5815 2321 5888 puto)
2349 5821 2598 5872 auctore.
