4054 6188
210 187 308 240 301

1296 186 1383 243 DE
1421 187 1732 244 LITURGIA
1768 189 2138 247 GALLICANA
2177 191 2374 248 LIBER
2411 194 2501 248 Ill.

3471 199 3574 254 302

203 291 535 363 lectissimi,
593 292 889 348 laudemus
941 293 1248 349 Dominum
1300 297 1363 350 in
1424 296 1630 351 sanctis
1684 295 1798 352 suis
1831 312 1845 351 :
1868 298 2155 386 Apietate
2180 299 2519 356 transfertur
2543 299 2614 355 ad
2637 299 2958 372 praemium,
2999 316 3129 357 cum
3167 301 3219 357 ei
3252 301 3578 358 insinuatur

204 401 459 457 eumque
505 387 564 441 in
616 387 923 442 beatissimi
968 387 1273 444 Sinfuriani
1313 389 1578 460 martyris
1632 390 1847 445 honore

203 495 569 546 veneremur,
601 485 831 550 agentes
859 482 910 537 ei
936 482 1146 553 gratias
1174 499 1279 554 pro
1309 482 1611 554 triumphis
1643 484 1763 554 ejus
1794 490 1850 540 et

203 576 428 648 gloria;
470 594 642 649 quem
667 579 933 635 adversus
958 581 1210 653 corporis
1235 581 1625 637 infirmitatem
1652 599 1844 654 poena-

201 686 455 741 rumque
482 672 773 743 saevitiam,
813 674 1046 744 spiritus
1080 673 1411 730 fortitudine
1447 675 1843 745 demicantem,

195 764 324 835 spei
371 765 587 819 viribus
627 766 939 835 roboravit,
994 784 1158 822 muro
1201 769 1547 824 credulitatis
1587 770 1844 838 inclusit,

193 872 581 929 successuque
615 859 864 915 victoriae
901 861 970 915 ad
1004 861 1238 933 praemia
1273 862 1714 918 immortalitatis
1750 863 1840 918 in-

193 949 375 1006 vexit.
402 951 640 1007 Oremus
663 970 888 1025 quoque
913 959 978 1010 ut
1000 971 1104 1009 nos
1129 955 1191 1010 in
1217 956 1324 1010 hoc
1344 956 1570 1026 saeculo,
1600 956 1704 1011 etsi
1730 973 1845 1012 non

191 1044 331 1114 pari
349 1061 538 1116 agone
565 1046 930 1117 certantibus,
956 1048 1150 1103 similis
1159 1049 1433 1104 fortitudo
1449 1066 1564 1104 non
1582 1050 1802 1107 desinat
1821 1069 1839 1122 ;

193 1141 254 1190 et
275 1137 427 1193 sicut
449 1139 612 1193 illum
641 1140 956 1195 exhortatio
986 1141 1099 1212 piae
1132 1142 1332 1196 matris
1357 1142 1562 1198 extulit
1595 1145 1667 1199 ad
1708 1161 1839 1216 per-

190 1231 494 1301 agendam
519 1233 842 1288 certaminis
871 1234 1042 1304 hujus
1071 1234 1380 1307 victoriam,
1407 1237 1485 1291 ita
1511 1253 1617 1292 nos
1647 1227 1838 1292 catho-

188 1321 322 1377 licae
344 1323 487 1380 ﬁdes
515 1326 770 1383 Ecclesiae
809 1327 1391 1398 inreprehensibiliter
1417 1331 1691 1385 custodita
1716 1348 1843 1402 per-

191 1416 376 1472 ducat
402 1417 474 1472 ad
499 1418 738 1489 veniam,
779 1421 1053 1491 provehat
1079 1422 1149 1476 ad
1178 1439 1462 1479 coronam.
1503 1425 1608 1479 Per
1646 1425 1837 1479 Domi-

185 1527 340 1565 num
374 1517 633 1567 nostrum
658 1514 848 1568 Jesum
872 1514 1176 1572 Christum.

759 1607 1009 1657 Collectio
1035 1609 1283 1672 sequitur.

1947 409 2062 446 non
2089 392 2294 449 debere
2317 399 2559 450 mortem
2591 398 2866 463 metuere,
2915 395 3047 466 quia
3084 395 3428 467 martyribus
3463 396 3576 452 vita

1946 502 2060 540 non
2085 487 2323 557 tollitur,
2353 487 2449 552 sed
2477 492 2752 542 mutatur.
2802 487 2843 541 Ο
2887 487 3220 544 admiranda
3262 488 3574 560 gratiarum

1946 578 2110 634 ﬁdes!
2144 596 2270 650 quae
2297 581 2364 634 de
2381 580 2544 634 beato
2569 581 2682 635 ﬁlio
2704 580 2879 635 vitam
2905 581 3147 652 glorioso
3179 582 3397 654 exultat
3435 582 3572 638 affe-

1947 677 2071 741 ctu;
2094 678 2148 727 et
2167 690 2293 745 quae
2310 674 2507 745 lugere
2534 674 2883 744 credebatur,
2910 675 3155 745 gaudere
3183 676 3569 745 cognoscitur:

1946 783 2143 821 secura
2169 767 2237 821 de
2264 767 2426 840 regni
2453 767 2534 822 tui
2561 767 2827 838 praemiis,
2859 757 3039 822 filium
3075 768 3407 823 exhortatur
3442 785 3573 824 cum

1944 859 2164 933 ingenti
2188 860 2398 930 laetitia,
2427 862 2664 916 scientes
2683 861 2984 916 morientes
3009 861 3069 916 in
3094 860 3333 932 Christo,
3365 861 3570 929 vivere,

1945 958 2000 1010 et
2025 954 2288 1008 amissam
2330 954 2522 1023 vitam,
2567 971 2632 1009 eo
2671 957 3047 1022 restaurante,
3084 953 3354 1026 recipere.
3395 954 3573 1026 Digne

1944 1062 2079 1119 ergo
2102 1047 2193 1102 hic
2221 1047 2532 1102 honoratur
2556 1047 2614 1101 in
2640 1046 2870 1102 nomine
2894 1050 3010 1117 tuo,
3053 1047 3149 1119 qui
3190 1051 3245 1103 te
3278 1046 3575 1102 honoravit

1942 1140 2000 1194 in
2026 1140 2300 1211 sanguine
2329 1157 2460 1211 suo;
2504 1140 2600 1212 qui
2642 1158 2744 1212 pro
2784 1145 2840 1196 te
2874 1139 3114 1195 afﬂictus
3145 1146 3229 1196 est
3267 1141 3326 1195 in
3364 1141 3573 1213 suppli-

1942 1233 2049 1305 cio,
2079 1251 2182 1306 per
2207 1239 2262 1290 te
2301 1234 2642 1306 glorificatus
2669 1239 2752 1290 est
2777 1234 2834 1289 in
2865 1235 3154 1306 sepulcro;
3185 1235 3283 1307 qui
3306 1239 3362 1290 te
3398 1236 3573 1290 hono-

1941 1328 2083 1383 ravit
2106 1329 2167 1383 in
2199 1328 2404 1400 gladio,
2429 1332 2618 1383 tecum
2636 1332 2838 1400 regnat
2863 1327 2920 1382 in
2949 1328 3121 1397 caelo;
3150 1328 3246 1400 qui
3263 1344 3367 1400 per
3394 1344 3574 1401 angu-

1939 1423 2105 1478 stiam
2143 1421 2510 1493 praesentium
2549 1421 2982 1477 tribulationum
3023 1421 3316 1494 pervenire
3361 1421 3574 1476 meruit

1936 1517 2008 1571 ad
2031 1515 2467 1588 amplitudinem
2512 1515 2819 1570 calestium
2855 1515 3217 1587 gaudiorum,
3265 1531 3370 1587 per
3404 1514 3567 1570 Chri-

1942 1615 2093 1665 stum
2113 1609 2413 1664 Dominum
2438 1613 2718 1664 nostrum.
2748 1610 2854 1664 Per
2879 1626 2937 1680 q.

265 1680 610 1736 5am:me
639 1681 896 1737 omnium
927 1683 1170 1753 ειοτίοεει
1195 1684 1494 1756 ΡΓοῖθοῒίον
1538 1686 1703 1756 Deus;
1744 1683 1919 1758 (ΙυίΒ
2028 1708 2200 1762 LXIV.
2241 1723 2394 1762 mssa
2432 1724 2610 1763 SANCTl
2653 1723 2718 1761 ac
2756 1722 3053 1761 surrssmr
3092 1721 3332 1762 MAURICII
3372 1723 3478 1763 cum

186 1776 369 1833 beato
400 1779 638 1850 martyri
666 1784 765 1835 tuo
790 1779 1112 1836 Sinfuriano
1135 1782 1411 1836 auxilium
1444 1797 1561 1837 non
1597 1784 1834 1854 negasti,

191 1876 246 1925 et
266 1887 381 1942 per
407 1872 605 1944 iniqua
622 1873 819 1928 mortis
844 1875 1091 1929 ludibria
1109 1875 1182 1930 ad
1199 1876 1346 1930 hanc
1368 1875 1608 1948 gloriam
1637 1892 1838 1932 vocare

191 1964 474 2036 dignatus
501 1982 579 2035 es,
611 1971 820 2037 praesta
845 1971 910 2022 ut
930 1967 1140 2023 similes
1159 1985 1261 2024 nos
1279 1969 1417 2024 ﬁdes
1445 1970 1721 2042 martyrio
1749 1986 1838 2025 co-

190 2059 378 2128 pulet,
412 2075 554 2130 quos
582 2064 804 2132 tempus
829 2062 1105 2133 passionis
1131 2062 1192 2117 in
1219 2063 1398 2118 stadio
1425 2080 1541 2119 non
1565 2063 1796 2136 reliquit
1816 2081 1834 2133 ;

192 2167 259 2204 ac
283 2152 437 2206 sicut
467 2152 628 2208 illum
653 2153 763 2210 iter
790 2155 999 2210 durum
1031 2160 1088 2212 et
1111 2157 1468 2228 scopulosum
1498 2173 1602 2228 per
1627 2174 1834 2212 aerum-

191 2261 296 2299 nas
321 2247 657 2317 passionum
686 2250 946 2320 paradiso
974 2251 1309 2319 conlocavit,
1337 2251 1417 2306 ita
1454 2268 1559 2305 nos
1588 2267 1835 2323 prasen-

187 2339 346 2393 tium
382 2341 741 2412 voluptatum
783 2348 1208 2416 contemptus...
1249 2346 1354 2401 Per
1393 2345 1697 2401 Dominum
1731 2362 1835 2401 no-

188 2437 401 2490 strum.

759 2508 1008 2558 Coilectio
1032 2509 1281 2572 sequitur.

263 2579 540 2636 Recitatis
580 2582 904 2638 nominibus
923 2583 1284 2652 ofl‘erentum,
1310 2584 1511 2640 fratres
1538 2584 1834 2656 carissimi,

189 2675 605 2747 omnipotentis
624 2677 720 2732 Dei
735 2677 1177 2734 misericordiam
1197 2679 1586 2751 deprecemur,
1608 2683 1674 2733 ut
1688 2679 1838 2750 plebi

188 2783 320 2839 quas
351 2768 412 2823 in
435 2769 659 2825 honore
693 2771 843 2826 beati
872 2772 1184 2827 Sinfuriani
1213 2772 1476 2844 martyris
1502 2777 1631 2828 vota
1654 2771 1839 2827 reddit

185 2860 490 2930 altaribus,
552 2863 756 2920 divina:
801 2866 1152 2921 credulitatis
1186 2867 1524 2921 infundatur
1564 2866 1833 2935 affectus;

187 2960 254 3009 ut
283 2956 412 3026 ejus
440 2956 931 3016 administratione
955 2960 1276 3031 firmentur,
1299 2961 1399 3032 qui
1427 2961 1682 3032 Martyris
1709 2977 1834 3016 me-

2579 1794 2742 1833 SOClIS
2779 1794 2913 1832 SUIS.

2010 1867 2420 1938 Omnipotentis
2448 1867 2671 1923 Domini
2704 1866 3148 1922 misericordiam
3173 1866 3232 1920 in
3262 1867 3432 1938 hujus
3461 1868 3570 1924 diei

1939 1976 2034 2014 sex
2081 1960 2326 2015 millium
2372 1965 2767 2015 sexcentarum
2810 1965 3126 2032 martyrum
3177 1959 3569 2031 sollemnitate,

1938 2053 2139 2108 fratres
2193 2049 2487 2122 carissimi,
2530 2054 2921 2126 deprecemur,
2965 2058 3031 2108 ut
3065 2052 3162 2126 qui
3197 2057 3369 2109 tantae
3418 2052 3573 2125 plebi

1941 2146 2177 2218 gloriam
2218 2146 2472 2218 martyrii
2522 2147 2778 2215 contulit,
2824 2146 2901 2201 ita
2944 2145 3105 2201 nobis
3155 2145 3265 2201 diei
3317 2145 3571 2201 inmensa

1937 2239 2329 2312 peccaminum
2383 2239 2782 2296 misericordiae
2827 2255 2944 2295 suae
2995 2238 3260 2312 largitate
3307 2239 3569 2295 letificet.

1936 2335 2044 2390 Per
2068 2333 2374 2389 Dominum
2399 2336 2657 2389 nostrum
2680 2334 2891 2389 Jesum.

2488 2427 2737 2476 Collectio
2763 2425 3009 2490 sequitur.

2012 2504 2175 2572 Deus,
2207 2503 2306 2575 qui
2332 2502 2536 2557 sanctis
2561 2503 2673 2558 tuis
2718 2502 3144 2557 Acauninsebus
3185 2518 3292 2574 pro
3331 2502 3572 2558 tuitione

1938 2596 2241 2651 Christiani
2265 2597 2512 2651 nominis
2533 2596 2938 2667 persecutionis
2964 2595 3256 2650 audaciam
3276 2596 3569 2665 sustulisti,

1938 2705 2250 2761 eorumque
2275 2689 2532 2743 animum
2562 2689 2632 2742 ad
2662 2688 3096 2759 adepiscendam
3129 2687 3422 2759 dignitatis
3459 2693 3572 2744 tuae

1938 2782 2210 2854 martyrio
2229 2782 2667 2854 praefulgentem
2685 2781 2922 2853 gratiam
2937 2779 3204 2848 incitasti,
3227 2781 3430 2836 exaudi
3446 2799 3573 2853 sup-

1935 2875 2111 2947 plices
2135 2881 2280 2944 tuos,
2312 2879 2366 2931 et
2394 2880 2601 2947 praesta
2619 2880 2683 2930 ut
2707 2875 2851 2930 sicut
2879 2874 2960 2928 illi
2987 2876 3083 2928 tuo
3110 2890 3348 2930 munere

1937 2973 2271 3026 meruerunt
2288 2969 2542 3024 beatiﬁce
2563 2969 2842 3036 coronari,
2871 2967 2947 3022 ita
2967 2984 3165 3022 eorum
3192 2967 3474 3040 suffragiis
3501 2968 3571 3022 ab

185 3049 312 3103 ritis
338 3065 456 3104 non
477 3050 835 3124 junguntur;
865 3071 928 3108 ac
957 3055 1101 3109 sicut
1123 3055 1217 3110 ille
1237 3058 1364 3126 post
1389 3055 1629 3110 carceris
1648 3058 1830 3126 septa,
1854 3055 1908 3128 C
1934 3063 2092 3119 omni
2140 3063 2473 3118 conluvione
2507 3061 2741 3134 peccati,
2788 3066 2843 3118 te
2888 3061 3212 3130 auxiliante,
3261 3061 3570 3118 reddamur

184 3148 319 3214 post
331 3160 631 3214 pinnarum
644 3147 934 3218 ligamina,
950 3154 1189 3221 postque
1209 3149 1375 3203 famis
1391 3149 1658 3217 inediam,
1675 3154 1833 3203 aeter-

183 3235 390 3290 nitatis
430 3239 642 3310 gaudia
686 3241 912 3296 infinita
938 3243 1272 3314 perfruitur,
1315 3244 1394 3298 ita
1433 3244 1829 3299 defunctorum

185 3330 427 3398 animae,
453 3333 652 3388 laxatis
677 3334 884 3391 inferni
902 3337 1200 3407 pressaris,
1227 3337 1469 3392 Abrahae
1494 3338 1671 3410 patris
1701 3355 1829 3410 gre-

185 3425 310 3480 mio
333 3427 718 3484 conlocentur.
749 3431 906 3494 Quod
929 3430 1049 3502 ipse
1075 3437 1269 3503 praest.
1301 3432 1570 3503 dignetur
1597 3449 1654 3504 q.

723 3523 970 3573 Collectio
995 3523 1060 3573 ad
1086 3538 1289 3588 pacem.

262 3595 531 3668 Largitor
557 3598 841 3654 bonorum
877 3600 1154 3670 omnium,
1187 3602 1354 3671 Deus,
1394 3600 1492 3672 qui
1530 3600 1680 3656 inter
1710 3599 1832 3654 illas

185 3695 512 3762 martme
527 3693 946 3765 splendentium
961 3694 1127 3749 nivea
1147 3695 1255 3750 fide
1277 3700 1547 3766 catervas,
1560 3699 1678 3750 toto
1697 3694 1830 3749 orbe

185 3789 480 3839 terrarum
500 3787 677 3858 gratia
697 3793 1028 3843 coruscante
1050 3788 1296 3856 diffusas,
1323 3789 1633 3860 pretiosum
1657 3805 1829 3861 pecu-

185 3874 509 3949 liaremque
546 3881 706 3935 nobis
723 3881 953 3936 beatum
980 3882 1368 3938 Sinfurianum
1393 3887 1700 3954 martyrem
1739 3882 1827 3937 in-

186 3969 440 4040 dulsisti,
467 3973 674 4045 largire
699 3975 990 4031 cotidianis
1018 3976 1338 4048 supplicum
1376 3975 1558 4048 281
1597 3981 1830 4032 tuorum

185 4064 364 4134 votis,
393 4070 460 4120 ut
488 4066 548 4120 in
581 4067 742 4138 cujus
776 4069 915 4124 festa
942 4071 1144 4130 devoto
1175 4072 1495 4126 exultamus
1535 4071 1826 4143 trepudio,

182 4159 320 4230 ejus
348 4158 406 4212 in
425 4165 713 4231 posterum
737 4164 1018 4219 consortio
1045 4165 1494 4237 conjungamur;
1528 4165 1830 4220 hominum

181 4251 406 4308 osculis
440 4256 842 4327 corporalibus,
870 4257 1214 4329 spiritalibus
1253 4258 1474 4331 alligari
1508 4274 1832 4314 mereamur

179 4346 509 4404 affectibus.
534 4350 657 4406 Per.

751 4422 1041 4473 Immolatio
1069 4424 1258 4474 missa).

255 4493 515 4564 Dignum
539 4501 593 4550 et
599 4497 822 4568 justum
851 4503 954 4568 est,
985 4515 1214 4571 aequum
1241 4504 1296 4555 et
1321 4499 1562 4556 salutare
1593 4506 1695 4570 est,
1725 4518 1826 4556 nos

179 4586 298 4641 tibi
334 4586 391 4640 in
426 4587 638 4644 honore
663 4591 811 4646 beati
846 4593 1110 4663 martyris
1148 4593 1230 4647 tui
1257 4593 1563 4648 Sinfuriani
1592 4594 1826 4650 laudum

181 4679 410 4736 hostias
439 4682 742 4755 immolare,
779 4686 1010 4743 Domine
1037 4687 1179 4742 Deus
1200 4691 1430 4742 aeterne.
1461 4691 1522 4742 ln
1542 4688 1701 4760 cujus
1724 4705 1826 4744 nos

180 4775 573 4833 sollemnitate
600 4778 879 4834 confortat
897 4781 983 4836 vel
1016 4781 1156 4836 ratio
1183 4781 1478 4838 manifesta
1502 4799 1714 4853 rerum,
1738 4783 1827 4839 vel

180 4869 442 4924 eruditio
459 4871 704 4941 perfecta
723 4874 998 4928 virtutum
1017 4892 1030 4929 :
1054 4875 1154 4946 qui
1173 4876 1466 4946 splendere
1482 4877 1693 4932 meruit
1712 4894 1826 4932 non

181 4965 378 5019 solum
420 4967 775 5024 terrenorum
803 4968 1053 5024 claritate
1093 4970 1386 5041 natalium,
1422 4987 1621 5026 verum
1655 4971 1826 5027 etiam

182 5057 537 5114 sublimitate
563 5063 871 5117 caelestium
900 5063 1212 5134 virtutum;
1245 5068 1301 5119 et
1326 5064 1550 5121 Fausti“
1576 5066 1826 5138 fulgidus

183 5169 425 5225 genere,
455 5153 619 5209 fausti
646 5156 908 5228 martyrii
929 5157 1152 5213 levatur
1174 5157 1234 5212 in
1262 5159 1527 5214 culmine.
1556 5159 1662 5223 Qui
1687 5159 1824 5214 bea-

184 5253 273 5303 tos
307 5252 500 5319 patres
541 5249 898 5306 Andochium
941 5252 1372 5325 Benignumque
1418 5258 1643 5309 secutus
1664 5295 1677 5320 ,
1723 5269 1827 5325 per

182 5341 451 5414 martyrii
491 5342 851 5414 ﬂagrantiam
890 5346 1099 5402 electus
1139 5348 1394 5419 pervenit
1433 5348 1504 5402 ad
1529 5347 1822 5419 palmam;

181 5435 290 5508 qui
319 5435 463 5490 dum
494 5437 871 5495 adflictionem
897 5442 1153 5514 sequitur
1180 5442 1571 5515 praesentium,
1611 5441 1824 5497 instru-

185 5530 438 5586 ctionem
473 5531 656 5588 effecit
696 5539 1077 5606 posterorum.
1114 5537 1183 5593 Et
1214 5541 1475 5592 materno
1526 5535 1827 5610 conloquio

263 5661 568 5743 Faustus,
596 5664 992 5743 Symphoriani
1022 5673 1203 5741 pater,
1232 5685 1441 5742 genere
1465 5669 1716 5743 illustris,
1759 5685 1829 5726 ex

189 5731 346 5785 Actis
380 5738 436 5790 et
463 5750 532 5789 ex
553 5731 661 5790 hoc
688 5731 834 5795 lo—co.

1931 3157 2168 3212 innoxii.
2199 3159 2306 3212 Per
2324 3156 2647 3211 Dominum.

2430 3245 2674 3296 Collectio
2699 3248 2817 3308 post
2837 3244 3068 3294 nomina.

2000 3322 2220 3379 Auditis
2237 3321 2566 3377 nominibus
2581 3335 2840 3375 carorum
2857 3325 3200 3387 nostrorum,
3218 3319 3568 3388 omnipoten-

1931 3421 2048 3471 tem
2094 3415 2399 3471 Dominum
2425 3415 2816 3486 deprecemur,
2844 3417 2906 3467 ut
2928 3410 3107 3483 plebis
3136 3427 3253 3464 suae
3283 3411 3566 3467 ministro-

1931 3525 2174 3582 rumque
2200 3513 2326 3564 vota
2354 3507 2680 3579 suscipiens,
2713 3505 3024 3561 oblationes
3053 3508 3292 3573 nostras,
3323 3520 3462 3576 quas
3503 3504 3564 3559 in

1932 3601 2534 3659 commemorationem
2562 3603 2886 3655 sanctorum
2913 3596 3335 3667 Acauninsium,
3369 3613 3434 3653 ac
3456 3613 3562 3668 pro

1932 3697 2220 3769 spiritibus
2257 3712 2522 3752 carorum
2551 3698 2880 3749 nostrorum
2904 3691 3212 3761 offerimus,
3244 3691 3304 3746 in
3332 3691 3563 3747 odorem

1930 3792 2096 3846 bonae
2126 3790 2415 3846 suavitatis
2456 3787 2711 3859 accipiat.
2758 3786 2914 3842 Unde
2949 3785 3228 3857 supplices
3263 3784 3460 3853 simus,
3499 3790 3564 3840 ut

1930 3885 2388 3941 beatissimorum
2435 3882 2910 3955 patriarcharum,
2948 3879 3381 3952 prophetarum,
3423 3895 3560 3951 apo-

1930 3981 2221 4049 stolorum,
2249 3984 2304 4034 et
2321 3983 2657 4049 martyrum,
2686 3974 3060 4046 omniumque
3093 3978 3418 4030 sanctorum
3453 3972 3563 4045 piis

1929 4073 2192 4147 precibus
2218 4073 2571 4144 adjuvemur.
2600 4073 2720 4126 Per.

2455 4159 2704 4210 Collectio
2727 4157 2793 4208 ad
2825 4170 3028 4222 pacem.

2002 4240 2167 4309 Deus,
2199 4238 2290 4293 cui
2315 4235 2768 4308 acceptissimum
2793 4250 2859 4288 ac
2877 4229 3355 4304 jucundissimum
3381 4227 3553 4284 sacri-

1929 4334 2122 4390 ficium
2170 4337 2253 4387 est
2296 4335 2618 4386 sanctorum
2663 4334 2892 4383 tuorum
2927 4325 3066 4380 fides
3107 4329 3275 4396 atque
3314 4322 3554 4390 devotio,

1845 4431 1906 4505 D
1931 4431 2121 4486 adesto
2137 4426 2370 4483 familia
2391 4431 2504 4481 tuae
2528 4423 2630 4477 tibi
2645 4420 2904 4492 supplici,
2933 4416 3376 4473 misericordiam
3402 4419 3558 4471 tuam

1925 4541 2028 4595 per
2071 4525 2399 4577 sanctorum
2438 4523 2669 4574 tuorum
2702 4511 3108 4570 Acauninsium
3152 4510 3423 4583 suffragia
3460 4527 3555 4582 po-

1925 4616 2183 4684 stulanti;
2214 4619 2269 4669 et
2293 4613 2366 4668 da
2393 4616 2458 4666 ut
2482 4610 2578 4683 qui
2602 4615 2658 4665 te
2683 4610 3048 4681 peccatorum
3084 4622 3317 4661 suorum
3363 4621 3556 4661 errore

1923 4711 2213 4778 laeserunt,
2252 4708 2472 4779 placere
2497 4703 2600 4759 tibi
2628 4719 2732 4776 per
2754 4706 3077 4757 sanctorum
3119 4705 3348 4756 tuorum
3389 4699 3558 4755 inter-

1927 4803 2230 4860 cessionem
2258 4803 2603 4856 mereantur.
2631 4799 2756 4852 Per.

2499 4889 2785 4942 lmmolatio
2806 4889 2994 4939 missas.

1998 4973 2243 5045 Dignum
2283 4975 2340 5025 et
2361 4970 2582 5041 justum
2608 4971 2710 5022 est.
2738 4966 2878 5020 Vere
2902 4978 3130 5034 aequum
3157 4966 3212 5016 et
3232 4960 3452 5031 justum
3478 4967 3560 5016 est

1927 5083 2027 5122 nos
2053 5066 2156 5122 tibi
2193 5063 2402 5137 gratias
2442 5077 2633 5134 agere,
2668 5058 2904 5114 Domine
2939 5060 3149 5121 sancte,
3185 5055 3348 5110 Pater
3380 5055 3559 5110 omni-

1927 5165 2146 5235 potens,
2173 5164 2383 5215 aaterne
2409 5157 2573 5211 Deus.
2598 5155 2681 5209 Tu
2708 5152 2881 5221 enim,
2899 5149 3154 5217 Domine,
3184 5148 3556 5205 Thebasorum

1927 5255 2260 5323 exercitum,
2293 5251 2365 5307 ad
2391 5248 2588 5324 populi
2615 5246 2699 5302 tui
2723 5244 3065 5316 supplicium
3090 5241 3456 5313 destinatum,
3480 5244 3554 5298 ita

1928 5349 2106 5404 sabita
2127 5345 2392 5420 jussionis
2417 5349 2531 5399 tua).
2560 5339 2743 5414 gratia
2785 5337 3074 5406 revocasti,
3122 5341 3184 5392 ut
3227 5336 3355 5408 plus
3393 5336 3562 5407 elige-

1927 5449 2057 5504 rent
2082 5441 2277 5498 sedula
2302 5438 2596 5495 devotione
2619 5433 2878 5503 interfici,
2909 5448 3084 5506 quam
3111 5431 3180 5487 de
3222 5430 3556 5486 Christiano-

1929 5553 2059 5593 rum
2084 5534 2360 5606 sanguine
2382 5531 2604 5600 satiari;
2633 5545 2738 5585 nec
2772 5545 2905 5584 cum
2929 5526 3103 5583 tantis
3127 5525 3156 5566 ι)
3194 5530 3259 5580 ut
3299 5529 3353 5578 te
3394 5519 3557 5574 auxi-

2001 5665 2028 5706 δ
2054 5667 2137 5721 An
2160 5662 2504 5721 cunctantes?
2539 5656 2799 5716 Mendosa
2837 5656 3012 5712 etiam
3047 5663 3178 5724 qua
3225 5643 3560 5718 sequuntur.
