4032 6180
481 283 585 338 303

1273 277 1606 336 APPENDIX
1643 277 1732 334 AD
1767 277 1990 334 OPERA
2025 277 2258 334 SANCTI
2295 277 2592 334 GERMAN]
2629 271 3052 334 PARISIENSIS.

3739 273 3863 329 304-

483 395 633 461 ante,
693 389 1099 462 persecutionis
1146 403 1288 443 onus
1345 405 1637 460 excepere,
1693 388 1932 443 cervices
1983 405 2109 443 suas
2132 391 2533 474 Arecitatione
2589 391 2869 462 patefacta
2919 396 3084 462 sunt,
3137 391 3198 447 in
3249 389 3564 447 caelestibus
3619 391 3864 463 paginis

483 483 952 556 persequentibus
977 483 1271 537 inclinare.
1301 483 1518 537 Etcum
1536 481 1717 537 rabies
1763 481 1977 537 inimici
2021 483 2113 538 de-

485 583 758 646 cerneret,
805 581 866 632 ut
911 577 1008 632 Dei
1047 575 1292 647 populus
1335 575 1808 632 denumerationis
1841 576 2112 632 instantia

485 671 906 744 deperiret,.ille
931 673 1130 740 raptus
1157 673 1238 724 est
1275 670 1546 740 decimus,
1582 671 1682 742 qui
1718 670 2113 742 anticipatione

485 765 740 835 martyrii
777 763 937 818 fieret
971 763 1318 834 primitivus.
1347 765 1567 819 Clamor
1593 765 1654 818 in
1680 765 1875 820 castris
1902 763 2110 834 oritur,

483 859 660 912 virtus
688 857 998 912 dimicandi
1024 857 1442 926 contemnitur;
1465 858 1534 913 de
1552 858 1945 912 adsumatione
1969 873 2115 912 mar-

483 950 612 1021 tyrii
631 950 914 1004 contentio
928 951 1102 1004 ardua
1121 955 1539 1006 commovetur:
1571 951 1668 1006 Dei
1693 951 1940 1023 populus
1962 951 2113 1006 ferro

482 1043 818 1113 confoditur,
849 1044 1078 1114 sanguis
1107 1043 1472 1100 innocentum
1501 1043 1829 1114 effunditur,
1861 1044 2000 1100 ﬁdes
2025 1043 2111 1098 in-

473 1145 652 1200 libata
690 1151 962 1201 servatur.
995 1147 1102 1214 Sic,
1139 1147 1394 1214 Domine,
1435 1146 1640 1202 milites
1674 1147 1926 1219 protegis
1959 1151 2110 1218 tuos,

481 1243 547 1294 ut
569 1254 673 1295 nec
699 1239 940 1294 defuerit
963 1239 1022 1294 in
1047 1241 1303 1310 passione
1339 1239 1631 1312 patientia,
1670 1257 1775 1296 nec
1802 1240 1863 1295 in
1901 1240 2114 1296 confes-

483 1333 640 1388 sione
665 1333 998 1400 constantia,
1028 1333 1178 1388 inter
1200 1333 1498 1388 beatorum
1523 1335 1672 1389 bella
1709 1338 1765 1390 et
1803 1334 1967 1390 beata
1997 1350 2112 1389 cer—

483 1427 724 1494 tamina,
751 1427 880 1497 plus
905 1427 1110 1481 metuit
1127 1427 1374 1498 gloriosa
1400 1427 1669 1484 confessio
1693 1427 1761 1483 de
1786 1427 2114 1482 commilito-

481 1531 622 1571 num
649 1517 928 1572 consortio
949 1516 1120 1572 dividi
1141 1535 1312 1588 quam
1339 1535 1546 1573 manus
1559 1517 1838 1573 carnificis
1858 1515 2110 1589 gloriari.

479 1609 650 1664 Totus
677 1626 922 1681 namque
937 1609 1036 1664 Dei
1059 1611 1302 1681 populus
1323 1615 1482 1666 tanta
1503 1611 1719 1666 ardoris
1745 1609 1876 1664 fidei
1906 1609 2110 1664 alacri-

479 1707 592 1758 tate
635 1702 932 1774 ﬂagrabat,
973 1708 1038 1758 ut
1069 1704 1116 1757 si
1143 1703 1464 1759 tardaretur
1497 1704 1813 1776 persecutio
1841 1703 2108 1775 corporis,

481 1797 826 1870 praecederet
859 1795 1076 1851 devotio
1103 1795 1397 1867 passionis.
1430 1798 1608 1852 Tanta
1638 1798 1794 1853 enim
1830 1797 1938 1852 fuit
1975 1813 2110 1851 con-

480 1889 686 1944 stantia
715 1889 930 1960 populi,
959 1893 1082 1944 et...
1111 1889 1348 1960 inimici,
1392 1894 1458 1946 ut
1495 1907 1600 1945 nec
1635 1891 1794 1946 furor
1836 1889 2114 1944 invenerit

477 1981 840 2054 postmodum
865 1983 1016 2053 quod
1043 1983 1341 2050 occideret,
1369 2000 1472 2038 nec
1497 1984 1806 2056 gloriosum
1831 1999 2113 2040 remanse-

475 2076 552 2132 rit
577 2073 770 2149 283
802 2075 952 2148 quod
977 2076 1207 2147 periret.
1245 2077 1444 2132 Factus
1476 2083 1560 2132 est
1610 2095 1767 2133 sacer
1792 2077 1886 2133 ille
1920 2081 2110 2150 Agau-

475 2171 726 2227 ninsium
755 2170 912 2225 locus
941 2186 1042 2242 per
1067 2169 1337 2241 suffragia
1357 2172 1670 2243 Martyrum
1695 2173 1846 2226 salus
1866 2187 2114 2244 praesen-

474 2265 640 2334 tium,
669 2261 998 2336 praesidium
1022 2264 1346 2318 futurorum
1379 2282 1391 2320 :
1425 2281 1598 2336 quem
1639 2265 1929 2338 sanguinis
1957 2265 2114 2319 unda

475 2358 746 2430 perfudit,
773 2355 1151 2428 pretiosorum
1168 2375 1473 2430 corporum
1496 2359 1731 2414 societas
1748 2357 2110 2414 consecravit.

475 2451 632 2506 Unde
657 2451 861 2506 merito
887 2451 1012 2522 tibi,
1035 2449 1290 2522 Domine,
1319 2451 1470 2508 inter
1491 2453 1688 2508 choros
1707 2457 2029 2524 martyrum
2059 2455 2115 2507 et

475 2561 638 2601 voces
689 2545 1024 2617 angelorum
1071 2545 1265 2600 laudes
1303 2545 1406 2600 tibi
1457 2547 1672 2604 debitas
1713 2547 1936 2620 agimus
1983 2561 2113 2602 cum

475 2639 821 2698 exultatione
847 2639 1114 2695 dicentes.
1145 2641 1404 2696 Sanctus.

967 2733 1213 2783 Collectio
1245 2737 1360 2796 post
1385 2733 1621 2782 Sanctus.

546 2815 804 2885 Oremus,
841 2814 1040 2868 fratres
1069 2813 1439 2880 dilectissimi,
1469 2818 1534 2868 ut
1559 2813 1835 2876 Dominus
1871 2830 1934 2868 ac
1969 2815 2115 2869 Deus

473 2914 666 2966 noster
691 2909 936 2980 speciem
963 2908 1152 2974 istam,
1183 2925 1283 2962 suo
1309 2907 1624 2962 ministerio
1652 2908 2112 2978 consecrandam,

476 3002 710 3060 celestis
736 3001 935 3072 gratiae
962 3001 1331 3072 inspiratione
1359 3001 1693 3070 sanctiﬁcat,
1723 3006 1778 3056 et
1799 3002 2116 3056 humanam

476 3095 932 3152 benedictionem
959 3095 1310 3165 plenitudine
1339 3093 1515 3150 divini
1541 3093 1745 3150 favoris
1770 3095 2111 3152 adcumulet.

475 3191 582 3246 Per
603 3189 910 3244 Dominum
933 3191 1193 3242 nostrum
1221 3189 1433 3243 Jesum.

670 3299 818 3352 LXV.
851 3313 1002 3351 mssa
1027 3313 1212 3352 saucn
1237 3313 1558 3352 LEUDEGARII
1584 3309 1609 3337 ι
1639 3313 1920 3352 ιΑιιτγιιιε.

549 3399 801 3467 Summe,
855 3396 1242 3468 omnipotens,
1299 3401 1509 3451 aeterne
1569 3397 1733 3465 Deus,
1795 3397 1894 3468 qui
1943 3398 2118 3453 vitam

478 3493 632 3550 beati
659 3491 926 3547 antistitis
953 3491 1034 3546 tui
1059 3490 1392 3563 Leudegarii
1414 3490 1678 3562 martyris
1697 3506 1800 3562 per
1825 3491 1984 3546 istius
2009 3509 2114 3547 sae-

479 3588 589 3644 culi
617 3602 901 3642 aerumnas
925 3585 1167 3640 transire
1185 3584 1422 3656 jussisti,
1449 3584 1610 3655 cujus
1634 3601 1824 3639 annua
1849 3585 1992 3640 festa
2015 3586 2116 3642 de-

477 3687 610 3736 vota
637 3685 830 3734 mente
867 3677 1234 3746 celebramus,
1261 3693 1611 3748 quaesumus,
1643 3682 1708 3733 ut
1735 3695 1840 3750 per
1867 3679 1988 3749 ejus
2025 3678 2116 3732 in-

480 3772 880 3830 tercessionem
925 3771 1154 3842 plebem
1203 3775 1319 3826 tuae
1369 3771 1680 3826 clementiae
1723 3771 2116 3843 famulantem,

481 3867 560 3922 ita
585 3867 646 3920 in
679 3864 944 3936 praesenti
969 3865 1174 3935 foveas,
1203 3869 1270 3920 ut
1295 3865 1366 3919 ad
1395 3865 1636 3920 caelestia
1689 3881 1868 3938 regna
1905 3867 2116 3938 perdu-

485 3975 596 4014 cas.
625 3959 734 4014 Per
759 3957 1085 4012 Dominum.

1042 4049 1292 4100 Collectio
1319 4050 1568 4114 sequitur.

555 4131 722 4202 Deus,
751 4131 850 4204 qui
897 4131 1128 4185 beatum
1165 4137 1475 4202 martyrem
1509 4137 1674 4186 tuum
1707 4132 2123 4204 Leudegarium

484 4229 545 4285 in
565 4243 744 4302 agone
771 4224 1044 4298 probasti,
1075 4227 1132 4279 et
1149 4223 1452 4296 probatum
1480 4226 1540 4280 in
1565 4225 1757 4281 dolore
1777 4226 2120 4294 sustentasti,

487 4337 658 4397 quem
701 4319 977 4376 hodierna
1015 4318 1106 4373 die
1149 4318 1209 4372 in
1244 4319 1558 4374 caelestibus
1605 4319 1824 4391 gaudiis
1874 4320 2124 4391 recipere

487 4417 751 4489 dignatus
789 4431 867 4483 es,
911 4417 1115 4484 praesta
1147 4412 1306 4468 nobis
1345 4413 1574 4468 famulis
1617 4413 1750 4484 tuis,
1795 4417 1859 4468 ut
1884 4413 1981 4486 qui
2009 4415 2125 4486 glo-

2215 485 2658 540 conscribentur.
2687 486 2844 550 Quod
2869 485 2989 557 ipse
3007 491 3196 557 priest.

2740 579 2988 629 Collectio
3017 579 3083 629 ad
3111 593 3313 644 pacem.

2285 657 2488 709 Pacem
2525 659 2704 722 tuam,
2747 654 3006 720 Domine,
3053 654 3262 709 nostris
3303 653 3555 708 inlabere
3609 651 3864 723 pectori-

2213 747 2346 816 bus;
2379 752 2434 802 et
2461 763 2586 802 cum
2615 748 2844 802 beatum
2869 753 3176 820 martyrem
3205 753 3370 802 tuum
3397 747 3820 818 Leudegarium
3847 788 3865 814 ,

2214 841 2272 896 in
2301 841 2408 895 hoc
2439 841 2643 896 saeculo
2663 845 3130 908 commorantem,
3158 857 3262 912 per
3288 840 3442 912 pacis
3467 839 3720 895 studium
3751 839 3864 893 ho-

2213 935 2303 990 die
2333 933 2567 989 coelestis
2585 935 2716 990 aula
2743 933 3005 1006 suscepit,
3024 934 3187 990 nobis
3206 950 3430 1006 quoque
3457 932 3860 1006 peccatoribus

2211 1029 2363 1100 pacis
2404 1028 2716 1098 vinculum,
2761 1033 2818 1083 et
2861 1028 3108 1083 caritatis
3145 1028 3422 1098 studium,
3465 1028 3586 1098 ejus
3629 1025 3862 1081 meritis

2214 1121 2407 1195 284
2433 1121 2919 1195 suﬂ‘ragrantibus,
2959 1121 3155 1194 largiri
3177 1121 3381 1192 jubeas
3409 1122 3470 1176 in
3503 1137 3712 1176 aevum.
3745 1121 3864 1174 Per

2213 1216 2544 1273 Dominum.

2775 1285 3064 1336 Immolatio
3090 1285 3279 1336 missm.

2285 1361 2534 1432 Dignum
2559 1365 2616 1416 et
2646 1359 2868 1431 justum
2895 1363 2997 1416 est.
3029 1361 3167 1416 Vere
3207 1375 3436 1432 aequum
3479 1365 3535 1415 et
3579 1359 3860 1432 pulcrum

2213 1460 2296 1512 est
2322 1473 2426 1510 nos
2465 1454 2566 1509 tibi
2602 1454 2694 1508 hic
2733 1459 2790 1509 et
2825 1453 3034 1526 ubique
3077 1469 3303 1524 semper
3337 1453 3530 1509 laudes
3557 1459 3614 1509 et
3641 1453 3856 1526 gratias

2212 1565 2410 1622 agere,
2443 1548 2750 1620 laudesque
2788 1547 3060 1603 adtollere
3083 1589 3097 1617 ,
3141 1547 3382 1602 Domine
3429 1553 3642 1618 sancte,
3684 1549 3856 1604 Pater

2214 1642 2589 1714 omnipotens,
2624 1646 2832 1697 aeterne
2851 1642 3021 1709 Deus,
3063 1656 3168 1712 per
3207 1643 3398 1696 Jesum
3441 1641 3732 1696 Christum
3766 1641 3860 1696 Fi-

2131 1765 2188 1838 B
2211 1736 2354 1791 lium
2389 1741 2554 1790 tuum
2581 1735 2886 1790 Dominum
2913 1739 3192 1805 nostrum,
3224 1735 3294 1789 ab
3317 1733 3478 1790 initio
3503 1735 3696 1790 saeculi
3723 1751 3862 1806 pro-

2213 1833 2486 1886 creatum.
2523 1828 2768 1884 Verbum
2799 1829 3016 1884 editum
3043 1827 3245 1896 Patris,
3291 1827 3570 1900 principia
3599 1828 3628 1868 b
3657 1827 3860 1886 saeculi

2210 1923 2372 1978 istius
2401 1923 2757 1978 conlocatum
2785 1938 2888 1993 per
2911 1925 3096 1976 totum
3123 1921 3318 1976 orbem
3347 1927 3630 1977 terrarum
3658 1927 3862 1978 contu-

2209 2017 2322 2072 listi
2352 2035 2366 2071 :
2397 2016 2494 2072 ubi
2511 2016 2712 2070 beatus
2737 2019 2958 2086 martyr
2982 2019 3114 2070 tuus
3141 2015 3520 2086 Leudegarius
3549 2015 3854 2087 episcopus

2213 2110 2282 2166 de
2303 2109 2598 2164 altitudine
2625 2109 2821 2164 saeculi
2845 2107 3015 2178 hujus
3035 2125 3138 2180 per
3181 2109 3426 2164 alternas
3471 2109 3860 2164 mutilationes

2215 2203 2543 2278 discerptus,
2589 2219 2828 2274 pompas
2871 2201 3062 2256 saeculi
3104 2201 3540 2274 fragilitatisqne
3593 2203 3858 2258 calcavit.

2213 2297 2318 2352 Cui
2342 2301 2426 2364 tu,
2447 2296 2702 2366 Domine,
2728 2295 3004 2350 auxilium
3035 2289 3184 2350 ferre
3219 2295 3487 2367 dignatus
3521 2299 3680 2366 es,ut
3711 2313 3862 2368 pre-

2213 2391 2382 2446 sentis
2413 2389 2603 2444 saeculi
2627 2405 2885 2444 amorem
2909 2389 3240 2460 despiceret,
3273 2393 3330 2444 et
3357 2389 3600 2446 celestia
3629 2389 3860 2461 adepis-

2214 2499 2338 2540 cere
2367 2487 2736 2554 promereret.
2757 2484 3178 2537 Verumtamem
3199 2499 3426 2538 crucem
3445 2499 3604 2537 suam
3629 2482 3857 2552 tollens,

2213 2581 2268 2632 te
2296 2579 2584 2632 Pastorem
2620 2591 2882 2648 sequens,
2911 2581 2976 2630 ut
3000 2575 3244 2647 paradisi
3270 2575 3492 2631 delitias
3521 2575 3856 2648 possideret,

2213 2670 2516 2743 praesentia
2540 2669 2726 2725 omnia
2771 2669 3094 2741 dereliquit.
3141 2669 3184 2724 Ο
3227 2669 3462 2725 beatum
3497 2669 3684 2724 virum
3719 2671 3862 2725 Leu-

2215 2763 2512 2835 degarium
2553 2761 2890 2818 antistitem!
2931 2763 3050 2834 qui,
3079 2779 3186 2834 per
3213 2763 3584 2818 nefandorum
3621 2761 3862 2818 consilia

2216 2874 2418 2929 corpus
2445 2870 2467 2898 ο
2514 2857 2754 2912 nexibus
2798 2856 3143 2926 absolutum,
3197 2873 3258 2911 os
3297 2856 3460 2911 labiis
3509 2855 3858 2926 minuatum,

2216 2951 2499 3022 oculisque
2534 2951 2818 3019 orbatum,
2857 2949 3089 3005 exilium
3120 2953 3530 3022 perpetratum,
3559 2949 3860 3005 lubricita-

2213 3044 2286 3100 tis
2327 3044 2516 3099 saeculi
2557 3043 2954 3115 postpositum,
2995 3043 3225 3099 diversis
3275 3043 3569 3099 tormentis
3597 3059 3858 3116 passum,

2136 3137 2190 3212 C,
2216 3139 2542 3210 exemplum
2557 3137 2786 3210 reliquit
2805 3137 3198 3209 episcoporum
3215 3153 3322 3210 per
3347 3153 3510 3193 suam
3537 3137 3860 3209 passionem

2214 3234 2302 3288 vel
2327 3231 2677 3304 patientiam,
2711 3235 2768 3286 et
2786 3232 2856 3287 ad
2877 3237 3196 3287 extremum
3221 3231 3352 3286 vitae
3379 3235 3668 3304 perpetua
3697 3231 3866 3287 resti-

2215 3331 2393 3396 tutus,
2435 3326 2676 3381 caelestia
2717 3341 2894 3398 regna
2923 3324 3259 3396 penetravit,
3312 3325 3646 3397 angelorum
3679 3323 3860 3380 choro

2217 3420 2484 3490 sociatur,
2525 3435 2746 3474 coronas
2791 3418 3341 3474 immarciscibilibus
3385 3417 3618 3474 ﬂoribus
3661 3435 3860 3474 remu-

2217 3519 2480 3582 neratur;
2536 3514 2688 3569 unde
2741 3517 2868 3585 post
2916 3513 3109 3568 multa;
3159 3511 3414 3584 reliquize
3457 3511 3776 3568 floruerunt
3803 3513 3864 3567 in

2220 3607 2438 3664 Galleis.
2467 3609 2773 3662 Precamur
2799 3623 2935 3679 ergo
2975 3610 3052 3676 te,
3087 3605 3344 3676 Domine,
3383 3611 3446 3661 ut
3477 3623 3580 3662 nos
3617 3605 3866 3661 famulos

2219 3707 2345 3757 tuos
2375 3715 2716 3772 omnemque
2741 3699 2968 3772 plebem
2997 3699 3426 3756 reminiscentes
3451 3699 3626 3755 talem
3663 3699 3860 3754 Pasto-

2219 3809 2363 3862 rem,
2391 3795 2512 3865 ejus
2539 3793 2756 3848 meritis
2785 3793 3275 3864 suifragrantibus,
3297 3793 3522 3848 veniam
3537 3807 3866 3848 mereamur

2220 3887 2474 3943 obtinere
2509 3886 2923 3958 peccaminum,
2955 3903 3060 3958 per
3083 3886 3368 3943 Christum
3409 3886 3720 3942 Dominum
3757 3903 3864 3941 no-

2221 3985 2421 4038 strum.
2450 3981 2552 4036 Cui
2580 3995 2778 4037 omnes
2804 3981 3013 4052 angeli.

2849 4075 2974 4124 Post
2993 4073 3231 4124 Sanctus.

2293 4150 2556 4204 Hosanna
2585 4149 2836 4205 excelsis.
2867 4149 3202 4205 Benedictus
3227 4149 3328 4222 qui
3355 4149 3510 4204 venit
3535 4148 3594 4204 in
3631 4150 3872 4206 nomine

2223 4243 2469 4297 Domini.
2499 4243 2542 4298 Ο
2571 4259 2700 4298 vere
2725 4243 2888 4298 beata
2913 4259 3041 4312 vox,
3077 4259 3254 4315 quam
3292 4243 3628 4315 angelorum
3673 4249 3734 4299 et
3775 4260 3874 4299 ar-

2223 4335 2631 4408 changelorum
2658 4335 2963 4392 concinunt
2990 4335 3227 4392 virtutes
3253 4337 3266 4391 l
3299 4353 3426 4408 quae
3451 4353 3558 4392 nos
3593 4335 3768 4392 hodie
3815 4337 3878 4392 in

2225 4430 2484 4501 passione
2510 4430 2664 4486 beati
2700 4430 2964 4502 martyris
2988 4430 3072 4485 tui
3099 4431 3432 4502 Leudegarii
3457 4447 3564 4486 vox
3591 4445 3708 4486 una
3737 4447 3878 4503 pro-

487 4511 630 4566 riam
669 4526 786 4564 non
811 4523 1120 4574 meremur,
1151 4507 1566 4578 indulgentiam
1592 4513 1972 4580 peccatorum,
2005 4508 2117 4579 ipsc

2227 4524 2446 4596 rumpit
2479 4524 2540 4578 in
2573 4525 2758 4580 laude.
2805 4526 2876 4579 Ut
2912 4529 2976 4579 tu
3025 4523 3174 4580 Deus
3223 4525 3388 4581 Pater
3436 4525 3722 4594 omnium,
3773 4527 3882 4598 qui

489 4603 916 4670 interveniente,
943 4599 1184 4670 adepisci
1215 4616 1562 4658 mereamur.
1589 4603 1715 4656 Per.

983 4696 1231 4747 Collectio
1257 4701 1377 4761 post
1395 4697 1628 4748 nomina.

562 4779 781 4836 Auditis
823 4777 1150 4833 nominibus
1193 4778 1552 4847 offerentum,
1591 4780 1788 4834 fratres
1829 4779 2124 4848 carissimi,

492 4871 713 4930 Domini
733 4872 1086 4944 majestatem
1107 4870 1498 4943 deprecemur,
1521 4877 1588 4927 ut
1605 4871 1700 4944 qui
1727 4871 1898 4928 vitam
1919 4873 2128 4928 summi

495 4967 756 5024 antistitis
782 4965 868 5021 sui
905 4964 1246 5036 Leudegarii
1271 4965 1538 5036 martyris
1563 4965 1856 5022 transtulit
1883 4967 1956 5022 ad
1975 4982 2130 5022 coro-

495 5077 649 5132 nam,
701 5077 803 5132 per
855 5059 1238 5114 interventum
1285 5063 1610 5114 sanctorum
1651 5059 2126 5132 patriarcharum,

495 5155 922 5228 prophetarum,
961 5153 1347 5225 apostolorum
1378 5157 1433 5208 et
1471 5157 1807 5226 martyrum,
1843 5154 2132 5210 anachori-

499 5255 688 5306 tarum
725 5249 780 5301 et
803 5245 1111 5318 virginum,
1168 5247 1536 5319 omniumque
1577 5253 1898 5302 sanctorum
1940 5264 2132 5304 conce-

497 5345 630 5402 dere
661 5341 928 5414 dignetur
953 5345 1018 5396 ut
1045 5357 1216 5395 sacrae
1255 5341 1552 5412 praesentis
1572 5341 1778 5396 oblatio
1806 5357 1932 5412 quae
1973 5341 2134 5396 offer-

495 5445 612 5506 tur,
653 5433 969 5491 viventibus
1006 5435 1483 5503 emendationem,
1522 5439 1578 5489 et
1622 5435 1900 5490 defunctis
1933 5435 2129 5490 remis-

497 5534 714 5588 sionem
735 5529 987 5584 obtineat
1011 5532 1368 5600 peccatorum
1389 5545 1406 5596 ;
1439 5533 1495 5584 et
1514 5545 1760 5600 quorum
1787 5529 2018 5584 nomina
2041 5530 2133 5584 hic

569 5691 593 5719 ι
621 5675 718 5732 Vel
750 5691 820 5730 ex
843 5673 949 5728 hoc
973 5671 1099 5740 loco
1117 5674 1272 5740 patet
1317 5669 1528 5740 Missale
1564 5672 1670 5726 hoc
1705 5673 1874 5729 fuisse
1911 5673 2135 5729 Ordinis

501 5745 795 5814 Gallicani;
841 5749 1008 5813 atque
1033 5739 1178 5814 hinc
1223 5739 1512 5814 colligitur
1549 5743 1764 5814 Codicis
1801 5749 1953 5814 etas,
2001 5759 2132 5800 cum

501 5809 878 5888 Leudegarius
905 5809 1212 5866 exstinctus
1236 5809 1308 5864 sit
1325 5825 1474 5862 anno
1501 5813 1623 5865 678.

2223 4617 2386 4672 nobis
2437 4617 2658 4673 veniam
2695 4617 2915 4674 tribuas
2963 4618 3032 4673 de
3077 4619 3338 4690 peccatis,
3393 4635 3746 4691 quaesumus,
3805 4619 3882 4674 da

2226 4709 2564 4767 oblivionem
2625 4712 3046 4784 praeteritorum
3101 4711 3436 4783 facinorum,
3501 4713 3600 4784 qui
3661 4712 3882 4768 dedisti

2225 4805 2573 4877 martyribus
2597 4811 2722 4878 post
2746 4807 3104 4880 triumphum
3127 4823 3414 4864 coronam.
3433 4807 3538 4862 Per
3557 4806 3882 4862 Dominum

2227 4903 2506 4956 nostrum.
2537 4901 2643 4966 Qui
2673 4901 2821 4974 prid.

2861 4983 2984 5032 Post
3013 4985 3232 5032 secreta.

2301 5059 2428 5112 Haec
2455 5055 2712 5124 facimus,
2755 5057 3016 5127 Domine,
3057 5057 3376 5128 passionem
3430 5061 3586 5110 tuam
3626 5069 3890 5110 comme-

2229 5155 2547 5220 morantes;
2569 5151 2692 5206 haec
2719 5151 2976 5220 facimus,
3005 5151 3169 5207 Pater
3198 5151 3329 5206 Iesu
3369 5149 3607 5220 Christe,
3637 5149 3742 5221 qui
3781 5165 3892 5203 no-

2229 5245 2316 5300 bis
2361 5245 2430 5300 de
2469 5246 2594 5318 lege
2633 5245 2808 5300 veteri
2850 5261 3056 5300 novam
3109 5244 3410 5300 tradidisti.
3471 5241 3730 5298 Concede
3777 5259 3892 5298 no-

2231 5339 2336 5410 bis,
2365 5339 2748 5394 intercedente
2773 5337 2966 5412 285
2998 5339 3164 5395 beato
3191 5337 3442 5394 antistite
3465 5341 3563 5392 tuo
3580 5335 3892 5408 Leudega-

2233 5433 2317 5488 rio
2337 5437 2607 5505 martyre,
2628 5433 2788 5503 cujus
2807 5433 2974 5488 hodie
2991 5449 3244 5488 annuam
3263 5429 3890 5487 commemorationem

2233 5527 2600 5598 celebramus,
2645 5531 2710 5582 ut
2739 5527 3037 5583 descendat
3081 5527 3173 5582 hic
3209 5525 3530 5583 benedictio
3573 5529 3672 5580 tua
3701 5539 3900 5598 super

2306 5673 2332 5712 δ
2363 5675 2446 5745 An
2471 5673 2778 5745 legendum
2803 5675 3136 5744 Principium
3152 5675 3181 5727 ?

2267 5757 2326 5868 bc
2503 5743 2800 5802 accusandi
2841 5743 3002 5800 casus
3049 5743 3340 5816 ponebant
3377 5759 3480 5814 pro
3539 5745 3700 5796 sexto
3741 5755 3896 5798 casu

2234 5831 2266 5868 a
2307 5831 2366 5870 so
2391 5832 2428 5870 ιι
2497 5859 2508 5871 .
