4054 6188
415 389 420 392 _
506 307 606 361 307

505 419 762 489 infunde,
794 436 898 492 per
933 437 1108 493 quam
1149 419 1233 476 illi
1263 423 1468 475 cuncta
1516 417 1690 476 inlata
1729 421 1981 493 corporis
2023 425 2133 478 tor-
2153 429 2212 502 Α

504 517 696 570 menta
713 513 1057 570 devicerunt.
1080 517 1186 570 Per
1209 529 1363 568 eum.

1071 607 1358 658 lmmolatio
1377 606 1562 657 missas.

576 688 822 762 Dignum
877 693 934 744 et
957 689 1178 759 justum
1225 693 1326 752 est,
1381 689 1736 760 omnipotens
1791 689 2134 762 sempiterne

509 783 672 851 Deus,
703 789 759 838 te
785 784 1056 838 victorem
1085 783 1304 852 mortis,
1333 787 1390 838 et
1425 783 1902 855 triumphatorem
1924 785 2130 855 Marty-

504 893 635 932 rum
673 876 1034 943 conlaudare,
1077 881 1134 933 et
1167 877 1228 932 in
1269 876 1566 932 festivitate
1603 878 1889 948 praesenti,
1931 879 1988 932 in
2022 894 2134 950 qua

501 971 808 1042 Martyrum
833 975 1062 1026 tuorum
1107 971 1185 1026 ill.
1215 975 1272 1026 et
1299 971 1382 1026 ill.
1425 972 1762 1026 memoriam
1803 972 2128 1044 frequenta-

501 1079 628 1120 mus
659 1081 674 1120 :
711 1081 956 1137 quorum
979 1081 1081 1120 nos
1109 1065 1346 1120 delectat
1381 1069 1438 1120 et
1481 1065 1804 1121 certaminis
1849 1065 2134 1122 recordari

501 1159 891 1227 constantiam,
935 1162 992 1214 et
1031 1157 1274 1214 victoria
1314 1160 1680 1231 contemplari
1739 1159 1995 1230 praemia.
2065 1161 2132 1214 Et

501 1252 627 1307 ideo
653 1255 706 1307 te
729 1252 994 1324 petimus,
1021 1256 1087 1306 ut
1111 1251 1286 1308 beatis
1314 1252 1434 1308 istis
1467 1251 1800 1324 Martyribus
1839 1252 1918 1307 ill.
1959 1256 2015 1308 et
2047 1252 2126 1307 ill.

503 1347 626 1402 fieri
652 1362 756 1402 nos
787 1345 1096 1402 imitatores
1131 1346 1430 1415 concedas;
1459 1351 1522 1402 ut
1547 1345 1636 1400 vel
1675 1345 1906 1402 ultimos
1937 1346 1998 1400 in
2037 1361 2126 1401 re-

501 1439 892 1496 muneratione
917 1455 1116 1494 eorum
1131 1439 1521 1510 participando
1547 1439 1870 1508 constituas,
1899 1438 1999 1510 qui
2023 1438 2131 1494 illis

503 1549 608 1604 pro
625 1532 948 1588 certaminis
968 1533 1280 1588 constantia
1289 1531 1702 1587 beatitudinem
1727 1531 1972 1587 tribuisti
1989 1549 2132 1588 sem-

499 1625 782 1697 piternam
813 1641 826 1679 :
873 1641 976 1697 per
1015 1625 1303 1682 Christum
1339 1624 1638 1680 Dominum
1689 1628 1970 1680 nostrum.
2027 1625 2129 1680 Cui

497 1718 702 1774 merito
719 1735 936 1776 omnes.

902 1826 1046 1882 LXX.
1079 1842 1202 1880 mm
1231 1841 1384 1881 mssa
1411 1841 1721 1882 memon.

575 1927 796 1994 Adesto,
825 1925 1082 1995 Domine,
1119 1925 1382 1996 precibus
1421 1924 1648 1994 nostris,
1686 1941 1824 1996 quas
1863 1925 1924 1980 in
1963 1941 2124 1981 sanc-

497 2025 692 2077 torum
717 2024 948 2075 tuorum
967 2020 1272 2090 Martyrum
1297 2019 1376 2074 ill.
1409 2023 1465 2074 et
1489 2019 1571 2073 ill.
1594 2019 2128 2076 commemoratione

497 2113 824 2180 deferimus,
856 2115 921 2168 ut
943 2113 1042 2184 qui
1065 2115 1273 2168 nostrae
1283 2111 1518 2183 justitiae
1541 2111 1806 2167 fiduciam
1820 2129 1940 2168 non
1957 2113 2128 2168 habe-

499 2225 645 2277 mus,
675 2223 871 2262 eorum
905 2206 1006 2280 qui
1033 2206 1136 2262 tibi
1169 2205 1504 2277 placuerunt
1527 2205 1744 2260 meritis
1771 2205 2124 2278 adjuvemur.

497 2301 602 2356 Per
625 2300 930 2356 Dominum
955 2303 1213 2355 nostrum
1239 2298 1442 2354 Filium
1465 2303 1651 2354 tuum.

1059 2391 1307 2442 Collectio
1329 2391 1578 2455 sequitur.

567 2471 760 2546 288
795 2472 1123 2544 Propitiare,
1165 2471 1423 2538 Domine,
1475 2471 1977 2543 supplicationibus
2017 2489 2125 2528 no-

495 2567 644 2634 stris,
664 2571 718 2622 et
733 2567 991 2638 exemplo
1016 2569 1338 2621 sanctorum
1364 2567 1676 2636 Martyrum
1701 2571 1930 2621 tuorum
1958 2566 2039 2622 ill.
2072 2569 2130 2622 et

493 2659 576 2716 ill.
603 2660 892 2715 ﬂammam
913 2659 974 2715 in
997 2659 1158 2714 nobis
1185 2663 1298 2714 tuo:
1327 2657 1570 2714 caritatis
1592 2659 1831 2715 accende
1845 2677 1862 2728 ;
1893 2663 1960 2716 ut
1982 2675 2124 2732 quo-

491 2770 622 2810 rum
657 2769 760 2810 nos
787 2752 986 2810 feceris
1029 2753 1356 2822 imitatores,
1395 2751 1596 2824 jubeas
1649 2769 1768 2808 esse
1819 2757 2124 2810 consortes.

491 2849 615 2904 Per.
979 2915 1229 2968 Collectio
1255 2919 1376 2980 post
1401 2915 1632 2968 nomine.

565 2997 902 3052 Sanctorum
917 2998 1230 3068 Martyrum
1241 3001 1474 3052 tuorum
1491 2997 1572 3053 ill.
1592 3001 1648 3052 et
1659 2997 1739 3052 ill.
1749 3039 1764 3068 ,
1777 3013 2124 3070 quassumus,

493 3089 748 3160 Domine,
783 3089 1045 3161 precibus
1089 3089 1448 3161 adjuvemur,
1493 3095 1560 3146 ut
1583 3091 1736 3161 quod
1777 3095 1968 3146 nostra
1994 3109 2122 3163 pos-

1291 307 1620 362 APPENDlX
1657 307 1745 362 AD
1781 307 2002 362 OPERA
2039 307 2272 362 SANCTl
2309 307 2608 364 GERMANI
2647 306 3070 363 PARISIENSIS.

2147 1799 2206 1871 B

3759 311 3868 364 308

2603 421 2774 476 LXXI.
2815 435 2944 476 mu
2981 435 3135 476 iussa
3175 433 3486 476 ιιΑιιτῖιιῠι.

2303 515 2470 586 Deus,
2497 516 2598 589 qui
2625 531 2730 572 nos
2765 519 3084 570 sanctorum
3113 515 3419 586 Martyrum
3443 515 3676 570 tuorum
3713 517 3864 570 tem-

2233 609 2412 680 porali
2453 609 2658 664 tribuis
2697 607 3230 663 commemoratione
3283 607 3558 678 gaudere,
3611 609 3824 678 prasta
3849 647 3867 674 ,

2233 719 2579 792 queasumus,
2615 705 2684 758 ut
2721 703 2782 757 in
2817 719 2882 757 ea
2917 717 3288 756 numeremur
3332 705 3478 756 sorte
3531 699 3752 768 salvati,
3809 699 3872 755 in

2233 813 2346 868 qua
2364 796 2446 850 illi
2467 799 2602 852 sunt
2625 796 2969 851 confessione
2993 795 3078 850 tui
3099 794 3344 850 nominis
3369 792 3616 866 gloriosi.
3645 795 3774 850 Per.

2780 889 3028 940 Collectio
3059 887 3304 953 sequitur.

2304 973 2469 1041 Deus,
2498 970 2558 1026 in
2583 971 2742 1042 cujus
2769 973 3072 1043 conspectu
3098 985 3251 1024 mors
3276 971 3357 1024 est
3378 967 3621 1040 pretiosa
3637 971 3866 1026 sancto-

2231 1081 2382 1135 rum,
2411 1064 2596 1120 tribue
2618 1067 2686 1119 ut
2709 1063 2868 1120 nobis
2896 1063 3155 1119 ﬁdelibus
3182 1063 3292 1118 vita
3317 1063 3570 1118 conferat
3593 1062 3870 1136 quicquid

2229 1159 2338 1214 illis
2365 1175 2515 1214 mors
2541 1159 2742 1214 devota
2777 1157 3062 1212 concessit.

2725 1251 2972 1302 Collectio
2991 1252 3109 1316 post
3131 1250 3360 1300 nomina.

2301 1333 2534 1404 Exaudi,
2563 1333 2816 1402 Domine,
2851 1331 3210 1387 offerentium
3240 1329 3434 1406 289
3479 1346 3694 1402 preces,
3731 1335 3868 1388 vota

2230 1428 2472 1500 suscipe,
2507 1431 2733 1500 peccata
2761 1427 3001 1482 dimitte.
3029 1425 3234 1480 Tribue
3262 1440 3488 1498 quoque
3513 1429 3742 1480 tuorum
3771 1423 3864 1480 in-

2229 1521 2566 1576 tercessione
2595 1524 2914 1576 sanctorum
2941 1521 3252 1591 Martyrum
3281 1517 3424 1573 caris
3453 1517 3657 1573 nostris
3675 1518 3772 1590 qui
3799 1517 3862 1574 in

2229 1615 2448 1670 Christo
2483 1614 2796 1684 dormiunt,
2829 1611 3190 1684 refrigerium
3229 1611 3290 1666 in
3321 1611 3554 1684 regione
3579 1611 3860 1668 vivorum.

2231 1709 2336 1763 Per
2359 1706 2660 1762 Dominum
2684 1711 2966 1762 nostrum.

2757 1798 3007 1848 Collectio
3035 1796 3102 1847 ad
3125 1809 3330 1860 pacem.

2297 1881 2666 1952 Omnipotens
2686 1879 3027 1952 sempiterne
3051 1881 3214 1948 Deus,
3239 1877 3424 1933 tribue
3447 1877 3608 1933 nobis
3633 1875 3864 1932 famulis

2226 1974 2338 2029 tuis
2363 1977 2428 2029 ut
2447 1973 2588 2028 sicut
2609 1975 2878 2044 Martyres
2903 1973 2988 2028 tui
3015 1973 3082 2028 ad
3109 1961 3364 2026 bravium
3406 1986 3666 2043 supernae
3703 1987 3866 2026 voca-

2225 2067 2394 2122 tionis
2417 2067 2795 2136 tetenderunt,
2823 2067 2898 2121 ita
2923 2083 3043 2133 nos,
3075 2069 3334 2138 superato
3365 2065 3542 2134 hoste,
3569 2063 3866 2119 victoriam

2227 2177 2669 2232 consequamur;
2697 2164 2752 2216 et
2767 2175 2963 2232 pacem
2983 2175 3154 2231 quam
3182 2158 3242 2212 in
3269 2157 3431 2212 labiis
3449 2157 3560 2214 oris
3603 2157 3866 2230 exsequi-

2227 2270 2378 2324 mur,
2409 2253 2782 2310 immaculatis
2794 2253 3054 2309 cordibus
3071 2257 3383 2308 teneamus.
3409 2253 3514 2306 Per
3533 2251 3858 2306 Dominum.

2801 2345 3086 2396 lmmolatio
3118 2345 3308 2396 missae.

2297 2427 2545 2501 Dignum
2592 2432 2649 2484 et
2683 2427 2906 2499 justum
2945 2431 3048 2497 est,
3104 2425 3459 2498 omnipotens
3510 2424 3866 2498 sempiterne

2227 2525 2391 2578 Deus.
2419 2522 2696 2587 Quoniam
2725 2539 2756 2575 a
2781 2525 2836 2576 te
2863 2521 3239 2576 constantiam
3263 2519 3422 2590 ﬁdes,
3451 2525 3566 2574 ate
3591 2518 3863 2574 virtutem

2229 2615 2402 2672 sumit
2430 2615 2757 2686 inﬁrmitas;
2788 2619 2844 2670 et
2869 2615 3142 2688 quicquid
3169 2614 3227 2669 in
3253 2612 3734 2686 persecutionibus
3762 2629 3864 2667 sae-

2227 2727 2382 2780 vum,
2413 2709 2682 2782 quicquid
2709 2710 2770 2764 in
2795 2713 2976 2764 morte
3001 2707 3252 2764 terribile
3278 2711 3381 2777 est,
3409 2705 3658 2762 nominis
3679 2707 3766 2762 tui
3787 2707 3864 2762 fa-

2227 2803 2307 2859 cis
2334 2803 2681 2860 confessione
2709 2818 2996 2874 superare.
3033 2801 3189 2856 Unde
3221 2799 3607 2856 benedicimus
3635 2805 3714 2868 te,
3749 2803 3858 2856 Do-

2227 2899 2401 2968 mine,
2429 2899 2491 2952 in
2529 2897 2794 2969 operibus
2841 2895 2994 2952 tuis:
3045 2899 3214 2968 teque
3251 2895 3312 2950 in
3350 2899 3673 2950 sanctorum
3711 2895 3858 2950 Mar-

2227 2996 2420 3064 tyrum
2445 2995 2676 3046 tuorum
2695 2989 2776 3045 ill.
2801 2994 2856 3045 et
2875 2989 2956 3044 ill.
2987 2987 3390 3061 gloriﬁcatione
3415 2988 3732 3058 laudamus,
3766 2989 3862 3044 ob-

2229 3089 2506 3140 secrantes
2527 3089 2594 3140 ut
2615 3083 2956 3140 intervenire
2981 3099 3085 3155 pro
3124 3099 3183 3138 se
3219 3081 3603 3139 excolentibus
3629 3081 3856 3152 jubeas,

493 3183 724 3238 sibilitas
747 3197 864 3237 non
891 3183 1129 3250 obtinet,
1164 3198 1362 3238 eorum
1387 3183 1486 3255 qui
1510 3187 1640 3240 ante
1667 3187 1723 3238 te
1743 3183 1885 3254 justi
1910 3184 2124 3240 inventi
2145 3165 2202 3240 C
2226 3195 2367 3252 quos
2395 3183 2672 3252 perpetua
2698 3177 3156 3234 remuneratione
3181 3176 3412 3248 exaltas,
3443 3193 3546 3250 per
3569 3175 3860 3232 Christum

494 3279 628 3332 sunt
673 3275 834 3330 nobis
883 3274 1136 3330 oratione
1171 3275 1444 3344 donetur;
1493 3280 1552 3330 et
1597 3291 1846 3348 quorum
1891 3277 2129 3334 nomina

491 3373 622 3425 ante
649 3369 827 3425 altare
867 3371 1126 3424 sanctum
1165 3373 1299 3424 sunt
1323 3369 1570 3437 recitata,
1599 3385 1694 3425 eos
1726 3369 1885 3442 quies
1917 3374 2128 3426 aeterna

491 3463 782 3537 suscipiat.
805 3464 912 3518 Per
937 3463 1240 3518 Dominum
1267 3466 1545 3518 nostrum.

1023 3555 1274 3606 Collectio
1297 3555 1363 3606 ad
1393 3569 1596 3619 pacem.

563 3637 934 3708 Omnipotens
973 3637 1314 3708 sempiterne
1363 3637 1526 3706 Deus,
1563 3635 1664 3708 qui
1693 3637 1754 3692 in
1793 3637 2125 3694 Sanctorum

491 3729 754 3786 cordibus
781 3729 1074 3784 ﬂammam
1089 3734 1200 3786 tuae
1227 3729 1544 3786 dilectionis
1567 3730 1845 3798 accendis,
1872 3731 1943 3786 da
1961 3748 2122 3788 men-

491 3821 644 3878 tibus
707 3820 964 3876 eamdem
1027 3823 1228 3892 ﬁdem,
1295 3823 1656 3894 caritatisque
1707 3823 2002 3894 virtutem,
2061 3831 2127 3882 ut

494 3930 740 3986 quorum
760 3913 1074 3986 gaudemus
1093 3915 1421 3986 triumphis,
1449 3915 1808 3988 proﬁciamus
1831 3917 2122 3990 exemplis.

489 4009 618 4066 Per.

1065 4077 1354 4128 lmmolatio
1373 4079 1560 4128 missae.

566 4161 704 4216 Vere
732 4159 970 4231 dignum
998 4161 1054 4214 et
1074 4159 1296 4230 justum
1325 4165 1408 4214 est
1431 4177 1537 4214 nos
1564 4157 1667 4215 tibi
1695 4161 1901 4232 gratias
1933 4177 2121 4234 agere,

492 4253 850 4327 omnipotens
895 4257 1104 4308 aeterne
1148 4253 1313 4320 Deus,
1363 4269 1466 4324 per
1499 4253 1786 4309 Christum
1821 4241 2124 4311 Dominum

487 4353 769 4405 nostrum.
799 4347 904 4412 Qui
932 4345 1262 4420 gloriﬁcaris
1288 4345 1347 4402 in
1368 4347 1606 4402 concilio
1635 4353 1956 4403 sanctorum
1979 4349 2121 4404 Mar-

489 4447 702 4514 tyrum,
735 4457 980 4512 magnus
1007 4445 1064 4496 et
1089 4439 1356 4496 terribilis
1382 4457 1553 4513 super
1579 4457 1775 4497 omnes
1795 4441 1894 4514 qui
1921 4441 1984 4496 in
2009 4441 2121 4496 cir-

2227 3273 2530 3330 Dominum
2555 3277 2833 3328 nostrum.
2863 3273 2969 3327 Per
2993 3288 3184 3343 quem.

2547 3385 2742 3440 LXXII.
2775 3400 2928 3438 mssa
2965 3398 3129 3438 umus
3169 3398 3534 3438 courassoms.

2299 3486 2442 3540 Deus
2477 3481 2734 3538 ﬁdelium
2777 3487 3170 3540 remunerator
3193 3481 3534 3550 animarum,
3563 3473 3766 3552 praesta
3799 3487 3860 3538 ut

2226 3578 2546 3633 celebritate
2573 3576 2840 3649 praesenti
2863 3577 3038 3632 sancti
3063 3575 3390 3630 confessoris
3409 3575 3494 3630 tui
3521 3579 3578 3630 et
3613 3575 3860 3648 episcopi

2227 3671 2309 3728 ill.
2346 3671 2418 3726 sit
2457 3671 2619 3727 nobis
2665 3671 2986 3726 veneranda
3028 3669 3374 3726 sollemnitas
3417 3671 3474 3724 et
3515 3667 3856 3742 placitorum

2224 3765 2327 3822 tibi
2363 3765 2622 3838 precibus
2649 3764 3060 3838 indulgentiam
3087 3779 3516 3836 consequamur.
3543 3764 3650 3818 Per
3671 3761 3856 3819 Domi-

2223 3876 2366 3916 num
2387 3863 2665 3914 nostrum.

2776 3926 3021 3978 Collectio
3047 3927 3297 3991 sequitur.

2295 4011 2531 4078 Exaudi,
2571 4009 2824 4076 Domine,
2867 4025 3061 4080 preces
3103 4013 3339 4080 nostras,
3393 4023 3531 4080 quas
3571 4007 3632 4062 in
3679 4009 3854 4064 sancti

2227 4103 2568 4160 Confessoris
2582 4103 2666 4158 tui
2691 4099 2772 4158 ill.
2797 4101 3330 4157 commemoratione
3355 4101 3683 4170 deferimus,
3705 4107 3770 4157 ut
3793 4103 3852 4157 in

2225 4201 2525 4270 conspectu
2557 4201 2655 4252 tuo
2683 4201 2738 4252 et
2762 4197 2860 4269 qui
2887 4195 2990 4251 tibi
3018 4195 3189 4266 digne
3215 4195 3425 4250 meruit
3447 4195 3712 4250 famulari
3737 4195 3848 4250 cla-

2223 4307 2321 4347 rus
2347 4307 2572 4362 semper
2616 4290 2834 4360 existat,
2877 4295 2933 4344 et
2974 4289 3307 4362 supplicatio
3341 4305 3442 4344 nos
3481 4289 3708 4360 adjuvet
3749 4289 3853 4344 tibi

2226 4389 2382 4457 grata
2396 4385 2700 4456 justorum.
2731 4387 2854 4440 Per.

2709 4477 2959 4527 Collectio
2987 4479 3104 4541 post
3127 4475 3357 4526 nomina.

490 4535 645 4589 cuitu
670 4541 768 4590 tuo
801 4525 1102 4590 κωπίω
1139 4534 1292 4590 enim
1334 4535 1586 4590 serviunt
1621 4551 1819 4590 omnes
1852 4529 2200 4603 creaturaeD
2293 4558 2560 4613 ιωιίηοει
2585 4575 2710 4624 nos,
2757 4525 3103 4629 (Inguina
3141 4557 3391 4626 nomine,
3433 4557 3606 4612 sancti
3631 4557 3856 4612 ροηίεε,

490 4630 602 4680 tua;
631 4642 644 4680 :
674 4625 810 4696 quia
853 4630 910 4680 te
954 4627 1139 4682 solum
1183 4629 1480 4684 Auctorem
1529 4632 1585 4683 et
1629 4627 1932 4683 Dominum
1971 4645 2124 4684 reco-

487 4721 800 4790 gnoscunt;
833 4721 888 4771 et
913 4717 973 4772 in
1013 4719 1168 4773 omni
1207 4719 1420 4776 factura
1458 4737 1658 4776 eorum
1691 4725 1746 4777 te
1785 4721 2122 4777 conlaudant

485 4813 544 4868 et
565 4810 909 4867 benedicunt
933 4825 1130 4866 omnes
1159 4813 1336 4866 sancti
1385 4814 1489 4870 tui.
1529 4815 1634 4879 Qui
1671 4831 1948 4886 magnum
1979 4815 2120 4871 illud

487 4903 776 4978 Unigeniti
799 4904 884 4960 tui
911 4919 1142 4974 nomen,
1169 4905 1322 4976 quod
1361 4910 1444 4961 est
1477 4923 1648 4978 super
1683 4924 1850 4965 omne
1884 4925 2115 4978 nomen,

483 5015 674 5054 coram
725 4999 956 5071 regibus
1003 5003 1059 5054 et
1113 4997 1483 5070 potestatibus
1528 4999 1720 5055 saeculi
1765 5001 1937 5074 hujus
1985 5019 2118 5058 voce

484 5089 660 5145 libera
686 5091 1036 5162 conﬁtentes,
1069 5092 1138 5147 de
1175 5091 1626 5164 persecutoribus
1652 5093 1766 5147 tuis
1800 5099 1856 5150 et
1893 5095 2116 5150 diabolo

481 5181 929 5255 triumpharunt,
957 5190 1016 5242 et
1039 5185 1352 5257 pretiosum
1377 5185 1482 5240 tibi
1515 5185 1850 5258 sanguinem
1878 5189 2117 5258 gloriosa

483 5279 666 5331 morte
695 5276 983 5334 fuderunt.
1025 5279 1180 5335 Unde
1211 5278 1598 5336 benedicimus
1635 5285 1712 5350 te,
1751 5279 2006 5352 Domine,
2054 5281 2115 5338 in

479 5368 745 5440 operibus
781 5371 933 5440 tuis;
991 5375 1158 5444 teque
1207 5373 1268 5428 in
1313 5379 1634 5430 sanctorum
1688 5377 1918 5428 tuorum
1979 5375 2114 5429 Mar-

479 5463 671 5533 tyrum
711 5462 794 5518 ill.
842 5467 897 5519 et
951 5465 1032 5522 ill.
1079 5467 1614 5524 commemoratione
1639 5457 1950 5523 laudamus
1982 5483 2112 5523 cum

477 5555 715 5627 angelis,
773 5560 828 5611 et
873 5557 1248 5631 archangelis,
1321 5563 1561 5631 thronis,
1615 5565 1671 5618 et
1722 5561 2113 5617 dominationi-

477 5650 602 5719 bus,
647 5649 926 5706 cherubin
979 5667 1208 5726 quoque
1261 5659 1316 5710 et
1371 5655 1654 5728 seraphin,
1711 5657 1809 5728 qui
1868 5655 2108 5728 gloriam

2221 4653 2366 4707 soris
2405 4652 2486 4707 tui
2541 4655 2597 4706 et
2631 4651 2887 4723 Episcopi
2921 4651 3002 4705 ill.
3047 4667 3236 4706 annua
3269 4651 3566 4706 devotione
3609 4651 3856 4724 repetita

2221 4745 2584 4816 sollemnitas,
2615 4751 2680 4800 ut
2705 4761 2808 4817 per
2833 4745 2952 4800 haec
2979 4745 3072 4816 pie
3101 4745 3398 4800 oblationis
3443 4729 3648 4812 ofﬁcia,
3685 4749 3745 4800 et
3783 4745 3850 4800 il-

2217 4839 2338 4894 lum
2365 4839 2659 4894 retributio
2685 4839 2846 4894 beata
2869 4839 3188 4906 comitetur,
3229 4843 3286 4894 et
3321 4837 3482 4893 nobis
3519 4854 3694 4893 sacras
3745 4839 3854 4894 tri-

2217 4931 2426 4988 buatur
2450 4931 2783 4987 sufﬁcientia
2807 4931 3108 4988 servitutis.
3135 4933 3260 4987 Per.

2747 5025 2994 5075 Collectio
3019 5024 3084 5074 ad
3109 5037 3314 5089 pacem.

2287 5107 2392 5161 Per
2417 5105 2667 5161 studium
2697 5105 2984 5161 charitatis
3007 5121 3124 5161 non
3151 5106 3314 5174 ﬁctae,
3355 5109 3412 5161 et
3446 5105 3858 5164 intercessione

2215 5197 2520 5254 beatissimi
2543 5199 2888 5254 Confessoris
2905 5199 2989 5254 tui
3013 5203 3069 5254 et
3097 5197 3354 5271 Episcopi
3377 5198 3459 5254 ill.
3485 5203 3669 5254 tuere.
3689 5215 3856 5272 quaa-

2215 5309 2430 5363 sumus,
2463 5293 2717 5362 Domine,
2757 5292 3028 5348 familiam
3067 5297 3244 5362 tuam,
3295 5297 3351 5348 et
3385 5308 3488 5364 per
3531 5292 3862 5350 dilectionis

2211 5387 2502 5442 vinculum
2531 5385 2914 5458 spiritualibus
2938 5387 3152 5442 instrue
3179 5385 3509 5458 disciplinis.
3537 5387 3666 5442 Per.

2773 5479 3061 5530 lmmolatio
3085 5479 3272 5530 missa.

2285 5559 2478 5635 290
2505 5563 2646 5626 Vere
2665 5561 2904 5634 dignum
2923 5565 2982 5617 et
2996 5561 3216 5632 justum
3242 5563 3344 5632 est,
3371 5577 3475 5616 nos
3491 5561 3596 5617 tibi
3621 5577 3860 5635 semper

2213 5659 2269 5710 et
2295 5655 2506 5727 ubique
2531 5655 2736 5726 gratias
2761 5671 2951 5728 agere,
2981 5655 3214 5710 Domine
3235 5659 3446 5725 sancte,
3475 5655 3644 5713 Pater
3665 5659 3858 5713 omni-

475 5745 634 5798 tuam
687 5761 804 5800 non
867 5751 1084 5803 cessant
1141 5748 1382 5804 clamare
1403 5791 1416 5818 ,
1488 5749 1735 5805 dicentes
1764 5766 1778 5804 :
1844 5751 2106 5820 Sanctus,
2207 5753 2430 5820 potens,
2461 5753 2670 5805 reterns
2695 5751 2860 5804 Deus.
2889 5749 2996 5814 Qui
3033 5749 3362 5822 gloriﬁcaris
3401 5748 3462 5806 in
3497 5749 3856 5808 confessione

477 5835 729 5906 Sanctus,
759 5839 1012 5898 Sanctus.

2213 5847 2572 5914 sanctorum;
2607 5848 2662 5900 et
2693 5859 2806 5900 non
2841 5843 3026 5899 solum
3063 5843 3548 5902 excellentioribus
3587 5846 3854 5918 praemiis
