4032 6180
229 278 326 330 309

1296 277 1384 333 DE
1420 277 1732 333 LITURGIA
1767 279 2140 336 GALLICANA
2178 281 2377 336 LIBER
2413 281 2502 336 Ill.

3490 287 3595 339 310

225 385 546 454 martyrum
573 385 808 438 tuorum
835 383 1044 438 merita
1073 383 1325 454 gloriosa
1344 383 1727 456 prosequeris,
1762 385 1863 440 sed
1883 396 1943 470 Α
1964 388 2097 454 tuae,
2131 389 2188 441 et
2215 388 2288 442 da
2318 404 2541 459 pacem,
2571 403 2747 458 quam
2769 404 3112 459 permanere
3137 388 3358 461 jugiter
3388 405 3598 462 praece-

225 478 399 532 etiam
431 493 660 532 sacrum
699 477 1084 532 ministerium
1123 478 1584 549 competentibus
1620 479 1862 534 servitiis

223 574 622 641 exsequentes,
653 571 927 641 gaudium
957 571 1184 626 Domini
1218 571 1302 625 sui
1335 572 1538 626 tribuis
1577 573 1863 644 benignus

222 665 481 729 intrare;
529 667 592 718 ut
627 664 723 734 qui
758 663 815 717 in
866 664 1112 733 modico,
1153 665 1276 719 hoc'
1299 669 1382 718 est
1419 665 1476 720 in
1519 683 1694 737 parvo
1733 667 1860 723 vitae

221 757 525 829 praesentis
561 774 832 824 excursu,
879 757 1066 812 ﬁdelis
1119 759 1410 830 apparuit,
1462 777 1635 831 supra
1681 761 1863 816 multa

220 852 393 918 bona,
429 851 628 922 utique
657 850 715 905 in
748 851 1162 922 sempiternum
1186 869 1478 921 mansura,
1505 853 1861 910 beatitudine

220 944 582 1016 disponatur.
611 946 719 999 Per
744 945 1032 1000 Christum
1064 945 1373 1001 Dominum
1400 949 1680 1002 nostrum.

416 1054 635 1107 LXXIII.
680 1069 839 1110 »ωειλ
877 1069 945 1108 DE
986 1069 1181 1108 chnss
1221 1057 1650 1111 coursssonss'.

285 1153 536 1222 Protege
566 1169 692 1219 nos,
728 1168 1074 1223 quzrsumus,
1106 1151 1370 1220 Domine,
1404 1156 1634 1207 tuorum
1653 1153 1859 1224 depre-

219 1244 451 1300 catione
470 1246 782 1317 justorum,
821 1250 882 1299 ut
912 1262 1157 1317 quorum
1191 1245 1616 1302 circumdamur
1657 1246 1859 1303 suffra-

219 1339 337 1409 gio,
372 1340 675 1394 foveamur
704 1339 933 1395 auxilio.
965 1341 1091 1394 Per.

911 1431 1179 1482 Collectio.

290 1503 450 1557 Adsit
479 1503 666 1569 nobis,
700 1501 962 1570 Domine,
997 1519 1342 1574 qumsumus,
1381 1502 1634 1574 precatio
1665 1507 1863 1560 sancta

211 1597 504 1666 justorum
531 1613 544 1650 :
578 1613 703 1668 quae
737 1614 841 1651 nos
873 1613 907 1650 a
939 1597 1184 1650 terrenis
1225 1596 1520 1650 affectibus
1548 1596 1859 1652 incessabi-

218 1689 346 1744 liter
373 1690 674 1762 expeditos
704 1692 932 1745 coelesta
955 1689 1285 1744 desiderare
1310 1690 1587 1762 perﬁciat.
1624 1693 1751 1746 Per.

844 1783 966 1832 Post
1006 1782 1236 1832 nomina.

285 1854 646 1909 Sacriﬁcium
677 1853 800 1921 tibi,
838 1854 1103 1923 Domine,
1137 1853 1320 1908 laudis
1352 1853 1646 1909 offerimus
1671 1855 1730 1908 in
1761 1872 1858 1910 ve-

223 1948 568 2003 nerabilium
604 1948 1159 2002 commemoratione
1205 1951 1536 2003 sanctorum
1578 1951 1808 2003 tuorum
1843 1964 1858 2004 :

223 2042 307 2104 da,
357 2058 710 2112 quaesumus,
759 2041 1022 2109 Domine,
1065 2045 1126 2095 ut
1171 2041 1326 2112 quod
1369 2041 1477 2095 illis
1521 2042 1762 2097 contulit
1786 2042 1858 2097 ad

221 2135 489 2206 gloriam,
520 2135 686 2190 nobis
717 2134 978 2206 proﬁciat
1007 2134 1079 2188 ad
1112 2136 1376 2190 salutem.
1418 2136 1544 2189 Per.

887 2223 964 2274 Ad
993 2237 1198 2287 pacem.

287 2299 623 2355 Oblationes
640 2299 874 2354 familiae
897 2303 1032 2367 tuae,
1052 2297 1312 2365 Domine,
1346 2315 1692 2370 quaesumus,
1720 2298 1855 2354 bea-

223 2393 572 2448 tissimorum
601 2396 930 2448 sanctorum
957 2395 1189 2447 tuorum
1217 2392 1501 2448 confessio
1533 2393 1703 2448 beata
1727 2409 1859 2448 con-

225 2487 394 2551 ciliet;
426 2490 487 2540 et
512 2503 638 2558 qua
674 2485 884 2540 nostris
907 2486 1098 2540 minus
1129 2489 1263 2557 apta
1285 2489 1418 2540 sunt
1443 2485 1681 2553 meritis,
1714 2487 1858 2542 ﬁant

227 2580 316 2634 tibi
348 2579 577 2650 placitae
597 2583 831 2634 tuorum
862 2579 1268 2650 deprecatione
1289 2579 1598 2650 justorum.
1634 2581 1761 2634 Per.

887 2676 1193 2726 Immolatio.

290 2749 537 2819 Dignum
574 2751 632 2802 et
657 2749 876 2819 justum
923 2752 1026 2802 est.
1070 2750 1212 2802 Vere
1257 2747 1496 2819 dignum
1549 2750 1605 2802 et
1631 2747 1853 2818 justum

225 2845 318 2907 est,
346 2842 444 2914 qui
475 2859 592 2897 non
630 2843 816 2897 solum
848 2845 1188 2912 martyrum,
1222 2841 1322 2896 sed
1362 2841 1537 2896 etiam
1572 2841 1854 2896 confesso-

225 2952 341 2989 rum
385 2939 621 2990 tuorum
672 2952 733 2990 es
776 2935 983 2991 virtute
1015 2934 1312 2990 mirabilis.
1368 2935 1525 2989 Licet
1572 2934 1726 2989 enim
1770 2935 1852 2989 illi

224 3029 479 3100 passione
506 3030 623 3083 sint
659 3028 818 3096 clari,
864 3027 960 3100 qui
1001 3028 1306 3084 manifeste
1338 3029 1546 3083 acerba
1575 3027 1853 3104 supplicia

223 3124 610 3177 sustinuerunt
643 3125 703 3176 et
731 3124 1042 3189 tormenta,
1073 3121 1249 3177 etiam
1284 3121 1374 3176 isti
1401 3125 1600 3176 tamen
1629 3123 1849 3177 occulte
1869 3135 1924 3210 ρ

226 3216 507 3288 proposito
571 3215 963 3286 castigationis
1003 3214 1218 3283 afﬂicti,
1263 3214 1517 3281 cruciati,
1578 3214 1852 3287 spiritalis

226 3308 591 3365 observantiae
623 3308 936 3380 disciplinis
965 3309 1195 3364 illorum
1221 3312 1355 3363 sunt
1385 3307 1626 3380 vestigia
1653 3309 1847 3364 subse-

225 3403 342 3457 cuti.
372 3405 482 3458 Per
505 3403 794 3458 Christum
821 3402 1128 3457 Dominum
1160 3413 1201 3456 ι.

422 3515 638 3569 LXXIV.
681 3531 838 3569 mssx
877 3530 1062 3569 SANCTI
1111 3529 1336 3569 unum
1377 3528 1630 3568 EPISCOPI.

287 3612 503 3667 Summi
536 3611 850 3666 sacerdotis
876 3611 956 3664 tui
977 3610 1158 3665 Patris
1189 3609 1366 3665 nostri
1385 3609 1606 3666 Martini
1629 3608 1846 3681 episco-

227 3704 273 3775 pi
314 3705 483 3760 hodie
527 3705 953 3776 depositionem
989 3704 1412 3760 celebrantibus
1450 3703 1638 3758 tribue
1661 3703 1845 3772 nobis,

226 3799 468 3866 Domine,
501 3803 564 3853 ut
584 3799 728 3853 sicut
756 3799 1375 3854 commemorationem
1399 3797 1521 3867 ejus
1553 3797 1845 3854 devotissi-

227 3908 303 3946 me
321 3893 582 3960 colimus,
597 3892 678 3948 ita
695 3895 908 3965 etopus
923 3891 1106 3966 291
1135 3890 1706 3946 ﬁdeliterimitemur.
1721 3892 1844 3946 Per.

286 4061 443 4126 Deus,
469 4059 567 4131 qui
592 4064 848 4114 sanctam
880 3986 1186 4114 ngblil:
1202 4059 1371 4129 hujus
1399 4057 1847 4113 sollemnitatem

223 4153 563 4223 pradicandi
597 4170 663 4207 ac
684 4153 1027 4208 venerabilis
1051 4151 1363 4208 sacerdotis
1385 4150 1465 4206 tui
1490 4151 1849 4222 depositione

223 4246 431 4302 Martini
462 4247 718 4318 episcopi
748 4249 1020 4318 praestare
1051 4246 1320 4317 dignatus
1347 4263 1426 4312 es,
1462 4245 1666 4312 tribue,
1692 4262 1847 4317 quae-

223 4356 422 4407 sumus,
458 4343 521 4394 ut
549 4340 704 4411 quod
736 4341 946 4395 nostris
989 4340 1249 4394 obtinere
1279 4339 1544 4410 precibus
1574 4355 1689 4394 non
1717 4355 1846 4410 pos-

222 4450 420 4501 sumus,
445 4433 622 4505 ipsius
655 4450 986 4488 mcreamur
1016 4433 1277 4487 obtinere
1310 4431 1614 4504 suffragiis.
1646 4433 1772 4486 Per.

833 4527 952 4577 Post
1000 4526 1231 4576 nomina.

283 4602 495 4657 Auditis
516 4599 849 4657 nominibus
871 4601 1238 4668 offerentum,
1266 4599 1474 4654 fratres
1500 4596 1840 4666 charissimi,

227 4695 622 4766 omnipotentis
643 4695 742 4750 Dei
764 4695 1216 4749 inenarrabilem
1238 4691 1696 4748 misericordiam
1718 4674 1852 4763 sup:

228 4788 380 4856 plices
399 4789 779 4860 postulemus,
807 4791 869 4842 ut
890 4788 1128 4843 nomina
1147 4790 1366 4854 nostra,
1391 4787 1487 4857 qui
1508 4785 1568 4840 in
1584 4787 1738 4841 hunc
1758 4802 1848 4840 ce-

171 4887 180 4896 '
225 4880 579 4938 leberrimum
598 4883 753 4937 diem
765 4883 824 4938 in
837 4883 1121 4938 honorem
1137 4880 1318 4935 sancti
1335 4879 1604 4935 antistitis
1615 4879 1848 4935 suiMar—

223 4973 312 5029 tini
332 4976 648 5043 offerimus,
673 4976 1018 5032 benedicere
1041 4980 1099 5031 et
1117 4973 1494 5041 sanctiﬁcare,
1509 4973 1632 5046 ipso
1652 4972 1848 5029 suffra-

222 5073 399 5137 gante,
433 5071 712 5141 dignetur
748 5074 806 5124 et
835 5070 992 5142 quod
1016 5069 1097 5124 illi
1135 5068 1308 5124 hodie
1334 5069 1627 5123 conlatum
1659 5070 1744 5121 est
1774 5067 1847 5122 ad

222 5158 470 5225 gloriam,
501 5159 670 5214 nobis
701 5176 930 5232 quoque
955 5158 1219 5230 proﬁciat
1248 5157 1320 5212 ad
1351 5157 1616 5212 salutem.
1646 5157 1773 5210 Per.

285 5324 514 5392 Inclina,
550 5323 812 5394 Domine,
845 5252 1234 5380 ειῒιῗαθῐῗῖῗιῗίη
1275 5321 1347 5377 ad
1382 5337 1580 5393 preces
1610 5319 1848 5376 familia;

284 5448 306 5476 ⁸
349 5449 550 5502 Mirum
581 5452 666 5502 est
694 5450 912 5503 nullum
936 5448 1027 5504 hic
1058 5464 1180 5502 esse
1196 5448 1517 5504 Commune
1539 5446 1847 5518 virginum,

229 5533 319 5572 nec
344 5520 482 5574 item
516 5521 573 5574 in
605 5520 966 5590 Legendario
1003 5519 1314 5575 Gallicano.

287 5590 464 5673 {Haec
508 5595 567 5645 et
607 5587 916 5673 sequentes
955 5591 1210 5673 quinque
1244 5590 1440 5673 missis
1477 5587 1852 5673 dominicales

232 5661 518 5733 assignatae
553 5665 686 5716 sunt
700 5661 814 5732 pro
835 5661 1142 5716 Dominicis
1164 5665 1292 5733 post
1304 5663 1703 5733 Pentecosten,
1733 5677 1850 5714 non

233 5729 298 5805 de
321 5729 601 5798 Adventu,
633 5729 846 5805 de‘quo
880 5734 1065 5789 missae
1096 5729 1225 5789 du'ae
1256 5733 1418 5790 initio
1445 5732 1677 5789 Missalis
1703 5748 1850 5805 prae-

237 5801 405 5861 missae
432 5807 618 5876 erant,
653 5801 769 5862 sed'
796 5805 1022 5863 avulsae.

1963 481 2094 551 pisti
2126 500 2142 534 :
2171 481 2311 536 illud
2349 482 2523 536 etiam
2556 482 2878 552 specialiter
2910 486 3184 553 prmstare
3224 483 3496 554 digneris,
3537 487 3600 540 ut

1962 591 2162 645 parem
2204 575 2544 630 charitatem
2586 579 2908 642 teneamus,
2957 593 3132 647 quam
3174 578 3431 648 pontifex
3464 581 3595 633 tuus

1960 668 2232 722 Martinus
2262 668 2320 722 in
2350 669 2459 723 hoc
2481 670 2708 736 saeculo,
2746 672 2802 722 te
2835 669 3174 742 opitulante,
3207 671 3419 726 meruit
3447 671 3595 726 obti-

1963 778 2120 817 nere.
2150 763 2274 816 Per.

2622 833 2928 884 Immolatio.

2032 906 2280 979 Dignum
2297 910 2355 961 et
2359 906 2580 979 justum
2603 912 2706 975 est,
2729 926 2834 963 nos
2859 912 2935 976 te,
2957 907 3194 964 Domine
3216 910 3362 966 Deus
3376 913 3592 981 noster,

1962 1001 2022 1054 in
2051 1001 2318 1056 laudibus
2343 1001 2526 1056 sancti
2553 1001 2778 1056 Martini
2797 1003 3084 1058 honorare
3109 1019 3123 1058 :
3159 1003 3255 1075 qui
3277 1005 3458 1060 sancti
3478 1005 3599 1078 Spi-

1961 1094 2103 1149 ritus
2130 1094 2212 1149 tui
2252 1095 2402 1150 dono
2433 1112 2758 1164 succensus,
2794 1095 2873 1150 ita
2907 1096 2965 1151 in
3004 1096 3127 1167 ipso
3163 1098 3441 1169 tyrocinio
3483 1098 3598 1155 ﬁde

1962 1189 2268 1260 perfectus,
2289 1193 2351 1243 ut
2367 1189 2652 1245 Christum
2676 1188 2907 1244 texisset
2927 1189 2983 1243 in
3005 1207 3258 1261 paupere
3275 1209 3287 1259 ;
3303 1196 3362 1246 et
3380 1196 3597 1248 vestem

1963 1299 2138 1353 quam
2169 1299 2386 1352 egenus
2413 1285 2733 1353 acceperat,
2762 1283 2964 1337 mundi
2993 1284 3267 1339 Dominus
3295 1285 3592 1341 induisset.

1963 1383 2006 1437 Ο
2038 1383 2170 1436 felix
2203 1383 2457 1453 largitas,
2493 1401 2608 1454 qua
2629 1383 2896 1438 divinitas
2923 1385 3207 1456 operitur!
3237 1403 3269 1440 o
3295 1387 3596 1442 chlamidis

1963 1476 2212 1546 gloriosa
2244 1476 2462 1544 divisio,
2489 1493 2615 1548 qua:
2631 1477 2875 1532 militem
2897 1478 3036 1532 texit
3056 1481 3114 1532 et
3135 1479 3363 1550 regem!
3390 1480 3600 1535 Inaesti-

1963 1569 2172 1624 mabile
2189 1569 2405 1624 donum
2421 1574 2523 1637 est,
2541 1571 2697 1641 quod
2710 1572 2914 1625 vestire
2929 1573 3106 1626 Deum
3121 1573 3332 1626 meruit
3347 1573 3595 1629 Deitatis.

1962 1662 2141 1732 Digne
2184 1662 2314 1717 huic
2346 1662 2724 1718 confessionis
2755 1668 2867 1718 tua:
2901 1665 3206 1735 praemium
3244 1667 3594 1722 commisisti.

1883 1767 1939 1838 B
1962 1755 2140 1826 Digne
2154 1756 2528 1810 Arrianorum
2549 1773 2665 1811 non
2689 1757 2972 1828 subjacuit
2988 1758 3222 1812 feritati.
3238 1760 3417 1831 Digne
3438 1764 3598 1817 tanto

1963 1865 2159 1904 amore
2171 1849 2442 1903 Martinus
2455 1851 2836 1921 persecutoris
2849 1854 3140 1906 tormenta
3154 1869 3269 1906 non
3288 1852 3497 1920 timuit,
3516 1871 3599 1910 se-

1961 1959 2127 1997 curus
2149 1943 2283 2013 quia
2296 1946 2459 1997 tanta
2481 1946 2605 1998 erat
2617 1943 2882 2014 gloriatio
2896 1943 3195 2016 passionis,
3216 1949 3277 1999 ut
3298 1963 3402 2017 per
3421 1964 3598 2018 quan-

1958 2035 2183 2090 titatem
2216 2036 2386 2089 vestis
2419 2035 2638 2108 exiguae
2671 2040 2729 2091 et
2752 2037 2956 2092 vestire
2989 2041 3167 2093 Deum
3199 2039 3410 2094 meruit
3445 2043 3503 2094 et
3521 2041 3596 2095 vi-

1961 2128 2116 2183 dere.
2143 2129 2185 2184 Ο
2209 2127 2386 2184 animi
2409 2128 2692 2185 imitanda
2709 2130 3057 2202 benignitas,
3079 2149 3111 2187 ο
3135 2131 3409 2188 virtutum
3429 2151 3597 2189 vene-

1958 2221 2142 2278 randa
2186 2223 2473 2295 potentia!
2518 2223 2608 2279 Sic
2643 2224 2762 2295 egit
2792 2215 3047 2296 suscepti
3076 2226 3440 2298 pontiﬁcatus
3466 2228 3591 2284 ofﬁ-

1957 2315 2129 2384 cium,
2160 2319 2221 2370 ut
2242 2334 2345 2388 per
2375 2319 2623 2372 formam
2655 2317 2967 2389 probabilis
2987 2319 3136 2387 vitae,
3169 2321 3595 2377 observantiam

1958 2409 2213 2480 exegerit
2240 2410 2573 2482 disciplinac.
2613 2411 2702 2466 Sic
2735 2412 3050 2482 apostolica
3080 2413 3286 2467 virtute
3319 2413 3595 2486 speranti-

1955 2502 2061 2556 bus
2095 2504 2337 2559 contulit
2369 2503 2741 2573 medicinam,
2781 2508 2843 2560 ut
2883 2505 3024 2560 alios
3063 2507 3594 2579 supplicationibus,

1957 2594 2096 2650 alios
2117 2595 2236 2650 visu
2260 2599 2522 2653 salvaret.
2548 2599 2676 2654 Hazc
2708 2602 2823 2666 tua,
2854 2600 3114 2667 Domine,
3138 2602 3469 2655 veneranda
3489 2619 3595 2674 po-

1954 2689 2137 2744 tentia
2166 2706 2178 2745 :
2204 2690 2293 2745 cui
2318 2708 2448 2746 cum
2476 2691 2674 2762 lingua
2697 2710 2816 2746 nun
2839 2694 3302 2764 supplctmeritis
3333 2711 3589 2762 exorare,

1956 2781 2224 2853 operibus
2263 2784 2442 2838 sancti
2485 2785 2730 2853 Martini,
2773 2789 2828 2840 te
2879 2786 3216 2857 opitulante,
3261 2803 3592 2843 mereamur

1953 2883 2185 2940 imitari.
2219 2888 2326 2942 Per
2345 2887 2631 2942 Christum
2662 2887 2969 2943 Dominum
3000 2891 3280 2944 nostrum.

2355 2985 2544 3041 LXXV.
2593 3003 2749 3041 MISSA
2786 2987 2813 3026 b
2861 3004 3224 3042 DOMINICALIS.
3562 3036 3565 3045 .

2023 3073 2214 3148 292
2243 3077 2408 3143 Deus,
2434 3075 2530 3148 qui
2559 3076 2722 3132 nobis
2751 3075 3234 3148 omnipotentiam
3261 3079 3421 3134 tuam
3455 3095 3582 3150 par-

1951 3169 2134 3223 cendo
2164 3169 2414 3224 maxime
2446 3172 2505 3224 et
2529 3169 2858 3225 miserando
2885 3170 3238 3238 manifestas,
3270 3172 3589 3244 multiplica

1949 3280 2123 3334 super
2148 3279 2252 3317 nos
2280 3263 2527 3334 gratiam
2551 3267 2730 3332 tuam,
2755 3267 2819 3318 ut
2839 3264 2913 3320 ad
2933 3268 3030 3320 tua
3049 3265 3331 3336 promissa
3350 3283 3586 3321 curren-

1949 3360 2055 3426 tes,
2083 3356 2396 3412 caalestium
2426 3357 2713 3412 bonorum
2739 3358 2912 3412 facias
2953 3375 3074 3412 esse
3101 3363 3414 3413 consortes.
3453 3361 3579 3414 Per.

2018 3517 2396 3590 Omnipotens
2419 3445 2947 3590 sempitgglilggbous,
2973 3518 3061 3573 cui
3081 3521 3334 3591 potestas
3355 3523 3440 3575 est
3459 3520 3583 3576 sine

1949 3613 2060 3667 ﬁne
2083 3612 2416 3680 miserendi,
2451 3613 2668 3683 respice
2699 3612 2978 3684 propitius
2999 3613 3072 3667 ad
3089 3613 3427 3668 humilitatis
3447 3632 3581 3670 nos-

1949 3709 2050 3760 traa
2094 3706 2406 3777 supplicem
2452 3706 2803 3773 servitutem,
2847 3709 2910 3760 ut
2950 3706 3054 3760 tibi
3101 3706 3329 3762 subdita
3384 3712 3580 3763 mente

1947 3803 2290 3872 perpetuum
2321 3799 2672 3854 defensionis
2701 3803 2814 3854 tuae
2845 3804 3031 3854 servet
3061 3801 3352 3855 auxilium.
3383 3803 3507 3857 Per.

2570 3892 2693 3940 Post
2715 3890 2944 3940 nomine.

2018 3965 2142 4019 Istis
2163 3967 2221 4019 et
2241 3963 2506 4020 omnibus
2528 3963 2586 4019 in
2609 3965 2830 4020 Christo
2851 3965 3296 4036 quiescentibus,
3316 3966 3578 4034 Domine,

1948 4060 2138 4113 locum
2154 4058 2460 4130 refrigerii,
2485 4058 2623 4113 lucis
2651 4062 2708 4112 et
2723 4058 2879 4129 pacis
2898 4063 2958 4112 ut
2973 4059 3294 4130 indulgeas,
3316 4060 3582 4130 depreca-

1949 4169 2098 4219 mur,
2121 4169 2187 4206 ac
2217 4153 2263 4206 si
2285 4152 2380 4224 qui
2402 4155 2772 4223 peccatorum
2797 4151 3018 4206 meritis
3041 4152 3249 4206 inferni
3277 4165 3299 4193 ο
3331 4153 3582 4208 tenebris

1951 4263 2016 4300 ac
2045 4245 2334 4316 suppliciis
2355 4245 2706 4312 detinentur,
2729 4245 3139 4300 misericordias
3169 4248 3302 4312 tuae,
3327 4261 3578 4312 oramus,

1949 4339 2185 4409 indulge
2201 4339 2528 4406 clementia,
2545 4355 2759 4410 eosque
2771 4338 2845 4393 ad
2857 4337 3117 4408 requiem
3131 4337 3376 4392 transire
3388 4339 3582 4409 praeci-

1949 4433 2090 4504 pias,
2121 4436 2178 4486 et
2204 4432 2390 4503 prima
2421 4432 2671 4488 anastasi
2691 4448 2821 4486 cum
2845 4431 3055 4485 sanctis
3082 4434 3140 4485 et
3160 4431 3353 4486 electis
3367 4431 3480 4486 tuis
3494 4431 3583 4502 ju-

1865 4507 1924 4580 D
1947 4527 2084 4581 beas
2096 4525 2298 4580 sociari
2314 4543 2327 4593 ;
2343 4528 2404 4579 ut
2415 4525 2603 4597 portio
2623 4529 2718 4580 tua
2739 4524 2923 4578 sintin
2939 4527 3094 4580 terra
3105 4524 3435 4580 viventium.
3451 4527 3577 4580 Per.

2599 4613 2674 4664 Ad
2719 4626 2921 4677 pacem.

2014 4691 2179 4756 Deus,
2217 4688 2377 4759 cujus
2406 4704 2695 4743 summum
2733 4687 3074 4744 sacriﬁcium
3109 4691 3196 4744 est
3223 4689 3581 4746 concordans

1947 4781 2160 4849 anima,
2183 4782 2275 4836 cui
2299 4783 2699 4838 holocaustum
2727 4782 3170 4856 pinguissimum
3184 4786 3270 4838 est
3285 4785 3509 4856 placata
3525 4788 3584 4840 et

1947 4893 2091 4948 pura
2117 4875 2486 4943 conscientia,
2519 4878 2769 4932 concede
2795 4878 2981 4944 nobis,
2997 4894 3342 4949 quaesumus,
3363 4881 3425 4933 ut
3445 4895 3580 4935 con-

1941 4971 2167 5041 junctio
2211 4969 2496 5026 labiorum
2546 4973 2752 5043 copula
2805 4971 3086 5026 efﬁciatur
3128 4971 3474 5039 animarum,
3527 4975 3587 5028 et

1950 5062 2334 5118 ministerium
2355 5065 2531 5120 osculi
2552 5067 2848 5137 perpetuac
2869 5064 3132 5136 proﬁciat
3148 5064 3431 5121 charitati.
3453 5067 3581 5124 Per.

2612 5152 2924 5203 lmmolatio.

2021 5227 2268 5298 Dignum
2298 5230 2356 5282 et
2376 5228 2598 5299 justum
2631 5232 2734 5295 est,
2765 5245 2870 5283 nos
2890 5227 2994 5283 tibi
3015 5227 3231 5300 gratias
3257 5247 3452 5301 agere,
3474 5233 3583 5288 Do-

1951 5321 2108 5376 mine
2127 5325 2341 5389 sancte,
2361 5324 2530 5376 Pater
2551 5321 2940 5394 omnipotens,
2962 5325 3175 5378 aeterne
3186 5324 3352 5394 Deus,
3371 5324 3472 5380 tibi
3492 5325 3586 5381 de-

2019 5448 2135 5520 cAIn
2159 5444 2545 5520 superioribus
2575 5444 2992 5520 missisgl2,16,
3025 5450 3112 5515 20,
3140 5450 3198 5502 et
3231 5447 3288 5520 in
3322 5447 3582 5520 sequenti

1952 5520 2026 5590 80_
2049 5517 2114 5590 ﬁt
2139 5517 2358 5590 mentio
2387 5517 2459 5572 de
2488 5522 2714 5590 tartara.
2750 5517 2975 5574 Similes
3007 5518 3281 5590 loquendi
3320 5517 3481 5574 modi
3520 5519 3578 5572 in

1951 5587 2139 5642 missis
2167 5587 2375 5642 nostris
2400 5605 2504 5659 pro
2546 5587 2847 5644 defunctis.

2013 5685 2037 5709 ‘
2063 5683 2162 5758 Sic.
2185 5686 2335 5758 Forte
2349 5685 2522 5748 pluris
2539 5687 2847 5758 confessor}?
2869 5682 3356 5758 legendum-forma
3375 5681 3588 5758 ablativi

1953 5751 2216 5864 gggupta,
2239 5751 2296 5800 ut
2311 5743 2468 5816 supra
2495 5743 2639 5799 num:
2671 5750 2834 5812 LXIX,
2854 5743 3008 5798 γηῖἓεα
3035 5747 3100 5796 de
3121 5743 3292 5809 pluris
3312 5747 3582 5809 martyris.
