4032 6180
403 297 496 352 3H

1188 297 1520 353 APPENDIX
1557 297 1644 352 AD
1680 295 1904 352 ΟΡΕΒΑ
1939 293 2176 352 SANCTI
2214 295 2514 352 GERMANI
2549 296 2980 354 PABJSIENSIS.

3657 300 3766 354 312

397 406 545 462 bitas
573 405 773 462 laudes
797 406 890 479 pio
921 407 1142 462 honore
1161 405 1406 471 deferre,
1441 407 1502 458 et
1529 402 1880 459 mirabilium
1907 406 2028 459 tuo-
2049 413 2301 486 Aquam
2347 404 2764 474 defunctorum,
2799 405 2886 462 vel
2927 405 2997 460 ad
3033 403 3238 460 merita
3281 403 3368 460 vel
3423 404 3494 460 ad
3533 407 3772 476 peccata

397 517 529 556 rum
555 500 964 558 inenarrabilia
989 497 1272 572 praeconia
1303 498 1522 552 devotae
1547 497 1760 552 mentis
1787 514 2024 554 venera-

400 595 558 650 tione
576 595 884 650 celebrare.
909 595 982 648 Te
997 593 1172 664 igitur
1187 591 1542 646 ineffabilem
1559 607 1754 646 rerum
1767 592 2029 646 omnium

402 689 760 744 conditorem
787 687 1106 754 laudamus,
1135 685 1549 752 benedicimus,
1573 685 1904 754 adoramus,
1925 703 2030 757 per

403 781 688 838 Christum
721 779 1026 834 Dominum
1054 783 1334 834 nostrum.

1025 873 1146 923 Post
1172 873 1404 924 Sanctus.

470 959 610 1011 Vere
657 959 905 1023 sanctus,
953 973 1083 1009 vere
1135 955 1472 1010 benedictus
1518 954 1791 1010 Dominus
1837 959 2031 1010 noster

397 1054 556 1108 Jesus
595 1049 848 1105 Christus
889 1049 1058 1104 Filius
1095 1053 1224 1103 tuus
1273 1065 1286 1103 :
1321 1049 1420 1120 qui
1453 1049 1608 1104 venit
1652 1049 1723 1103 de
1763 1049 1932 1115 caelis,
1971 1051 2033 1103 ut

400 1147 836 1202 conversaretur
869 1143 928 1198 in
967 1143 1167 1208 terris;
1209 1143 1386 1198 homo
1420 1143 1621 1208 factus,
1655 1145 1717 1196 ut
1745 1142 2033 1197 habitaret

399 1237 458 1294 in
485 1237 679 1305 nobis;
713 1237 900 1292 hostia
929 1237 1184 1304 effectus,
1211 1241 1272 1291 ut
1303 1254 1406 1292 nos
1439 1238 1654 1292 faceret
1684 1235 2028 1290 sacerdotes.

399 1334 522 1404 Ipse
549 1331 706 1386 enim
735 1331 830 1402 qui
851 1331 999 1401 prid.

1037 1403 1160 1452 Post
1181 1404 1401 1452 secreta.

472 1485 741 1552 Ostende,
804 1484 1171 1556 omnipotens
1221 1487 1388 1554 Deus,
1451 1483 1726 1554 gratiam;
1785 1497 2032 1554 agnosce

401 1577 743 1634 doctrinam.
767 1579 846 1634 Tu
869 1595 928 1632 es
947 1578 1284 1650 mysterium
1305 1594 1409 1649 pro
1433 1578 1635 1644 salute,
1661 1579 1722 1630 tu
1745 1575 1990 1648 pretium
2017 1591 2030 1630 :

403 1671 543 1728 doce
585 1672 1076 1742 perseverantiam
1333 1687 1464 1726 cum
1494 1668 1756 1724 docueris
1787 1667 2031 1740 discipli-

2128 498 2456 570 respiciens,
2487 498 2623 554 alios
2650 499 2850 570 jubeat
2883 499 2956 554 ad
2985 499 3245 570 gratiam,
3271 497 3412 556 alios
3433 498 3504 554 ad
3539 499 3770 556 veniam

2130 593 2434 664 pertinere.
2465 595 2590 649 Per.

2793 663 2872 714 Ad
2900 676 3104 727 pacem.

2203 743 2396 818 294
2411 744 2662 800 lnlabere
2679 745 2739 800 in
2748 743 2965 800 animas
2975 747 3212 814 nostras,
3229 742 3588 818 omnipotens
3605 747 3778 802 θείειν

2131 855 2202 894 ne
2226 840 2391 908 Deus,
2420 842 2478 894 et
2501 839 2733 912 templa,
2763 855 2892 912 quae
2917 838 3057 910 lapis
3085 838 3176 894 ille
3203 839 3488 911 angularis
3517 843 3650 895 tuus
3675 855 3778 896 ex-

2131 932 2356 1002 struxit,
2385 932 2715 1006 ingredere;
2763 936 2824 988 ut
2861 933 3130 1004 Majestati
3170 931 3383 988 hostias
3421 939 3776 1006 praeparatas

2131 1043 2234 1099 per
2255 1028 2446 1099 ipsum
2487 1027 2590 1082 tibi
2628 1026 2909 1099 possimus
2944 1026 3166 1094 offerre,
3195 1026 3294 1098 qui
3330 1029 3588 1082 sanctum
3625 1044 3775 1084 con-

2131 1120 2328 1190 stituit,
2359 1125 2414 1177 et
2437 1137 2636 1194 pacem
2666 1121 2831 1177 nobis
2860 1121 3199 1194 propitiatus
3225 1121 3478 1177 indulsit.
3509 1123 3636 1176 Per.

2795 1219 3101 1269 lmmolatio.

2795 1224 3010 1269 lmmola
3037 1224 3047 1232 '
3091 1257 3101 1268 .

2203 1301 2454 1373 Dignum
2489 1305 2545 1356 et
2573 1301 2794 1371 justum
2843 1305 2945 1370 est,
2975 1224 3244 1372 alligestati
3281 1305 3414 1370 tum,
3443 1303 3632 1356 sancte
3659 1301 3776 1356 Pa-

2135 1399 2239 1464 ter,
2280 1393 2658 1466 omnipotens,
2697 1397 2908 1449 aeterne
2951 1394 3118 1464 Deus,
3162 1393 3356 1450 laudes
3411 1394 3504 1465 pio
3551 1394 3774 1450 honore

2133 1488 2371 1558 deferre,
2400 1490 2456 1543 et
2483 1487 2832 1542 mirabilium
2861 1489 3094 1542 tuorum
3125 1487 3525 1544 inenarrabilis
3551 1505 3772 1560 praeco-

2133 1581 2226 1636 nia
2267 1582 2481 1636 devotae
2526 1581 2732 1636 mentis
2767 1581 3128 1637 veneratione
3165 1581 3468 1636 celebrare.
3499 1583 3574 1636 Te
3603 1598 3772 1636 nam-

2135 1692 2244 1748 que
2291 1673 2922 1746 incomprehensibilem
2963 1678 3134 1747 atque
3177 1673 3519 1730 ineffabilem
3573 1675 3774 1730 Domi-

403 1781 568 1832 nam;
603 1765 746 1818 utin
779 1765 884 1820 hac
915 1765 1206 1819 oblatione
1241 1781 1345 1820 nos
1375 1763 1604 1830 liberes,
1635 1762 1732 1834 qui
1759 1777 1862 1833 pro
1895 1761 2036 1816 occi—
2057 1786 2112 1858 B
2135 1785 2296 1838 num,
2345 1773 2402 1822 et
2451 1773 2764 1824 creatorem
2810 1768 3069 1824 omnium
3119 1783 3342 1840 semper
3384 1770 3776 1838 tremendum,

402 1857 668 1912 dentibus
695 1861 752 1911 et
781 1858 1041 1912 moreris.
1071 1860 1197 1913 Per.

803 1953 934 2000 Ante
963 1951 1251 2000 orationem
1291 1949 1634 2000 Dominicam.

471 2033 594 2087 Non
622 2031 938 2086 sufficimus
971 2031 1070 2086 tibi
1103 2031 1318 2102 gratias
1339 2047 1534 2102 agere,
1557 2029 1800 2086 Domine
1821 2032 2036 2096 sancte,

399 2127 569 2181 Pater
601 2125 988 2196 omnipotens,
1017 2128 1232 2180 aeterne
1273 2127 1439 2190 Deus,
1477 2141 1581 2195 pro
1611 2123 1787 2179 tantis
1817 2122 2040 2178 miseri-

401 2219 611 2274 cordias
643 2221 756 2274 tua:
785 2217 970 2284 donis,
1005 2219 1210 2290 quibus
1255 2235 1361 2272 nos
1399 2217 1665 2284 vivificas,
1699 2215 2038 2282 sanctificas,

402 2312 756 2368 mternitates
786 2328 1097 2383 prmparas,
1123 2315 1180 2365 et
1199 2311 1472 2365 institutis
1493 2309 1786 2380 Unigeniti
1809 2308 1890 2362 tui
1908 2309 2040 2364 Iesu

401 2403 610 2459 Christi
647 2403 874 2458 Domini
916 2420 981 2458 ac
1031 2404 1340 2459 Salvatoris
1389 2403 1572 2458 nostri
1617 2402 2041 2473 indulgentiam

401 2497 629 2569 pietatis
649 2499 762 2552 tum
793 2513 922 2550 cum
947 2496 1239 2552 immerita
1259 2497 1534 2568 poscendi
1557 2513 1724 2552 orare
1752 2495 2037 2550 concedis.

402 2589 574 2661 Cujus
597 2593 886 2662 praecepta
911 2592 1252 2658 recolentes,
1283 2589 1522 2645 dicimus
1557 2607 1569 2646 :
1603 2591 1791 2644 Pater.

817 2688 938 2738 Post
961 2687 1250 2737 orationem
1279 2687 1622 2738 Dominicam.

472 2767 710 2824 Libera'
743 2785 847 2824 nos
873 2769 944 2823 ab
977 2769 1134 2824 omni
1163 2771 1338 2837 malo,
1369 2768 1740 2840 omnipotens
1765 2769 1911 2822 Deus
1940 2781 1952 2821 :
1987 2771 2044 2822 et

404 2859 538 2935 quia
567 2861 664 2916 tibi
699 2862 800 2918 soli
838 2865 924 2916 est
959 2862 1268 2932 praestandi
1291 2865 1563 2933 potestas,
1599 2861 1804 2929 tribue,
1839 2863 1902 2915 ut
1930 2861 2038 2914 sol-

403 2957 596 3010 lemne
617 2955 726 3010 hoc
753 2955 1096 3010 sacrificium
1121 2955 1440 3010 sanctificat
1462 2955 1638 3009 corda
1665 2957 1880 3022 nostra,
1906 2954 2042 3008 dum

405 3047 684 3115 creditur;
719 3048 910 3102 deleat
939 3051 1195 3118 peccata,
1225 3048 1363 3102 dum
1390 3048 1653 3102 sumitur.
1683 3049 1808 3102 Per.

927 3145 1050 3193 Post
1079 3144 1520 3194 communionem.

477 3225 658 3280 Cibati
707 3241 857 3295 pane
903 3224 1052 3290 vitae,
1099 3227 1158 3278 et
1204 3224 1438 3278 salutari
1483 3226 1686 3296 poculo
1729 3224 2038 3296 propinati,

407 3321 613 3374 fratres
658 3317 956 3384 carissimi,
987 3333 1228 3387 agamus
1269 3318 1483 3388 gratias
1515 3318 1900 3390 omnipotenti
1929 3319 2042 3373 Deo

405 3411 578 3476 Patri,
609 3411 978 3465 obsecrantes
1009 3409 1467 3466 misericordiam
1496 3411 1637 3482 ejus,
1667 3411 1748 3465 uti
1777 3411 1886 3466 hoc
1913 3427 2044 3465 san-

407 3507 564 3578 ctum
603 3502 1022 3560 benedictionis
1069 3520 1185 3558 sua:
1235 3503 1472 3572 donum,
1504 3505 1658 3576 quod
1699 3504 1757 3559 in
1795 3504 2046 3560 nominis

408 3597 492 3654 sui
532 3598 754 3652 honore
783 3597 1166 3668 percepimus,
1198 3597 1460 3653 inlazsum
1494 3601 1666 3670 atque
1709 3597 2046 3653 inviolatum
2120 3607 2128 3614 '

409 3691 466 3746 in
494 3690 659 3745 nobis
687 3707 918 3761 semper
945 3708 1174 3746 servare
1207 3691 1497 3763 dignetur.
1525 3693 1652 3746 Per.

927 3783 1316 3834 Consummatio
1342 3783 1531 3834 missae.

483 3867 700 3922 Refecti
730 3868 985 3938 corporis
1019 3872 1078 3923 et
1115 3869 1413 3940 sanguinis
1449 3867 1676 3924 Domini
1713 3867 1894 3924 nostri
1917 3869 2048 3923 Jesu

412 3959 636 4028 Christi,
671 3961 730 4015 in
763 3965 1044 4016 aeternum
1076 3963 1343 4028 restituti,
1374 3961 1585 4016 hilares
1619 3961 1848 4016 Domini
1877 3961 2046 4015 mise-

413 4053 720 4110 ricordiam
749 4055 1148 4126 deprecemur.
1176 4057 1301 4108 Per.

737 4173 950 4226 LXXVI.
995 4187 1120 4226 ITEM
1159 4185 1318 4226 MISSA
1359 4184 1723 4226 DOMINICALIS.

487 4276 864 4346 Omnipotens
891 4275 1060 4340 Deus,
1091 4273 1278 4345 dirige
1309 4291 1414 4328 nos
1441 4273 1498 4328 in
1527 4273 1679 4328 viam
1700 4273 1958 4345 justitia,
1991 4277 2054 4330 ut

413 4374 536 4428 haec
564 4386 854 4442 geramus,
893 4373 952 4424 et
985 4369 1082 4424 illa
1121 4370 1460 4441 cogitemus,
1490 4385 1618 4441 quas
1659 4369 1762 4424 tibi
1795 4369 1856 4426 in
1895 4369 2051 4426 diem

407 4465 610 4535 judicii
639 4479 906 4518 excusare
943 4464 1247 4535 possimus.
1281 4465 1408 4519 Per.

1094 4557 1364 4608 Collectio.

489 4639 834 4692 lmmensam
869 4638 1350 4710 tremendamque
1385 4637 1614 4710 pietatis
1655 4643 1768 4693 tute
1795 4638 2050 4693 clemen-

417 4731 578 4797 tiam,
613 4731 981 4802 omnipotens
1001 4733 1172 4798 Deus,
1204 4733 1486 4804 supplices
1513 4748 1836 4798 exoramus,
1859 4734 1922 4787 ut
1951 4749 2050 4787 au-

415 4823 547 4878 xilio
577 4827 674 4878 tuo
707 4825 970 4880 universa
997 4842 1031 4879 a
1059 4824 1222 4880 nobis
1255 4828 1620 4880 terrenarum
1647 4825 1918 4881 vitiorum
1947 4843 2052 4882 sm-

415 4917 809 4990 culariumque
859 4917 1260 4974 discriminum
1315 4921 1681 4974 tentamenta
1733 4919 2050 4986 discedant,

415 5013 585 5080 atque
629 5010 688 5064 in
735 5011 986 5066 Ecclesia
1027 5014 1126 5065 tua
1166 5010 1448 5066 catholica
1489 5011 1784 5084 religionis
1825 5029 2054 5084 semper

415 5107 650 5158 maneat
681 5105 918 5161 inlibata
943 5105 1192 5160 devotio.
1213 5106 1340 5159 Per.

1043 5203 1165 5252 Post
1198 5201 1428 5252 nomina.

485 5281 708 5336 Auditis
735 5283 1062 5338 nominibus
1097 5283 1414 5352 recensitis,
1440 5283 1790 5339 dilectissimi
1821 5285 2049 5351 fratres,

414 5375 598 5430 Deum
627 5375 854 5447 pietatis
882 5379 939 5430 et
965 5376 1372 5434 misericordiae
1415 5377 1808 5448 deprecemur,
1839 5381 1900 5431 ut
1931 5378 2053 5432 hinc

415 5485 544 5542 quas
587 5469 780 5526 oblata
824 5473 957 5526 sunt
1001 5471 1288 5544 benignus
1331 5471 1640 5527 adsumat:
1673 5471 1894 5526 nullum
1923 5487 2050 5526 um-

415 5579 590 5634 quam
635 5580 700 5618 ex
746 5563 854 5632 his,
901 5581 1004 5636 pro
1051 5565 1257 5637 quibus
1303 5564 1637 5620 holocausta
1683 5565 2046 5636 franguntur,

2069 4525 2128 4598 D

2136 1879 2239 1934 per
2277 1864 2468 1918 Iesum
2508 1861 2798 1918 Christum
2838 1861 3043 1916 Filium
3073 1865 3240 1917 tuum
3277 1861 3460 1917 Deum
3485 1879 3549 1918 ac
3575 1863 3776 1918 Domi-

2135 1973 2278 2012 num
2321 1957 2778 2027 Salvatoremque
2821 1959 3080 2010 nostrum
3125 1955 3422 2024 sentimus,
3466 1955 3776 2024 Credimus,

2137 2050 2450 2122 sequimur,
2480 2053 2535 2106 et
2555 2065 2802 2104 oramus.
2823 2047 3280 2120 Tibiquefpurum
3299 2049 3405 2104 hoc
3425 2047 3772 2104 sacriﬁcium

2139 2143 2425 2198 offerimus
2454 2141 2646 2214 gloriae
2673 2146 2786 2196 tuae
2815 2157 2946 2196 cum
2974 2142 3192 2213 angelis
3229 2146 3288 2198 et
3309 2141 3686 2214 archangelis,
3719 2147 3780 2198 et

2139 2236 2440 2292 innumera
2481 2235 2847 2290 multitudine
2884 2234 3224 2290 nunciorum
3265 2235 3473 2290 nostris
3511 2235 3780 2290 laudibus

2139 2333 2559 2402 prosequentes,
2593 2328 2690 2400 qui
2735 2328 2796 2383 in
2836 2333 3142 2400 conspectu
3175 2327 3472 2400 Majestatis
3499 2333 3612 2384 tuas
3654 2328 3779 2383 sine

2141 2423 2446 2480 cessatione
2471 2422 2849 2494 proclamant,
2877 2421 3146 2477 dicentes.

2763 2521 2888 2569 Post
2919 2519 3154 2570 Sanctus.

2213 2601 2352 2656 Vere
2377 2603 2622 2668 sanctus,
2651 2614 2783 2654 vere
2813 2599 2872 2653 in
2911 2599 3142 2654 excelsis
3180 2598 3456 2656 Dominus
3491 2601 3640 2657 Deus
3668 2618 3778 2656 no-

2143 2698 2258 2749 ster
2284 2692 2452 2748 Filius
2477 2695 2610 2748 tuus
2638 2693 2756 2747 Rex
2785 2693 2971 2748 Israel.
2999 2693 3104 2758 Qui
3133 2693 3332 2764 pridie.

2779 2785 2898 2834 Post
2925 2787 3142 2836 secreta.

2213 2867 2319 2922 Per
2343 2865 2496 2920 hunc
2511 2869 2588 2934 te,
2613 2866 2778 2934 Deus,
2801 2865 2967 2926 Pater
2984 2864 3360 2936 omnipotens,
3383 2865 3782 2938 deprecamur,

2143 2963 2208 3014 ut
2249 2959 2394 3014 sicut
2435 2958 2578 3014 sacri
2615 2951 2871 3029 mysterii
2915 2957 3298 3015 obeditionem
3333 2960 3662 3026 retinemus,
3699 2961 3785 3016 ita

2143 3053 2214 3108 ad
2237 3053 2474 3108 tutelam
2499 3054 2750 3106 nostram
2775 3051 3012 3106 caelestis
3039 3051 3218 3107 virtus
3249 3057 3537 3126 operetur.
3565 3055 3690 3109 Per.

2547 3151 2676 3199 Ante
2705 3148 2994 3198 orationem
3031 3149 3374 3200 Dominicam.

2215 3230 2488 3297 Concede,
2542 3228 2801 3298 Domine,
2852 3229 3078 3286 famulis
3127 3229 3239 3285 tuis
3281 3235 3346 3285 ut
3381 3233 3604 3286 orantes
3645 3247 3786 3288 cum

2145 3323 2350 3380 ﬁducia
2390 3323 2665 3393 dicamus,
2695 3321 2840 3378 sicut
2879 3323 3002 3396 ipse
3038 3323 3242 3395 jubere
3285 3324 3548 3396 dignatus
3583 3340 3646 3380 es
3689 3324 3784 3380 di-

2147 3434 2272 3474 cere
2305 3434 2318 3472 :
2349 3419 2530 3472 Pater.

2568 3487 2688 3538 Post
2715 3487 3005 3538 orationem
3033 3487 3374 3538 Dominicam.

2217 3568 2413 3624 Libera
2437 3585 2540 3623 nos
2567 3585 2600 3622 a
2619 3569 2792 3638 malo,
2811 3567 3170 3648 omnipotens
3198 3569 3366 3636 Deus,
3389 3571 3446 3623 et
3469 3567 3690 3624 custodi
3721 3567 3786 3624 in

2147 3661 2319 3717 bono.
2346 3661 2452 3727 Qui
2477 3660 2615 3716 vivis
2641 3665 2696 3717 et
2717 3677 2940 3733 regnas.

2667 3759 2787 3810 Post
2819 3757 3264 3810 communionem.

2220 3843 2460 3912 Accepto
2501 3839 2709 3895 caelesti
2757 3839 3012 3912 corporis
3055 3839 3437 3909 Sacramento,
3485 3843 3544 3894 et
3589 3839 3794 3895 salutis

2149 3939 2375 3988 aeternae
2403 3933 2577 3988 calice
2609 3933 2867 4002 recreati,
2899 3933 3013 3988 Deo
3041 3933 3190 3988 Patri
3231 3931 3606 4004 omnipotenti
3649 3949 3790 4004 gra-

2149 4027 2255 4081 tias
2283 4041 2538 4098 agamus,
2566 4027 2874 4098 laudesque
2905 4025 3177 4081 dicamus.
3205 4027 3328 4081 Per.

2661 4125 3049 4174 Consummatio
3079 4124 3266 4174 missus.

2221 4207 2388 4276 Deus,
2441 4205 2649 4278 gratias
2695 4206 2801 4261 tibi
2849 4205 3094 4278 agimus,
3143 4221 3246 4277 per
3293 4221 3466 4278 quem
3517 4204 3798 4276 mysteria

2151 4303 2342 4354 sancta
2377 4297 2746 4366 celebramus,
2785 4317 2820 4354 a
2855 4301 2909 4354 te
2955 4299 3264 4355 sanctitatis
3297 4303 3352 4355 et
3386 4297 3798 4356 misericordias

2151 4392 2298 4448 dona
2323 4392 2699 4465 deposcimus.
2729 4393 2834 4448 Per
2863 4392 3190 4447 Dominum.

2461 4523 2697 4577 LXXVII.
2741 4537 2866 4578 nam
2905 4535 3066 4578 mssa
3105 4536 3470 4579 DOMINICALIS.

2167 4703 2196 4728 ο
2223 4638 2636 4712 Sempiternam
2681 4638 2782 4694 Dei
2829 4638 3190 4710 Majestatem,
3240 4637 3441 4693 fratres
3489 4637 3796 4708 carissimi,

2151 4733 2542 4805 deprecemur,
2569 4737 2635 4788 ut
2658 4733 2910 4788 sanctam
2935 4747 3039 4803 per
3066 4730 3238 4786 totius
3263 4731 3416 4786 orbis
3435 4731 3616 4802 spatia
3637 4735 3800 4788 tuea-

2151 4831 2246 4882 tur
2279 4825 2615 4895 Ecclesiam;
2645 4824 3130 4881 conversationem
3165 4823 3547 4880 sacerdotibus
3585 4841 3798 4880 conce-

2151 4921 2247 4976 dat
2273 4919 2594 4988 honestam;
2627 4919 2800 4974 vitam
2835 4917 3060 4989 populis
3101 4917 3314 4974 tribuat
3349 4917 3794 4988 sempiternam;

2151 5013 2484 5085 virginibus,
2515 5011 2718 5081 viduis,
2750 5011 3042 5084 orphanis,
3071 5027 3136 5066 ac
3159 5009 3584 5082 paenitentibus,
3613 5010 3706 5064 vel
3735 5011 3798 5066 in

2151 5106 2602 5180 quibuscumque
2641 5104 3067 5160 necessitatibus
3115 5103 3450 5170 constitutis,
3507 5107 3798 5173 oportuna

2151 5199 2411 5273 praesidia
2433 5198 2672 5266 tribuat;
2701 5201 2758 5252 et
2787 5195 2978 5270 295
3021 5197 3128 5252 sibi
3169 5196 3374 5268 placita
3409 5199 3540 5252 vota
3577 5211 3790 5252 conce-

2149 5295 2245 5350 dat
2286 5311 2299 5348 :
2353 5293 2412 5348 in
2457 5290 3010 5364 peregrinationibus
3059 5289 3314 5360 praemia,
3373 5289 3434 5344 in
3483 5289 3786 5345 doloribus

2150 5387 2578 5454 medicamenta,
2608 5383 2666 5438 in
2693 5383 2983 5439 laboribus
3013 5385 3239 5455 praestet
3273 5381 3572 5438 auxilium.

2901 5479 3094 5530 llectio.

2901 5482 3094 5530 llectio.

2221 5565 2386 5630 Deus,
2415 5562 2512 5634 qui
2549 5561 2702 5618 dives
2743 5577 2804 5618 es
2829 5482 2914 5617 (:1
2939 5558 3372 5634 ignoscendum,
3403 5563 3460 5616 et
3485 5563 3794 5632 propterea

415 5657 668 5712 muneris
699 5659 786 5713 sui
824 5659 1084 5714 exterum
1125 5674 1248 5714 esse
1287 5657 1556 5728 patiatur,
1586 5661 1706 5713 tam
1739 5657 2048 5713 viventium
2147 5655 2372 5714 voluisti
2400 5656 2582 5714 carnis
2619 5655 2998 5716 humilitatem
3031 5654 3352 5724 adsumere,
3381 5657 3448 5710 ut
3477 5651 3642 5710 nobis
3673 5653 3798 5712 hu-

487 5849 508 5875 δ
555 5835 771 5892 Eadem
811 5833 994 5890 oratio
1029 5833 1088 5891 in
1125 5834 1301 5892 missa
1333 5839 1363 5892 5
1389 5834 1621 5892 Missalis
1653 5835 1948 5905 Gallicani,
1975 5835 2142 5893 intra.
