4032 6180
189 275 233 328 Μ
243 275 272 327 3
1259 283 1347 338 DE
1384 285 1696 342 LITURGIA
1731 287 2103 347 GALLICANA
2140 292 2340 351 LIBER
2378 295 2467 351 III.

183 380 424 437 militatis
465 383 728 456 exempla
758 385 1127 458 relinqueres,
1160 393 1218 444 et
1253 389 1316 445 in
1357 392 1812 467 quibuscumque
1831 409 1890 482 Α

183 474 528 548 passionibus
571 494 673 534 nos
711 477 922 536 faceres
957 497 1074 538 esse
1114 487 1452 556 constantes,
1493 492 1700 559 praete
1742 494 1808 546 ut

182 586 394 642 semper
420 570 573 627 bona
597 589 721 645 quae
746 591 779 628 a
803 579 859 630 te
885 576 1231 648 percipimus
1256 583 1568 649 teneamus,
1589 586 1646 638 et
1672 599 1807 655 quo-

182 664 307 719 tiens
349 665 414 719 in
452 666 694 738 peccatis
738 667 1006 740 labimur,
1031 687 1136 743 per
1171 672 1559 744 paenitentiam
1589 676 1802 734 releve-

180 775 312 816 mur.
348 760 479 815 Per.

796 833 917 884 Post
939 834 1171 886 nomina.

232 917 553 972 Recensitis
583 917 920 974 oti‘erentum
964 920 1310 993 nominibus,
1353 923 1602 980 divinam
1640 927 1804 984 mise-

175 1009 468 1066 ricordiam
490 1027 806 1083 exoremus,
835 1019 900 1069 ut
937 1015 1232 1071 offerentes
1261 1017 1365 1073 sibi
1403 1019 1640 1090 placitos
1686 1037 1804 1077 esse

173 1103 360 1160 faciat:
387 1109 444 1160 et
469 1123 596 1178 quae
624 1105 868 1164 offerunt
900 1108 961 1164 in
1002 1109 1235 1166 odorem
1272 1111 1486 1168 incensi
1521 1113 1664 1170 bene
1699 1115 1800 1171 ﬂa-

173 1199 380 1270 grantis
408 1200 668 1256 adsumat
696 1220 709 1257 :
741 1202 1018 1259 defunctis
1043 1221 1148 1276 pro
1168 1205 1374 1277 quibus
1413 1207 1536 1263 hac
1562 1209 1804 1266 offerun-

173 1297 265 1362 tur,
299 1298 584 1349 mternam
609 1295 1038 1366 beatitudinem,
1072 1299 1387 1356 viventibus
1416 1302 1662 1373 gratiam
1687 1321 1803 1360 suae

171 1386 391 1458 pietatis
415 1389 712 1458 concedat;
744 1394 800 1445 et
813 1391 948 1463 quia
965 1394 1140 1464 gratis
1166 1411 1282 1449 non
1307 1397 1655 1452 merentibus
1675 1415 1803 1470 qua:

172 1485 290 1536 sunt
314 1486 601 1552 oportuna
625 1489 894 1554 prmstare
919 1502 1034 1542 non
1063 1487 1287 1559 desinit,
1318 1491 1376 1546 et
1401 1489 1512 1545 illis
1543 1507 1648 1562 pro
1672 1492 1800 1564 qui-

170 1573 257 1629 bus
302 1573 519 1629 oblatio
559 1593 674 1632 non
713 1577 966 1649 oﬂ‘ertur,
1002 1584 1387 1639 remuneratio
1440 1584 1804 1642 beatitudinis

173 1684 266 1722 non
295 1673 568 1740 negetur.
589 1673 714 1726 Per.

830 1752 908 1802 Ad
932 1767 1137 1818 pacem.

228 1837 374 1890 Deus
392 1837 563 1890 Pater
591 1836 967 1909 omnipotens,
996 1844 1109 1896 tua;
1134 1841 1378 1914 pietatis,
1408 1860 1472 1899 ac
1491 1845 1539 1900 si
1556 1844 1798 1918 indigni,

173 1929 607 1984 misericordiam
652 1930 1042 2003 deprecamur,
1093 1939 1160 1990 ut
1216 1937 1508 1994 universos
1544 1939 1802 2010 paciﬁcos

175 2040 268 2079 esse
294 2023 492 2092 facias,
524 2040 666 2095 quos
688 2024 748 2079 in
786 2019 976 2082 sancta
1015 2028 1259 2084 Ecclesia
1297 2035 1363 2086 ut
1404 2035 1461 2087 te
1501 2031 1802 2104 deprecen-

174 2123 264 2186 tur,
313 2116 558 2185 invitas;
603 2119 898 2174 concordia
940 2119 999 2175 in
1043 2139 1101 2176 se
1127 2122 1394 2179 alimenta
1418 2125 1715 2195 nutriant;
1745 2131 1802 2182 et

168 2211 482 2283 jurgiorum
526 2211 875 2267 incrementa
917 2214 1249 2271 succidant:
1299 2217 1388 2273 vel
1437 2217 1536 2289 qui
1571 2235 1629 2273 se
1659 2218 1795 2275 affe-

173 2310 302 2360 ctant
329 2304 560 2374 osculis,
591 2322 734 2375 puro
761 2322 986 2379 semper
1001 2309 1171 2364 corde
1197 2311 1601 2382 complectant;
1629 2316 1799 2385 atque

173 2398 324 2453 etiam
355 2397 445 2453 illi
472 2399 735 2454 studeant
760 2415 878 2456 esse
905 2401 1143 2473 pacifici,
1175 2403 1275 2475 qui
1303 2420 1364 2459 se
1388 2421 1504 2460 non
1534 2405 1799 2462 videntur

173 2489 313 2545 labiis
333 2491 604 2547 osculari.
637 2494 761 2547 Per.

816 2573 1122 2624 lmmolatio.

231 2655 476 2727 Dignum
502 2660 560 2710 et
576 2656 798 2727 justum
827 2662 930 2714 est.
958 2661 1090 2715 Vere
1118 2676 1348 2732 aequum
1377 2665 1432 2717 et
1442 2663 1664 2734 justum
1691 2667 1790 2732 est,

3439 313 3542 370 3M

2314 402 2435 454 Post
2465 404 2756 458 orationem
2781 409 3123 464 Dominicam.

1977 483 2175 541 Libera
2222 503 2325 542 nos
2366 506 2416 544 a~
2451 491 2635 563 malis,
2689 499 2884 551 auctor
2923 498 3205 558 bonorum
3257 503 3534 577 omnium,

1906 577 2051 632 Deus
2084 598 2097 634 :
2130 579 2306 636 libera
2331 599 2433 638 nos
2459 585 2529 640 ab
2557 587 2714 643 omni
2739 591 3064 664 tentatione,
3093 596 3162 650 ab
3189 599 3345 654 omni
3373 616 3534 657 scan-

1905 670 2052 742 dalo,
2084 673 2154 728 ab
2180 676 2336 731 omni
2360 677 2586 750 haeresi,
2613 681 2682 740 ab
2711 683 2868 739 omni
2891 702 3060 758 opere
3079 690 3463 761 tenebrarum,
3482 699 3540 750 et

1905 766 2181 825 constitue
2209 786 2312 825 nos
2339 771 2399 826 in
2425 773 2584 828 omni
2609 791 2778 847 opere
2820 778 3000 850 bono;
3044 787 3100 837 et
3138 783 3208 838 da
3245 801 3446 856 pacem
3475 787 3536 844 in

1905 859 2102 917 diebus
2126 865 2352 936 nostris,
2383 873 2579 924 auctor
2601 871 2754 940 pacis
2773 875 2829 927 et
2853 875 3074 946 veritas,
3109 877 3278 934 Deus.
3304 880 3430 948 Per,

2429 970 2550 1023 Post
2573 977 3011 1030 communionem.

1975 1052 2323 1125 Spiritalibus
2350 1059 2492 1128 pasti
2535 1061 2736 1132 epulis,
2797 1080 3020 1120 oremus
3067 1068 3310 1138 Patrem,
3348 1076 3404 1128 et
3447 1073 3534 1128 Fi-

1903 1145 2065 1216 lium,
2095 1152 2153 1204 et
2181 1149 2453 1221 Spiritum
2478 1158 2754 1226 sanctum,
2785 1163 2850 1214 ut
2873 1159 3218 1218 mortiﬁcatis
3245 1163 3535 1223 desideriis

1904 1241 2104 1312 carnis,
2140 1242 2200 1298 in
2238 1245 2499 1301 omnibus
2534 1249 2606 1303 sit
2642 1254 2836 1306 nostra
2869 1255 3214 1311 conversatio
3242 1257 3524 1329 spiritalis.

1903 1334 2028 1389 Per.

1947 1349 2028 1389 er.

2419 1410 2803 1463 Consummatio
2825 1413 3011 1467 missa.

1973 1490 2198 1546 Custodi
2228 1492 2379 1549 intra
2404 1510 2524 1564 nos,
2557 1497 2811 1568 Domine,
2842 1501 3034 1572 glorias
3059 1505 3172 1558 tua:
3195 1519 3426 1572 munus,
3465 1509 3532 1561 ut

1903 1587 2101 1638 contra
2126 1585 2319 1640 omnia
2354 1589 2651 1658 praesentis
2688 1593 2876 1648 saeculi
2917 1596 3136 1650 macula
3171 1597 3529 1654 Eucharistim

1903 1675 2132 1745 viribus,
2179 1695 2352 1750 quam
2395 1683 2755 1754 percipimus,
2810 1687 3155 1745 muniamur.
3201 1691 3360 1755 Quod
3408 1691 3527 1763 ipse

1822 1779 1880 1852 B
1902 1775 2091 1840 praest.

2219 1843 2479 1898 LXXVIII.
2513 1861 2634 1900 nam
2663 1863 2816 1902 mssa
2846 1865 3202 1908 commeans.

1972 1941 2054 1995 Ad
2079 1958 2242 1998 aures
2276 1944 2589 2002 clementiae
2614 1953 2746 2017 tuae,
2799 1952 2962 2023 Deus,
3003 1971 3109 2009 vox
3146 1960 3353 2012 nostra
3390 1975 3524 2032 sup-

1899 2032 2221 2104 plicationis
2248 2039 2528 2109 ascendat,
2571 2041 2748 2096 et'tua
2778 2061 2880 2099 nos
2917 2046 3299 2104 misericordia
3339 2066 3526 2107 conse-

1898 2129 2124 2197 quatur.
2155 2129 2278 2183 Per.

2583 2204 2851 2257 Collectio.

1969 2283 2208 2354 Accepta
2231 2285 2334 2340 tibi
2363 2287 2454 2358 sit,
2478 2288 2731 2361 Domine,
2759 2294 2967 2349 nostras
2989 2297 3272 2354 servitutis
3297 2298 3523 2370 oblatio,

1897 2390 2024 2446 quae
2050 2392 2153 2431 nos
2182 2381 2237 2433 et
2263 2396 2296 2432 a
2333 2381 2579 2437 reatibus
2607 2385 2814 2441 nostris
2840 2387 3108 2460 absolvat,
3134 2394 3190 2447 et
3229 2391 3298 2448 ab
3334 2393 3525 2449 immi-

1896 2469 2161 2525 nentibus
2188 2472 2352 2528 malis
2377 2475 2595 2547 eripiat.
2619 2479 2741 2534 Per.

2530 2578 2649 2628 Post
2672 2581 2901 2632 nomina.

1965 2656 2220 2712 Oﬂ'erunt
2244 2659 2367 2728 tibi,
2397 2661 2651 2731 Domine,
2699 2665 2993 2737 virtutum,
3037 2686 3274 2726 munera
3311 2677 3368 2728 et
3399 2677 3527 2728 vota

170 2747 473 2818 ineﬂ'abilis,
504 2749 1119 2824 incomprehensibilis,
1139 2756 1481 2826 sempiterne
1503 2757 1669 2826 Deus,
1691 2774 1794 2813 nos
1893 2748 2202 2806 credentes.
2252 2752 2480 2825 Suscipe
2509 2756 2738 2814 nomine
2765 2764 2865 2815 tuo
2892 2761 3078 2816 debita
3101 2763 3334 2819 honoris
3362 2765 3523 2821 obse-

169 2841 256 2896 tibi
279 2858 508 2913 semper
535 2843 744 2914 gratias
774 2861 964 2916 agere,
996 2863 1139 2918 quos
1165 2847 1439 2904 immensa
1455 2865 1571 2905 non
1589 2850 1794 2907 desinis
1893 2841 2026 2914 quia
2072 2860 2175 2914 pro
2216 2861 2354 2918 pace
2387 2847 2644 2905 Ecclesiae
2682 2855 2813 2922 tuae,
2857 2870 2961 2924 pro
2990 2857 3528 2915 commemoratione

168 2935 514 2991 miseratione
564 2935 773 2992 fovere.
831 2939 970 2993 Nam
1016 2940 1143 3011 quis
1188 2945 1344 2996 tuam
1391 2942 1568 3013 possit
1621 2944 1793 3016 digne
1891 2936 2148 2991 omnium
2201 2939 2552 3012 Sanctorum,
2591 2960 2695 3015 pro
2733 2947 3088 3004 sacerdotum
3130 2953 3186 3005 et
3236 2951 3523 3007 ministro-

167 3028 376 3085 laudare
401 3029 740 3101 potentiam,
759 3031 920 3102 cujus
938 3048 1041 3088 nec
1057 3033 1317 3090 divinitas
1329 3036 1553 3092 mortali
1563 3042 1792 3109 aspectu
1889 3044 2018 3084 rum
2052 3030 2318 3101 Puritate,
2347 3049 2450 3104 pro
2479 3051 2684 3108 regum
2711 3039 3084 3111 pacabilitate,
3125 3059 3228 3114 pro
3248 3042 3526 3100 sufﬁcien-

169 3123 421 3192 cernitur,
476 3139 582 3178 nec
642 3123 973 3180 inmensitas
1027 3127 1380 3184 sermonibus
1427 3130 1740 3201 explicatur
1765 3133 1792 3188 ?
1811 3149 1866 3226 Ο
1890 3121 1969 3176 tia
1994 3137 2206 3193 rerum,
2238 3131 2294 3180 et
2319 3130 2643 3201 temporum
2667 3133 3093 3205 tranquillitate.
3122 3152 3226 3207 Ι)Γο
3261 3153 3522 3209 Perseve-

169 3213 365 3270 Sufficit
403 3231 545 3287 ergo
577 3217 727 3288 quod
761 3222 815 3273 te
859 3220 1086 3274 Patrem
1129 3220 1438 3293 diligimus,
1489 3223 1791 3280 Dominum
1820 3213 1866 3226 ν’
1889 3216 2074 3271 rant-ia
2128 3217 2438 3292 Virginum,
2518 3227 2575 3279 et
2633 3227 2977 3282 continentia
3033 3228 3349 3298 viduarum,
3421 3248 3524 3303 pro

169 3323 520 3379 veneramur,
580 3312 901 3366 Creatorem
963 3313 1330 3384 suscipimus,
1397 3317 1792 3388 amplectimur
1891 3310 2276 3382 orphanorum
2307 3315 2566 3384 tuitione,
2610 3323 2666 3373 et
2690 3320 3086 3390 pasnitentium
3118 3323 3521 3396 sublevatione,

169 3401 573 3458 Redemtorem.
630 3405 856 3472 Praesta,
929 3405 1364 3463 clementissime
1425 3411 1751 3467 Dominator
1773 3455 1786 3482 ,

169 3499 225 3548 ut
250 3495 470 3565 angusti
499 3495 671 3564 callis,
701 3512 873 3568 quam
911 3499 1171 3570 praecipis
1216 3501 1474 3557 semitam
1512 3505 1790 3575 possimus

169 3589 470 3656 ascendere,
502 3605 606 3661 per
633 3607 804 3662 quam
833 3592 903 3646 ad
932 3596 1202 3649 mternam
1226 3595 1513 3651 valeamus
1545 3597 1787 3654 beatitu-

167 3678 340 3736 dinem
381 3683 708 3754 pervenire;
762 3699 867 3738 nec
901 3684 1030 3740 ullis
1078 3686 1336 3759 impediti
1373 3689 1670 3746 obstaculis
1701 3695 1790 3747 te-

165 3789 372 3841 nemur,
413 3776 510 3831 sed
549 3776 618 3831 sit
644 3776 806 3832 nobis
841 3794 1036 3833 cursus
1063 3779 1238 3851 ipsius
1269 3781 1486 3838 itineris
1510 3783 1791 3841 mternitas

167 3867 427 3923 salutaris.
460 3871 567 3925 Per
590 3869 875 3925 Christum
901 3872 1201 3928 Dominum
1221 3879 1502 3931 nostrum.

779 3976 898 4026 Post
924 3977 1163 4027 Sanctus.

230 4057 359 4113 Vere
393 4063 638 4129 sanctus,
679 4077 808 4117 vere
845 4062 1175 4118 benedictus
1212 4065 1273 4119 in
1316 4066 1548 4122 excelsis
1599 4067 1786 4123 Domi-

164 4163 267 4203 nus
313 4152 457 4206 Deus
508 4157 702 4208 noster
740 4154 897 4209 Jesus
941 4154 1194 4210 Christus
1237 4157 1407 4212 Filius
1455 4162 1609 4230 tuus,
1670 4161 1788 4216 Rex

161 4241 372 4299 Israhel.
400 4244 506 4310 Qui
538 4245 678 4301 sicut
707 4247 823 4302 ovis
851 4247 922 4302 ad
962 4247 1296 4304 occisionem
1341 4251 1562 4321 ductus,
1610 4257 1666 4308 et
1710 4253 1786 4308 si-

163 4341 254 4389 cut
275 4353 448 4410 agnus
477 4355 667 4394 coram
707 4341 974 4396 tondente
1000 4357 1078 4410 se,
1110 4342 1230 4398 sine
1269 4360 1420 4415 voce,
1471 4343 1662 4419 296
1711 4347 1788 4402 sic

163 4443 272 4484 non
297 4433 515 4503 aperuit
539 4450 599 4488 os
618 4450 804 4490 suum.
828 4436 950 4506 Ipse
978 4434 1132 4490 enim
1157 4436 1256 4508 qui
1279 4436 1427 4508 prid.

728 4545 849 4596 Post
873 4545 1192 4610 mysterium.

229 4632 486 4704 Magnum
516 4633 624 4689 hoc
659 4652 870 4692 munus
911 4636 1313 4693 misericordia
1348 4642 1451 4706 est,
1498 4637 1596 4711 qui
1620 4638 1783 4695 nobis

163 4723 344 4780 docuit
388 4727 806 4799 Redemptionis
866 4735 1073 4785 nostra;
1126 4729 1394 4785 sacrificia
1458 4731 1741 4788 celebrare
1764 4774 1779 4802 ,

160 4817 301 4872 sicut
335 4819 529 4875 obtulit
555 4822 828 4878 Dominus
859 4828 1051 4879 noster
1087 4825 1245 4879 Jesus
1281 4824 1533 4880 Christus
1569 4825 1632 4880 in
1665 4830 1780 4881 ter-

159 4910 257 4964 ris.
296 4912 394 4967 Per
435 4930 608 4986 quem
643 4919 719 4985 te,
769 4918 932 4972 Pater
970 4917 1348 4989 omnipotens,
1391 4919 1780 4990 deprecamur,

161 5007 218 5055 ut
254 5007 596 5078 supraposita
637 5009 834 5064 altario
882 5014 978 5065 tuo
1017 5026 1258 5066 munera
1310 5011 1473 5067 laetus
1501 5012 1777 5085 aspicias:

157 5103 323 5168 atque
345 5099 458 5154 haec
487 5101 678 5156 omnia
717 5092 1022 5160 obumbres
1047 5116 1071 5145 δ
1103 5104 1278 5160 sancti
1316 5104 1438 5160 Filii
1474 5105 1558 5160 tui
1603 5106 1780 5178 Spiri-

158 5192 246 5243 tus
269 5208 287 5258 ί
316 5197 375 5246 ut
401 5195 550 5265 quod
576 5211 647 5251 ex
671 5195 778 5251 hac
805 5200 904 5252 tua
939 5197 1353 5269 benedictione,
1398 5198 1780 5271 acceperimus

157 5285 472 5342 eternitatis
505 5289 690 5361 gloria
717 5305 1150 5363 consequamur.
1179 5293 1303 5346 Per.

553 5402 684 5450 Ante
719 5401 1004 5452 oralionem
1033 5401 1373 5452 Dominicam.

227 5483 484 5544 Hemores
520 5497 938 5563 praeceptormn
966 5497 1216 5560 tuorum,
1257 5490 1517 5561 Domine,
1557 5507 1783 5549 oramus

159 5580 214 5629 et
233 5575 478 5636 dicimus.

229 5731 256 5758 ⁸
288 5720 597 5796 Legendum
622 5727 916 5795 obumbret,
947 5727 1036 5782 vel
1061 5729 1260 5798 spiritu
1283 5727 1452 5783 infra.

227 5789 260 5830 δ
297 5793 544 5830 magna...
575 5798 698 5830 1......
740 5797 906 5830 κομι»...
959 5799 1026 5830 Α...
1061 5798 1314 5830 “mn-na:
1355 5799 1521 5830 ηιιιηιε

297 5793 544 5854 Notanda'
575 5798 699 5856 haec
740 5793 911 5855 verba
958 5799 1028 5855 de
1060 5793 1318 5856 sacriﬁcii
1355 5799 1636 5860 oblatione
1676 5817 1780 5876 per

1889 3421 1993 3475 pro
2018 3406 2195 3461 salute
2222 3408 2481 3464 omnium
2507 3410 2819 3467 viventium
2857 3419 2913 3468 et
2939 3431 3043 3485 pro
3083 3416 3277 3488 requie
3317 3418 3518 3474 defun-

1889 3502 2129 3553 ctorum.
2153 3499 2278 3554 Per.

2549 3573 2628 3622 Ad
2651 3587 2854 3638 pacem.

1960 3656 2005 3707 A
2033 3653 2247 3710 cunctis
2270 3653 2665 3726 iniquitatibus
2695 3660 2902 3715 nostris
2931 3677 3075 3718 exue
3104 3679 3226 3732 nos,
3257 3665 3518 3738 omnipo-

1891 3749 2012 3801 tens
2037 3747 2180 3802 Deus
2210 3763 2224 3802 :
2273 3746 2462 3820 297
2499 3750 2632 3806 etin
2665 3755 2764 3807 tua
2808 3769 2911 3808 nos
2946 3754 3032 3810 fac
3070 3773 3209 3828 pace
3253 3759 3521 3830 gaudere.

1889 3839 2011 3894 Per.
2499 3881 2515 3894 .

2535 3914 2869 3966 Contestatio.

1959 3993 2205 4066 Dignum
2246 4001 2302 4052 et
2325 3997 2548 4068 justum
2591 4004 2694 4069 est,
2740 4000 3054 4074 invisibilis,
3084 4005 3518 4076 inaestimabilis,

1889 4085 2163 4143 immense
2191 4091 2353 4158 Deus,
2383 4096 2440 4147 et
2465 4093 2629 4148 Pater
2654 4095 2938 4151 Dominini
2953 4097 3130 4153 nostri
3149 4099 3278 4154 Jesu
3292 4100 3517 4157 Christi.

1887 4180 1993 4243 Qui
2017 4181 2259 4238 formam
2285 4184 2540 4240 sacrificii
2573 4189 2840 4259 perennis
2875 4188 3194 4258 instituens,
3224 4192 3467 4248 hostiam
3493 4193 3520 4232 δ

1889 4289 1947 4327 se
1972 4273 2072 4329 tibi
2098 4275 2352 4347 primum
2375 4278 2596 4348 obtulit,
2627 4285 2683 4335 et
2707 4280 2926 4352 primus
2949 4282 3142 4339 docuit
3193 4283 3400 4340 offerri.
3444 4286 3520 4341 Te

1888 4366 2062 4437 enim,
2093 4369 2450 4442 omnipotens
2475 4372 2641 4438 Deus,
2673 4389 2868 4429 omnes
2894 4375 3116 4446 Angeli.

2512 4474 2631 4523 Post
2659 4474 2894 4524 Sanctus.

1805 4517 1864 4590 D
1956 4553 2191 4609 Sanctus
2215 4555 2273 4610 in
2300 4557 2524 4624 sanctis,
2555 4558 2884 4614 benedictus
2927 4559 2987 4615 in
3020 4560 3206 4632 terris,
3244 4562 3517 4619 Dominus

1883 4651 2073 4703 noster
2089 4648 2248 4704 Jesus
2275 4649 2550 4705 Christus.
2585 4651 2691 4715 Qui
2719 4652 2920 4722 pridie.

2511 4753 2632 4804 Post
2665 4758 2883 4805 secreta.

1953 4834 2266 4905 Credimus,
2296 4837 2556 4909 Domine,
2584 4839 2867 4896 credimus
2897 4841 2957 4897 in
2991 4841 3100 4898 hac
3137 4843 3516 4901 confractione

1882 4928 2158 4999 corporis,
2188 4935 2242 4985 et
2267 4929 2537 4986 effusione
2562 4933 2646 4988 tui
2672 4934 2965 5006 sanguinis
2990 4951 3093 4990 nos
3121 4951 3240 4992 esse
3261 4938 3521 5012 redemp-

1882 5025 1966 5076 tos
2000 5038 2013 5076 :
2044 5021 2377 5080 conﬁdimus
2402 5025 2574 5082 etiam
2601 5028 2753 5099 quod
2778 5044 2876 5100 spe
2904 5028 2996 5083 hic
3033 5028 3262 5084 interim
3284 5031 3406 5102 jam
3433 5036 3518 5088 te-

1882 5130 2102 5183 nemus,
2133 5116 2194 5171 in
2220 5121 2498 5175 aeternum
2522 5120 2739 5191 perfrui
2763 5135 3105 5177 mereamur.
3132 5123 3258 5178 Per.

2276 5222 2408 5270 Ante
2437 5221 2724 5272 orationem
2750 5222 3112 5274 Dominicams

1954 5302 2148 5358 Divino
2205 5293 2532 5377 magisterio
2591 5307 2759 5377 docti,
2805 5312 2861 5363 et
2909 5308 3248 5366 salutaribus
3293 5313 3521 5369 monitis

1881 5395 2125 5451 instituti
2155 5397 2432 5454 audemus
2461 5399 2682 5456 dicere:
2713 5402 2894 5457 Pater.

2294 5491 2414 5540 Post
2437 5491 2725 5542 orationem
2749 5493 3095 5546 Dominicam.

1954 5572 2151 5628 Libera
2176 5590 2298 5645 nos,
2327 5576 2686 5649 omnipotens
2712 5579 2878 5648 Deus,
2908 5598 2942 5636 a
2987 5581 3172 5649 malis,
3215 5586 3271 5636 et
3307 5580 3512 5634 consti-

1881 5731 2165 5788 Christum
2195 5733 2254 5790 in
2296 5734 2648 5796 institutione
2691 5741 3078 5811 Eucharistiae,
3099 5739 3241 5796 utin
3269 5737 3509 5796 concilio

1879 5804 2223 5860 Tridentino.

1922 5820 2223 5862 riaenuno.
