4032 6180
463 293 566 347 3ιὸ

1247 285 1578 342 ΑΡΡΕΝΒΙΧ
1615 285 1702 338 AD
1737 283 1959 340 OPERA
1995 281 2233 338 SANCTI
2277 283 2576 338 GERMANI
2617 283 3042 339 PARISIENSIS.

3731 287 3844 340 316

461 401 559 456 tne
579 413 684 456 nos
707 395 768 455 in
791 393 956 454 bonis
981 410 996 452 :
1027 409 1235 453 evacua
1258 409 1360 450 nos
1385 409 1418 448 a
1442 392 1612 464 vitiis,
1645 395 1702 450 et
1727 393 1882 468 reple
1911 392 2092 450 virtu-
2115 401 2176 476 Α
2197 395 2478 464 sanctum,
2519 390 2814 449 edentibus
2847 391 3027 460 nobis,
3051 389 3224 448 vitam
3259 393 3532 448 aeternam
3555 405 3844 464 regnum-

465 493 616 552 tibus
645 493 778 550 tuis.
809 496 932 550 Per.
990 565 1023 570 _
1093 566 1103 570 _
1386 559 1397 570 _

990 565 1110 614 Post
1133 565 1578 612 communionem.

537 654 754 723 Corpus
782 663 806 692 ι
833 653 1020 718 tuum,
1047 646 1300 716 Domine,
1331 647 1483 719 quod
1523 645 1862 717 accepimus,
1915 648 1972 700 et
2013 661 2100 700 ca-

465 747 630 802 licem
649 751 812 800 tuum
839 759 1011 814 quem
1054 741 1394 812 potavimus,
1433 741 1648 794 haereat
1695 740 1756 794 in
1797 738 2100 794 visceribus

465 838 701 906 nostris;
731 841 953 909 praesta,
983 837 1130 891 Deus
1157 835 1536 906 omnipotens,
1565 838 1630 888 ut
1657 849 1776 888 non
1807 835 2102 888 remaneat

465 929 702 1000 macula,
737 929 834 986 ubi
860 947 1004 1002 pura
1031 933 1087 985 et
1123 932 1314 984 sancta
1334 928 1692 984 intraverunt
1720 927 2097 982 Sacramenta.

467 1027 591 1082 Per.
981 1091 1368 1144 Consummatio
1393 1089 1580 1141 missm.

537 1181 750 1238 Exaudi
776 1195 970 1254 preces
998 1178 1232 1234 familiae
1265 1182 1400 1246 tuae,
1439 1175 1799 1248 omnipotens
1845 1177 2012 1246 Deus,
2048 1179 2104 1230 et

467 1279 672 1347 praesta
695 1279 761 1330 ut
783 1276 974 1328 sancta
1003 1273 1146 1341 haec,
1173 1287 1300 1342 quas
1325 1275 1382 1326 te
1426 1271 1694 1350 donante,
1737 1269 2102 1342 sumpsimus,

467 1368 794 1439 incorrupta
817 1367 878 1421 in
894 1365 1076 1434 nobis,
1107 1369 1162 1420 te
1187 1365 1452 1432 donante,
1483 1379 1789 1420 servemus.
1819 1364 1943 1418 Per.

796 1487 1008 1542 LXXIX.
1051 1501 1174 1540 rrnu
1217 1501 1367 1540 [158A
1407 1499 1768 1539 nommcsus.

535 1599 701 1668 Deus,
732 1598 830 1670 qui
853 1613 956 1652 nos
983 1597 1232 1670 regendo
1261 1612 1573 1665 conservas,
1611 1595 1892 1668 parcendo
1931 1595 2103 1667 justi-

465 1693 616 1758 ﬂcas,
650 1695 705 1748 et
727 1709 761 1746 a
789 1692 1088 1762 temporali
1113 1689 1474 1745 tribulatione
1499 1705 1600 1745 nos
1649 1689 1823 1760 eripe,
1871 1695 1927 1745 et
1964 1705 2103 1760 gau-

469 1785 560 1840 dia
585 1784 746 1840 nobis
776 1789 984 1840 aeterna
1010 1783 1239 1856 largire.
1267 1785 1389 1837 Per.

1155 1888 1425 1938 Collectio.

541 1977 686 2031 Deus
729 1975 788 2030 in
843 1981 899 2030 te
955 1975 1306 2048 sperantium
1349 1973 1668 2030 misericors
1708 1973 1980 2043 eruditor,
2037 1973 2106 2028 ab

471 2070 624 2125 omni
649 2087 751 2124 nos
776 2070 1056 2124 consortio
1084 2070 1371 2140 pravitatis
1414 2069 1658 2138 absolve,
1700 2084 1802 2122 nec
1841 2067 1967 2122 ullis
2003 2083 2108 2121 nos

471 2161 834 2234 iniquitatum
857 2162 1094 2216 vinculis
1122 2162 1354 2234 patiaris
1379 2160 1652 2232 adstringi
1674 2179 1690 2229 ;
1733 2165 1796 2214 ut
1822 2160 1974 2214 unde
2003 2176 2105 2214 no-

471 2257 558 2310 bis
584 2259 668 2310 est
709 2259 826 2312 tota
871 2256 1068 2327 pietas,
1105 2256 1238 2312 inde
1283 2255 1354 2310 sit
1391 2259 1512 2310 tnta
1561 2253 1808 2310 libertas.
1851 2254 1954 2308 Per
2007 2253 2108 2307 Do-

477 2349 719 2404 minum.

1095 2421 1214 2468 Post
1243 2417 1474 2468 nomina.

543 2503 776 2572 Exaudi,
817 2504 1071 2574 Domine,
1109 2503 1447 2558 oﬂ'erentum
1471 2517 1684 2574 preces,
1717 2505 1842 2556 vota
1868 2503 2104 2574 suscipe,

471 2601 698 2670 peccata
748 2597 986 2652 dimitte.
1040 2597 1244 2652 Tribue
1293 2601 1522 2652 tuorum
1563 2595 1961 2652 intercessione
1988 2613 2110 2652 san-

473 2694 693 2746 ctorum
721 2690 862 2746 caris
893 2707 1118 2763 quoque
1157 2690 1381 2760 nostris,
1410 2689 1509 2762 qui
1537 2689 1596 2744 in
1623 2689 1843 2745 Christo
1873 2689 2110 2758 dormie-

472 2787 626 2854 runt,
667 2783 1033 2857 refrigerium
1069 2784 1131 2839 in
1177 2783 1412 2856 regione
1451 2783 1729 2838 vivorum.
1776 2783 1882 2838 Per
1923 2782 2110 2837 Domi-

472 2893 635 2932 num.

1135 2947 1212 2996 Ad
1241 2960 1444 3010 pacem.

545 3030 738 3105 298
751 3031 1118 3102 Omnipotens
1134 3033 1474 3103 sempiterna
1489 3031 1656 3100 Deus,
1675 3029 1917 3102 largitor
1931 3031 2104 3104 pacis,

2197 505 2306 561 que
2334 491 2675 560 perpetuum
2699 487 2994 542 conlatura
3015 485 3360 559 potantibus.
3387 487 3516 542 Per.

2609 591 2738 640 Ante
2759 588 3048 640 orationem
3081 587 3426 638 Dominicam.

2269 677 2392 732 Non
2430 681 2624 732 nostro
2667 676 2892 745 merito,
2941 674 3296 746 omnipotens
3345 675 3512 746 Deus,
3565 675 3664 730 sed
3705 677 3848 732 Iesu

2198 769 2406 824 Christi
2433 771 2556 825 Filii
2585 769 2668 826 tui
2695 769 3018 826 obedientes
3045 773 3352 842 praecepto,
3381 769 3657 824 audemus
3683 769 3846 825 dice-

2199 881 2262 921 re
2292 881 2306 920 :
2335 866 2517 920 Pater.

2621 933 2742 984 Post
2765 933 3054 984 orationem
3081 931 3419 983 Dominicam.

2269 1019 2468 1074 Libera
2495 1035 2598 1074 nos
2620 1036 2654 1073 a
2689 1020 2852 1074 malis
2879 1018 3254 1091 praesentibus
3297 1023 3353 1074 et
3387 1017 3614 1088 futuris,
3661 1018 3856 1074 omni-

2201 1117 2402 1186 potens
2429 1114 2608 1183 Deus;
2653 1114 2830 1168 libera
2849 1129 2952 1168 nos
2976 1130 3009 1167 a
3047 1112 3334 1184 periculis,
3380 1113 3450 1166 ab
3489 1111 3846 1168 inﬁrmitati-

2201 1208 2328 1276 bus,
2357 1207 2426 1262 ab
2445 1207 2720 1263 scandalis
2750 1225 2766 1276 ;
2807 1210 2863 1262 et
2889 1221 3146 1278 praepara
3171 1223 3278 1261 nos
3302 1206 3372 1260 ad
3411 1221 3581 1262 omne
3620 1207 3848 1262 bonum

2203 1317 2308 1374 per
2333 1301 2548 1356 bonum
2573 1305 2628 1356 et
2651 1301 3012 1356 benedictum
3039 1299 3344 1354 Dominum
3369 1304 3648 1356 nostrum.

2733 1404 2855 1452 Post
2875 1400 3319 1452 communionem.

2273 1486 2528 1542 Divinam
2569 1487 3012 1543 misericordiam
3049 1486 3312 1542 concordi
3353 1485 3608 1542 oratione
3649 1501 3840 1558 posca-

2205 1595 2365 1648 mus,
2433 1585 2498 1635 ut
2549 1581 2672 1635 haec
2721 1581 3003 1638 salutifera
3057 1581 3439 1647 Sacramenta,
3487 1579 3694 1635 nostris
3757 1595 3848 1636 re-

2205 1677 2365 1744 cepta
2419 1673 2739 1741 visceribus,
2829 1673 3128 1746 puriﬁcent
3201 1674 3455 1728 animam
3525 1689 3846 1744 corpusque

2131 1771 2188 1844 Β
2211 1765 2577 1836 sanctiﬁcent,
2617 1771 2785 1838 atque
2824 1767 2894 1821 ad
2945 1783 3104 1838 spem
3129 1767 3450 1823 vcaalestium
3493 1765 3702 1821 viscera
3736 1782 3842 1838 pa-

2205 1859 2344 1915 riter
2363 1863 2418 1914 et
2445 1859 2613 1915 corda
2637 1859 2994 1915 confirment.
3019 1862 3143 1915 Per.

2811 1964 2940 2012 Item
2965 1962 3226 2013 collectio.

2279 2049 2423 2102 Deus
2440 2047 2696 2119 justitiae,
2733 2049 2881 2102 Deus
2915 2047 3334 2116 misericordiae,
3367 2047 3510 2102 Deus
3545 2045 3844 2102 immorta-

2207 2141 2376 2196 litatis
2402 2145 2458 2196 et
2480 2141 2628 2211 vitae,
2651 2142 2792 2195 Deus
2819 2140 3130 2212 splendoris
3157 2143 3214 2195 et
3236 2139 3456 2212 gloriae,
3483 2137 3674 2213 299
3688 2155 3844 2210 quaa-

2209 2251 2403 2289 sumus
2441 2239 2498 2290 te
2535 2239 2591 2289 et
2631 2249 2880 2300 oramus,
2907 2239 2972 2289 ut
2997 2233 3199 2289 divinis
3227 2234 3558 2288 muneribus
3583 2232 3843 2302 recreati,

2209 2327 2270 2382 in
2293 2328 2450 2382 illam
2475 2327 2883 2383 beatitudinem
2914 2343 3203 2383 servemur
3219 2344 3253 2380 a
3277 2331 3333 2382 te
3358 2327 3482 2395 tibi,
3509 2327 3636 2382 Per.

2559 2449 2745 2504 LXXX.
2773 2465 2898 2504 lTEM
2929 2465 3080 2504 MISSA
3105 2463 3470 2504 DOMINICALIS.

2280 2559 2677 2631 Multiplicibus
2723 2561 2904 2615 innixi
2947 2561 3184 2616 vinculis
3234 2560 3590 2630 delictorum,
3639 2560 3846 2616 fratres

2209 2653 2500 2723 carissimi,
2545 2653 2614 2708 ad
2635 2654 2919 2726 singulare
2943 2653 3337 2726 confugiamus
3365 2653 3730 2709 absolutionis
3753 2653 3844 2708 di-

2211 2746 2355 2801 vinae
2379 2747 2734 2802 remedium:
2763 2753 2820 2804 et
2841 2748 3126 2802 humiliati
3165 2749 3224 2802 in
3270 2745 3606 2803 sacriﬁcium
3650 2748 3844 2802 Domi-

2209 2855 2348 2894 num
2387 2840 2755 2911 deprecemur
2795 2843 2988 2914 (quem
3027 2841 3230 2898 cotidie
3269 2841 3454 2912 pravis
3507 2840 3850 2896 inamarica—

2207 2949 2336 2987 mus
2373 2933 2656 3005 Operibns)
2687 2935 2930 3006 qualiter
2967 2951 3070 2990 nos
3107 2951 3210 2990 sua
3247 2939 3580 3006 protegente
3609 2935 3846 2990 dextera

2207 3026 2277 3082 ab
2328 3027 2484 3082 omni
2525 3028 2860 3100 contagione
2901 3033 3142 3100 ereptos,
3182 3043 3492 3100 regnorum
3535 3029 3846 3084 caelestium

475 3129 532 3181 et
558 3124 780 3196 generis
817 3125 1054 3180 humani
1093 3126 1386 3194 formator,
1430 3125 1502 3179 da
1549 3125 1724 3179 servis
1767 3125 1879 3179 tuis
1917 3141 2108 3180 veram
2129 3137 2184 3212 ρ
2209 3121 2462 3176 haeredes
2487 3120 2710 3177 efﬁciat.
2739 3123 2863 3177 Per.

473 3219 824 3274 voluntatem
851 3219 1185 3286 concordiae,
1217 3223 1274 3274 et
1301 3217 1715 3290 indulgentiam
1745 3221 1860 3272 tuae
1883 3218 2105 3289 pietatis

475 3311 731 3368 infunde.
759 3314 881 3367 Per.

1129 3381 1434 3432 Immolatio.

545 3469 790 3540 Dignum
819 3473 874 3522 et
891 3469 1112 3538 justum
1139 3471 1240 3536 est,
1272 3483 1502 3539 aequum
1528 3471 1582 3522 et
1603 3468 1821 3538 justum
1859 3471 1962 3536 est,
2003 3485 2106 3524 nos

475 3561 576 3617 tibi
615 3561 706 3616 hic
759 3565 816 3616 et
861 3561 1074 3632 ubique
1123 3577 1348 3632 semper
1391 3561 1596 3632 gratias
1636 3577 1824 3633 agere,
1873 3562 2106 3618 Domine

474 3659 681 3723 sancte,
713 3655 878 3708 Pater
914 3655 1289 3725 omnipotens,
1341 3659 1550 3710 aeterne
1587 3657 1753 3710 Deus.
1793 3655 1900 3720 Qui
1942 3655 2106 3712 nobis

473 3747 682 3820 pietate
709 3749 871 3802 Pater
895 3763 974 3814 es,
1004 3763 1135 3801 cum
1150 3747 1424 3802 Dominus
1443 3753 1720 3818 potestate
1747 3765 2102 3820 permaneas:

473 3840 740 3912 quoniam
779 3856 920 3910 quos
948 3839 1108 3911 origo
1137 3841 1346 3896 fecerat
1371 3857 1576 3910 servos,
1609 3843 1875 3912 adoptare
1903 3843 2104 3914 digna-

475 3941 566 3990 tus
594 3951 651 3990 es
677 3935 736 3990 in
760 3935 932 4006 ﬁlios;
971 3941 1027 3991 et
1070 3953 1210 4009 quos
1249 3937 1536 4010 generatio
1573 3941 1796 3994 terrena
1833 3939 2110 3996 demerse-

475 4033 560 4084 rat
581 4029 638 4084 in
665 4033 927 4099 mortem,
959 4031 1310 4102 regeneratio
1331 4031 1568 4086 caelestis
1595 4032 1773 4088 erexit
1805 4033 1874 4088 ad
1909 4034 2104 4090 vitam.

474 4125 546 4180 Te
575 4123 746 4194 enim,
779 4123 1136 4197 omnipotens
1159 4125 1324 4194 Deus,
1357 4141 1552 4180 omnes
1573 4125 1799 4198 Angeli.

1099 4231 1221 4280 Post
1245 4232 1488 4281 Sanctus.

545 4319 682 4372 Vere
723 4319 968 4386 sanctus,
1000 4332 1128 4372 vere
1155 4317 1214 4372 in
1238 4316 1468 4372 excelsis
1486 4316 1812 4373 benedictus
1839 4318 2108 4376 Dominms

477 4411 620 4466 Deus
667 4415 878 4466 noster.
917 4411 1022 4465 Per
1067 4427 1238 4482 quem
1283 4415 1338 4466 te
1391 4411 1670 4483 supplices
1716 4413 2105 4484 deprecamur,

2882 3211 3153 3262 Collectio.

2277 3295 2485 3349 lnclina
2531 3312 2730 3351 aurem
2779 3299 2957 3366 tuam,
3007 3297 3368 3370 omnipotens
3413 3299 3579 3364 Deus,
3629 3301 3686 3351 et
3725 3301 3846 3352 esto

2205 3387 2368 3442 nobis
2391 3389 2683 3459 praesentis
2709 3389 2838 3445 vita:
2863 3395 3066 3460 rector,
3094 3396 3160 3446 ut
3203 3391 3278 3445 sis
3313 3393 3712 3445 remunerator
3753 3389 3842 3445 fu-

2205 3485 2370 3538 turae.
2400 3483 2526 3538 Per.

2827 3554 2948 3604 Post
2971 3553 3200 3606 nomina.

2276 3638 2622 3694 Oiferentum
2646 3639 2974 3694 nominibus
2993 3639 3304 3710 recensitis,
3326 3639 3524 3696 fratres
3543 3639 3844 3710 carissimi,

2207 3731 2510 3788 Dominum
2535 3733 2923 3806 deprecemur,
2949 3737 3016 3788 ut
3061 3749 3260 3790 eorum
3301 3733 3648 3788 oblationem
3691 3734 3844 3790 inter

2207 3829 2528 3882 sanctorum
2549 3826 2694 3882 dona
2723 3827 3010 3899 suscipiat,
3035 3843 3282 3900 quorum
3307 3844 3341 3882 a
3379 3827 3542 3882 nobis
3583 3827 3848 3883 facienda

2206 3919 2664 3974 commemoratio
2709 3924 2811 3990 est,
2855 3925 2918 3974 ut
2951 3925 3007 3976 et
3056 3920 3234 3976 nostri
3268 3936 3550 3976 memores
3589 3937 3710 3975 esse
3757 3921 3846 3976 di-

2209 4017 2474 4084 gnentur.
2507 4015 2768 4068 Petamne
2803 4018 2859 4070 et
2881 4030 2986 4085 pro
3027 4013 3115 4068 his
3153 4014 3250 4086 qui
3297 4031 3398 4068 nos
3446 4014 3506 4068 in
3551 4015 3852 4070 Dominiea

2207 4121 2342 4178 pace
2377 4111 2806 4176 praecesserunt,
2839 4112 2904 4161 ut
2941 4111 3182 4164 tartareo
3225 4108 3462 4162 horrore
3497 4113 3850 4180 segregatos,

2207 4199 2268 4254 in
2295 4199 2422 4254 sinu
2461 4199 2698 4254 Abrahae
2737 4201 3073 4270 conlocatas,
3113 4200 3446 4256 resuscitare
3475 4201 3856 4272 Omnipotens

2207 4293 2472 4365 dignetur
2515 4292 2574 4348 in
2598 4293 2784 4364 prima
2809 4310 2910 4349 sua
2938 4293 3366 4366 resurrectione,
3397 4310 3570 4366 quam
3591 4295 3856 4352 facturus

2208 4391 2310 4442 est.
2341 4388 2465 4442 Per.

2875 4456 2952 4507 Ad
2977 4469 3181 4520 pacem.

473 4503 1338 4614 ξιᾶῐῖοοωᾶὲοιῗῗωήᾞιθω,
1525 4505 1811 4614 gerimus
1857 4524 1961 4614 ξ),Γο
2003 4509 2105 4562 Ec"
2127 4506 2188 4579 D
2279 4545 2443 4610 Deus,
2473 4559 2575 4614 per
2602 4543 2762 4614 cujus
2791 4559 2851 4597 os
2875 4503 3274 4614 prolatum—mest
3300 4542 3451 4614 quod
3492 4557 3698 4614 pacem
3737 4560 3862 4598 om-

476 4593 655 4650 clesim
685 4600 797 4650 tuae
824 4597 1111 4651 catholicae
1131 4597 1262 4667 fide,
1296 4598 1618 4668 stabilitate,
1645 4600 1961 4671 concordia,
2001 4617 2108 4673 pro

477 4687 882 4744 emundatione
927 4689 1210 4758 vitiorum,
1257 4696 1312 4746 et
1353 4691 1682 4747 remissione
1725 4697 2106 4766 peccatorum,

475 4798 579 4854 pro
607 4781 784 4854 gloria
809 4787 1144 4854 martyrum,
1172 4787 1226 4838 et
1251 4785 1446 4856 requie
1475 4785 1891 4856 defunctorum,
1924 4788 2112 4860 propi-

474 4875 643 4932 tiatus
691 4873 945 4948 aspicias,
992 4875 1311 4948 aspiciendo
1359 4879 1687 4950 sanctiﬁces,
1715 4881 2110 4938 sanctiﬁcando

473 4969 768 5026 benedicas
791 4985 895 5042 per
921 4975 1174 5026 sanctum
1215 4975 1270 5027 et
1309 4972 1669 5028 benedictum
1717 4975 1907 5030 Iesum
1945 4977 2108 5032 Chri—

475 5068 625 5118 stum
651 5063 854 5118 Filium
875 5069 1038 5120 tuum
1065 5065 1370 5122 Dominum
1393 5071 1672 5124 nostrum.
1699 5069 1804 5134 Qui
1831 5069 2033 5142 pridie.

1114 5173 1233 5224 Post
1256 5177 1474 5226 secreta.

543 5255 814 5310 Memores
845 5255 1230 5328 gloriosissimi
1258 5261 1482 5316 Domini
1511 5261 1788 5332 passionis
1826 5265 1882 5316 et
1922 5262 1992 5318 ab
2031 5262 2112 5317 in-

473 5347 606 5402 feris
628 5350 1074 5420 resurrectionis,
1101 5351 1391 5408 offerimus
1411 5355 1533 5424 tibi,
1563 5353 1816 5422 Domine,
1845 5355 1994 5410 hanc
2009 5355 2113 5412 im-

471 5442 811 5498 maculatam
837 5443 1448 5514 hostiam,rationalem
1465 5449 1730 5518 hostiam,
1758 5449 2112 5504 incruentam

473 5535 732 5606 hostiam,
751 5537 903 5592 hunc
927 5555 1137 5608 panem
1161 5545 1438 5606 sanctum,
1456 5545 1512 5596 et
1529 5543 1759 5598 calicem
1785 5543 2108 5612 salutarem,

475 5628 852 5698 observantes,
893 5635 958 5684 ut
991 5629 1290 5685 infundere
1337 5633 1588 5703 digneris
1631 5635 1904 5706 Spiritum
1947 5641 2112 5691 tuum

2207 4636 2372 4692 nibus
2411 4637 2590 4706 dares,
2629 4640 2686 4690 et
2723 4635 2876 4708 pacis
2926 4639 3132 4690 statuta
3174 4635 3522 4708 relinqueres
3563 4635 3860 4704 ;infunde

2210 4731 2268 4786 in
2297 4731 2504 4785 nostris
2531 4730 2784 4785 sensibus
2807 4729 2958 4800 pacis
2984 4729 3237 4784 studium
3271 4734 3328 4784 et
3363 4729 3475 4800 pim
3509 4729 3860 4801 voluntatis,

2213 4828 2275 4880 ut
2301 4823 2566 4879 vitiorum
2604 4823 2862 4878 omnium
2887 4823 3012 4877 labe
3037 4822 3285 4894 purgati,
3315 4839 3512 4894 pacem
3554 4839 3736 4894 quam
3771 4824 3870 4878 la-

2211 4919 2318 4975 biis
2343 4919 2455 4974 oris
2495 4917 2912 4990 prosequimur,
2951 4915 3325 4971 immaculatis
3362 4916 3622 4971 cordibus
3655 4921 3874 4974 tenea-

2211 5031 2358 5069 mus.
2389 5015 2514 5068 Per.

2875 5079 3181 5132 lmmolatio.

2283 5170 2528 5242 Dignum
2557 5173 2614 5224 et
2631 5167 2852 5240 justum
2879 5171 2981 5236 est,
3015 5183 3246 5238 aequum
3274 5169 3332 5224 et
3347 5166 3570 5238 justum
3596 5171 3702 5238 est,
3756 5185 3884 5226 nos

2211 5264 2314 5320 tibi
2343 5263 2432 5318 hic
2458 5267 2514 5317 et
2536 5262 2746 5334 ubique
2773 5277 2997 5334 semper
3025 5261 3238 5333 gratias
3249 5276 3436 5333 agere,
3469 5260 3710 5318 Domine
3723 5279 3882 5320 san-

2213 5359 2320 5420 cte,
2351 5355 2513 5408 Pater
2538 5351 2914 5422 omnipotens,
2945 5355 3154 5406 aeterne
3185 5351 3350 5406 Deus.
3381 5350 3488 5414 Qui
3511 5365 3614 5404 nos
3643 5367 3680 5404 a
3707 5367 3888 5408 mor-

2213 5451 2269 5502 te
2299 5451 2574 5518 perpetua
2599 5449 2767 5518 atque
2783 5444 2853 5500 ab
2871 5444 3087 5500 ultimis
3115 5443 3554 5500 infernisedibus
3574 5443 3884 5503 liberasti.

2217 5541 2456 5594 Venerat
2483 5519 2712 5620 quidem
2737 5553 2890 5592 mors
2913 5554 3016 5609 per
3041 5537 3378 5606 mulierem;
3411 5537 3506 5592 sed
3549 5537 3712 5594 venit
3745 5541 3892 5597 vita.

2215 5649 2318 5704 per
2359 5633 2670 5705 Virginem.
2713 5631 2978 5688 lnteritus
3011 5647 3114 5703 per
3139 5631 3392 5703 lignum;
3429 5631 3526 5686 sed
3579 5631 3640 5685 in
3697 5633 3890 5705 ligno

543 5763 567 5788 ι
599 5751 752 5804 Hanc
797 5753 918 5806 fere
967 5751 1292 5807 orationem
1333 5753 1580 5810 recitant
1625 5757 1950 5814 sacerdotes
1993 5759 2066 5814 ad
2121 5757 2520 5826 ablutionem;
2561 5759 2618 5812 et
2665 5773 2792 5830 quae
2835 5753 3094 5828 sequitur
3141 5755 3280 5812 item
3321 5757 3502 5810 exstat
3537 5753 3602 5812 in
3647 5755 3890 5816 Missali

479 5817 760 5876 Romano.
