4054 6188
251 303 354 356 317

245 501 678 573 perennitatem
708 504 834 560 vitae
862 521 975 560 sua:
996 505 1223 576 corpori
1254 506 1516 561 restituit.
1539 506 1638 562 Cui
1681 523 1882 563 omnes

245 596 526 651 caelorum
568 614 699 653 cum
747 599 1045 670 multiplici
1086 599 1292 654 virtute
1336 600 1553 655 militia:
1602 601 1882 672 hymnum

243 689 512 744 debitum
543 694 602 745 et
638 691 879 762 gloriam
930 696 1090 747 tuam
1136 693 1258 748 sine
1303 695 1618 750 cessatione
1660 697 1880 766 procla-

242 786 434 848 mant,
461 783 735 840 dicentes.

875 865 994 916 Post
1013 866 1245 916 Sanctus.

316 959 596 1014 Hosanna
616 958 674 1012 in
706 959 956 1016 excelsis.
998 961 1335 1017 Benedictus
1365 962 1462 1033 qui
1487 961 1644 1017 venit
1673 962 1745 1018 de
1773 978 1879 1018 caa-

238 1049 336 1118 lis,
374 1055 437 1105 ut
475 1057 909 1110 conversaretur
940 1054 999 1109 in
1038 1055 1224 1124 terris,
1259 1072 1390 1110 caro
1427 1055 1629 1124 factus,
1676 1061 1738 1110 ut
1782 1073 1885 1128 per

237 1144 581 1216 passionem
635 1163 798 1202 suam
854 1146 1032 1203 vitam
1090 1149 1456 1204 credentibus
1517 1149 1698 1205 daret.
1759 1152 1882 1221 Ipse

237 1238 409 1294 enim
437 1240 533 1311 qui
560 1241 705 1312 prid.

886 1312 1006 1362 Post
1033 1315 1252 1362 secreta.

314 1405 625 1476 Explentes
679 1411 1040 1463 sacrosancta
1075 1407 1538 1464 caerimoniarum
1583 1407 1884 1463 sollemnia

234 1496 366 1552 ritu
403 1498 814 1555 Melchisedech
847 1499 1040 1574 300
1077 1503 1285 1556 summi
1317 1491 1630 1556 sacerdotis
1668 1501 1880 1568 oblata,

229 1607 554 1662 precamur
605 1596 800 1648 mente
859 1595 1063 1649 devota
1109 1599 1184 1661 te,
1224 1595 1485 1665 Majestas
1525 1598 1762 1661 (eterna,
1823 1597 1884 1647 ut

233 1689 525 1757 operante
556 1685 782 1754 virtute,
807 1704 1019 1758 panem
1045 1691 1328 1742 mutatum
1355 1687 1413 1742 in
1430 1699 1454 1728 ⁸
1489 1704 1682 1754 carne,
1705 1705 1878 1759 pocu-

1345 305 1430 359 DE
1469 304 1778 360 LITURGIA
1815 306 2187 364 GALLICANA
2229 308 2422 364 LIBER
2463 308 2550 362 Ill.

245 408 421 463 salus.
453 409 516 464 In
540 409 673 465 Jesu
722 409 944 466 Christo
976 411 1129 466 facta
1157 415 1242 466 est
1273 411 1404 466 finis
1443 411 1752 480 moriendi,
1788 413 1885 484 qui
1907 426 1965 500 Α

3516 309 3616 366 3ὶὸ

2404 415 2525 465 Post
2539 414 2829 466 orationem
2853 415 3195 467 Dominicam.

2058 499 2259 555 Libera
2288 517 2394 556 nos
2424 519 2458 556 a
2487 501 2662 569 malo,
2686 501 2930 557 Domine
2957 502 3178 558 Christe
3213 502 3362 558 lesu.
3399 501 3617 574 Corpus

1985 597 2148 648 tuum
2178 612 2282 665 pro
2317 594 2481 650 nobis
2512 596 2840 650 cruciﬁxum
2877 595 3128 662 edimus;
3163 600 3221 651 et
3273 596 3615 668 sanguinem

1985 691 2246 742 sanctum
2303 692 2466 743 tuum
2517 706 2620 760 pro
2671 690 2836 744 nobis
2888 690 3130 744 effusum
3184 690 3432 745 bibimus
3467 707 3480 745 :
3515 691 3618 745 fiat

1987 781 2150 834 nobis
2179 797 2382 853 corpus
2408 786 2668 837 sanctum
2693 787 2856 838 tuum
2887 784 2960 838 ad
2991 784 3254 851 salutem,
3286 787 3343 838 et
3383 783 3616 855 sanguis

1985 879 2212 929 sanctus
2255 879 2386 930 tuus
2429 877 2488 931 in
2531 877 2866 932 remissione
2909 881 3276 949 peccatorum
3321 877 3412 931 hic
3461 880 3518 930 et
3554 877 3612 931 in

1983 972 2200 1023 aeterna
2221 971 2426 1025 seecula
2461 972 2815 1025 saeculorum.

2500 1073 2618 1123 Post
2648 1073 3090 1124 communionem.

2055 1156 2308 1224 Agamus
2353 1152 2732 1225 omnipotenti
2769 1156 2888 1209 Deo
2943 1155 3174 1225 gratias,
3229 1153 3362 1225 quia
3414 1152 3617 1208 refecit

1986 1263 2091 1300 nos
2115 1264 2264 1318 pane
2304 1249 2532 1315 caelesti,
2571 1252 2628 1301 et
2665 1249 2869 1318 poculo
2903 1248 3160 1320 spiritali,
3203 1251 3502 1318 sperantes
3542 1247 3614 1300 ab

1986 1339 2106 1409 ejus
2145 1339 2399 1411 benigna
2447 1340 2754 1394 clementia
2784 1345 2847 1395 ut
2873 1358 2979 1412 per
3004 1341 3343 1395 eﬁ‘usionem
3375 1339 3617 1410 Spiritus

1985 1432 2163 1487 sancti
2196 1433 2300 1499 sui,
2335 1433 2391 1487 in
2441 1434 2645 1504 quibus
2693 1433 2801 1488 cibi
2843 1435 3082 1489 caelestis
3127 1433 3302 1488 virtus
3343 1431 3613 1498 introivit,

1985 1525 2324 1581 sinceritatis
2354 1527 2541 1597 gratia
2570 1532 2914 1598 perseveret.
2947 1529 3070 1582 Per.

2496 1620 2884 1669 Consummatio
2914 1619 3101 1670 missas.

2053 1698 2170 1753 Tibi
2209 1699 2423 1769 gratias
2461 1699 2706 1771 agimus,
2752 1717 2855 1771 per
2899 1717 3072 1771 quem
3112 1699 3387 1771 mysteria
3421 1701 3619 1754 sancta

231 1778 372 1835 lum
401 1796 628 1834 versum
661 1781 720 1835 in
762 1781 1065 1851 δᾶηϐυίῐιθ,
1105 1780 1266 1836 illum
1308 1797 1602 1836 sumamus
1631 1781 1688 1835 ίῐι
1717 1781 1891 1836 calice
1911 1798 1968 1870 B
1993 1792 2383 1860 celebramus;
2417 1797 2525 1848 ate
2553 1810 2781 1864 quoque
2811 1793 3126 1847 sanctitatis
3157 1797 3214 1848 et
3244 1792 3616 1848 sanitatis.....

234 1873 350 1945 qui
377 1874 450 1928 de
483 1876 536 1928 te
566 1873 728 1928 ﬂuxit
757 1873 815 1928 in
839 1890 1005 1928 cruce
1034 1890 1100 1928 ex
1126 1875 1326 1928 latere.
1353 1875 1475 1949 Sal.

677 1995 809 2043 Ante
833 1993 1121 2043 orationem
1148 1991 1494 2043 Dominicam.

313 2089 601 2158 Agnosco,
630 2088 895 2155 Domine,
925 2087 1099 2142 verba
1126 2105 1253 2158 quae
1275 2086 1617 2159 praecepisti,
1651 2088 1886 2158 ignosce

234 2181 629 2252 presumtioni
661 2197 836 2252 quam
875 2180 1188 2251 imperasti.
1227 2181 1560 2252 Ignorantia
1598 2185 1684 2236 est
1731 2181 1887 2235 enim

235 2290 371 2330 non
399 2290 565 2329 nosse
591 2275 883 2342 meritum,
916 2274 1280 2330 contumacia
1311 2292 1428 2330 non
1470 2291 1696 2329 servare
1739 2291 1884 2346 pree-

235 2371 504 2439 ceptum,
532 2367 738 2440 quibus
758 2368 1035 2439 jubemur
1061 2368 1270 2422 dicere.

327 2529 351 2556 ι
379 2503 579 2584 sextus
614 2519 776 2584 casus
801 2519 1090 2584 Apro‘casu
1131 2500 1455 2570 accusandi,
1489 2505 1550 2556 ut
1580 2501 1792 2574 passim
1830 2500 1886 2556 in

237 2574 342 2628 his
366 2574 607 2644 aliisque
633 2574 866 2628 vetustis
889 2574 1066 2628 libris.

2080 1885 2161 1939 tui
2193 1886 2379 1955 gratia
2409 1886 2562 1941 dona
2593 1886 2999 1957 desposcimus.
3028 1889 3136 1942 Per
3165 1886 3494 1940 Dominum.

2248 1993 2453 2048 LXXXI.
2489 2008 2646 2049 MISSA
2687 2009 2973 2050 cornuum
3002 1993 3028 2034 δ
3068 2007 3352 2048 nonmsxs.
3411 2017 3452 2046 ξ

2061 2089 2228 2156 Deus,
2264 2090 2359 2160 qui
2408 2091 2575 2162 culpa
2619 2091 2950 2158 offenderis,
2983 2089 3320 2162 paenitentia
3354 2088 3615 2161 placaris,

1989 2181 2333 2238 afﬂictorum
2363 2183 2612 2254 gemitus
2641 2185 2881 2256 respice,
2933 2187 2990 2237 et
3019 2185 3173 2239 mala
3199 2200 3325 2255 quae
3349 2183 3502 2254 justo
3528 2181 3616 2236 in-

1987 2292 2158 2347 rogas
2181 2277 2629 2332 misericorditer
2654 2282 2864 2332 averte.
2896 2279 3022 2332 Per.

2058 2369 2262 2425 Cetera
2294 2371 2507 2426 desunt.

2058 2503 2086 2543 ι)
2117 2505 2177 2558 ld
2205 2508 2290 2559 est
2322 2521 2387 2559 ex
2417 2503 2630 2560 Ordine
2662 2505 2924 2561 Romano
2951 2523 3051 2562 seu
3078 2505 3451 2581 Gregoriano.

745 2920 1645 3059 MISSALE
1789 2822 3158 3062 FnANconUM.

613 3271 653 3324 Ι.
685 3285 886 3326 INCIPIT
913 3286 980 3326 ne
1005 3285 1193 3326 SACRIS
1219 3285 1529 3328 ORDINIBUS.

318 3361 512 3438 301
555 3363 824 3420 Ostiarius
848 3381 965 3420 cum
991 3365 1301 3428 ordinatur,
1317 3371 1607 3436 postquam
1633 3365 1700 3419 ab
1721 3368 1896 3422 archi-

246 3459 484 3512 diacono
508 3459 804 3513 instructus
824 3460 995 3524 fuerit
1018 3459 1259 3528 qualiter
1287 3461 1346 3513 in
1384 3460 1538 3513 domo
1574 3461 1674 3513 Dei
1707 3459 1896 3516 debeat

249 3553 588 3611 conversari,
640 3552 716 3605 ad
751 3553 1146 3619 suggestionem
1189 3552 1564 3607 archidiaconi
1611 3553 1798 3608 tradat
1847 3557 1899 3608 ei

249 3645 538 3714 episc0pus
591 3645 766 3698 claves
812 3645 1044 3700 ecclesia:
1070 3645 1136 3699 de
1184 3647 1357 3701 altari
1390 3646 1616 3700 dicens:
1648 3645 1739 3700 Sic
1787 3663 1894 3718 age

251 3736 422 3808 quasi
461 3735 790 3792 redditurus
825 3739 942 3794 Deo
984 3737 1269 3794 rationem
1300 3755 1404 3809 pro
1435 3738 1523 3792 his
1566 3739 1737 3793 rebus
1768 3756 1895 3810 qua

250 3831 378 3886 istis
411 3831 660 3885 clavibus
683 3832 1074 3887 recluduntur.

325 3926 633 3994 Acolythus
666 3941 786 3980 cum
809 3928 1122 3989 ordinatur,
1154 3927 1224 3981 ab
1263 3926 1645 3981 archidiacono
1676 3929 1897 3996 quidem

254 4020 523 4075 doceatur
545 4012 781 4088 qualiter
806 4022 1047 4088 ofﬁcium
1076 4035 1237 4074 suum
1261 4035 1420 4089 agere
1455 4021 1676 4087 debeat;
1702 4022 1798 4076 sed
1826 4022 1896 4076 ab

253 4115 376 4183 ipso
398 4113 781 4168 archidiacono
807 4115 1041 4184 accipiat
1067 4116 1456 4182 ceroferarium
1482 4130 1602 4170 cum
1631 4130 1805 4182 cereo;
1837 4121 1896 4170 ut

251 4210 397 4262 sciat
423 4222 480 4260 se
495 4206 570 4260 ad
588 4207 932 4262 accendenda
950 4208 1203 4263 Ecclesiae
1226 4208 1525 4263 luminaria
1545 4211 1852 4278 mancipari
1876 4225 1893 4261 :

255 4303 498 4371 accipiat
526 4305 575 4355 et
606 4301 863 4356 orciolum
889 4317 1121 4355 vacuum
1150 4301 1226 4356 ad
1267 4302 1663 4370 suggerendum
1709 4304 1896 4358 vinum

254 4395 622 4449 Eucharistiz
639 4395 876 4465 corporis
907 4393 1124 4450 Christi.

327 4489 626 4543 Exoreista
650 4504 767 4544 cum
791 4489 1103 4551 ordinatur,
1132 4489 1367 4558 accipiat
1387 4489 1452 4543 de
1478 4503 1645 4543 manu
1662 4490 1898 4560 episcopi

253 4582 522 4650 libellum,
554 4585 614 4636 in
651 4598 756 4651 quo
797 4584 989 4650 scripti
1027 4586 1156 4637 sunt
1190 4583 1493 4644 exorcismi,
1535 4582 1743 4638 dicente
1791 4583 1898 4637 sibi

1908 3285 1965 3356 Α
2058 3275 2355 3344 Episcopus
2395 3289 2515 3328 cum
2558 3272 2867 3333 ordinatur,
2907 3271 3014 3325 duo
3046 3269 3282 3340 episcopi
3309 3279 3506 3320 manus
3537 3277 3621 3318 eo-

1991 3381 2113 3420 rum
2143 3382 2308 3434 super
2339 3371 2500 3435 caput
2531 3365 2648 3434 ejus
2673 3369 2915 3435 ponant;
2958 3368 3008 3416 et
3041 3364 3256 3416 teneant
3297 3357 3622 3425 Evangelia-

1993 3475 2115 3513 rum
2139 3459 2370 3513 codicem
2404 3474 2572 3529 supra
2602 3459 2854 3512 cervicem
2885 3456 3035 3524 ejus;
3071 3459 3119 3507 et
3162 3467 3270 3506 uno
3308 3464 3472 3519 super
3503 3463 3623 3502 eum

1993 3553 2320 3620 infundente
2345 3551 2780 3611 benedictionem,
2808 3549 3010 3618 reliqui
3033 3559 3213 3600 omnes
3244 3543 3481 3614 episcopi
3528 3541 3627 3613 qui

1995 3645 2218 3709 adsunt,
2248 3645 2500 3699 manibus
2527 3644 2642 3696 suis
2673 3657 2835 3710 super
2864 3645 3030 3710 caput
3057 3639 3173 3708 ejus
3205 3640 3442 3692 teneant.

2432 3773 2496 3826 ll.
2523 3784 2840 3827 BENEDICTIO
2861 3781 2887 3809 ι
2916 3783 3182 3824 usrmnu.

2065 3885 2244 3940 Deum
2265 3885 2491 3938 Patrem
2523 3881 2983 3954 omnipotentem
3007 3876 3335 3950 suppliciter
3361 3875 3628 3947 deprece-

1996 3994 2143 4043 mur,
2178 3981 2240 4031 ut
2264 3977 2414 4031 hunc
2443 3976 2722 4030 famulum
2749 3991 2917 4029 suum
2942 3971 3283 4028 benedicere
3332 3969 3622 4040 dignetur.

1997 4087 2170 4142 quem
2187 4070 2246 4124 in
2268 4069 2518 4125 ofﬁcium
2541 4068 2775 4123 ustearii
2795 4067 3010 4139 eligere
3051 4065 3318 4136 dignatus
3341 4066 3445 4128 est,
3469 4064 3533 4115 ut
3557 4059 3629 4114 sit

1997 4164 2047 4218 ei
2075 4163 2404 4220 fidelissima
2429 4180 2564 4218 cura
2591 4162 2650 4216 in
2679 4161 2880 4217 diebus
2911 4177 2974 4215 ac
3002 4157 3262 4214 noctibus
3289 4154 3362 4208 ad
3393 4152 3624 4207 distinc-

1997 4257 2215 4312 tionem
2264 4258 2537 4311 horarum
2582 4255 2842 4311 certatim
2879 4253 2952 4308 ad
3002 4247 3383 4305 invocandum
3411 4259 3625 4299 nomen

1996 4350 2244 4406 Domini.
2272 4352 2398 4405 Per.

2739 4418 2872 4482 Alia.

2069 4515 2261 4590 302
2291 4515 2534 4571 Domine
2560 4517 2754 4570 sancte
2792 4515 2965 4567 Pater
2992 4507 3378 4580 omnipotens,
3412 4508 3626 4561 aeterne

2001 4613 2168 4677 Deus,
2201 4609 2542 4664 benedicere
2573 4605 2826 4678 digneris
2857 4605 3140 4659 famulum
3170 4605 3334 4657 tuum
3363 4601 3516 4655 hunc
3542 4615 3630 4654 us-

257 4678 510 4746 episcopo
542 4695 559 4729 :
582 4675 784 4746 Accipe
815 4677 873 4729 et
895 4675 1242 4730 commenda
1271 4692 1283 4742 ;
1318 4677 1375 4730 et
1404 4675 1616 4729 habeto
1648 4679 1892 4746 potesta-

2010 4651 2168 4677 νυμρ,
2201 4651 2542 4664 “summa...
2574 4651 2825 4678 “0..--.-
2858 4651 3140 4659 ---η-η-..
3177 4651 3334 4657 -____
3363 4651 3512 4655 -ηη

2010 4703 2251 4769 tiarium,
2268 4705 2329 4756 ut
2351 4702 2502 4756 inter
2509 4700 2791 4771 janitores
2815 4697 3074 4752 Ecclesiae
3092 4693 3544 4768 paretobsequia
3573 4695 3633 4746 et

257 4774 380 4824 tem
425 4768 768 4839 imponendi
809 4784 1016 4823 manus
1055 4785 1228 4839 super
1262 4783 1742 4838 energumenum,
1787 4768 1902 4824 sive

257 4863 642 4934 baptizatum,
661 4861 776 4916 sive
804 4862 1302 4917 catechumenum.

337 4958 613 5010 Diaconus
639 4971 760 5010 cum
781 4955 1098 5022 ordinatur,
1124 4957 1273 5009 solus
1299 4956 1582 5025 episcopus
1607 4957 1705 5026 qui
1741 4957 1790 5011 ei
1816 4956 1901 5011 be-

261 5049 487 5115 nedicit,
521 5065 743 5103 manum
768 5064 931 5119 super
957 5054 1121 5119 caput
1144 5050 1294 5104 illius
1317 5053 1512 5118 ponat.
1541 5050 1662 5104 Per.

335 5143 625 5212 Presbyter
657 5159 776 5198 cum
809 5143 1120 5207 ordinatur,
1175 5145 1456 5213 episcopus
1506 5145 1557 5197 ei
1603 5143 1900 5206 benedicat,

260 5253 487 5292 manum
527 5252 685 5291 suam
722 5252 887 5306 super
925 5242 1089 5306 caput
1128 5238 1246 5306 ejus
1283 5241 1457 5292 teneat
1488 5255 1504 5291 :
1533 5238 1696 5292 etiam
1729 5252 1904 5292 omnes

257 5333 573 5402 presbyteri
596 5334 692 5401 qui
709 5337 1006 5402 praesentes
1037 5337 1184 5395 sunt,
1211 5348 1408 5387 manus
1435 5347 1564 5386 suas
1589 5332 1763 5400 juxta
1786 5348 1902 5386 ma-

262 5441 396 5481 num
421 5428 662 5496 episcopi
685 5440 850 5496 super
871 5431 1038 5496 caput
1068 5427 1218 5480 illius
1247 5431 1478 5481 teneant.

336 5580 362 5608 ι
389 5568 625 5623 Εὶὲἀθῐῐι
657 5569 947 5624 orationes
977 5567 1032 5622 in
1060 5567 1271 5622 Ordine
1302 5568 1565 5621 Romano
1595 5584 1698 5639 pro
1732 5565 1816 5639 his
1849 5569 1906 5621 et

263 5639 643 5711 sequentibus
674 5640 972 5695 ordinibus
996 5655 1176 5710 usque
1207 5639 1280 5694 ad
1304 5638 1696 5711 episcopatum
1738 5638 1905 5693 editae

268 5709 402 5765 sunt
427 5711 583 5782 apud
608 5711 910 5779 Morinum,
934 5709 1182 5767 inlibide
1212 5709 1385 5782 sacris
1415 5709 1903 5782 Ordinationibus,

314 5823 328 5835 .
345 5785 436 5837 361
454 5780 714 5837 ,Ἐδεᾱεπι
728 5782 867 5837 item
886 5783 1175 5838 orationes
1195 5781 1483 5835 habentur
1501 5780 1560 5835 in
1581 5783 1905 5852 pervetusto

314 5823 328 5835 .
345 5800 466 5837 601.
482 5800 714 5837 nauem
728 5800 867 5837 118m
886 5800 1175 5838 οΓειιοΠθε
1197 5800 1483 5835 nanentur
1501 5800 1560 5835 1n
1581 5800 1905 5852 pervetusw

269 5800 475 5908 ﬁissali
512 5853 875 5910 Bibliothecae
925 5854 1100 5925 regiae
1145 5869 1389 5908 numero
1433 5855 1592 5921 3865,
1635 5851 1706 5908 ad
1745 5853 1906 5925 cujus

2003 4797 2151 4852 inter
2170 4798 2392 4868 partem
2413 4797 2573 4849 tuam
2594 4791 3109 4848 mereaturhabere
3133 4788 3481 4845 mercedem.
3500 4788 3625 4840 Per.

2451 4931 2538 4983 III.
2579 4943 2898 4985 BENEDICTIO
2936 4942 3184 4984 ACOLYTI.

2073 5046 2315 5102 Domine
2343 5049 2557 5114 sancte,
2590 5048 2758 5100 Pater
2783 5043 3167 5114 omnipotens,
3217 5043 3430 5094 aeterne
3461 5037 3629 5103 Deus,

2005 5139 2102 5211 qui
2127 5142 2354 5212 Moysen
2379 5142 2437 5194 et
2453 5142 2645 5194 Aaron
2671 5140 2893 5193 locutus
2919 5153 2999 5202 es,
3029 5137 3091 5188 ut
3109 5132 3521 5188 accenderetur
3543 5131 3630 5184 lu-

2004 5251 2179 5290 cerna
2217 5234 2274 5289 in
2307 5233 2678 5289 tabernaculo
2718 5228 3052 5295 testimonii,
3084 5227 3163 5282 sic
3200 5224 3543 5281 benedicere
3575 5227 3637 5278 et

2005 5329 2360 5383 sanctificare
2407 5326 2661 5397 digneris
2711 5326 2863 5379 hunc
2908 5323 3190 5378 famulum
3236 5324 3418 5387 tuum,
3456 5322 3520 5375 ut
3561 5317 3633 5373 sit

2005 5424 2260 5493 acolytus
2293 5421 2350 5475 in
2378 5420 2626 5475 Ecclesia
2658 5423 2775 5473 tua.
2809 5419 2934 5472 Per.

2008 5583 2168 5621 oram
2198 5566 2305 5619 hoc
2344 5565 2467 5619 loco
2507 5564 2584 5618 ita
2619 5564 2830 5636 legitur
2859 5579 2872 5618 :
2897 5562 3082 5636 Helias
3117 5561 3401 5636 Sqotigena
3433 5557 3508 5636 sic
3541 5556 3629 5621 fa-

2007 5639 2210 5699 ciebat;
2251 5641 2302 5690 et
2348 5638 2626 5706 episcopus
2677 5625 2789 5702 TIgo
2823 5635 3114 5689 secundum
3154 5625 3407 5706 qrdinem
3438 5625 3632 5706 Roma-

2005 5724 2156 5762 num.
2185 5693 2252 5761 Hi
2273 5693 2709 5790 episcopijerant
2724 5693 3160 5790 Ecolismenses,
3183 5699 3368 5790 Hjelias
3398 5693 3635 5790 quidem

2006 5764 2489 5852 temporeACaroli
2513 5779 2698 5852 Calvi;
2721 5779 2889 5852 llugo
2929 5793 3062 5830 vero
3112 5764 3303 5852 m‘edio
3339 5764 3548 5822 saeculo
3579 5785 3634 5824 x.

2007 5841 2204 5924 Itaque
2244 5850 2334 5906 hic
2360 5852 2503 5906 ritus
2534 5853 2620 5905 est
2639 5841 2961 5903 Gallicanus
2992 5860 3108 5900 non
3139 5841 3449 5895 Romanus.
