4054 6188
387 267 488 324 310

847 373 932 430 IV.
963 389 1238 433 nmmo
1275 387 1552 430 Lscroms.

455 469 686 544 Eligunt
725 472 778 525 te
817 471 1022 524 fratres
1061 468 1164 536 tui,
1200 469 1262 521 ut
1294 467 1369 522 sis
1395 467 1576 523 lector
1621 465 1680 522 in
1709 466 1882 522 domo
1913 465 2014 521 Dei

384 566 500 634 tui;
532 569 590 621 et
635 579 910 637 agnosces
955 561 1208 616 ofﬁcium
1259 565 1442 628 tuum,
1475 565 1536 616 ut
1565 561 1804 633 impleas
1845 559 2013 626 illud;

383 663 589 732 potens
621 661 707 714 est
737 656 892 712 enim
920 657 1069 711 Deus
1101 659 1163 710 ut
1195 658 1406 726 augeat
1435 654 1538 710 tibi
1587 654 1856 726 gratiam.
1887 657 2013 710 Per.

933 753 1230 804 Benedictio
1255 753 1483 804 lectoris.

459 837 701 893 Domine
731 838 944 902 sancte,
983 837 1152 890 Pater
1182 834 1571 906 omnipotens,
1601 837 1814 888 aeterne
1847 834 2014 900 Deus,

388 930 730 986 benedicere
785 928 1040 1001 digneris
1093 929 1376 983 famulum
1430 931 1594 982 tuum
1643 928 1796 982 hunc
1855 943 2013 981 nom.

389 1023 550 1079 illum
576 1023 634 1078 in
678 1023 930 1078 ofﬁcium
973 1022 1222 1090 lectoris,
1251 1025 1313 1076 ut
1341 1020 1672 1076 assiduitate
1707 1019 2018 1076 lectionum

388 1116 684 1172 distinctus
731 1121 904 1188 atque
951 1117 1246 1171 ordinatus
1285 1115 1432 1170 curis
1469 1114 1738 1180 modulis,
1781 1112 2018 1186 spiritali

389 1209 692 1267 devotione
713 1211 914 1281 lingua
937 1212 1170 1264 resonet
1189 1209 1471 1264 Ecclesiae.

819 1319 881 1371 V.
925 1332 1200 1372 ramulo
1238 1331 1564 1372 exeamsm.

463 1419 644 1472 Deum
675 1419 904 1472 Patrem
937 1415 1396 1486 omnipotentem
1433 1413 1714 1486 supplices
1745 1413 2020 1483 depreca-

393 1527 542 1578 mur,
567 1513 630 1564 ut
667 1511 818 1564 hunc
847 1510 1128 1563 famulum
1160 1525 1326 1563 suum
1351 1525 1510 1562 nom.
1547 1507 1626 1562 ill.
1675 1505 2018 1561 benedicere

395 1604 666 1674 dignetur
691 1603 748 1657 in
777 1603 965 1658 ofﬁcio
997 1602 1308 1670 exorcistaz,
1333 1605 1396 1656 ut
1425 1602 1498 1656 sit
1539 1600 1808 1672 spiritalis
1837 1599 2018 1670 impe-

396 1701 552 1752 rator
577 1695 652 1750 ad
682 1695 1033 1766 abjiciendos
1061 1697 1351 1750 daemones
1378 1695 1448 1750 de
1471 1693 1806 1766 corporibus
1836 1693 2023 1748 obses-

393 1790 470 1844 sis
489 1807 619 1846 cum
647 1790 806 1844 omni
833 1789 1090 1862 nequitia
1115 1807 1314 1844 eorum
1347 1787 1708 1843 multiformi.
1741 1788 1868 1841 Per.

896 1886 1192 1937 Benedictio
1242 1885 1530 1936 exorcistte.

469 1967 710 2025 Domine
739 1970 952 2036 sancte,
983 1970 1152 2023 Pater
1181 1969 1566 2038 omnipotens,
1594 1970 1807 2022 aeterne
1857 1967 2026 2033 Deus,

399 2062 740 2120 benedicere
777 2061 1030 2132 digneris
1063 2061 1346 2116 famulum
1385 2065 1548 2114 tuum
1585 2061 1737 2114 hunc
1761 2077 1918 2115 nom.
1947 2061 2025 2116 ill.

396 2157 454 2213 in
484 2156 672 2212 ofﬁcio
703 2155 1012 2222 exorcistae,
1047 2157 1108 2208 ut
1133 2171 1236 2225 per
1259 2153 1639 2226 impositionis
1667 2170 1946 2210 manuum
1974 2157 2032 2209 et

402 2250 516 2306 oris
547 2249 800 2304 ofﬁcium
851 2265 984 2303 eum
1031 2247 1244 2319 eligere
1277 2247 1566 2318 digneris;
1611 2251 1670 2301 et
1724 2247 2030 2319 imperium

403 2343 616 2397 habeat
649 2341 950 2412 spirituum
989 2341 1420 2396 immundorum
1451 2340 1941 2406 coercendomm;
1975 2343 2034 2394 et

403 2435 714 2508 probabilis
739 2434 812 2488 sit
833 2434 1089 2488 medicus
1117 2433 1378 2489 Ecclesia:
1407 2437 1537 2501 tuae,
1561 2433 1762 2504 gratiae
1791 2435 2033 2488 curatio-

404 2544 544 2582 num
569 2528 774 2582 virtute
796 2527 1185 2582 conﬁrmatus.

543 2636 628 2689 VI.
659 2650 956 2692 ALLOCUTIO
992 2651 1062 2690 AD
1103 2649 1479 2691 scanucomm
1519 2649 1886 2690 oamnsnru.

473 2729 812 2784 Emhibeatur
834 2730 894 2782 in
931 2733 1212 2799 conspectu
1253 2729 1489 2799 episcopi
1507 2733 1712 2798 patena
1743 2739 1766 2768 ³
1799 2733 1849 2783 et
1890 2729 2036 2782 calix

405 2837 629 2885 vacuus,
653 2827 703 2876 et
728 2822 874 2876 dicat
894 2823 944 2876 ei
965 2825 1244 2892 episcopus
1273 2838 1289 2873 :

405 2909 410 2912 ’
476 2913 614 2969 Vide
636 2914 796 2985 cujus
819 2913 1202 2968 ministerium
1227 2915 1328 2970 tibi
1351 2913 1614 2969 traditur.
1637 2915 1706 2968 Et
1725 2914 1854 2970 ideo
1877 2915 1920 2968 si
1943 2932 2032 2970 us-

411 3023 520 3079 que
542 3023 694 3060 nunc
719 3006 872 3060 fuisti
889 3006 1086 3060 tardus
1109 3007 1180 3061 ad
1207 3007 1534 3074 Ecclesiam,
1564 3007 1836 3062 ammodo
1863 3007 2036 3062 debes

410 3115 532 3154 esse
566 3098 842 3152 assiduus.
873 3098 930 3154 Si
959 3115 1136 3170 usque
1171 3117 1320 3153 nunc
1349 3100 1744 3154 somnolentus
1765 3102 2036 3156 ammodo
2058 3111 2112 3185 ρ

409 3194 625 3265 vigiles.
659 3193 716 3248 Si
742 3211 922 3264 usque
947 3211 1098 3247 nunc
1347 3193 1622 3262 ebriosus,
1651 3195 1924 3252 ammodo
1956 3213 2042 3251 so-

409 3286 582 3342 brius.
628 3286 686 3342 Si
725 3303 904 3358 usque
940 3303 1092 3340 nunc
1135 3287 1493 3354 inhonestus,
1525 3289 1796 3344 ammodo
1833 3293 2037 3344 castus.

410 3380 759 3448 Oblationes,
805 3397 932 3452 quae
979 3379 1216 3434 veniunt
1259 3381 1318 3436 in
1363 3381 1585 3448 altario,
1619 3399 1798 3453 panes
1837 3399 2042 3454 propo-

410 3473 630 3530 sitionis
665 3474 1046 3546 appellantur.
1089 3475 1166 3528 De
1207 3473 1344 3546 ipsis
1385 3475 1770 3530 oblationibus
1814 3479 2042 3531 tantum

411 3567 584 3624 debet
607 3567 664 3622 in
687 3567 890 3623 altario
911 3568 1069 3638 poni,
1093 3571 1372 3640 quantum
1391 3569 1602 3640 populo
1630 3567 1808 3640 possit
1825 3570 2044 3624 sufﬁce-

411 3677 493 3726 re,
527 3677 598 3714 ne
630 3660 846 3732 aliquid
867 3660 1175 3731 'putridum
1213 3661 1272 3715 in
1313 3661 1560 3716 sacrario
1591 3665 1844 3718 maneat.
1873 3663 2042 3718 Pallia

411 3768 546 3807 vero
574 3768 702 3822 quae
727 3755 861 3806 sunt
883 3752 943 3806 in
965 3753 994 3792 δ
1024 3753 1418 3820 substraturio,
1449 3753 1508 3807 in
1537 3753 1648 3808 alio
1677 3771 1807 3808 vase
1831 3755 2046 3810 debent

413 3843 616 3899 lavari:
651 3843 708 3898 in
729 3843 841 3898 alio
872 3847 1200 3916 corporales
1229 3847 1414 3917 pallae.
1447 3846 1552 3900 Ubi
1580 3847 1751 3918 pallae
1779 3864 2044 3919 corpora-

413 3939 496 3992 les
530 3937 732 3990 lavatze
770 3935 1003 4006 fuerint,
1035 3938 1255 3992 nullum
1291 3937 1606 3994 linteamen
1637 3939 1852 3994 ibidem
1890 3941 2046 3995 aliud

415 4028 772 4084 debetlavari
794 4045 806 4084 :
821 4029 945 4100 ipsa
957 4045 1109 4101 aqua
1121 4030 1178 4084 in
1195 4031 1528 4101 baptisterio
1545 4031 1718 4086 debet
1727 4032 2044 4106 vergi.ldeo

415 4126 468 4178 te
495 4137 825 4189 ammoneo,
855 4125 917 4176 tu
940 4122 1019 4176 ita
1045 4125 1101 4176 te
1129 4121 1351 4190 exhibe,
1378 4125 1572 4178 utDeo
1593 4126 1819 4195 placere
1843 4127 2040 4197 possis.

481 4220 550 4274 Et
573 4217 755 4273 trades
785 4218 835 4271 ei
863 4217 1082 4272 calicem
1109 4221 1160 4272 et
1177 4222 1458 4286 patenum.

753 4313 985 4366 Praefatio
1010 4314 1347 4365 ordinationis
1371 4315 1694 4368 subdiaconi.

484 4395 725 4450 Oremus
771 4396 952 4450 Deum
993 4399 1052 4450 et
1099 4397 1408 4452 Dominum
1455 4401 1736 4466 nostrum,
1769 4401 1832 4452 ut
1880 4413 2052 4470 super

413 4505 638 4544 servum
661 4505 826 4542 suum
847 4505 1004 4545 nom.
1033 4489 1134 4558 ill.,
1159 4507 1332 4562 quem
1365 4491 1438 4546 ad
1466 4491 1910 4548 subdiaconatus
1927 4492 2047 4548 ofﬁ-

413 4581 566 4636 cium
589 4597 826 4636 evocare
853 4581 1122 4652 dignatus
1147 4587 1252 4652 est,
1277 4585 1548 4641 infundat
1577 4585 2044 4640 benedictionem

415 4677 470 4727 et
497 4673 742 4743 gratiam
767 4689 958 4740 suam;
987 4679 1050 4728 ut
1087 4677 1146 4730 in
1177 4683 1485 4749 conspectu
1514 4697 1615 4734 suo
1655 4679 1904 4734 ﬁdeliter
1933 4695 2046 4733 ser-

412 4767 592 4833 viens,
634 4765 921 4821 destinata
971 4769 1181 4822 sanctis
1227 4773 1465 4840 praemia
1505 4776 1906 4844 consequatur.
1939 4775 2046 4828 Per

417 4859 746 4915 Dominum.

907 4931 1206 4981 Benedictio
1225 4931 1546 4983 subdiaconi.

487 5012 728 5068 Domine
759 5015 972 5080 sancte,
1001 5014 1172 5067 Pater
1202 5012 1586 5084 omnipotens,
1630 5017 1843 5072 teterne
1875 5019 2044 5086 Deus,

416 5105 760 5160 benedicere
791 5105 1044 5177 digneris
1069 5106 1352 5162 famulum
1380 5109 1544 5162 tuum
1565 5109 1737 5176 hunc,
1763 5127 1918 5166 nom.
1944 5112 2047 5180 ill.,

419 5213 592 5270 quem
618 5197 690 5251 ad
717 5198 1159 5254 subdiaconatus
1181 5199 1436 5255 ofﬁcium
1458 5200 1672 5273 eligere
1702 5201 1969 5273 dignatus
1989 5221 2050 5258 es

419 5297 498 5352 uti
530 5297 684 5351 enim
705 5297 764 5351 in
798 5299 1042 5355 sacrario
1057 5303 1156 5356 tuo
1183 5305 1383 5357 saneto
1405 5306 1706 5358 strenuum
1726 5303 2053 5359 sollicitum-

419 5408 531 5463 que
560 5390 768 5445 caalesti
801 5391 1018 5446 militia:
1049 5393 1331 5462 instituas,
1363 5399 1425 5450 ut
1450 5397 1662 5452 sanctis
1695 5396 1972 5451 altaribus
1993 5397 2052 5451 ﬁ-

420 5483 626 5540 deliter
649 5483 1072 5540 subministret:
1089 5489 1146 5540 et
1169 5487 1491 5562 requiescat
1519 5507 1692 5562 super
1717 5507 1848 5545 eum
1881 5491 2054 5563 Spiri-

421 5583 510 5632 tus
535 5575 832 5650 sapientiae
855 5581 912 5632 et
939 5578 1279 5648 intellectus,
1301 5581 1544 5653 Spiritus
1571 5584 1794 5640 consilii
1821 5588 1878 5640 et
1897 5585 2054 5642 forti-

495 5725 518 5786 ξ
547 5713 664 5786 Huc
695 5715 914 5786 spectat
944 5729 1129 5786 canon
1157 5717 1188 5770 6
1219 5715 1444 5770 concilii
1473 5715 1730 5773 Toletani
1754 5734 1873 5774 vm.

494 5783 522 5822 ι)
550 5785 612 5839 Id
643 5783 740 5840 est
755 5783 959 5858 quibus
989 5786 1265 5844 sternitur
1301 5786 1496 5844 altaris
1543 5789 1843 5860 planities;
1867 5806 2050 5865 corpo-

1181 263 1510 320 APPENDIX
1547 261 1634 318 AD
1671 259 1892 316 OPERA
1928 255 2160 314 SANCTI
2195 256 2496 312 GERMANI
2535 255 2956 312 PABISIENSIS.

2037 364 2352 452 Atudinis,
2381 363 2624 438 Spiritus
2667 365 2918 422 scientiae
2961 367 3021 422 et
3065 359 3312 438 pietatis.
3345 360 3588 436 Repleas
3613 377 3750 419 eum

3647 255 3750 308 320

2119 459 2332 531 Spiritu
2381 459 2606 516 timoris
2651 457 2754 528 tui,
2799 461 2862 514 ut
2903 474 3038 516 eum
3087 458 3147 514 in
3191 456 3514 513 ministerio
3555 455 3752 512 divino

2118 555 2462 622 conﬁrmes;
2489 557 2554 608 ut
2583 553 2860 610 obediens
2905 557 3075 625 atque
3122 552 3274 608 dicto
3317 567 3546 624 parens,
3585 553 3752 610 tuam

2119 648 2366 720 gratiam
2385 651 2790 720 consequatur.
2817 650 2927 704 Per
2951 646 3285 704 Dominum.

2255 767 2364 820 V11.
2405 779 2704 822 ALLOCUTIO
2743 781 2812 822 ,ω
2852 779 3107 820 POPULUM
3145 780 3198 820 IN
3237 777 3600 819 OBDINATIONE

2811 851 3050 892 DIACONL

2191 933 2546 990 Dilectissimi
2571 935 2797 1003 fratres,
2827 932 3147 1006 quamlibet
3167 931 3388 1003 possint
3414 931 3486 986 ad
3517 929 3754 986 ordina-

2118 1029 2340 1084 tionem
2381 1027 2741 1082 ecclesiastici
2779 1026 3084 1082 ministerii
3124 1024 3602 1096 promovendam,
3647 1022 3760 1078 sibi

2119 1122 2243 1194 ipsa
2273 1121 2532 1176 sufﬁcere
2563 1119 2860 1194 privilegia
2891 1119 3277 1186 sacerdotum,
3311 1119 3568 1173 attamen
3617 1115 3758 1189 quia

2119 1215 2470 1288 probabilior
2495 1217 2554 1270 et
2603 1217 2801 1270 nostra
2845 1213 2998 1286 apud
3045 1212 3356 1268 Dominum
3395 1211 3760 1268 conversatio

2123 1314 2224 1376 est,
2253 1313 2311 1364 et
2357 1325 2558 1365 eorum
2603 1325 2850 1380 quorum
2897 1308 3086 1363 honor
3133 1308 3396 1376 augetur,
3443 1303 3631 1376 major
3670 1307 3766 1360 est

2123 1403 2335 1476 gratia;
2360 1403 2404 1456 si
2425 1403 2484 1457 id
2502 1403 2658 1474 quod
2683 1401 2920 1456 arbitria
2941 1401 3138 1455 nostra
3159 1399 3398 1470 eligunt,
3437 1397 3610 1452 etiam
3632 1413 3758 1450 ves-

2123 1501 2224 1553 tras
2260 1497 2565 1552 conﬁrmet
2598 1493 2927 1550 dilectionis
2973 1493 3269 1559 adsensus,
3313 1490 3521 1546 idcirco
3573 1491 3758 1545 ﬁlium

2123 1593 2383 1646 nostrum
2411 1590 2489 1644 ill.
2520 1589 2685 1660 cupio
2709 1589 2782 1643 ad
2802 1587 3054 1644 ofﬁcium
3081 1587 3414 1642 diaconatus
3437 1585 3494 1639 in
3521 1600 3760 1639 consor-

2123 1685 2268 1739 tium
2299 1686 2559 1738 nostrum
2581 1681 2890 1737 divinitatis
2907 1681 3114 1736 auxilio
3135 1695 3496 1751 promovere.
3515 1679 3602 1732 An
3625 1693 3766 1732 eum

2129 1779 2370 1850 dignum
2403 1777 2512 1832 hoc
2547 1775 2734 1832 ofﬁcio
2768 1774 3068 1842 censeatis,
3109 1773 3252 1828 scire
3301 1771 3594 1836 desidero;
3625 1775 3685 1825 et
3717 1770 3768 1824 si

2129 1875 2316 1926 vestra
2344 1869 2498 1942 apud
2527 1885 2722 1924 meam
2769 1867 3083 1923 concordat
3109 1865 3331 1932 electio,
3361 1863 3764 1920 testimonium

2133 1965 2287 2037 quod
2305 1965 2471 2020 vultis
2499 1963 2732 2018 vocibus
2763 1961 3101 2033 adprobate.
3130 1961 3241 2014 Per
3265 1958 3597 2014 Dominum.

2465 2069 2636 2119 Oratio
2662 2067 2727 2118 ad
2756 2067 3036 2118 diaconum
3062 2065 3428 2116 ordinandum.

2203 2159 2397 2234 304
2420 2160 2679 2226 Oremus,
2710 2157 3084 2224 dilectissimi,
3109 2157 3292 2210 Deum
3321 2156 3554 2209 Patrem
3581 2151 3774 2208 omni-

2133 2257 2452 2326 potentem,
2485 2255 2548 2306 ut
2568 2268 2740 2324 super
2765 2251 2918 2306 hunc
2949 2251 3232 2305 famulum
3267 2264 3453 2314 suum,
3483 2263 3656 2318 quem
3693 2245 3772 2302 ad

2133 2349 2384 2404 ofﬁcium
2407 2347 2743 2402 diaconatus
2765 2361 2970 2400 vocare
2992 2343 3282 2414 dignatur,
3299 2340 3774 2396 benedictionem

2133 2441 2334 2513 gratiae
2355 2442 2669 2495 clementer
2695 2438 2972 2506 effundat,
2993 2440 3050 2492 et
3071 2433 3518 2492 consecrationis
3547 2433 3776 2490 indulta

2133 2535 2412 2607 pr0pitius
2447 2533 2601 2589 dona
2625 2535 2942 2598 conservet,
2967 2534 3030 2586 ut
3055 2546 3250 2601 preces
3277 2531 3502 2584 nostras
3521 2527 3778 2582 clemen-

2137 2631 2224 2683 ter
2257 2627 2550 2692 exaudiat;
2580 2629 2638 2680 et
2665 2643 2792 2698 qua:
2829 2627 3025 2680 nostro
3056 2627 3188 2678 sunt
3217 2621 3474 2694 gerenda
3517 2619 3774 2686 servitio,

2105 2787 2119 2800 _
2137 2738 2238 2777 suo
2253 2721 2509 2792 benigno
2525 2721 2907 2792 prosequatur
2928 2717 3164 2782 auxilio;
3193 2721 3250 2771 et
3271 2732 3446 2787 quem
3465 2713 3639 2769 sacris
3659 2713 3776 2767 mi-

2139 2815 2384 2870 nisteriis
2409 2812 2785 2885 exsequendis
2812 2829 2915 2882 pro
2947 2814 3144 2865 nostra
3169 2807 3554 2880 intelligentia
3585 2805 3778 2861 credi-

2137 2926 2266 2974 mus
2306 2907 2686 2974 oﬁ‘erendum,
2745 2913 2848 2960 Sua
2903 2905 3094 2976 potius
3145 2903 3426 2958 electione
3473 2899 3774 2972 justiﬁcet.

2137 3004 2245 3057 Per
2271 3001 2604 3056 Dominum.

2791 3067 3142 3120 Consecratio.

2211 3159 2443 3224 Adesto,
2478 3171 2824 3228 quaesumus,
2870 3153 3238 3225 omnipotens
3278 3152 3446 3218 Deus,
3485 3151 3780 3208 honorum

2143 3252 2326 3318 dator,
2343 3250 2612 3306 ordinum
2624 3247 2977 3312 distributor,
2993 3246 3432 3317 ofﬁciorumque
3447 3245 3778 3318 dispositor,

2143 3346 2240 3417 qui
2265 3345 2322 3399 in
2347 3347 2399 3398 te
2421 3359 2684 3409 manens,
2707 3341 2948 3396 innovas
2977 3339 3192 3407 omnia,
3215 3341 3272 3393 et
3293 3343 3496 3394 cuncta
3523 3337 3781 3410 disponis

2141 3455 2246 3510 per
2273 3433 2542 3502 Verbum,
2569 3435 2870 3502 Virtutem,
2894 3432 3369 3504 Sapientiamque
3401 3435 3560 3486 tuam
3579 3433 3776 3486 Jesum

2142 3532 2428 3590 Christum
2455 3528 2657 3583 Filium
2689 3531 2852 3581 tuum
2891 3527 3202 3581 Dominum
3247 3529 3529 3592 nostrum,
3567 3524 3778 3596 sempi-

2143 3629 2308 3681 terna
2327 3619 2685 3696 providentia
2705 3637 3014 3692 praeparas,
3039 3622 3098 3674 et
3119 3619 3179 3673 in
3201 3618 3438 3690 singulis
3459 3603 3782 3690 quibusque

2145 3717 2500 3790 temporibus
2525 3715 2778 3788 aptanda
2807 3715 3122 3786 dispensas.
3155 3713 3327 3784 Cujus
3351 3729 3556 3785 corpus
3585 3713 3782 3767 Eccle-

2145 3812 2288 3867 siam
2335 3815 2514 3878 tuam,
2547 3809 2862 3866 caelestium
2898 3807 3216 3880 gratiarum
3261 3807 3536 3861 varietate
3577 3805 3784 3861 distin-

2145 3908 2296 3960 ctam
2319 3919 2667 3974 suorumque
2695 3917 2954 3957 connexa
2985 3900 3328 3956 discretione
3359 3899 3782 3964 membrorum,

2145 4015 2248 4072 per
2267 4000 2458 4067 legem
2473 3996 2643 4050 totius
2663 3995 2943 4050 mirabilis
2965 3993 3261 4065 compagis
3285 3993 3528 4060 unitam,
3553 3992 3612 4046 in
3635 3992 3786 4064 Iaug-

2147 4095 2412 4146 mentum
2441 4089 2638 4160 templi
2663 4087 2746 4144 tui
2769 4103 3022 4142 crescere
3055 4087 3395 4158 dilatarique
3425 4085 3670 4156 largiris,
3703 4101 3788 4139 sa-

2147 4183 2226 4240 cri
2250 4182 2508 4238 muneris
2534 4183 2880 4238 servientem
2901 4181 3066 4235 trinis
3095 4180 3366 4252 gradibus
3387 4177 3786 4234 ministrorum

2151 4277 2374 4334 nomini
2385 4281 2482 4332 tuo
2501 4275 2753 4330 militare
2774 4275 3148 4341 constituens;
3179 4272 3372 4328 electis
3389 4272 3459 4328 ab
3473 4271 3634 4327 initio
3653 4271 3788 4326 Levi

2151 4371 2299 4440 ﬁliis,
2315 4369 2412 4443 qui
2433 4369 2687 4442 mysticis
2705 4367 3137 4440 operationibus
3160 4367 3364 4421 domus
3385 4369 3498 4419 tua:
3519 4365 3788 4420 ﬁdelibus

2063 4465 2394 4552 Dexcubiis
2447 4465 2873 4535 permanentes,
2925 4461 3310 4516 hereditatem
3361 4457 3786 4514 benedictionis

2145 4563 2376 4616 aeternae
2403 4559 2555 4612 sorte
2581 4558 2860 4628 perpetua
2883 4554 3262 4626 possiderent.
3293 4553 3477 4623 Super
3505 4551 3660 4606 hunc
3706 4553 3790 4606 fa-

2145 4655 2368 4709 mulum
2379 4655 2567 4716 tuum,
2593 4665 2942 4721 quaesumus,
2963 4647 3227 4713 Domine,
3245 4647 3498 4717 placatus
3521 4643 3786 4712 intende,

2146 4762 2322 4820 quem
2333 4744 2444 4799 tuis
2475 4743 2649 4798 sacris
2667 4741 3032 4808 serviturum,
3055 4741 3112 4794 in
3137 4738 3390 4794 ofﬁcium
3410 4737 3638 4792 diaconi
3661 4754 3794 4809 sup-

2145 4839 2368 4911 pliciter
2394 4837 2746 4892 dedicamus.
2776 4837 2846 4890 Et
2873 4851 2978 4890 nos
3011 4833 3270 4905 quidem,
3301 4835 3584 4902 tanquam
3607 4831 3798 4886 homi-

2147 4949 2270 4998 nes,
2305 4931 2480 4986 divini
2511 4945 2708 4984 sensus
2735 4931 2792 4982 et
2825 4943 3068 4982 summae
3097 4925 3334 4982 rationis
3375 4925 3586 4996 ignari,
3620 4925 3798 4996 hujus

2147 5026 2345 5092 vitam,
2388 5027 2672 5096 quantum
2697 5037 3019 5094 possumus,
3055 5019 3426 5076 aestimamus.
3455 5019 3528 5072 Te
3566 5021 3794 5084 autem,

2149 5119 2412 5184 Domine,
2463 5133 2592 5188 quae
2621 5115 2786 5171 nobis
2825 5117 2958 5172 sunt
2987 5115 3184 5186 ignota
3215 5131 3332 5168 non
3363 5115 3700 5178 transeunt;
3737 5115 3798 5166 te

2151 5213 2370 5268 occulta
2399 5227 2516 5266 non
2545 5210 2771 5264 fallunt.
2802 5211 2882 5264 Tu
2903 5208 3168 5279 cognitor
3196 5209 3517 5279 pectorum,
3553 5209 3615 5260 tu
3643 5221 3804 5260 scru-

2149 5309 2302 5360 tator
2327 5321 2386 5360 es
2409 5303 2756 5358 animarum.
2780 5303 2860 5358 Tu
2885 5303 3166 5356 veraciter
3191 5300 3250 5355 in
3271 5316 3408 5354 eum
3435 5299 3662 5354 caeleste
3693 5313 3806 5370 po-

2153 5403 2236 5452 tes
2260 5397 2534 5453 adhibere
2551 5396 2855 5468 judicium,
2881 5400 2940 5450 et
2957 5397 3114 5450 velut
3137 5393 3390 5464 indignis
3417 5393 3636 5448 donare
3667 5407 3805 5463 quas

2151 5491 2456 5564 poscimus.
2483 5489 2695 5545 Emitte
2727 5490 2786 5544 in
2819 5506 2974 5556 eum,
3000 5503 3347 5560 quaesumus,
3379 5485 3644 5554 Domine,
3669 5485 3806 5558 Spi-

2153 5585 2330 5642 ritum
2345 5587 2608 5640 sanctum
2629 5583 2690 5640 in
2715 5601 2857 5656 opus
2877 5581 3184 5639 ministerii
3205 5581 3458 5636 ﬁdeliter
3475 5593 3802 5652 exsequen-

2155 5721 2318 5785 rales,
2347 5737 2474 5793 quae
2502 5737 2708 5794 corpus
2729 5717 2936 5778 Christi
2957 5715 3216 5792 proxime
3237 5719 3504 5790 tangunt.
