4032 6180
232 285 326 340 321

1308 289 1394 345 DE
1432 291 1744 348 LITURGIA
1780 289 2152 351 GALLICANA
2192 294 2389 352 LIBER
2429 296 2515 353 Ill.

3487 311 3588 363 3'22

228 395 315 449 di:
348 407 582 448 munere
609 391 953 465 septiformis
973 399 1088 451 tuae.
1115 397 1310 468 gratiae
1329 399 1644 457 roboretur.
1663 403 1858 458 Abun-
1882 414 1941 488 Α
1961 407 2218 459 sanctum
2240 421 2547 461 consensus
2567 422 2715 462 unus
2736 405 2994 466 omnium
3008 410 3352 470 animorum.
3375 413 3442 470 Et
3468 416 3590 473 ideo

225 488 316 544 det
340 489 398 544 in
428 504 560 543 eum
596 487 766 542 totius
798 487 980 544 forma
1018 490 1260 562 virtutis,
1301 494 1622 566 auctoritas,
1658 499 1854 554 mode-

222 582 341 650 stia,
371 581 577 654 pudor,
606 586 864 637 constans
888 583 1230 654 innocentia,
1260 590 1316 641 et
1359 588 1625 658 spiritalis
1663 591 1854 648 obser-

220 675 402 730 vantia
431 675 760 746 disciplinae.
796 677 855 730 ln
881 678 1134 732 moribus
1163 679 1284 750 ejus
1311 687 1592 754 praecepta
1618 689 1714 739 tua
1743 685 1853 742 ful-

221 775 404 841 geant,
435 774 502 824 ut
529 785 646 823 suae
673 770 942 824 castitatis
963 773 1221 844 exemplo
1248 773 1626 832 imitationem
1652 785 1856 835 sanctae

216 861 391 933 plebis
420 861 712 934 adquirat;
737 868 793 918 et
820 864 1036 920 bonum
1065 855 1422 924 conscientiae
1467 871 1854 929 testimonium

215 955 529 1026 perferens,
561 956 620 1010 in
646 957 866 1012 Christo
915 958 1113 1016 ﬁrmus
1157 966 1214 1016 et
1249 963 1461 1018 stabilis
1503 971 1852 1038 perseveret;

213 1048 518 1120 dignisque
546 1051 989 1106 successionibus
1016 1054 1084 1108 de
1112 1054 1375 1111 inferiore
1389 1059 1704 1132 gradu,per
1733 1078 1856 1133 gra-

211 1141 346 1196 tiam
396 1147 576 1212 tuam,
624 1141 815 1216 305
854 1147 1074 1216 potiora
1127 1164 1326 1220 capere
1367 1167 1709 1209 mereamur.
1751 1157 1856 1212 Per

211 1235 515 1290 Dominum
541 1242 825 1294 nostrum.

275 1330 521 1399 Exaudi,
552 1331 804 1401 Domine,
833 1335 1154 1405 supplicum
1183 1353 1397 1409 preces,
1431 1344 1487 1395 et
1513 1341 1711 1398 devoto
1747 1343 1849 1400 tibi

208 1429 438 1495 pectore
463 1423 804 1479 famulantes
841 1432 1113 1498 perpetua
1149 1429 1472 1488 defensione
1511 1437 1746 1506 custodi,
1785 1443 1850 1492 ut

207 1517 375 1572 nullis
398 1518 925 1588 perturbationibus
951 1521 1228 1593 impediti,
1258 1525 1493 1582 liberam
1521 1531 1846 1586 servitutem

209 1611 310 1664 tuis
341 1627 576 1683 semper
603 1611 972 1669 exhibeamus
999 1615 1214 1672 ofﬁciis.
1252 1619 1358 1673 Per
1399 1621 1706 1678 Dominum
1750 1641 1845 1679 no-

208 1710 407 1759 sm.
428 1775 508 1824 Ad
535 1777 1004 1828 consummandam
1041 1779 1343 1833 diaconatus
1367 1784 1613 1835 ofﬁcium.

266 1849 592 1905 Commune
630 1856 825 1906 votum
850 1855 1165 1910 communis
1201 1864 1574 1930 prosequatur
1621 1863 1798 1916 oratio
1827 1880 1840 1917 :

206 1946 262 1996 ut
282 1942 379 1996 his
403 1943 578 1998 totius
603 1945 861 2000 Ecclesiae
888 1963 1073 2018 prece,
1117 1950 1216 2020 qui
1268 1951 1327 2005 in
1373 1951 1698 2008 diaconatus
1741 1957 1845 2010 mi-

205 2036 434 2091 nisterio
462 2043 817 2108 praeparatur
837 2039 1077 2111 levitico,
1109 2042 1503 2100 benedictione
1529 2052 1584 2101 et
1611 2048 1845 2118 spiritali

206 2131 626 2186 conversatione
653 2133 996 2204 praefulgens
1029 2136 1208 2207 gratia
1233 2139 1686 2195 sanctiﬁcationis
1730 2143 1844 2198 elu-

205 2228 338 2278 ceat.
372 2225 484 2279 Per
510 2225 838 2281 Dominum.

735 2315 1036 2364 Benedictio
1064 2318 1313 2381 sequitur.

266 2387 508 2443 Domine
551 2393 760 2455 sancte,
800 2391 939 2460 spei,
969 2390 1118 2461 ﬁdei,
1151 2393 1370 2464 gratim,
1400 2400 1456 2450 et
1483 2397 1842 2467 profectuum

206 2487 552 2551 munerator,
585 2483 685 2554 qui
714 2483 773 2537 in
810 2484 1121 2539 caelestibus
1149 2490 1206 2540 et
1233 2488 1472 2543 terrenis
1507 2492 1839 2562 angelorum

205 2575 528 2630 ministeriis
559 2575 766 2647 ubique
793 2577 1070 2649 dispositis
1097 2596 1200 2650 per
1220 2582 1409 2636 omnia
1437 2583 1715 2640 elementa
1742 2603 1838 2640 vo-

205 2665 428 2723 luntatis
446 2674 563 2724 tuae
579 2670 831 2726 defendis
851 2671 1136 2740 affectum,
1156 2673 1307 2730 hunc
1320 2692 1545 2748 quoque
1559 2678 1839 2734 famulum

205 2765 356 2816 tuum
386 2762 471 2817 ill.
506 2763 734 2835 speciali
767 2763 1002 2836 dignare
1036 2766 1334 2824 inlustrare
1358 2776 1606 2841 aspectu,
1634 2777 1698 2826 ut
1729 2773 1839 2827 tuis

203 2853 477 2927 obsequiis
509 2857 826 2928 expeditus,
856 2860 1060 2914 sanctis
1084 2861 1351 2917 altaribus
1377 2863 1637 2919 minister
1661 2882 1838 2937 purus

202 2947 482 3004 adcrescat
497 2968 514 3018 ;
547 2955 604 3005 et
628 2950 983 3023 indulgentia
1013 2954 1227 3024 purior,
1249 2971 1446 3012 eorum
1475 2958 1675 3028 gradu,
1698 2976 1837 3031 quos

201 3043 435 3113 apostoli
464 3044 550 3098 tui
579 3044 639 3098 in
681 3046 996 3116 septenario
1019 3062 1297 3119 ‘numero,
1337 3049 1501 3106 beato
1557 3052 1837 3124 Stephano

202 3134 331 3190 duce
357 3153 423 3190 ac
453 3139 691 3208 praevio,
713 3145 911 3195 sancto
933 3140 1144 3211 Spiritu
1168 3147 1395 3199 auctore
1413 3144 1726 3217 elegerunt,
1758 3147 1838 3202 di-
1857 3155 1911 3230 ρ

205 3244 339 3300 gnus
385 3231 622 3301 existat;
681 3238 737 3288 et
784 3233 1086 3289 virtutibus
1129 3237 1426 3305 universis,
1477 3239 1683 3310 quibus
1734 3240 1834 3296 tibi

205 3324 398 3379 servire
434 3330 676 3396 oportet,
714 3325 1023 3382 instructus
1053 3331 1348 3402 compleat.
1391 3333 1496 3386 Per
1531 3333 1834 3390 Dominum

203 3421 449 3472 nostrum
477 3419 675 3473 Iesum
701 3419 1009 3476 Christum.

269 3515 398 3570 Vill.
427 3532 723 3572 succurro
759 3533 829 3572 an
866 3535 1110 3574 porumu
1153 3537 1208 3574 IN
1246 3537 1604 3579 onmmmons
1645 3541 1762 3580 pns-

896 3607 1131 3645 SBYTERI.

268 3668 567 3736 Quoniam,
613 3667 965 3724 dilectissimi
999 3671 1221 3740 fratres,
1276 3675 1505 3730 rectoris
1531 3691 1734 3731 navem
1778 3682 1835 3732 et

204 3760 483 3832 navigium
523 3761 832 3818 deferentis
879 3764 1076 3819 eadem
1103 3771 1186 3821 est
1215 3767 1301 3822 vel
1325 3769 1637 3824 securitatis
1667 3769 1830 3838 ratio,

205 3855 283 3910 vel
301 3855 536 3924 timoris,
568 3856 888 3912 communis
913 3874 1114 3913 eorum
1141 3859 1306 3916 debet
1347 3877 1466 3918 esse
1517 3864 1794 3919 sententia
1814 3906 1828 3932 ,

206 3964 438 4020 quorum
476 3966 646 4004 causa
678 3952 996 4006 communis
1022 3953 1254 4009 exsistit.
1288 3955 1398 4011 Nec
1430 3956 1638 4012 frustra
1668 3975 1701 4011 a
1739 3957 1834 4012 Pa-

207 4041 372 4097 tribus
394 4041 818 4098 reminiscimur
845 4044 1188 4118 institutum,
1228 4053 1293 4103 ut
1324 4049 1392 4104 de
1429 4049 1699 4106 electione
1735 4067 1828 4106 eo-

204 4148 323 4190 rum
351 4137 450 4208 qui
481 4135 555 4192 ad
583 4138 840 4209 regimen
865 4139 1054 4194 altaris
1084 4140 1390 4197 adhibendi
1416 4149 1548 4199 sunt
1572 4145 1828 4200 consula-

204 4231 290 4283 tur
315 4235 370 4285 et
392 4231 662 4304 populus,
701 4232 833 4304 quia
861 4233 928 4288 de
975 4238 1103 4289 actu
1143 4240 1199 4290 et
1238 4238 1654 4293 conversatione
1693 4255 1832 4311 pree-

203 4322 354 4393 senti,
373 4324 526 4396 quod
543 4342 978 4399 nonnumquam
998 4329 1297 4400 ignoratur
1313 4348 1345 4384 a
1359 4331 1636 4402 pluribus,
1659 4332 1832 4387 scitur

203 4431 231 4468 a
252 4419 466 4488 paucis;
504 4423 561 4474 et
595 4436 818 4475 necesse
848 4427 931 4477 est
959 4427 1024 4477 ut
1047 4423 1263 4478 facilius
1299 4425 1426 4497 quis
1456 4425 1831 4481 obedientiam

1959 498 2291 554 electionem
2329 505 2571 556 vestram
2620 501 2832 559 debetis
2884 521 3017 562 voce
3050 507 3276 578 publica
3314 508 3586 580 proﬁteri.

1955 593 2060 648 Per
2088 593 2408 648 Dominum.

2283 687 2454 736 Oratio
2479 689 2543 737 ad
2570 689 2900 752 presbyteros
2928 691 3257 744 ordinandos.

2025 761 2282 829 Oremus,
2301 763 2666 831 dilectissimi,
2687 765 2863 819 Deum
2875 768 3098 822 Patrem
3119 770 3586 842 omnipotentem,

1955 857 2018 907 ut
2043 871 2214 926 super
2238 855 2391 911 hunc
2416 857 2695 911 famulum
2723 875 2912 926 suum,
2955 877 3124 932 quem
3169 863 3238 918 ad
3277 865 3587 937 presbyteri

1955 963 2166 1003 munus
2197 949 2375 1021 eligit,
2395 950 2634 1006 caelestia
2655 951 2802 1006 dona
2830 953 3166 1026 multiplicet
3198 975 3211 1011 :
3243 962 3299 1012 et
3318 974 3446 1030 quae
3468 961 3588 1032 ejus

1953 1040 2282 1113 dignatione
2311 1044 2642 1116 suscipiunt,
2667 1045 2790 1116 ejus
2817 1053 3194 1119 exsequantur
3221 1052 3450 1109 auxilio.
3482 1055 3588 1110 Per

1951 1134 2275 1192 Dominum.

2637 1210 2763 1259 Item
2789 1211 2905 1260 alia.

2022 1281 2236 1337 Exaudi
2261 1299 2381 1353 nos,
2412 1283 2577 1350 Deus,
2609 1285 2868 1340 salutaris
2895 1291 3108 1356 noster,
3144 1293 3199 1344 et
3224 1307 3394 1363 super
3431 1293 3583 1350 hunc

1946 1373 2227 1430 famulum
2269 1382 2434 1431 tuum
2477 1376 2924 1434 benedictionem
2977 1382 3220 1453 Spiritus
3267 1387 3466 1456 sancti,
3529 1395 3586 1442 et

1950 1468 2146 1538 gratiae
2188 1471 2543 1525 sacerdotalis
2587 1471 2812 1527 efl‘unde
2855 1474 3144 1545 virtutem,
3176 1480 3242 1531 ut
3267 1494 3436 1548 quem
3468 1483 3580 1535 tum

1946 1562 2169 1631 pietatis
2199 1564 2551 1634 suspectibus
2581 1566 2870 1622 offerimus
2897 1571 3358 1642 consecrandum,
3387 1589 3584 1644 perpeo

1946 1658 2044 1710 tua
2072 1657 2324 1712 muneris
2349 1657 2432 1712 tui
2458 1658 2717 1730 largitate
2742 1663 3119 1733 prosequaris.
3147 1665 3272 1720 Per.

2591 1753 2939 1804 Consecratio.

1866 1787 1922 1858 B
2019 1825 2250 1879 Domine
2277 1829 2488 1895 sancte,
2520 1827 2683 1881 Pater
2728 1829 3104 1904 omnipotens,
3155 1836 3364 1888 seteme
3416 1835 3578 1905 Deus,

1946 1917 2231 1972 honorum
2259 1924 2314 1973 et
2339 1919 2595 1974 omnium
2621 1919 2987 1992 dignitatum,
3017 1940 3143 1995 quae
3171 1924 3275 1979 tibi
3313 1928 3577 1998 militant,

1946 2011 2294 2081 distributor,
2318 2030 2420 2083 per
2442 2030 2611 2085 quem
2631 2015 2936 2085 proficiunt
2963 2017 3244 2088 universa,
3270 2036 3373 2089 per
3407 2037 3580 2092 quem

1945 2110 2146 2160 cuncta
2173 2105 2864 2179 ﬁrmantur,ampliﬁcatis
2895 2126 3117 2181 semper
3143 2111 3202 2166 in
3245 2113 3445 2168 melius
3484 2132 3579 2170 na-

1943 2203 2088 2253 turae
2117 2199 2405 2254 rationalis
2432 2185 2818 2270 incrementis,
2847 2219 2949 2274 per
2974 2204 3232 2260 ordinem
3267 2223 3576 2278 congruam

1943 2293 2219 2348 rationem
2249 2293 2608 2365 dispositum.
2651 2296 2805 2351 Unde
2849 2298 3216 2353 sacerdotales
3253 2301 3480 2371 gradus,
3523 2308 3581 2358 et

1941 2386 2123 2440 ofﬁcia
2145 2387 2444 2441 levitarum
2471 2389 2834 2444 sacramentis
2861 2391 3109 2461 mysticis
3153 2392 3413 2449 instituta
3453 2412 3574 2450 cre-

1939 2484 2180 2549 verunt;
2211 2484 2273 2534 ut
2302 2498 2432 2535 cum
2457 2483 2750 2553 pontifices
2776 2501 3026 2539 summos
3051 2487 3314 2557 regendis
3357 2489 3579 2560 populis

1940 2574 2299 2645 praefecisses,
2332 2576 2400 2630 ad
2431 2592 2629 2630 eorum
2657 2577 2950 2634 societates
2977 2584 3033 2633 et
3061 2580 3246 2650 operis
3276 2582 3573 2653 adjumen-

1939 2673 2064 2722 tum
2103 2669 2388 2739 sequentis
2426 2669 2640 2724 ordinis
2693 2671 2840 2726 viros
2881 2677 2937 2726 et
2985 2674 3248 2728 secundae
3287 2675 3575 2746 dignitatis

1939 2762 2198 2833 elegeris.
2226 2763 2312 2817 Sic
2343 2763 2401 2816 in
2432 2779 2623 2817 eremo
2646 2780 2749 2834 per
2776 2766 3140 2836 septuaginta
3159 2767 3409 2822 virorum
3435 2785 3572 2840 pru-

1939 2855 2194 2911 dentium
2209 2858 2428 2910 mentes
2440 2856 2610 2926 Moysi
2625 2856 2886 2928 spiritum
2901 2860 3242 2931 propagasti,
3258 2861 3464 2932 quibus
3477 2862 3572 2919 ille

1937 2949 2286 3020 adjutoribus
2311 2965 2448 3003 usus
2475 2949 2536 3004 in
2563 2951 2794 3022 populo,
2823 2951 3149 3008 innumeras
3179 2955 3574 3012 multitudines

1936 3043 2097 3098 facile
2141 3043 2494 3114 gubernavit.
2533 3045 2620 3099 Sic
2663 3049 2720 3099 et
2760 3046 3021 3100 Eleazaro
3065 3052 3121 3102 et
3162 3049 3410 3104 Ithamar
3448 3050 3576 3105 ﬁliis

1936 3141 2120 3193 Aaron
2145 3141 2393 3209 paternae
2433 3138 2799 3209 plenitudinis
2840 3141 3248 3197 abundantiam
3275 3144 3576 3200 transfudi-

1935 3233 2023 3303 sti,
2062 3238 2128 3287 ut
2165 3232 2236 3286 ad
2277 3231 2491 3286 hostias
2539 3233 2812 3289 salutares
2859 3240 2915 3288 et
2961 3235 3360 3307 frequentioris
3406 3238 3576 3294 ofﬁcii

1933 3329 2281 3385 sacramenta
2306 3325 2586 3380 sufficeret
2614 3326 2882 3382 meritum
2897 3330 3269 3384 sacerdotum.
3299 3332 3411 3386 Hac
3439 3349 3570 3404 pro-

1933 3421 2199 3489 videntia,
2243 3420 2497 3485 Domine,
2542 3420 2814 3490 apostolis
2855 3421 2979 3475 Filii
3017 3422 3101 3476 tui
3143 3423 3396 3479 doctores
3439 3426 3572 3481 ﬁdei

1934 3516 2165 3572 comites
2197 3513 2480 3581 addidisti,
2507 3513 2712 3583 quibus
2737 3513 2817 3567 illi
2845 3515 3042 3569 orbem
3084 3520 3266 3571 totum
3312 3519 3572 3574 secundis
3647 3506 3656 3510 ’

1933 3607 2396 3682 praedicatoribus
2431 3605 2829 3676 impleverunt.
2860 3608 3212 3680 Quapropter
3251 3610 3573 3668 inﬁrmitati

1933 3719 2158 3776 quoque
2186 3703 2412 3768 nostras,
2437 3699 2689 3769 Domine,
2719 3717 3063 3772 quaesumus,
3092 3703 3215 3760 haec
3245 3705 3573 3776 adjumenta
3623 3779 3626 3782 ι

1933 3797 2160 3868 largire,
2181 3795 2281 3867 qui
2297 3797 2509 3866 quanto
2528 3793 2710 3865 magis
2734 3795 3048 3866 fragiliores
3064 3813 3282 3868 sumus,
3307 3803 3462 3854 tanto
3484 3799 3572 3856 his

1933 3891 2155 3963 plurius
2185 3889 2531 3960 indigemus.
2566 3889 2666 3954 Da,
2699 3905 3049 3960 quaesumus,
3079 3892 3440 3964 omnipotens
3463 3895 3569 3950 Pa-

1934 3987 2040 4054 ter,
2069 3985 2128 4038 in
2159 3984 2263 4038 hoc
2292 3981 2502 4036 famulo
2543 3985 2641 4036 tuo
2680 3981 2760 4037 ill.
2807 3983 3145 4056 presbyterii
3185 3986 3521 4058 dignitatem
3549 4007 3566 4059 ;

1932 4077 2136 4133 innova
2161 4078 2222 4132 in
2248 4076 2556 4132 visceribus
2585 4076 2708 4146 ejus
2733 4077 3000 4148 spiritum
3027 4079 3357 4135 sanctitatis.
3398 4084 3566 4137 Acce-

1930 4176 2096 4246 ptum
2134 4189 2167 4226 a
2193 4177 2268 4240 te,
2312 4172 2476 4239 Deus,
2515 4170 2746 4225 secundi
2790 4171 2980 4226 meriti
3019 4188 3228 4227 munus
3272 4173 3523 4230 obtineat
3551 4217 3566 4245 ,

1931 4281 2339 4338 censuramque
2356 4280 2582 4320 morum
2610 4265 2870 4336 exemplo
2886 4280 3000 4320 sua:
3022 4267 3460 4322 conversationis
3485 4270 3568 4324 in-

1931 4361 2135 4417 sinuet.
2169 4361 2252 4415 Sit
2276 4358 2542 4431 providus
2569 4361 2900 4429 cooperator
2940 4358 3155 4413 ordinis
3200 4361 3398 4428 nostri,
3441 4364 3565 4418 elu~

1931 4459 2053 4509 ceat
2080 4453 2138 4508 in
2176 4470 2310 4508 eum
2333 4451 2504 4506 totius
2541 4451 2722 4505 forma
2743 4451 2998 4522 justitize,
3039 4456 3105 4507 ut
3131 4453 3340 4508 bonam
3370 4453 3560 4530 307

204 4511 453 4622 “hibeat
506 4513 785 4617 οτίξίηδῖον
825 4515 929 4620 Ocni
973 4517 1276 4572 adsensum
1326 4517 1637 4622 Ρῗῖεδυθτίί
1685 4520 1832 4622 ⁰¹ξάί“
1851 4537 2215 4609 Drationem
2272 4544 2706 4617 dispensationis
2743 4511 2870 4598 “sibi
2942 4511 3171 4601 creditas
3218 4511 3562 4622 redditurus,

203 4606 397 4662 nando.
427 4607 636 4662 Fratris
664 4609 840 4664 nostri
877 4615 934 4665 et
977 4613 1399 4684 conpresbyteri
1443 4615 1825 4686 conversatio,

205 4703 469 4769 quantum
494 4717 657 4757 nosse
687 4702 830 4756 mihi
871 4701 1080 4774 videor,
1111 4705 1346 4776 probata
1371 4724 1434 4762 ac
1479 4707 1589 4762 Deo
1628 4707 1830 4778 placita

207 4798 298 4858 est,
329 4800 383 4848 et
409 4795 582 4866 digna
631 4795 714 4866 (ut
759 4796 1020 4868 arbitror)
1054 4799 1404 4856 ecclesiastici
1449 4801 1680 4857 honoris
1725 4819 1824 4858 au-

208 4891 461 4957 gmento:
501 4889 598 4944 sed
641 4907 713 4946 ne
739 4907 920 4946 unum
947 4892 1177 4948 fortasse
1202 4895 1289 4949 vel
1317 4911 1523 4966 paucos
1547 4901 1645 4951 aut
1674 4897 1826 4952 deci-

205 4979 309 5049 piat
333 4979 608 5052 adsensio,
637 4988 736 5038 aut
759 4984 918 5040 fallat
945 4986 1185 5056 affectio,
1214 4990 1490 5044 sententia
1530 4995 1615 5046 est
1653 5007 1824 5063 expe-

204 5074 393 5129 ctanda
411 5076 746 5133 multorum.
767 5079 956 5151 Itaque
973 5082 1108 5153 quid
1126 5081 1195 5138 de
1222 5082 1342 5154 ejus
1356 5084 1570 5140 actibus
1585 5089 1683 5140 aut
1701 5102 1824 5140 mo-

203 5166 345 5222 ribus
371 5170 659 5240 noveritis,
683 5171 821 5242 quid
851 5173 919 5228 de
948 5175 1152 5230 merito
1193 5177 1480 5248 censeatis,
1522 5178 1636 5232 Deo
1665 5181 1825 5245 teste,

203 5262 558 5319 consulimus.
591 5265 763 5322 Debet
786 5266 931 5322 hanc
964 5268 1135 5324 ﬁdem
1163 5269 1370 5326 habere
1400 5271 1599 5326 caritas
1623 5277 1824 5342 vestra,

203 5369 359 5424 quam
383 5358 697 5414 secundum
723 5368 1072 5434 praeceptum
1108 5364 1416 5436 Evangelii,
1448 5370 1505 5420 et
1533 5367 1644 5420 Deo
1674 5365 1829 5420 exhi-

203 5446 322 5504 bere
347 5451 561 5507 debetis
585 5457 642 5508 et
666 5455 946 5525 proximo,
975 5461 1041 5512 ut
1064 5458 1200 5513 huic
1227 5459 1616 5514 testimonium
1643 5477 1824 5515 sacer-

204 5540 307 5597 doti
334 5547 516 5616 magis
541 5563 646 5618 pro
681 5549 884 5604 merito
927 5567 1097 5622 quam
1144 5568 1246 5624 pro
1285 5552 1580 5608 affectione
1633 5552 1825 5626 306

205 5636 406 5710 aliquid
423 5639 705 5697 tribuatis.
727 5644 796 5698 Et
811 5645 910 5716 qui
927 5645 1280 5702 devotionem
1296 5648 1556 5704 omnium
1572 5653 1827 5722 expecta-

208 5743 338 5799 mus,
365 5733 685 5807 intelligere
711 5741 955 5794 tacentes
980 5756 1094 5796 non
1121 5757 1440 5812 possumus.
1480 5743 1698 5799 Scimus
1738 5747 1822 5797 ta-

207 5838 323 5881 men
349 5829 501 5900 quod
530 5835 614 5886 est
640 5832 1035 5904 acceptabilius
1064 5834 1194 5903 Deo,
1225 5837 1406 5893 aderit
1429 5853 1532 5910 per
1556 5837 1827 5910 Spiritum

1931 4645 2160 4697 aeternae
2186 4637 2550 4696 beatitudinis
2575 4637 2810 4709 praemia
2835 4645 3233 4711 consequatur.
3263 4643 3388 4698 Per.

2371 4731 2756 4782 Consummatio
2777 4731 3117 4797 presbyterii.

2000 4816 2080 4872 Sit
2105 4815 2289 4884 nobis,
2317 4814 2539 4883 fratres,
2582 4813 2899 4868 communis
2928 4814 3127 4885 oratio,
3157 4820 3219 4870 ut
3241 4816 3355 4887 hic,
3382 4819 3481 4889 qui
3504 4816 3562 4874 in

1911 4892 2274 4980 iadjutorium
2303 4913 2360 4964 et
2386 4907 2690 4963 utilitatem
2708 4912 2908 4963 vestrae
2935 4908 3130 4964 salutis
3158 4909 3407 4982 eligitur,
3440 4927 3565 4983 pre-

1929 5005 2242 5075 sbyteratus
2269 5002 2719 5059 benedictionem
2739 5001 2912 5056 divini
2931 5002 3287 5073 indulgentia
3309 5006 3565 5062 muneris

1929 5106 2322 5174 consequatur,
2365 5104 2432 5156 ut
2453 5100 2628 5156 sancti
2657 5099 2895 5170 Spiritus
2925 5101 3254 5156 sacerdotali
3269 5102 3412 5158 dona
3440 5106 3559 5177 pri-

1928 5197 2132 5268 vilegio
2167 5196 2462 5265 virtutum,
2502 5210 2575 5250 ne
2605 5193 2789 5264 impar
2815 5193 2936 5248 loco
2966 5194 3442 5270 deprehendatur,
3470 5200 3563 5254 ob-

1929 5291 2104 5346 tineat
2127 5307 2228 5362 per
2248 5305 2434 5344 suum.
2467 5290 2572 5342 Per
2597 5287 2924 5342 Dominum.

2509 5381 2637 5430 Item
2662 5379 2980 5430 benedictio.

2002 5460 2184 5530 [Deus]
2212 5456 2721 5512 sanctiﬁcationum
2741 5456 3003 5512 omnium
3021 5463 3234 5528 auctor,
3250 5461 3409 5532 cujus
3433 5473 3561 5516 vera

1929 5552 2294 5620 consecratio,
2315 5551 2480 5622 plena
2506 5550 2824 5607 benedictio
2847 5553 2950 5622 est,
2983 5554 3064 5623 tu,
3094 5553 3347 5620 Domine,
3391 5569 3562 5622 super

1927 5648 2079 5702 hunc
2108 5644 2386 5700 famulum
2417 5644 2498 5700 ill.
2527 5662 2700 5718 quem
2729 5646 3068 5718 presbyterii
3093 5647 3306 5701 honore
3332 5645 3556 5700 dedica-

1926 5757 2075 5807 mus,
2105 5755 2337 5794 manum
2359 5743 2472 5794 tute
2487 5738 2896 5795 benedictionis
2922 5739 3175 5807 infunde,
3202 5740 3268 5790 ut
3287 5738 3559 5810 gravitate

1927 5837 2179 5904 actuum,
2211 5837 2266 5889 et
2300 5849 2539 5890 censura
2568 5833 2794 5890 vivendi
2819 5832 3019 5904 probet
3045 5846 3102 5886 se
3128 5845 3246 5886 esse
3276 5830 3557 5902 seniorem
