4032 6180
453 239 556 294 323

440 437 530 494 lus
555 439 838 510 exposuit:
865 444 926 494 ut
945 439 1005 494 in
1033 442 1156 512 lege
1179 443 1275 496 tua
1295 441 1382 496 die
1395 459 1460 496 ac
1475 449 1658 514 nocte,
1685 443 2074 516 Omnipotens,

441 533 740 599 meditans,
779 533 930 604 quod
965 534 1167 604 legerit
1205 535 1414 606 credat,
1453 537 1606 608 quod
1641 538 1941 594 crediderit
1979 540 2075 593 do-

442 631 585 695 ceat,
615 627 766 698 quod
791 626 1042 681 docuerit
1062 627 1346 684 imitetur:
1370 630 1670 700 justitiam,
1687 633 2075 700 constantiam,

441 719 912 788 misericordiam,
945 720 1340 778 fortitudinem
1377 723 1436 778 in
1463 741 1520 778 se
1557 725 1844 794 ostendat;
1891 742 2080 781 exem-

443 813 600 883 plum
629 812 860 882 probet;
892 813 1336 872 admonitionem
1381 817 1718 888 confirmet;
1764 821 1830 874 ut
1867 837 2074 890 purum

439 913 608 977 atque
633 905 1062 962 immaculatum
1085 909 1384 964 ministerii
1415 911 1496 966 tui
1523 913 1738 967 donum
1779 913 2075 978 custodiat,

438 1003 496 1054 et
519 1015 622 1069 per
649 999 986 1071 obsequium
1005 1001 1185 1072 plebis
1209 1008 1318 1058 tuae
1335 1021 1540 1076 corpus
1558 1011 1614 1061 et
1631 1007 1968 1078 sanguinem
1991 1005 2076 1060 Fi-

437 1091 498 1146 lii
525 1092 607 1146 tui
635 1093 998 1149 immaculata
1025 1095 1417 1152 benedictione
1459 1100 1848 1170 transformet;
1895 1104 1952 1154 et
1987 1100 2076 1154 in-

439 1185 684 1240 violabili
741 1185 970 1242 caritate
997 1187 1056 1242 in
1083 1189 1269 1244 virum
1293 1192 1630 1262 perfectum,
1661 1193 1720 1248 in
1751 1210 2079 1249 mensuram

435 1279 618 1333 aetatis
645 1277 1011 1350 plenitudinis
1039 1283 1264 1353 Christi,
1295 1285 1356 1338 in
1382 1286 1472 1340 die
1493 1287 1725 1356 justitiaa
1756 1288 1950 1342 aeterni
1977 1289 2076 1358 ju-

436 1369 586 1438 dicii,
643 1373 982 1428 conscientia
1023 1392 1186 1446 pura,
1230 1376 1340 1431 ﬁde
1383 1379 1572 1450 plena,
1619 1379 1830 1452 Spiritu
1891 1386 2079 1436 sancto

437 1466 637 1534 plenus
657 1467 958 1537 persolvat.
991 1469 1096 1522 Per
1125 1471 1450 1526 Dominum.

969 1561 1304 1612 Consccratio
1341 1577 1538 1613 manus.

511 1640 924 1694 Consecrentur
977 1659 1179 1696 manus
1223 1641 1363 1712 istas,
1406 1649 1462 1698 et
1509 1645 1932 1700 sanctiﬁcantur
1977 1661 2082 1716 per

1239 241 1570 296 APPENDIX
1607 241 1694 296 AD
1730 241 1952 298 OPERA
1989 241 2222 298 SANCTI
2259 243 2554 300 GERMANI
2594 245 3016 302 PARISIENSIS.

439 344 528 400 his
553 343 846 400 institutus
873 345 1180 418 disciplinis
1205 363 1346 419 quas
1370 349 1492 404 Tito
1521 355 1578 404 et
1605 349 1898 406 Timotheo
1925 353 2074 406 Pau-
2097 365 2156 436 Α

3707 249 3818 306 324

2395 353 2566 404 Oratio
2594 359 2646 406 et
2677 369 2862 420 preces
2885 355 2949 405 de
2978 355 3236 420 episcopis
3257 355 3574 408 ordinandis.

2247 439 2487 496 Oremus
2513 440 2560 508 δ,
2593 440 2934 496 dilectissimi
2961 440 3142 510 nobis,
3173 446 3234 496 ut
3261 441 3350 496 his
3383 441 3514 496 viris
3549 442 3620 498 ad
3653 443 3816 500 utili-

2176 537 2354 588 tatem
2381 533 2639 588 Ecclesiae
2669 534 3028 605 providendis
3057 535 3383 606 benignitas
3410 537 3822 608 omnipotentis
3865 543 3874 554 ‘

2178 627 2276 681 Dei
2305 627 2644 700 gratiasqsuaa
2675 627 2886 682 tribuat
2907 629 3247 700 largitatem.
3275 630 3379 682 Per
3409 629 3740 685 Dominum.

2251 721 2482 788 Exaudi,
2513 721 2770 792 Domine,
2805 721 3122 793 supplicum
3169 737 3386 794 preces,
3427 727 3493 776 ut
3523 723 3680 794 quod
3719 740 3822 780 no-

2179 821 2293 870 stro
2322 815 2634 886 gerendum
2661 819 2744 870 est
2769 814 3100 884 ministerio,
3129 819 3228 870 tua
3253 816 3438 888 potius
3464 815 3669 872 virtute
3713 817 3816 872 ﬁr-

2180 915 2386 966 metur.
2415 911 2520 964 Per
2545 908 2848 963 Dominum
2875 913 3152 962 nostrum.

2248 1003 2555 1076 Propitare,
2605 1001 2864 1070 Domine,
2937 1001 3433 1072 supplicationibus
3490 1003 3700 1058 nostris
3763 1009 3820 1058 et

2177 1097 2443 1152 inclinato
2471 1112 2641 1168 super
2669 1095 2772 1150 hos
2797 1095 3037 1150 famulos
3059 1100 3182 1150 tuos
3208 1111 3386 1150 cornu
3414 1097 3610 1168 gratim
3638 1111 3822 1151 sacer—

2179 1191 2395 1260 dotalis,
2433 1189 2836 1244 benedictionis
2873 1193 2983 1242 tuaa
3027 1187 3086 1242 in
3122 1205 3220 1243 eos
3256 1187 3480 1244 effunde
3522 1189 3815 1246 virtutem.

2179 1291 2284 1344 Per
2309 1289 2636 1344 Dominum.

2727 1357 2977 1408 Collectio
3003 1356 3251 1420 sequitur.

2253 1441 2417 1508 Deus,
2447 1439 2617 1494 totius
2647 1437 3096 1492 sanctiﬁcationis
3137 1454 3200 1491 ac
3242 1437 3468 1510 pietatis
3499 1445 3810 1509 auctorem,

2179 1535 2278 1605 qui
2302 1533 2676 1605 placationem
2702 1547 2883 1598 suam,
2912 1537 2968 1586 et
2994 1530 3282 1598 sacriﬁcia,
3311 1535 3368 1586 et
3403 1548 3560 1586 sacra
3603 1531 3811 1588 consti—

2180 1627 2307 1694 tuit,
2337 1627 2538 1680 fratres
2579 1625 2941 1692 dilectissimi,
2985 1625 3375 1695 deprecemur,
3416 1626 3500 1680 uti
3540 1625 3692 1680 hunc
3729 1625 3814 1680 fa-

439 1731 604 1787 istam
619 1733 966 1804 unctionem,
987 1737 1044 1788 et
1068 1739 1324 1791 nostram
1345 1736 1819 1806 benedictionem,
1840 1741 1906 1792 ut
1925 1754 2078 1810 quee-
2095 1737 2152 1810 B
2176 1722 2398 1775 “mlum
2421 1735 2608 1788 suum:
2630 1733 2802 1788 quem
2817 1719 3060 1772 exaltare
3087 1718 3147 1771 in
3167 1717 3424 1788 ΕοοῙθείαι
3445 1721 3500 1774 ει
3525 1719 3818 1774 seniorum

440 1841 683 1898 cumque
720 1827 1115 1882 benedixeriut
1138 1829 1430 1885 benedicta
1453 1831 1584 1898 sint,
1615 1833 1670 1884 et
1703 1847 2074 1903 quaecumque

439 1920 910 1976 sanctiﬁcaverint
933 1921 1369 1978 sanctiﬁcentur.
1399 1925 1504 1979 Per
1531 1924 1854 1980 Dominum.

1117 2016 1188 2064 lte
1200 2029 1248 2063 m
1282 2016 1399 2064 alia.

511 2095 849 2164 Unguantur
874 2109 1075 2148 manus
1101 2094 1222 2148 istae
1253 2095 1321 2150 de
1350 2095 1474 2151 oleo
1499 2097 1842 2152 sanctiﬁcato
1867 2099 1924 2151 et
1951 2096 2074 2151 chi-

439 2189 617 2240 smate
643 2185 1134 2242 sanctiﬁcationis:
1167 2188 1310 2243 sicut
1337 2189 1498 2244 unxit
1543 2190 1768 2245 Samuel
1811 2189 1980 2244 David
2017 2189 2076 2245 in

437 2293 634 2350 regem
649 2285 704 2334 et
716 2281 1074 2351 prophetam,
1094 2283 1174 2336 ita
1197 2289 1530 2353 unguantur
1544 2288 1599 2338 et
1615 2288 2079 2338 consummentur

437 2373 498 2426 in
525 2373 760 2427 nomine
785 2374 880 2428 Dei
907 2375 1104 2442 Patris,
1139 2381 1195 2431 et
1224 2377 1369 2440 Fitii,
1403 2383 1460 2432 et
1483 2377 1722 2449 Spiritus
1764 2377 1961 2448 sancti,
1991 2379 2074 2430 fa-

437 2465 648 2520 cientes
687 2467 998 2538 imaginem
1031 2473 1239 2524 sanctae
1277 2471 1457 2525 crucis
1511 2472 1807 2528 Salvatoris
1854 2471 2078 2526 Domini

437 2559 614 2614 nostri
639 2561 768 2615 Jesu
795 2561 1026 2632 Christi,
1053 2563 1151 2634 qui
1175 2579 1282 2618 nos
1309 2581 1342 2618 a
1375 2569 1557 2620 morte
1601 2555 1860 2636 i-edemit,
1905 2569 1960 2620 et
2007 2565 2078 2619 ad

437 2667 616 2724 regna
667 2654 932 2708 caelorum
979 2657 1258 2726 perducit.
1313 2659 1529 2714 Exaudi
1565 2675 1698 2728 nos,
1745 2661 1837 2732 pie
1875 2661 2075 2726 Pater,

439 2748 822 2818 omnipotens,
853 2751 1252 2822 azterne‘Deus,
1291 2757 1348 2806 et
1381 2757 1582 2824 praesta
1625 2753 1778 2826 quod
1815 2757 1872 2808 te
1909 2769 2076 2824 roga—

437 2855 568 2896 mus
596 2845 652 2895 et
679 2857 928 2897 oramus.
953 2843 1077 2898 Per.

501 2939 583 2993 IX.
627 2955 962 2994 EXHORTATIO
999 2958 1068 2996 AD
1109 2959 1372 3010 porcwn,
1412 2961 1518 3000 cun
1559 2961 1835 3002 EPISCOPUS
1873 2959 2018 3000 onm—

1160 3029 1358 3070 NATUR.

2175 1815 2440 1870 cathedra
2484 1812 2872 1884 (concordibus
2925 1828 3026 1866 sua
3063 1811 3432 1882 inspiratione
3461 1811 3714 1882 judiciis,
3761 1817 3820 1868 et

2177 1907 2366 1964 effusis
2381 1923 2561 1978 super
2577 1905 2804 1977 plebem
2831 1921 2992 1960 suam
3017 1904 3158 1959 votis
3200 1905 3458 1960 ﬁdelibus
3505 1921 3570 1960 ac
3609 1921 3818 1960 vocum

2175 1999 2530 2070 testimoniis)
2551 1999 2726 2054 voluit
2741 1999 2976 2069 imponi,
2999 1999 3294 2054 conlocans
3315 1995 3506 2071 309
3529 2015 3662 2054 eum
3681 2015 3818 2054 cum

2176 2093 2526 2166 principibus
2551 2091 2744 2163 p0puli
2768 2091 2876 2161 sui,
2901 2091 2972 2145 ad
2998 2107 3194 2146 eorum
3221 2107 3372 2146 nunc
3409 2095 3638 2162 precem
3677 2093 3814 2146 uni-

2177 2203 2396 2242 versam
2439 2186 2704 2240 eumdem
2744 2201 2966 2238 summo
3011 2185 3316 2240 sacerdotio
3361 2185 3546 2240 debita
3581 2186 3816 2240 honoris

2177 2279 2548 2353 plenitudine,
2602 2278 3006 2332 charismatum
3057 2277 3255 2349 gratia,
3303 2277 3816 2334 sanctiﬁcationum

2175 2374 2455 2442 ubertate,
2484 2389 2546 2426 ac
2575 2371 2861 2442 prmeipue
2889 2371 3223 2427 humilitatis
3247 2371 3454 2426 virtute
3477 2372 3815 2442 locupletet;

2179 2473 2241 2523 ut
2263 2471 2448 2524 rector
2475 2466 2662 2537 potius
2689 2481 2806 2520 non
2834 2465 3155 2535 extollatur,
3185 2465 3282 2520 sed
3325 2465 3386 2519 in
3421 2465 3688 2520 omnibus
3729 2481 3812 2534 se,

2177 2563 2457 2633 quantum
2477 2563 2560 2614 est
2587 2559 2789 2630 major,
2807 2559 3137 2628 humilians,
3165 2559 3237 2612 sit
3253 2559 3312 2613 in
3337 2559 3474 2630 ipsis
3485 2559 3646 2631 quasi
3663 2575 3818 2614 unus

2177 2671 2248 2711 ex
2275 2653 2387 2708 illis
2419 2669 2432 2708 :
2463 2653 2654 2708 omnia
2675 2651 2874 2723 judicii
2895 2652 3119 2708 Domini
3145 2653 3324 2708 nostri
3349 2667 3464 2707 non
3485 2669 3662 2724 prose
3693 2657 3818 2708 tan-

2177 2754 2322 2819 tum,
2353 2747 2450 2803 sed
2479 2753 2534 2802 et
2557 2763 2662 2819 pro
2682 2747 2840 2802 omni
2865 2747 3098 2818 populo,
3139 2747 3240 2819 qui
3283 2746 3646 2802 sollicitudini
3691 2763 3814 2802 suae

2179 2843 2446 2912 creditur,
2477 2841 2917 2897 contremiscens
2947 2861 2954 2906 ;
2985 2845 3052 2895 ut
3089 2841 3188 2913 qui
3215 2841 3542 2896 meminerit
3583 2841 3654 2896 de
3691 2857 3818 2912 spe—

2179 2937 2492 2991 culatorum
2513 2935 2776 2992 manibus
2785 2934 3045 2990 omnium
3059 2935 3274 2989 animas
3292 2934 3680 3007 requirendas,
3705 2951 3816 3006 pro

2181 3030 2440 3084 omnium
2470 3030 2646 3085 salute
2663 3027 2978 3101 pervigilet,
3007 3029 3274 3100 pastorali
3298 3043 3434 3100 erga
3446 3027 3682 3083 creditas
3707 3028 3816 3084 sibi

511 3098 794 3195 servanda
831 3104 936 3166 est,
975 3101 1320 3195 dilectissimi
1345 3103 1566 3172 fratres,
1619 3105 1680 3158 in
1717 3119 1949 3160 excessu
1989 3121 2076 3159 sa-
2099 3107 2154 3180 ς,
2181 3140 2311 3178 oves
2337 3123 2564 3178 Domini
2594 3098 2904 3195 ἀίίίερηιῖεε
2935 3098 3058 3192 ejﬁs
3084 3139 3306 3194 semper
3441 3121 3812 3194 ﬂagrantissi-

439 3191 736 3246 cerdotum
753 3192 844 3246 lex
867 3194 1115 3266 antiquae
1137 3196 1419 3266 Ecclesiae,
1447 3197 1928 3252 utdecedentibus
1957 3199 2078 3254 aliis

437 3285 670 3356 quidem
693 3285 1014 3358 dignissimi
1041 3289 1445 3360 subrogentur,
1473 3307 1577 3361 per
1594 3307 1840 3362 quorum
1867 3292 2074 3346 doctri-

436 3395 570 3434 nam
599 3379 738 3434 ﬁdes
777 3381 1052 3436 catholica
1075 3387 1132 3437 et
1159 3383 1360 3455 religio
1385 3381 1578 3456 308
1603 3385 1916 3440 Christiana
1940 3387 2074 3440 sub-

433 3473 624 3542 sistat;
655 3491 728 3529 ne
753 3475 884 3530 ovili
913 3477 1138 3531 Domini
1157 3479 1350 3548 praado
1377 3479 1654 3534 violentus
1679 3479 1988 3550 inrumpet.
2021 3485 2078 3536 et

435 3566 713 3637 dispersas
737 3569 948 3640 absque
977 3571 1202 3626 Pastore
1230 3588 1360 3627 oves
1379 3573 1472 3626 fur
1490 3579 1802 3628 nocturnus
1825 3573 2072 3629 invadat.

435 3661 680 3731 Recepto
713 3662 907 3733 itaque
947 3664 1360 3736 dispensatione
1402 3667 1500 3721 Dei
1541 3667 1824 3723 sacerdote
1866 3673 2070 3740 vestro,

435 3753 670 3809 sollicite
691 3755 850 3808 vobis
873 3758 1164 3826 agendum
1187 3764 1270 3814 est
1293 3765 1360 3814 ut
1381 3761 1442 3814 in
1481 3761 1668 3816 locum
1698 3762 1948 3818 defuncti
1985 3769 2071 3818 ta-

437 3845 504 3899 lis
555 3863 838 3903 successor
873 3857 1226 3922 prazparetur
1281 3854 1558 3924 Ecclesiae,
1617 3856 1778 3927 cujus
1815 3857 2075 3930 pervigili

435 3955 572 3994 cura
598 3945 654 3995 et
681 3941 912 3998 instanti
936 3943 1306 4002 sollicitudine
1333 3948 1471 4002 ordo
1497 3949 1744 4004 ecclesia:
1759 3955 1816 4006 et
1837 3951 2071 4006 creden-

433 4033 578 4088 tium
625 4033 764 4090 ﬁdes
807 4035 866 4090 in
909 4037 1010 4092 Dei
1057 4039 1260 4094 timore
1300 4041 1504 4096 melius
1539 4045 1904 4100 convalescat.
1945 4046 2070 4116 Qui,

433 4128 796 4200 praecipiente
815 4132 1106 4202 Apostolo,
1128 4133 1189 4187 in
1217 4135 1372 4188 omni
1397 4137 1654 4192 doctrina
1678 4139 1922 4192 formam
1939 4139 2072 4194 boni

433 4219 620 4294 operis
643 4223 764 4296 ipse
785 4226 1068 4296 praebeat;
1099 4229 1304 4302 cuique
1329 4229 1576 4302 habitus,
1617 4248 1822 4301 sermo,
1861 4233 2068 4304 vultus,

431 4317 700 4388 incessus,
730 4319 1004 4390 doctrina,
1035 4322 1212 4377 virtus
1241 4325 1342 4392 sit;
1372 4325 1470 4394 qui
1499 4341 1598 4379 vos
1633 4331 1698 4380 ut
1733 4329 1926 4382 Pastor
1967 4327 2068 4382 bo-

431 4425 540 4466 nus
565 4411 676 4467 ﬁde
695 4412 955 4484 instruat,
980 4417 1304 4488 exemplum
1325 4419 1610 4490 patientius
1625 4420 1844 4492 doceat,
1869 4422 2072 4476 doctri-

2177 3234 2337 3272 mum
2355 3218 2695 3289 adprobans.
2714 3219 2788 3271 Te
2807 3217 3142 3272 delictorum
3163 3216 3415 3288 adigitur
3438 3217 3810 3288 praefuturus,

2177 3327 2247 3366 ex
2271 3312 2536 3366 omnibus
2565 3311 2792 3378 electus,
2824 3327 2894 3366 ex
2923 3310 3185 3364 omnibus
3211 3310 3486 3364 universis
3521 3309 3694 3364 sacris
3731 3327 3814 3364 sa-

2177 3406 2512 3478 crandisque
2535 3406 2771 3460 idoneus
2795 3405 2894 3460 ﬁat
2917 3405 3021 3458 sub
3045 3405 3150 3458 hac
3175 3421 3303 3476 quae
3319 3399 3416 3460 est
3451 3405 3672 3459 homini
3707 3421 3816 3477 per

2175 3500 2466 3554 hominem
2515 3505 2796 3570 postrema
2845 3497 3158 3554 benedictio
3209 3505 3598 3554 consummata
3638 3503 3812 3570 atque

2175 3594 2420 3665 perfecta
2465 3610 2582 3646 suae
2628 3593 3078 3660 consecrationis,
3128 3597 3334 3647 nostra:
3389 3593 3813 3664 supplicationis

2173 3687 2560 3742 attentissimaa
2615 3686 3173 3758 concordissimisquc
3237 3687 3494 3742 omnium
3545 3687 3814 3760 precibus

2175 3780 2540 3851 adjuvemur;
2573 3781 2834 3836 omnium
2863 3798 2964 3851 pro
2990 3780 3110 3852 ipso
3138 3781 3316 3835 oratio
3359 3781 3670 3853 incumbat,
3719 3783 3812 3836 cui

2175 3875 2444 3930 exorandi
2472 3892 2575 3946 pro
2591 3875 2854 3930 omnibus
2869 3875 3092 3946 pondus
3108 3875 3444 3948 imponitur.
3475 3877 3746 3948 Impetret
3761 3878 3814 3932 ei

2173 3969 2401 4024 atiectus
2425 3969 2595 4024 totius
2623 3969 2882 4024 Ecclesite
2911 3969 3196 4040 virtutem,
3227 3969 3516 4041 pietatem,
3559 3970 3812 4026 sanctiﬁ-

2174 4064 2473 4134 cationem,
2503 4067 2559 4116 et
2584 4067 2798 4118 ceteras
2845 4063 3054 4118 summi
3097 4063 3390 4118 sacerdotii
3431 4080 3613 4119 sacras
3651 4063 3816 4120 dotes

2173 4157 2448 4212 universae
2487 4156 2746 4212 Ecclesia:
2786 4157 3134 4228 profuturas,
3185 4157 3424 4212 Domino
3463 4159 3574 4213 Deo
3611 4165 3816 4214 nostro

2174 4252 2290 4324 (qui
2327 4267 2612 4306 sacrorum
2641 4268 2944 4308 munerum
2976 4251 3228 4324 proﬂuas
3271 4253 3395 4308 fons
3429 4258 3531 4323 est,
3575 4253 3678 4324 qui
3719 4253 3820 4308 dat

2172 4346 2435 4401 omnibus
2456 4347 2790 4420 adfluenter)
2814 4349 2964 4421 quod
2981 4347 3254 4403 sacerdoti
3275 4347 3368 4418 pio
3393 4345 3597 4402 affectu
3631 4347 3820 4418 posci-

2169 4445 2266 4496 tur
2291 4441 2362 4496 ad
2388 4443 2782 4498 exundandam
2799 4443 2862 4498 in
2879 4443 3139 4498 omnibus
3165 4441 3662 4497 sanctiﬁcationem
3679 4459 3818 4496 suo-

429 4519 566 4558 nam
589 4505 879 4577 religionis
917 4507 1195 4580 instituat,
1225 4511 1284 4566 in
1305 4513 1466 4566 omni
1492 4529 1662 4584 opere
1687 4514 1836 4570 bono
1863 4517 2067 4571 conﬁr-
2087 4482 2148 4556 D
2173 4551 2302 4588 rum
2353 4536 2630 4606 omnium,
2671 4537 3092 4608 promptissime
3121 4552 3184 4590 ac
3235 4535 3560 4607 plenissime
3615 4535 3818 4590 confe-

433 4603 552 4652 met
578 4599 824 4655 caritatis
867 4605 1148 4674 exemplo.
1187 4605 1510 4661 Secundum
1551 4609 1896 4665 voluntatem
1935 4627 2072 4682 ergo

435 4691 662 4746 Domini
688 4693 750 4748 in
779 4693 968 4751 locum
995 4703 1203 4754 sancta:
1227 4701 1518 4756 memoria:
1563 4703 1642 4759 ill.
1689 4720 1845 4759 nom.
1886 4705 2070 4760 virum

429 4787 811 4844 venerabilem
839 4789 920 4844 ill.
961 4792 1281 4848 testimonio
1305 4798 1766 4868 presbyterorum
1812 4803 1868 4853 et
1903 4800 2073 4854 totius

431 4879 586 4948 cleri,
619 4885 676 4936 et
694 4883 924 4938 consilio
951 4884 1158 4940 civium
1188 4903 1252 4941 ac
1291 4891 1738 4962 consistentium,
1791 4893 2073 4948 credimus

431 4973 778 5047 eligendum,
807 4978 992 5032 virum
1023 4978 1106 5048 (ut
1133 4981 1324 5053 nostis)
1352 4985 1629 5040 natalibus
1661 4986 1931 5058 nobilem,
1955 5005 2074 5042 mo-

429 5065 588 5122 ribus
613 5071 850 5142 clarum,
873 5073 1144 5146 religione
1171 5076 1432 5149 probum,
1463 5078 1574 5134 ﬁde
1599 5080 1875 5152 stabilem,
1906 5082 2074 5138 mise-

431 5161 670 5218 ricordia
693 5166 1100 5239 abundantem,
1129 5169 1427 5240 humilem,
1466 5173 1706 5244 justum,
1751 5175 2068 5247 paciﬁcum,

427 5257 762 5330 patientem,
805 5263 1096 5324 caritatem
1135 5264 1464 5336 habentem,
1513 5271 1788 5338 tenacem,
1837 5272 2070 5325 cunctis-

430 5366 540 5422 que
556 5349 580 5378 ⁸
607 5353 865 5410 sacerdos
889 5356 1150 5428 eligenda
1169 5365 1321 5426 sunt,
1345 5359 1510 5414 bonis
1557 5361 1824 5416 omnibus
1867 5363 2072 5418 exube-

427 5450 669 5502 rantem.
703 5449 860 5504 Hunc
912 5467 1070 5522 ergo,
1113 5453 1458 5508 dilectissimi
1501 5455 1724 5526 fratres,
1763 5456 2070 5512 testimonii

429 5537 562 5594 boni
591 5542 776 5613 operis
824 5544 1088 5616 electum,
1109 5527 1510 5617 dignissimum
1535 5549 1842 5606 sacerdotio
1881 5568 2072 5608 conso-

428 5638 626 5690 nantes
655 5635 916 5693 laudibus
945 5637 1181 5694 clamate
1210 5644 1266 5694 et
1291 5639 1492 5699 dicite:
1527 5643 1741 5716 Dignus
1767 5651 1869 5702 est.

500 5773 524 5800 ⁸
551 5761 736 5828 Forte,
772 5766 826 5818 in
852 5767 1053 5820 cunctis
1082 5781 1200 5836 quae
1233 5767 1292 5822 in
1327 5768 1597 5824 sacerdote
1634 5773 1896 5842 menda
1923 5778 2066 5830 sunt.

2173 4633 2354 4686 rente.
2385 4631 2490 4686 Per
2519 4631 2824 4686 Dominum
2850 4635 3110 4686 nostrum
3135 4631 3344 4686 Iesum.

2810 4719 3160 4769 Consecratio.

2243 4799 2388 4853 Deus
2417 4799 2700 4854 honorum
2721 4800 2998 4868 omnium,
3021 4801 3168 4856 Deus
3189 4801 3446 4855 omnium
3465 4799 3828 4872 dignitatum

2171 4907 2298 4963 quas
2325 4893 2520 4964 gloriae
2545 4898 2658 4949 tuae
2683 4893 2853 4950 sacris
2889 4895 3238 4949 famulantur
3269 4893 3593 4961 ordinibus;
3625 4895 3790 4950 Deus
3811 4941 3826 4966 ,

2172 4986 2270 5057 qui
2306 4987 2528 5058 Moysen
2553 4989 2834 5043 famulum
2865 4993 3027 5043 tuum
3051 4989 3251 5043 secreti
3283 4987 3572 5043 familiaris
3605 4987 3828 5044 affectu

2172 5079 2322 5135 inter
2345 5085 2530 5135 cetera
2563 5083 2778 5137 celestis
2818 5083 3158 5138 documenta
3199 5083 3458 5152 culturae,
3509 5082 3578 5137 de
3611 5083 3828 5140 habitu

2171 5191 2397 5247 quoque
2435 5175 2755 5231 indumenti
2807 5177 3164 5232 sacerdotalis
3199 5177 3516 5246 instituens,
3565 5176 3830 5233 electum

2171 5271 2354 5324 Aaron
2405 5270 2638 5341 mystico
2670 5272 2882 5326 amictu
2917 5272 3121 5327 vestire
3165 5271 3314 5326 inter
3352 5287 3507 5325 sacra
3549 5271 3826 5342 jussisti;

2171 5369 2235 5417 ut
2257 5363 2646 5436 intelligentiae
2665 5381 2892 5420 sensum
2920 5365 2988 5420 de
3009 5365 3282 5436 exemplis
3307 5365 3564 5436 priorum
3581 5371 3836 5436 caperet

2171 5463 2426 5512 secutura
2469 5459 2782 5530 postcritas,
2835 5475 2908 5514 ne
2956 5459 3198 5514 eruditio
3237 5459 3506 5514 doctrina
3551 5463 3670 5514 tum
3715 5463 3842 5518 ulli

2169 5551 2387 5607 deesset
2436 5553 2605 5621 aetati,
2664 5569 2794 5608 cum
2849 5559 2904 5608 et
2949 5554 3100 5626 apud
3143 5558 3360 5609 veteres
3429 5555 3836 5613 reverentiam

2169 5644 2292 5716 ipsa
2313 5645 2793 5719 signiﬁcationum
2823 5647 3032 5721 species
3073 5647 3374 5717 obtineret,
3403 5653 3460 5705 et
3507 5649 3668 5722 apud
3703 5666 3834 5708 nos

2239 5773 2267 5814 δ
2293 5775 2419 5830 Hec
2445 5778 2501 5832 et
2523 5775 2692 5831 tertia
2724 5775 2901 5831 oratio
2927 5781 3010 5832 est
3037 5774 3096 5830 in
3124 5777 3318 5832 ordine
3349 5777 3626 5832 Romano.
