4054 6188
219 267 328 324 325

1300 266 1388 330 DE
1425 273 1738 332 LITURGIA
1773 270 2146 333 GALLICANA
2182 271 2382 330 LIBER
2421 266 2509 328 lll.

3482 275 3588 331 .326

215 375 474 432 certiora
493 373 1088 450 essentexperimenta
1112 394 1328 449 rerum,
1352 398 1528 454 quam
1548 383 1861 454 enigmata
1879 398 1939 470 Α
1959 399 2192 438 movere
2231 381 2502 453 dignatus
2547 395 2628 448 es,
2663 394 3010 450 quaesumus,
3041 375 3304 447 Domine,
3342 379 3599 451 placatus

212 468 564 541 ﬁgurarum.
587 471 739 528 Illius
763 488 1017 546 namque
1038 473 1344 530 sacerdotii
1373 475 1678 532 anterioris
1702 477 1860 532 habi-

209 566 309 617 tus
331 567 546 620 nostra;
568 565 780 622 mentis
804 571 1040 624 ornatus
1060 572 1176 636 est;
1209 571 1268 624 et
1295 570 1640 640 pontificalis
1672 570 1859 642 gloria

212 673 342 711 non
365 657 494 729 jam
529 659 693 714 nobis
731 661 1015 717 honorem
1051 663 1424 718 commendat
1459 664 1724 733 vestium,
1755 664 1858 720 sed

209 750 594 821 splendorem
640 753 986 810 animarum.
1046 755 1190 820 Quia
1247 761 1305 812 et
1362 757 1481 825 illa,
1547 775 1676 829 quae
1719 761 1858 813 tunc

209 846 551 900 carnalibus
565 846 1014 904 blandiebantur
1039 849 1349 919 obtutibus,
1363 851 1553 922 potius
1571 869 1698 924 quin
1723 852 1858 924 ipsis

210 943 392 994 erant
435 939 812 1013 intelligenda
860 943 1191 1013 poscebant.
1249 946 1318 999 Et
1357 945 1568 1001 idcirco
1629 946 1858 1002 famulis

206 1032 354 1102 tuis,
389 1050 536 1106 quos
555 1033 629 1088 ad
650 1035 858 1090 summi
885 1035 1189 1092 sacerdotii
1205 1037 1587 1094 ministerium
1613 1041 1854 1111 elegisti,

205 1126 393 1194 hanc,
427 1144 774 1198 quaesumus,
806 1128 1049 1185 Domine
1081 1129 1273 1205 310
1295 1132 1544 1203 gratiam
1573 1133 1854 1206 largiaris;

206 1222 277 1274 ut
311 1219 588 1293 quicquid
622 1221 720 1276 illa
747 1222 1036 1278 velamina
1061 1223 1120 1278 in
1152 1225 1377 1296 fulgore
1407 1227 1551 1294 auri,
1584 1227 1642 1281 in
1671 1227 1857 1282 nitore

206 1328 595 1384 gemmarum
610 1317 685 1383 et,
701 1315 1027 1400 multimodi
1040 1318 1229 1389 operis
1240 1318 1514 1375 varietate
1527 1320 1570 1374 si
1577 1321 1854 1392 gnabant,

203 1406 330 1462 hoc
363 1407 426 1462 in
459 1408 663 1463 horum
693 1409 950 1464 moribus
980 1411 1313 1483 actibusque
1357 1414 1650 1469 clarescat.
1687 1415 1853 1470 Com-

205 1501 338 1572 ple,
369 1501 634 1570 Domine,
661 1501 718 1556 in
741 1503 1136 1559 sacerdotibus
1162 1506 1274 1560 tuis
1303 1508 1561 1578 mysterii
1594 1508 1676 1563 tui
1705 1525 1856 1566 sum-

205 1610 403 1662 mam,
433 1598 489 1649 et
520 1596 878 1652 ornamentis
903 1597 1077 1653 totius
1097 1599 1528 1670 glorificationis
1552 1601 1858 1658 instructos

205 1687 465 1743 caelestis
511 1690 793 1760 unguenti
833 1689 975 1745 ﬂore
1021 1693 1374 1748 sanctiﬁca'.
1426 1695 1561 1763 Hoc,
1591 1695 1854 1764 Domine,

1960 475 2222 548 accipias,
2247 479 2311 531 ut
2337 475 2490 547 quod
2519 473 2710 530 divino
2733 489 2976 528 munere
3000 477 3340 530 consecutus
3363 477 3466 542 est,
3500 477 3600 530 tua

1958 571 2022 626 in
2051 587 2119 626 eo
2152 569 2511 642 protectione
2541 569 2821 650 firmetur.
2845 569 2955 622 Per
2977 569 3288 623 Dominum
3312 571 3593 625 nostrum.

2029 664 2266 732 Adesto,
2295 663 2620 718 misericors
2644 664 2813 730 Deus,
2844 667 2907 717 ut
2934 663 3091 735 quod
3121 666 3314 718 actum
3347 667 3435 717 est
3463 679 3595 719 nos-

1963 762 2068 814 trae
2087 757 2376 814 servitutis
2395 757 2606 825 ofﬁcio,
2630 760 2728 812 tua
2739 756 3144 812 benedictione
3165 757 3444 811 firmetur.
3466 759 3593 814 Per.

2643 850 2774 899 Item
2793 849 2912 900 alia.

2034 921 2344 978 Ecclesiam
2377 925 2559 987 tuam,
2581 920 2848 988 Domine,
2888 921 3174 992 benignus
3199 919 3504 988 inlumina,
3537 924 3600 976 ut

1961 1019 2018 1071 et
2041 1020 2238 1086 gratus
2257 1015 2340 1070 tui
2361 1013 2625 1087 proﬁciat
2644 1014 2854 1086 ubique
2878 1031 3186 1083 successus,
3211 1019 3268 1069 et
3289 1013 3438 1086 grati
3457 1015 3601 1069 ﬁant

1959 1108 2310 1178 nominituo,
2331 1113 2385 1163 te
2412 1109 2798 1181 gubernante,
2825 1109 3107 1163 Pastores.
3131 1109 3242 1162 Per
3261 1107 3594 1163 Dominum.

2314 1205 2373 1258 Χ.
2407 1218 2725 1260 BENEDICTIO
2760 1218 2929 1258 SUPER
2965 1219 3238 1258 vmemes.

2029 1295 2410 1368 Omnipotens
2435 1297 2788 1369 sempiterna
2815 1295 2984 1364 Deus,
3015 1295 3224 1366 adjuva
3251 1311 3392 1366 quas
3423 1295 3594 1366 virgi-

1959 1390 2152 1446 nitatis
2193 1391 2416 1446 honore
2449 1390 2720 1461 dignatus
2763 1407 2823 1444 es
2851 1389 3148 1444 decorare.
3181 1389 3482 1443 Perferant
3507 1389 3595 1442 in-

1957 1484 2148 1540 choati
2195 1484 2384 1556 operis
2431 1487 2896 1538 consummatum
2929 1483 3220 1550 affectum,
3250 1485 3308 1536 et
3334 1467 3600 1537 votorum

1961 1595 2196 1633 suorum
2225 1577 2535 1650 expediant
2563 1577 2894 1632 institutum
2922 1594 2935 1632 :
2960 1574 3224 1648 virginali
3255 1575 3455 1631 habitu
3476 1591 3604 1647 per-

1956 1671 2170 1726 fectam
2195 1671 2299 1726 tibi
2327 1670 2575 1726 offerant
2598 1670 3044 1741 plenitudinem,
3073 1673 3130 1724 et
3154 1668 3320 1724 initia
3345 1685 3448 1724 sua
3475 1685 3602 1741 per-

206 1781 454 1854 copiose
477 1781 537 1836 in
563 1799 765 1838 eorum
789 1787 962 1856 caput
983 1785 1204 1853 inﬂuat,
1233 1788 1342 1842 hoc
1374 1787 1432 1842 in
1465 1788 1578 1843 oris
1603 1789 1858 1860 subjecta
1877 1768 1934 1842 Β
1959 1764 2167 1860 ἀμοθτθ
2217 1768 2555 1860 ΠιξΓθθηίυΓ
2585 1763 2659 1860 _ad
2688 1764 2888 1831 ﬁnem,
2922 1767 2983 1860 ut
3022 1766 3249 1860 matura
3289 1763 3598 1860 Sancum?‘

210 1873 514 1944 decurrat,
547 1876 655 1931 hoc
681 1876 739 1931 in
759 1877 932 1932 totius
959 1879 1214 1951 corporis
1237 1883 1495 1936 extrema
1524 1881 1855 1950 descendat,

206 1973 275 2024 ut
306 1970 392 2024 tui
427 1969 671 2041 Spiritus
701 1971 878 2026 virtus
924 1975 981 2026 et
1013 1973 1357 2029 interiorum
1396 1992 1499 2030 ora
1528 1977 1768 2047 repleat,
1801 1980 1862 2031 et

210 2063 510 2118 exteriora
535 2064 932 2136 circumtegat.
963 2066 1236 2121 Abundet
1261 2068 1320 2122 in
1351 2067 1441 2122 his
1474 2069 1855 2141 (eo)constan-

208 2155 299 2212 tia
349 2157 504 2226 fidei,
531 2157 750 2230 puritas
794 2157 1134 2226 dilectionis,
1174 2160 1472 2217 sinceritas
1509 2163 1684 2234 pacis.
1735 2163 1862 2220 Sint

209 2250 468 2322 speciosi
497 2268 739 2306 munere
769 2254 867 2307 tuo
892 2253 1070 2324 pedes
1101 2255 1310 2310 horum
1343 2255 1417 2310 ad
1461 2257 1857 2327 evangelizan-

210 2342 368 2398 dum
397 2361 618 2416 pacem,
653 2344 728 2400 ad
759 2345 1270 2418 evangelizandum
1302 2349 1456 2404 bona
1484 2353 1602 2405 tua.
1631 2351 1714 2406 Da
1757 2351 1859 2419 eis,

209 2437 490 2506 Domine,
508 2438 892 2494 ministerium
909 2441 1394 2497 reconciliationis
1413 2443 1472 2498 in
1501 2444 1698 2511 verbo,
1719 2448 1776 2498 et
1801 2444 1860 2499 in

210 2531 413 2599 factis,
445 2535 500 2586 et
537 2532 596 2586 in
635 2532 842 2587 virtute
891 2537 948 2588 et
993 2534 1290 2606 signorum
1339 2539 1398 2590 et
1440 2537 1858 2610 prodigiorum.

209 2625 312 2681 Sit
337 2641 526 2681 sermo
547 2642 748 2681 eorum
766 2627 932 2699 (ejus)
961 2631 1018 2682 et
1037 2629 1395 2699 praedicatio,
1415 2647 1530 2685 non
1553 2630 1613 2684 in
1633 2648 1863 2702 persua-

209 2717 486 2774 sibilibus
505 2720 775 2775 humanae
793 2720 1089 2792 sapientiai
1105 2722 1312 2788 verbis,
1336 2723 1436 2778 sed
1456 2723 1515 2778 in
1533 2725 1861 2780 ostensione

209 2813 461 2887 spiritus
497 2816 552 2868 et
585 2813 826 2869 virtutis.
870 2815 954 2869 Da
999 2814 1099 2883 eis,
1153 2816 1419 2884 Domine,
1471 2818 1655 2872 claves
1697 2817 1862 2889 regni

206 2908 497 2964 caelorum
527 2923 540 2961 :
565 2910 818 2974 utantur,
847 2924 952 2963 nec
997 2908 1318 2980 glorientur
1345 2914 1646 2982 potestate,
1687 2928 1862 2983 quam

208 2997 433 3057 tribuis
484 2998 542 3054 in
592 2999 1059 3070 aedificationem,
1104 3020 1220 3058 non
1279 3003 1338 3058 in
1393 3003 1862 3060 destructionem.

211 3093 641 3166 Quodcumque
653 3094 960 3167 ligaverint
979 3112 1152 3168 super
1169 3101 1384 3152 terram
1398 3099 1720 3170 sitligatum
1733 3102 1791 3154 et
1805 3098 1865 3153 in

210 3188 379 3246 calis
395 3205 409 3243 :
426 3191 482 3243 et
500 3188 905 3261 quodcumque
929 3189 1201 3244 solverint
1219 3207 1394 3263 super
1411 3195 1626 3247 terram
1637 3192 1711 3247 sit
1721 3193 1866 3248 solu-

209 3285 351 3339 tum
369 3281 500 3339 etin
519 3282 690 3338 caelis.
716 3282 971 3348 Quorum
986 3283 1341 3340 detinuerint
1360 3289 1615 3358 peccata,
1631 3286 1866 3342 detenta

211 3376 360 3442 sint;
377 3378 435 3430 et
447 3392 693 3448 quorum
708 3374 1050 3445 dimiserint,
1067 3379 1128 3432 tu
1150 3377 1425 3433 dimittas.
1442 3378 1550 3444 Qui
1561 3379 1866 3435 benedixe—

210 3471 298 3526 rit
326 3469 430 3538 eis,
452 3469 526 3524 sit
542 3468 878 3524 benedictus
901 3487 915 3536 ;
941 3473 999 3524 et
1028 3469 1126 3542 qui
1163 3472 1526 3527 maledixerit
1555 3472 1657 3540 eis,
1681 3473 1862 3527 male-

216 3563 576 3619 dictionibus
591 3563 900 3636 repleatur.
923 3563 1049 3620 Sint
1066 3564 1213 3620 servi
1237 3565 1436 3621 fideles
1457 3569 1516 3620 et
1529 3565 1862 3638 prudentes,

216 3673 368 3732 quos
382 3657 696 3712 constituas
709 3660 791 3725 tu,
816 3657 1080 3726 Domine,
1105 3675 1276 3730 super
1295 3658 1577 3714 familiam
1595 3661 1758 3714 tuam
1776 3677 1790 3726 ;
1806 3662 1868 3714 ut

215 3748 364 3807 dent
391 3750 501 3805 illis
521 3746 710 3804 cibum
730 3750 790 3805 in
809 3755 1071 3823 tempore
1091 3741 1436 3819 necessario,
1465 3755 1527 3806 ut
1560 3751 1869 3807 exhibeant

218 3861 464 3902 omnem
495 3845 793 3900 hominem
821 3845 1168 3916 perfectum.
1203 3846 1329 3901 Sint
1359 3845 1738 3901 sollicitudine
1759 3846 1866 3900 im-

217 3939 398 4013 pigri,
461 3937 576 3994 sint
622 3938 824 4010 spiritu
865 3939 1190 4005 ferventes;
1239 3939 1468 3995 oderint
1515 3939 1864 4011 superbiam,

226 4031 480 4105 diligant
497 4032 821 4101 veritatem,
854 4049 960 4087 nec
991 4049 1122 4088 eam
1149 4049 1427 4105 umquam
1459 4033 1750 4100 deserant,
1773 4037 1874 4088 aut

219 4125 586 4194 lassitudine,
618 4128 718 4180 aut
754 4125 963 4180 timore
994 4127 1263 4198 superati.
1287 4129 1410 4182 Non
1433 4131 1655 4198 ponant
1683 4127 1869 4182 lucem

221 4221 296 4276 ad
317 4220 615 4287 tenebras,
641 4237 746 4274 nec
766 4220 1035 4274 tenebras
1056 4220 1262 4274 lucem.
1287 4221 1410 4275 Non
1439 4221 1634 4276 dicant
1652 4222 1869 4276 malum
1903 4239 1910 4246 ·

215 4311 466 4381 bonum,
499 4329 604 4368 nec
631 4313 858 4389 bonum,
879 4314 1117 4368 malum.
1148 4313 1275 4369 Sint
1310 4313 1663 4386 sapientibus
1693 4318 1751 4369 et
1781 4315 1867 4368 in-

219 4406 568 4481 sipientibus
611 4405 900 4462 debitores
928 4424 942 4462 :
972 4411 1029 4462 et
1059 4408 1308 4462 fructum
1343 4408 1413 4463 de
1448 4408 1710 4480 profectu
1745 4424 1868 4463 om-

222 4501 391 4556 nium
409 4504 858 4572 consequantur.
873 4501 1116 4556 Tribuas
1131 4502 1233 4570 eis,
1252 4501 1516 4570 Domine,
1537 4501 1872 4557 cathedram
1890 4511 1951 4584 D

225 4595 620 4669 episcopalem
633 4593 706 4648 ad
718 4594 1036 4666 regendam
1058 4596 1368 4652 Ecclesiam
1380 4600 1540 4651 tuam
1567 4599 1625 4650 et
1645 4595 1872 4667 plebem

225 4690 584 4745 universam.
617 4687 705 4744 Sis
730 4688 811 4742 eis
836 4687 1165 4758 auctoritas,
1190 4690 1262 4744 sis
1285 4689 1366 4745 eis
1387 4693 1660 4762 potestas,
1693 4689 1768 4744 sis
1796 4688 1877 4744 eis

226 4783 497 4838 firmitas.
529 4780 876 4853 Multiplices
923 4799 1094 4854 super
1147 4799 1244 4838 eos
1295 4783 1762 4838 benedictionem
1821 4785 1880 4838 et

232 4877 487 4949 gratiam
511 4879 696 4944 tuam,
731 4878 794 4930 ut
819 4875 893 4930 ad
915 4876 1272 4931 exorandum
1299 4893 1529 4949 semper
1552 4877 1877 4932 misericor-

229 4968 390 5025 diam
429 4972 592 5024 tuam
635 4972 737 5025 tuo
786 4986 1026 5024 munere
1072 4970 1287 5041 idonei,
1321 4974 1419 5027 tua
1444 4971 1631 5044 gratia
1659 4970 1881 5044 possint

232 5079 356 5118 esse
389 5061 604 5118 devoti.
634 5063 744 5118 Per
769 5063 1125 5118 Dominumb
1171 5107 1184 5119 .

859 5143 1026 5208 Super
1058 5143 1248 5195 oblata.

307 5213 570 5287 Suscipe,
600 5214 862 5284 Domine,
897 5232 1145 5271 munera
1174 5232 1301 5288 quae
1326 5215 1430 5271 tibi
1463 5214 1757 5272 offerimus
1776 5229 1881 5286 pro

238 5309 464 5365 famulo
495 5312 594 5364 tuo
631 5306 812 5382 311
855 5305 976 5378 illo,
1011 5313 1070 5365 et
1115 5310 1396 5382 propitius
1439 5310 1498 5365 in
1544 5309 1751 5366 eodem
1783 5311 1881 5363 tua

241 5404 398 5461 dona
424 5401 669 5458 custodi.

307 5499 469 5553 Hanc
497 5497 674 5568 igitur
703 5495 1082 5567 oblationem,
1116 5515 1293 5570 quam
1325 5498 1430 5554 tibi
1456 5497 1752 5554 oﬂ‘erimus
1778 5513 1882 5569 pro

241 5592 340 5650 illo
371 5591 590 5648 famulo
612 5593 731 5658 tuo,
761 5576 935 5663 quem
962 5592 1037 5648 ad
1063 5593 1455 5666 pontificalem
1483 5591 1732 5664 gloriam
1757 5607 1886 5664 pro-

311 5731 337 5759 ι
364 5718 498 5774 Hec
525 5719 596 5802 et.
620 5717 1118 5802 sequentia‘verba
1145 5719 1508 5802 legunturin
1529 5713 1742 5802 Ordine
1769 5717 1881 5774 Ro-

247 5806 442 5872 mano,
472 5791 784 5872 postquam
811 5793 1049 5872 unctum
1078 5795 1164 5846 est
1189 5791 1440 5864 episcopi
1464 5792 1654 5862 caput.
1746 5863 1756 5873 ι

316 5861 345 5903 δ
370 5859 522 5918 Nihil
544 5859 635 5917 hic
652 5859 724 5916 de
740 5861 1144 5920 benedictione
1171 5865 1649 5922 ornamentorum
1669 5877 1886 5934 episco-

1960 1857 2071 1912 niae
2111 1859 2409 1914 cumulent
2452 1856 2680 1924 merita,
2732 1860 2790 1910 et
2834 1855 3234 1911 centenarium
3283 1873 3494 1912 munus
3524 1855 3595 1912 de

1959 1953 2213 2024 perfecto
2245 1967 2433 2023 agone
2461 1950 2806 2024 virginitatis
2832 1950 3132 2023 accipiant.

2457 2039 2793 2090 Consecratio
2823 2039 3100 2102 virginum.

2029 2113 2260 2168 Castum
2291 2109 2408 2166 veri
2435 2111 2536 2166 Dei
2565 2113 2781 2166 cultum
2819 2109 3152 2181 incorrupta
3173 2107 3476 2180 religione
3506 2125 3598 2163 re-

1959 2203 2228 2273 tinentes,
2273 2204 2618 2260 inviolabilis
2658 2206 2878 2259 natura:
2917 2203 3227 2258 Dominum
3271 2201 3600 2274 suppliciter

1962 2315 2213 2366 oremus,
2263 2301 2326 2353 ut
2361 2299 2512 2352 hanc
2550 2297 2832 2354 famulam
2883 2313 3045 2352 suam
3087 2296 3438 2364 corroboret,
3471 2311 3599 2366 quae

1964 2395 2222 2447 sanctam
2261 2391 2663 2452 etmaximam
2707 2390 3123 2463 acceptabilem
3153 2391 3272 2445 Deo
3310 2387 3602 2460 virginita-

1962 2489 2103 2552 tem,
2153 2485 2470 2557 adsumptis
2519 2483 2862 2557 spiritalium
2909 2483 3324 2555 cogitationum
3365 2481 3597 2550 viribus,

1963 2578 2264 2646 dedicavit,
2287 2579 2436 2632 bene
2467 2582 2745 2651 concepto
2780 2578 2990 2633 mentis
3010 2577 3304 2649 proposito
3335 2592 3598 2648 perseve-

1963 2675 2084 2738 ret;
2123 2674 2185 2725 ut
2211 2672 2529 2742 virginitas,
2565 2689 2692 2743 quae
2729 2671 2994 2726 Ecclesiae
3021 2673 3408 2742 comparatur,
3437 2672 3495 2722 et
3523 2652 3596 2722 si-

1963 2763 2275 2819 militudini
2305 2763 2511 2818 divinae
2549 2763 2965 2819 immolationis
3001 2761 3277 2830 induitur,
3334 2761 3601 2834 perenni-

1963 2857 2095 2913 tatis
2120 2857 2367 2929 gratiam
2397 2860 2800 2929 consequatur.
2835 2859 2945 2912 Per
2974 2856 3310 2912 Dominum.

2034 2953 2185 3006 Deus
2202 2964 2224 2992 ο
2269 2953 2558 3006 castorum
2571 2967 2882 3022 corporum
2898 2949 3185 3021 benignus
3199 2947 3509 3016 habitator,
3545 2950 3603 3003 et

1964 3043 2429 3116 incorruptarum
2474 3045 2624 3099 Deus
2667 3047 2894 3100 amator
2936 3044 3286 3111 animarum,
3313 3042 3464 3097 Deus
3503 3041 3601 3114 qui

1884 3139 1940 3213 Ο
1966 3139 2282 3194 humanam
2305 3137 2684 3193 substantiam
2707 3137 2764 3192 in
2793 3137 2990 3210 primis
3006 3136 3338 3192 hominibus
3359 3134 3598 3191 diaboli-

1965 3249 2031 3287 ca
2050 3233 2252 3287 fraude
2273 3231 2553 3298 vitiatam,
2578 3232 2659 3286 ita
2683 3231 2740 3286 in
2760 3231 2946 3286 Verbo
2961 3235 3080 3300 tuo,
3107 3248 3210 3302 per
3232 3230 3388 3302 quod
3405 3229 3604 3286 omnia

1964 3327 2117 3381 facta
2143 3329 2295 3393 sunt,
2328 3341 2584 3397 reparas,
2628 3329 2691 3380 ut
2732 3341 2861 3379 eam
2909 3340 3025 3378 non
3068 3325 3255 3379 solum
3297 3323 3372 3378 ad
3401 3323 3601 3395 primae

1967 3419 2205 3491 originis
2245 3418 2640 3474 innocentiam
2675 3434 2928 3483 revoces,
2967 3415 3067 3470 sed
3113 3416 3288 3472 etiam
3329 3415 3401 3469 ad
3439 3432 3603 3488 expe-

1965 3513 2239 3568 rientiam
2266 3513 2573 3578 bonorum,
2591 3529 2720 3583 quae
2750 3511 2809 3564 in
2834 3527 2982 3566 novo
3005 3511 3211 3564 saeculo
3233 3511 3366 3563 sunt
3389 3508 3605 3564 haben-

1967 3607 2060 3673 da,
2095 3606 2394 3678 perducas,
2425 3608 2481 3660 et
2515 3603 2816 3659 obstrictos
2859 3604 3045 3658 adhuc
3072 3602 3402 3659 conditione
3442 3619 3600 3658 mor-

1967 3701 2171 3756 talium
2185 3699 2313 3771 jam
2346 3699 2420 3754 ad
2455 3697 2895 3753 similitudinem
2925 3695 3207 3768 provehas
3239 3697 3600 3768 angelorum,

1968 3794 2206 3866 respice,
2240 3792 2505 3860 Domine,
2544 3808 2716 3864 super
2755 3791 2858 3845 has
2904 3792 3151 3846 famulas
3181 3795 3329 3860 tuas,
3367 3809 3516 3864 quae,
3545 3792 3604 3848 in

1969 3905 2148 3943 manu
2174 3891 2272 3942 tua
2294 3885 2667 3942 continentia:
2689 3902 2805 3940 suae
2837 3885 3198 3957 propositum
3219 3885 3604 3955 conlocantes,

1967 3981 2071 4036 tibi
2092 3981 2460 4036 devotionem
2474 3997 2637 4035 suam
2656 3979 2925 4047 offerunt,
2945 3995 2978 4034 a
2999 3995 3114 4051 quo
3135 3977 3258 4052 ipsa
3272 3983 3404 4036 vota
3421 3997 3610 4054 sump-

1969 4078 2186 4130 serunt.
2212 4075 2515 4140 Quomodo
2540 4073 2697 4129 enim
2723 4073 2952 4129 animus
2973 4070 3090 4146 31
3105 4071 3166 4146 2
3185 4074 3414 4130 mortali
3435 4091 3608 4130 carne

1969 4169 2382 4236 circumdatus,
2424 4170 2617 4240 legem
2654 4171 2910 4238 naturae,
2958 4167 3283 4222 libertatem
3325 4166 3605 4236 licentiae,

1969 4263 2084 4318 vim
2114 4263 2564 4329 consuetudinis,
2590 4265 2647 4316 et
2667 4261 2928 4316 stimulos
2960 4260 3144 4314 aetatis
3162 4259 3466 4327 evinceret,
3501 4259 3609 4316 nisi

1969 4361 2148 4429 tuper
2170 4357 2419 4412 liberum
2452 4355 2754 4410 arbitrium
2789 4354 2942 4408 hunc
2976 4368 3236 4407 amorem
3267 4353 3610 4424 virginitatis

1973 4453 2290 4507 clementer
2309 4448 2677 4514 accendercs,
2692 4450 2754 4501 tu
2779 4447 2930 4500 hanc
2948 4445 3394 4518 cupiditatemin
3409 4463 3609 4503 earum

1975 4545 2146 4602 corde
2163 4543 2451 4614 benignus
2482 4543 2686 4609 aleres,
2715 4545 2777 4594 tu
2797 4539 3198 4595 fortitudinem
3216 4539 3612 4599 ministrares?

1977 4639 2165 4696 Eﬂ'usa
2187 4653 2442 4708 namque
2466 4636 2524 4690 in
2549 4651 2751 4690 omnes
2779 4637 2982 4706 gentes
3003 4634 3188 4706 gratia
3216 4637 3334 4705 tua,
3363 4653 3430 4692 ex
3451 4637 3612 4694 omni

1979 4733 2211 4790 natione
2225 4748 2351 4804 quae
2367 4733 2451 4785 est
2467 4730 2570 4784 sub
2585 4729 2809 4798 ceelo,in
2824 4729 3116 4784 stellarum
3128 4729 3616 4804 innumerabilem

1979 4842 2290 4882 numerum
2309 4825 2442 4880 novi
2453 4823 2803 4879 Testamenti
2823 4821 3133 4879 heredibus
3145 4816 3450 4897 adaptatis,
3466 4825 3617 4882 inter

1979 4925 2196 4979 ceteras
2224 4920 2483 4988 virtutes,
2516 4935 2660 4990 quas
2691 4917 2822 4972 filiis
2848 4917 2960 4972 tuis
2991 4935 3108 4973 non
3146 4935 3215 4972 ex
3241 4915 3615 4992 sanguinibus

1981 5031 2086 5071 nec
2101 5015 2391 5085 voluptate
2409 5012 2617 5082 carnis,
2644 5012 2744 5068 sed
2773 5011 2843 5068 de
2863 5015 2964 5067 tuo
2987 5011 3199 5084 Spiritu
3220 5011 3432 5084 genitis
3457 5012 3617 5071 inde-

1983 5109 2132 5177 disti,
2161 5109 2338 5164 etiam
2364 5109 2473 5164 hoc
2519 5106 2738 5163 donum
2772 5105 2830 5160 in
2873 5105 3262 5178 quarumdam
3293 5111 3520 5164 mentes
3544 5110 3615 5166 de

1981 5207 2262 5279 largitatis
2290 5209 2404 5262 tua:
2438 5207 2598 5261 fonte
2641 5203 2894 5272 deﬂuxit,
2927 5207 2990 5258 ut
3019 5221 3150 5260 cum
3179 5205 3465 5262 honorem
3507 5227 3613 5264 nu-

1981 5300 2231 5374 ptiarum
2273 5301 2431 5355 nulla
2469 5297 2778 5353 interdicta
2817 5297 3179 5368 minuissent,
3221 5315 3287 5356 ac
3311 5317 3484 5374 super
3526 5320 3616 5359 co-

1984 5397 2178 5468 pulam
2199 5398 2298 5450 tua
2318 5391 2644 5448 benedictio
2669 5394 3059 5462 permaneret,
3088 5393 3400 5451 existerent
3417 5398 3612 5452 tamen

1981 5489 2349 5545 sublimiores
2382 5487 2613 5555 animae,
2657 5500 2786 5557 quae
2831 5502 2947 5541 non
2989 5486 3098 5542 hoc
3147 5489 3618 5562 concupiscerent

1984 5583 2142 5656 quod
2165 5582 2344 5638 habet
2386 5580 2632 5638 mortale
2673 5577 3022 5649 conubium;
3051 5581 3156 5639 sed
3185 5583 3297 5640 hoc
3337 5583 3618 5653 eligerent

1985 5708 2224 5783 palium.

1985 5775 2238 5911 'Gcnllaec
2272 5780 2333 5837 in
2381 5779 2594 5838 Ordine
2644 5779 2927 5838 Romano.
2971 5777 3098 5836 Alia
3137 5776 3288 5836 infra
3321 5775 3381 5833 in
3409 5775 3619 5840 Missali

2034 5872 2066 5910 a
2112 5868 2299 5911 icano.

2034 5868 2299 5911 allicano.
