4032 6180
194 311 271 364 329
1207 305 1294 360 DE
1332 305 1642 360 LlTURGlA
1681 307 2054 363 GALLICANA
2092 305 2291 363 LIBER
2328 305 2418 362 lll.

185 440 312 496 quum
334 427 492 478 autem
509 420 708 489 fundes
734 421 810 476 ad
831 420 1030 491 basem,
1056 427 1106 476 et
1130 421 1321 491 oﬂ'eres
1345 425 1626 480 incensum
1651 439 1743 480 su-

179 535 254 591 per
272 519 420 572 altare
441 515 644 570 odorem
675 517 1060 570 suavissimum
1097 518 1346 572 Domino.

231 610 252 640 ⁸
276 610 360 665 Dei
379 609 549 664 Patris
565 608 982 679 omnipotentis
1001 609 1484 680 misericordiam,
1504 609 1746 666 dilectis-

182 703 278 759 simi
298 704 498 768 fratres,
527 702 920 773 deprecemur,
944 706 1008 757 ut
1026 703 1136 759 hoc
1161 703 1429 759 altarium
1457 704 1748 760 sacriﬁciis

179 796 466 869 spiritalibus
498 795 974 864 consecrandum,
996 796 1150 852 vocis
1189 802 1400 853 nostra:
1423 797 1747 854 exorandus

181 895 346 962 ofﬁcio,
382 893 638 965 praesenti
675 894 1077 951 benedictione
1120 896 1456 965 sanctiﬁcat,
1486 901 1547 951 ut
1580 897 1642 952 in
1679 913 1748 952 eo

178 1003 362 1059 semper
395 987 706 1042 oblationes
739 988 1092 1043 famulorum
1134 1007 1368 1045 suorum
1404 991 1593 1045 studio
1633 1007 1749 1046 suae

180 1079 442 1136 devotionis
468 1081 763 1152 impositas
803 1082 1148 1138 benedicere
1185 1087 1244 1138 et
1275 1083 1631 1139 sanctiﬁcare
1671 1083 1752 1139 di-

177 1178 360 1247 gnetur,
381 1178 434 1228 et
444 1174 950 1246 spiritaliplacatus
969 1175 1224 1245 incenso,
1244 1177 1503 1249 precanti
1517 1177 1752 1232 familia:

178 1285 265 1323 suae
287 1271 564 1340 promptus
593 1269 892 1324 exauditor
916 1269 1174 1326 adsistat.
1206 1273 1314 1326 Per
1347 1271 1679 1327 Dominum.

3376 309 3476 363 330

2509 422 2586 473 Ad
2630 421 2821 472 omnia.

1919 497 2186 568 Dignare,
2219 495 2480 563 Domine,
2511 496 2658 550 Deus
2701 494 3074 565 omnipotens
3113 494 3228 549 Rex
3252 510 3478 566 regum,

1845 594 1902 646 et
1921 590 2196 646 Dominus
2218 589 2664 655 dominantium,
2689 588 2969 644 Sacerdos
2989 587 3272 656 omnium,
3296 589 3485 644 Ponti-

1843 685 1936 740 fex
1957 684 2376 750 universorum,
2405 699 2509 754 per
2535 699 2710 753 quem
2743 698 2861 736 una
2887 697 3015 735 cum
3041 682 3230 749 Patre,
3265 685 3487 738 sancto-

1845 794 1955 850 que
1978 775 2094 851 31
2111 776 2170 850 6
2193 776 2407 848 Spiritu
2433 777 2582 831 facta
2597 779 2732 830 sunt
2757 775 3044 842 universa,
3077 775 3300 830 Christe
3327 777 3482 843 Jesu,

1846 870 2210 938 benedicere,
2239 884 2597 936 consecrare,
2622 871 2680 922 et
2697 867 3052 922 sanctiﬁcare
3075 867 3331 938 digneris
3348 856 3484 922 vasa

1849 964 1972 1018 haec
2001 979 2132 1018 cum
2159 963 2267 1018 hoc
2299 961 2526 1032 altario,
2550 960 3003 1026 linteaminibus,
3033 960 3350 1032 ceterisque
3389 977 3484 1016 va-

1851 1057 1960 1125 sis;
1989 1060 2047 1111 et
2073 1055 2573 1128 quemadmodum
2601 1053 2969 1109 sanctiﬁcasti
2995 1053 3184 1108 ofﬁcia
3213 1055 3486 1110 taberna-

1852 1151 1962 1206 culi
1991 1149 2309 1205 testimonii
2342 1149 2481 1204 olim
2505 1163 2636 1204 cum
2661 1164 2814 1214 arca,
2841 1148 3094 1215 oraculo,
3117 1147 3354 1219 cyrubin
3377 1148 3492 1204 alo-

1855 1245 1948 1312 sis,
1970 1243 2126 1310 velis,
2158 1242 2460 1310 columnis,
2490 1242 2860 1309 candelabro,
2883 1241 3178 1308 altaribus,
3203 1241 3491 1312 argenteis

683 1355 982 1408 Benedictio
1005 1357 1197 1409 ,ιω-ξε,
1851 1337 2104 1404 basibus,
2136 1336 2345 1392 tabulis
2386 1335 2696 1403 deauratis,
2728 1335 3093 1402 holocaustis,
3130 1351 3281 1390 aereo
3310 1335 3509 1399 altare,

230 1427 392 1502 315
422 1429 568 1483 Deus
601 1429 988 1500 omnipotens,
1021 1430 1080 1484 in
1113 1431 1272 1502 cujus
1296 1430 1575 1486 honorem
1611 1432 1752 1486 alta-
1854 1447 1986 1486 cum
2013 1431 2188 1486 aeneis
2217 1429 2384 1499 vasis,
2416 1429 2702 1496 tentoriis,
2730 1428 2984 1497 funibus,
3020 1429 3146 1483 oleo
3182 1429 3488 1496 unctionis,

178 1522 291 1576 rium
323 1521 414 1576 sub
451 1521 814 1578 invocatione
844 1522 926 1576 tui
965 1539 1382 1592 consecramus,
1421 1526 1677 1579 clemens
1701 1527 1760 1579 et
1857 1528 1915 1579 et
1939 1524 2142 1579 ceteris
2169 1524 2294 1579 aliis
2325 1524 2385 1578 in
2403 1525 2588 1595 ﬁgura
2611 1523 2790 1578 nostri
2811 1539 2916 1594 per
2936 1539 3142 1576 manus
3162 1527 3492 1577 sanctorum

179 1615 617 1687 propitiuspreces
631 1621 840 1671 nostrae
855 1617 1450 1685 humilitatisexaudi;
1474 1621 1532 1672 et
1551 1621 1760 1690 praesta
1857 1617 2225 1674 sanctiﬁcasti
2256 1617 2644 1684 sacerdotum,
2674 1617 2754 1671 ita
2794 1633 2945 1670 nunc
2975 1633 3220 1671 manens
3243 1615 3302 1670 in
3335 1619 3496 1671 mter-

181 1712 226 1763 ut
249 1709 295 1763 in
313 1709 408 1764 hac
433 1725 634 1765 mensa
663 1709 778 1764 sint
797 1709 900 1764 tibi
919 1710 1202 1766 libamina
1219 1715 1472 1784 accepta,
1501 1711 1617 1766 sint
1635 1727 1762 1782 gra-
1859 1728 2020 1779 num,
2046 1728 2272 1766 summe
2295 1710 2576 1766 Sacerdos
2601 1709 2963 1764 sacerdotum
2996 1709 3310 1764 secundum
3338 1709 3490 1764 ordi-

181 1805 238 1866 ta,
258 1802 355 1856 sint
389 1802 646 1874 pinguia,
675 1807 734 1858 et
761 1802 1006 1875 Spiritus
1032 1804 1212 1859 sancti
1249 1805 1331 1859 tui
1375 1821 1602 1876 semper
1627 1811 1836 1883 roreB
1861 1822 1997 1862 nem
2027 1805 2436 1860 Melchisedech
2485 1804 2569 1874 (ut
2605 1801 2890 1872 diximus),
2928 1805 3203 1873 patenam
3246 1803 3395 1858 hanc
3439 1807 3497 1858 et

183 1895 392 1966 perfusa;
420 1898 482 1950 ut
513 1895 674 1951 omni
699 1900 963 1970 tempore
995 1897 1055 1952 in
1095 1899 1206 1953 hoc
1238 1899 1363 1954 loco
1390 1898 1762 1970 supplicantis
1862 1899 2098 1955 calicem
2125 1899 2298 1966 hunc,
2341 1901 2398 1950 et
2437 1895 2632 1952 omnia
2669 1895 3053 1949 instrumenta
3101 1895 3296 1949 altaris
3326 1895 3496 1966 hujus

183 1987 258 2042 tibi
273 1989 489 2044 familiae
515 1994 632 2045 tuae
657 1991 974 2046 anxietates
998 1992 1238 2061 releves,
1271 1992 1644 2064 aegritudines
1673 2009 1764 2046 cu-
1863 1992 2114 2048 ecclesiae
2145 2007 2245 2046 seu
2273 1989 2540 2056 basilicas,
2567 2005 2692 2060 quae
2717 1988 2870 2042 inter
2899 1991 3122 2042 nostras
3145 1989 3368 2058 palmas
3387 1989 3493 2043 ha-

185 2097 264 2148 res,
291 2099 472 2153 preces
497 2083 790 2152 exaudias,
819 2087 952 2140 vota
976 2085 1267 2156 suscipias,
1292 2085 1616 2140 desiderata
1632 2101 1766 2141 con-
1859 2089 2092 2157 bentur,
2140 2088 2312 2144 corde
2359 2103 2680 2159 precamur,
2731 2089 2795 2140 ut
2829 2085 3158 2155 benedicas,
3207 2085 3492 2157 puriﬁces,

184 2175 350 2244 ﬁrmes,
379 2177 666 2248 postulata
695 2177 996 2233 concedas.
1027 2180 1136 2234 Per
1165 2179 1475 2234 Dominum
1505 2182 1765 2235 nostrum
1864 2201 2183 2250 consecrcs,
2217 2185 2275 2237 et
2297 2197 2680 2248 consummes,
2711 2180 2914 2252 quibus
2935 2178 3088 2234 inter
3118 2196 3222 2235 nos
3249 2182 3306 2234 et
3328 2184 3494 2236 teter-

183 2268 330 2324 Jesum
353 2270 639 2326 Christum
666 2271 873 2327 Filium
909 2276 1094 2328 tuum.
1866 2295 2004 2334 nam
2027 2277 2308 2332 unitatem
2343 2276 2402 2330 in
2434 2291 2704 2348 supremo
2725 2277 2919 2330 meatu
2943 2273 3065 2329 sine
3092 2274 3205 2329 flne
3233 2278 3494 2330 constare

622 2359 855 2411 Prefatio
890 2360 1266 2412 linteaminum.
1870 2371 2186 2427 credimus,
2213 2371 2336 2426 Per.

235 2431 446 2490 Domine
476 2435 633 2490 Deus
648 2435 1037 2506 omnipotens,
1061 2435 1207 2490 sicut
1231 2436 1303 2492 ab
1325 2435 1490 2492 initio
1511 2435 1762 2492 homini-
2389 2440 2621 2493 Praelatio
2658 2439 2968 2491 cbrismalis.

184 2533 263 2589 bu,
285 2537 459 2592 vitalia
483 2540 544 2592 ει
574 2537 900 2592 necessaria
923 2538 1150 2606 creasti,
1173 2542 1230 2593 ει
1269 2538 1765 2610 quemadmodum
1938 2517 2199 2584 Oremus,
2238 2517 2445 2572 fratres
2487 2515 2828 2583 charissimi,
2860 2519 2923 2570 ut
2959 2515 3110 2569 Deus
3133 2514 3500 2586 omnipotens

186 2630 474 2686 vestimenta
500 2631 862 2702 pontiﬁcalia
881 2608 1307 2700 sacerdotibus,—
1323 2638 1381 2688 ει
1401 2632 1584 2688 levius
1605 2649 1770 2688 οπλα,
1869 2611 1977 2665 hoc
2007 2610 2412 2679 ministerium,
2445 2609 2701 2681 corporis
2727 2609 2826 2663 ﬁlii
2860 2609 2945 2663 sui
2971 2608 3198 2664 Domini
3215 2609 3397 2663 nostri
3415 2612 3502 2664 Je-

187 2728 356 2791 ωειιιε,
377 2741 498 2796 qua
519 2728 581 2780 et
603 2724 944 2780 linteamina
965 2726 1090 2780 ﬁeri
1111 2726 1328 2782 famulo
1350 2729 1448 2781 tuo
1468 2726 1642 2798 Moysi
1666 2742 1770 2798 per
1870 2725 1934 2762 su
1977 2707 2187 2764 Christi
2231 2709 2513 2779 gerolum,
2560 2707 2985 2772 benedictione,
3033 2706 3500 2760 sanctiﬁcationis

187 2816 521 2890 quadraginta
556 2817 683 2874 dies
707 2818 968 2886 docuisti,
997 2818 1110 2874 sive
1141 2819 1320 2874 etiam
1345 2837 1414 2875 ea
1440 2837 1568 2892 qua;
1595 2819 1770 2875 Maria
1869 2802 2175 2869 tutamine,
2212 2800 2563 2856 defensionis
2605 2798 3003 2854 dominatione
3029 2798 3269 2870 implere
3302 2799 3500 2870 digne-

186 2910 326 2964 texuit
349 2915 402 2966 et
422 2912 557 2967 fecit
581 2912 646 2966 in
673 2929 838 2966 usum
867 2911 1173 2967 ministerii
1204 2913 1561 2968 tabernaculi
1591 2912 1766 2968 fcede-
1869 2898 1982 2962 tu!"
2013 2895 2307 2950 orantibus
2341 2893 2526 2949 “Obis-
2553 2895 2679 2948 P8P-

187 3001 262 3069 ris,
275 3005 634 3073 sanctiﬁcare,
655 3004 1021 3074 benedicere,
1045 3022 1496 3078 consecrareque
1515 3005 1772 3078 digneris
1942 2989 2321 3060 ΟῐηηίΡοίθηδ
2346 2991 2491 3044 Βθιιδ
2519 2986 2784 3054 Trinitas},
2809 2985 3076 3040 manibus
3101 2986 3310 3041 nostris
3329 3002 3502 3058 0P9!“

187 3093 281 3151 ωηο
308 3097 640 3154 linteamina
678 3097 738 3153 in
777 3115 945 3153 usum
981 3099 1177 3154 auaris
1221 3099 1306 3154 mi
1344 3099 1420 3154 ad
1455 3099 1772 3172 tegendum
1872 3085 1986 3137 tua:
2012 3082 2434 3138 benedictionis
2455 3081 2719 3149 infunde,
2751 3084 2813 3134 ut
2836 3097 2939 3152 per
2961 3083 3218 3136 nostram
3239 3079 3505 3134 benedic-

187 3187 670 3266 involnendumque
698 3208 904 3264 corpus
934 3196 992 3247 et
1022 3192 1368 3265 sanguinem
1396 3193 1520 3248 Filii
1543 3193 1627 3248 tui
1661 3194 1769 3248 Do-

1890 3177 2092 3232 .ionem
2143 3177 2252 3232 hoc
2303 3177 2596 3232 vasculum
2651 3174 3058 3243 sanctiﬁcetur,
3131 3179 3188 3228 et
3248 3173 3505 3245 corporis

186 3283 302 3340 mini
338 3287 505 3343 nostri
543 3289 683 3344 Jesu
715 3285 939 3343 Christi.
979 3285 1088 3350 Qui
1117 3289 1307 3342 tecum
1327 3287 1462 3343 vivit
1487 3290 1546 3343 et
1566 3289 1775 3360 regnat
1874 3270 2081 3327 Christi
2108 3287 2316 3326 novum
2349 3271 2674 3342 sepulcrum
2697 3268 2940 3340 Spiritus
2967 3267 3146 3322 sane“
3176 3267 3362 3337 gratia
3381 3284 3509 3338 P91“

187 3375 321 3434 Dens.
1563 3419 1577 3428 ,
1874 3360 2112 3420 ﬁciatur.
2144 3367 2252 3420 Per
2275 3364 2584 3420 Dominam
2613 3365 2870 3418 nostrum
2885 3363 3078 3417 Jesum
3098 3360 3389 3416 Christum
3418 3361 3508 3414 Fi-

242 3472 376 3529 Fiant
410 3475 614 3531 omnia
639 3475 748 3530 ista
790 3473 1147 3546 protectione
1175 3477 1274 3530 tua
1307 3477 1430 3530 tuta
1467 3478 1638 3548 atque
1675 3475 1774 3530 de-
1878 3459 2018 3514 “um
2047 3462 2231 3526 tuum:
2261 3457 2356 3530 (Ιιιί
2385 3461 2574 3512 tecum
2609 3455 2760 3510 νίνίί·

188 3566 331 3636 fensa,
355 3573 553 3641 potens
581 3569 849 3637 Domine,
883 3585 1036 3624 vasa.
1064 3569 1173 3624 Per
1203 3569 1530 3625 Dominum.

544 3658 630 3710 Ad
671 3657 1080 3708 consecrandam
1111 3660 1374 3722 patenam.

242 3729 635 3787 Consecramus
673 3735 732 3785 et
767 3729 1189 3802 sanctiﬁcamus
1232 3729 1382 3783 hanc
1407 3732 1682 3800 patenam
1707 3728 1782 3784 ad

190 3823 569 3881 conﬁciendum
591 3824 650 3880 in
667 3840 738 3880 ea
753 3840 960 3896 corpus
974 3822 1205 3878 Domini
1229 3823 1410 3878 nostri
1423 3825 1448 3878 J
1455 3839 1554 3878 esu
1575 3822 1784 3879 Christi

187 3917 416 3987 patientis
457 3935 692 3976 crucem
733 3935 836 3991 pro
875 3919 1054 3973 salute
1094 3920 1290 3972 nostra
1349 3916 1631 3973 omnium.
1677 3915 1783 3982 Qui

191 4016 360 4084 regnat
386 4014 444 4068 in
474 4013 704 4070 smeula.

2055 3573 2185 3626 XIII.
2227 3584 2524 3626 ommoses
2549 3567 2576 3609 ι)
2603 3584 2666 3623 nr
2713 3582 2904 3633 pasces
2945 3582 3042 3621 ι)ηο
3081 3582 3325 3622 REGIBUS.

1953 3671 2116 3736 Deus,
2150 3669 2249 3740 qui
2273 3668 2473 3723 ﬁdeles
2499 3671 2628 3722 tuos
2654 3665 2728 3720 ad
2753 3666 2862 3720 hoc
2897 3664 3155 3736 corripis,
3203 3668 3265 3718 ut
3307 3681 3504 3718 emen-

1883 3763 2004 3832 des,
2028 3763 2304 3834 populum
2325 3765 2507 3828 tuum,
2533 3776 2878 3832 quaesumus,
2909 3775 2980 3812 ne
3003 3757 3285 3830 despicias
3305 3759 3514 3830 suppli-

1883 3862 2136 3924 cantem,
2171 3860 2234 3911 ut
2261 3859 2373 3911 tua:
2399 3855 2624 3910 virtutis
2648 3853 2878 3921 auxilio,
2902 3851 3062 3907 omni
3083 3852 3393 3907 hostilitate
3421 3853 3515 3906 de-

1885 3952 2068 4024 pulsa,
2109 3954 2166 4005 et
2211 3949 2512 4005 securitate
2571 3947 2771 4020 patria:
2818 3948 3061 4014 laetetur,
3117 3950 3174 4001 et
3234 3945 3516 4002 catholica

1885 4061 2117 4118 semper
2142 4045 2355 4113 exultet
2380 4043 2646 4098 Ecclesia.
2686 4043 2812 4097 Per.

1955 4213 2157 4285 Populi
2192 4213 2296 4282 tui,
2328 4136 2687 4284 quiamagis?
2719 4135 3094 4280 :‘rirtnipotens
3117 4210 3284 4274 Deus,
3319 4206 3512 4279 prapi-

823 4085 954 4132 Item
988 4081 1105 4132 alia.

243 4154 570 4212 Consecrare
586 4158 645 4210 et
664 4152 1021 4209 sanctiﬁcare
1050 4151 1330 4226 digneris,
1347 4154 1612 4223 Domine,
1631 4158 1786 4227 pate-

189 4263 298 4303 nam
327 4250 488 4319 hanc,
520 4261 630 4322 per
658 4247 829 4304 istam
859 4246 1193 4302 unctionem
1229 4251 1287 4303 et
1327 4251 1584 4304 nostram
1609 4248 1783 4304 bene-

189 4339 463 4400 dictionem
485 4344 545 4400 in
569 4341 795 4400 Christo
815 4343 946 4398 Jesu
979 4340 1230 4397 Domino
1261 4345 1478 4398 nostro.
1511 4341 1619 4407 Qui
1654 4340 1790 4396 vivit

189 4437 234 4489 et
249 4441 453 4509 regnat.

579 4507 656 4558 Ad
681 4505 898 4558 calicem
932 4505 1365 4556 consecrandum.

1887 4307 2034 4366 tiare
2064 4306 2332 4378 peccatis,
2361 4309 2420 4360 et
2447 4304 2622 4360 totius
2656 4301 2988 4358 hostilitatis
3018 4318 3051 4355 a
3091 4300 3259 4355 nobis
3293 4317 3517 4355 errores

1889 4404 2103 4468 averte,
2136 4403 2200 4455 ut
2213 4399 2378 4470 regni
2400 4399 2747 4454 Francorum
2775 4394 3028 4450 nominis
3051 4409 3250 4448 secura
3283 4393 3518 4448 libertas

1891 4495 1950 4550 in
1975 4499 2074 4550 tua
2100 4493 2404 4548 devotione
2431 4507 2660 4562 semper
2683 4489 2912 4556 exultet,
2945 4489 3004 4542 et
3039 4487 3110 4542 ab
3135 4486 3386 4542 hostium
3415 4504 3520 4543 nos

245 4583 485 4653 θῖεωιιε,
1194 4555 1608 4637 ῖῗιιίηῧοῐῐιίηιιε
1642 4583 1791 4638 Deus
1809 4555 1869 4628 D
1893 4587 2142 4644 defende
2159 4585 2501 4650 formidine;
2524 4555 2586 4638 ut
2598 4581 2760 4638 omni
2779 4581 3213 4653 perturbatione
3231 4581 3517 4651 submota,

191 4682 357 4734 noster
387 4679 630 4735 calicem
667 4693 832 4732 suum
868 4676 930 4731 in
973 4675 1295 4732 ministerio
1333 4677 1790 4732 consecrandum

192 4772 400 4828 caelestis
425 4773 630 4846 gratia:
654 4770 1032 4842 inspiratione
1054 4769 1390 4839 sanctiﬁcat,
1413 4774 1476 4826 ut
1497 4770 1572 4826 ad
1595 4772 1794 4827 huma-

193 4881 305 4921 nam
346 4867 817 4924 benedictionem
865 4865 1289 4936 plenitudinem
1347 4864 1525 4920 divini
1585 4865 1794 4921 favoris

195 4962 586 5018 accommodet.
615 4962 725 5016 Per
749 4959 1081 5015 Dominum.

753 5049 882 5098 Item
944 5047 1204 5098 collectio.

247 5120 506 5192 Dignare,
535 5119 801 5188 Domine,
840 5119 1078 5175 calicem
1106 5119 1280 5174 istum
1312 5120 1371 5173 in
1405 5135 1572 5174 usum
1601 5117 1798 5172 minis-

192 5213 300 5269 terii
313 5215 390 5270 tui
411 5215 512 5287 pia
537 5213 741 5269 famuli
759 5212 842 5268 tui
864 5213 1169 5269 devotione
1192 5213 1522 5280 formatum,
1543 5229 1612 5266 ea
1633 5228 1794 5266 sanc-

194 5305 478 5364 tiﬁcatione
505 5307 873 5380 perfundere,
903 5323 1017 5378 qua
1039 5306 1452 5364 Melchisedech
1481 5305 1684 5361 famuli
1715 5305 1798 5361 tui

192 5402 453 5455 sacratum
480 5397 720 5454 calicem
746 5397 1085 5468 perfudisti;
1124 5400 1183 5452 et
1206 5396 1362 5469 quod
1391 5399 1513 5451 arte
1547 5396 1636 5451 vel
1675 5412 1796 5451 me-

193 5491 307 5548 tallo
333 5493 486 5548 eﬁlci
517 5507 638 5546 non
661 5493 852 5564 potest
875 5490 1149 5546 altaribus
1167 5490 1278 5546 tuis
1299 5490 1564 5562 dignum,
1583 5489 1684 5545 ﬁat
1704 5493 1802 5544 tua

194 5581 582 5644 benedictione
611 5585 944 5657 pretiosum.

244 5717 273 5787 ,δ
295 5707 421 5762 Haec
447 5709 511 5762 et
545 5703 845 5777 sequentia
868 5703 930 5758 in
961 5701 1174 5759 Ordine
1201 5704 1484 5772 Romano,
1518 5702 1616 5759 sed
1639 5703 1804 5776 plura

195 5771 278 5890 ὣιί
295 5849 433 5907 Alia:
455 5847 752 5906 orationes
769 5846 1028 5919 aliusque
1038 5846 1194 5920 regis
1204 5845 1587 5905 benedicendi
1598 5846 1806 5904 modus

501 5946 780 6016 ΡΑτιιοι.
827 5943 1063 6012 LXXII.

1891 4682 2087 4738 liberis
2106 4681 2209 4736 tibi
2236 4678 2526 4736 mentibus
2557 4677 2890 4733 serviamus.

1966 4848 2344 4922 Omnipotens
2360 4773 2711 4919 sempitgfr:
2733 4769 2899 4913 312:5,
2917 4842 3017 4916 qui
3041 4842 3236 4916 regnis
3256 4843 3522 4900 omnibus

1895 4949 2112 5001 aeterno
2145 4941 2464 4999 dominaris
2492 4939 2761 5013 imperio,
2791 4937 3005 4993 inclina
3021 4937 3094 4993 ad
3115 4955 3315 5010 preces
3338 4937 3524 4994 humi-

1897 5038 2072 5094 litatis
2089 5039 2298 5092 nostraa
2319 5053 2487 5092 aures
2501 5031 2910 5090 misericordiae
2925 5027 3044 5105 31
3061 5031 3116 5103 7
3133 5035 3264 5099 tum,
3287 5033 3525 5088 etFran-

1897 5149 2096 5188 corum
2110 5131 2278 5204 regni
2292 5129 2488 5186 adesto
2511 5126 2890 5201 principibus;
2913 5129 2978 5180 ut
2995 5128 3092 5180 tua
3111 5126 3527 5198 tranquillitate

1898 5227 2231 5295 clementes,
2259 5228 2359 5280 tua
2387 5239 2618 5294 semper
2647 5221 2761 5276 sint
2793 5219 2999 5274 virtute
3035 5219 3298 5276 victores.
3326 5223 3453 5277 Per.

2648 5311 2777 5365 Alia.

1970 5393 2348 5467 Omnipotens
2372 5397 2429 5448 et
2450 5389 2778 5446 misericors
2795 5389 2961 5458 Deus,
2982 5388 3143 5460 cujus
3173 5403 3419 5463 regnum
3445 5392 3529 5447 est

1900 5489 2162 5544 omnium
2181 5487 2542 5554 saeculorum,
2557 5481 3004 5556 supplicationes
3024 5486 3248 5539 nostras
3273 5483 3522 5539 clemen-

1901 5586 1989 5639 ter
2001 5581 2289 5650 exaudi,et
2299 5581 2650 5636 Francorum
2663 5593 2870 5650 regum
2878 5575 2980 5632 tibi
2991 5576 3281 5632 subditum
3291 5580 3530 5649 protege

1903 5699 1963 5754 in
1984 5697 2198 5754 Ordine
2229 5697 2516 5765 Romano,
2545 5699 2603 5752 et
2633 5694 2786 5769 apud
2814 5693 3152 5752 Menardum
3174 5692 3235 5748 in
3256 5690 3528 5750 unctione

1901 5786 2108 5845 regum
2136 5770 2502 5826 Francorum.

3135 5935 3206 5996 11
