4032 6180
478 315 572 368 331

1265 299 1596 361 APPENDIX
1634 303 1721 358 AD
1757 301 1980 358 OPERA
2017 299 2252 356 SANCTI
2287 297 2587 354 GERMANI
2628 294 3055 352 PARISIENSIS.

3744 289 3863 340 332

474 415 884 492 principatum,
921 416 981 468 ut
1022 412 1082 466 in
1108 416 1209 468 tua
1233 413 1441 468 virtute
1469 411 1734 478 ﬁdentes,
1763 411 1823 464 et
1855 409 1960 464 tibi
1989 409 2110 480 pla-
2135 423 2195 498 Α
2215 406 2558 464 confessoris
2587 405 2669 461 tui
2707 403 2918 460 Helarii
2945 405 3121 473 atque
3148 395 3436 471 pontiﬁcis
3455 393 3862 451 sollemnitate

476 512 664 578 ceant,
693 511 753 564 et
775 523 948 580 super
970 506 1168 562 omnia
1193 522 1374 578 regna
1399 505 1752 578 praecellant.
1785 505 1911 560 Per.

546 668 926 742 Omnipotens
967 594 1526 739 sempiffrfzea‘llfeus,
1567 663 1628 718 in
1664 663 1826 734 cujus
1877 660 2114 718 arbitrio

476 778 794 836 regnorum
828 761 1094 816 omnium
1111 759 1246 831 jura
1275 757 1615 825 consistunt,
1647 758 1889 828 protege
1909 771 2116 826 regum

476 860 830 913 Francorum
861 853 1118 910 nominis
1153 852 1367 924 ubique
1396 853 1670 919 rectores,
1704 851 1769 904 ut
1793 865 1997 904 eorum
2023 865 2117 902 vo-

475 953 591 1007 tiva
616 948 966 1023 prosperitas
989 963 1099 1019 pax
1129 949 1362 1002 tuorum
1387 937 1568 1017 possit
1593 959 1718 998 esse
1745 943 2110 1015 populorum.

1099 1039 1265 1090 Snner
1299 1039 1490 1090 oblata.

1099 1055 1166 1090 διι
1208 1055 1265 1090 er
1299 1055 1490 1090 οοιιιω.

550 1115 927 1184 Sacriﬁcium,
957 1055 1220 1183 Domine),
1251 1112 1406 1185 quod
1437 1111 1830 1177 immolamus,
1856 1107 2112 1174 intende,

478 1215 541 1267 ut
565 1212 637 1266 ab
669 1209 829 1266 omni
859 1225 964 1264 nos
993 1210 1165 1263 exuat
1196 1207 1484 1261 bellorum
1515 1203 1794 1276 nequitia,
1831 1205 1890 1257 et
1918 1201 1980 1256 in
2004 1203 2116 1255 tute

477 1303 852 1379 protectionis
890 1301 1195 1356 securitate
1247 1299 1576 1367 constituat,
1617 1300 1682 1352 ut
1725 1299 1784 1352 et
1830 1313 1864 1350 a
1907 1293 2118 1350 nostris

478 1399 834 1453 mundemur
882 1395 1134 1464 occultis,
1183 1397 1242 1449 et
1279 1394 1352 1449 ab
1393 1391 1765 1447 inimicorum
1801 1389 2119 1444 liberemur

480 1490 723 1546 insidiis.

554 1583 786 1655 Suscipe
817 1580 1098 1654 propitius
1124 1579 1342 1635 hostias
1377 1577 1583 1650 quibus
1609 1579 1668 1632 et
1693 1580 1750 1631 te
1788 1573 2002 1648 placari
2028 1589 2122 1628 vo-

480 1676 654 1745 luisti,
685 1679 743 1731 et
771 1675 937 1730 nobis
958 1675 1204 1728 salutem
1228 1671 1450 1744 potenti
1474 1671 1688 1744 pietate
1709 1668 1966 1724 restitue.
1991 1669 2118 1723 Per.

2216 501 2550 568 deferimus,
2577 502 2642 554 ut
2671 497 2770 571 qui
2799 495 2904 552 tibi
2941 495 3116 568 digne
3165 491 3380 571 meruit
3409 488 3697 556 famulari,
3727 489 3866 560 ejus

2214 569 2709 651 intercedentibus
2721 590 2945 647 meritis
2962 590 3032 644 ab
3053 569 3320 645 omnibus
3339 602 3446 641 nos
3466 585 3696 639 absolve
3723 599 3864 654 pec-

2215 689 2354 747 catis
2381 707 2396 746 :
2426 692 2486 744 et
2516 690 2750 760 praesta,
2795 699 3144 757 quaesumus,
3187 680 3554 752 omnipotens
3589 681 3762 744 Deus,
3792 679 3864 730 ut

2217 784 2354 857 quia
2371 799 2478 840 nos
2505 785 2700 837 reatus
2722 775 2934 835 nostra:
2961 776 3203 833 actionis
3224 777 3442 848 gravat,
3471 771 3624 844 apud
3657 769 3867 826 ineffa-

2214 880 2392 935 bilem
2417 873 2876 933 misericordiam
2906 875 3066 928 tuam
3086 870 3241 926 beati
3267 867 3480 924 Helarii
3505 865 3864 920 confessoris

2215 973 2302 1029 tui
2316 974 2490 1043 atque
2506 967 2794 1042 pontiﬁcis
2809 963 3141 1022 intercessio
3163 979 3269 1018 nos
3289 959 3540 1034 gloriosa
3559 959 3859 1030 protegat.

2835 1049 3002 1112 Super
3042 1047 3230 1098 oblata.

2288 1125 2483 1182 Sancti
2508 1121 2852 1179 confessoris
2865 1119 2947 1175 tui
2977 1123 3149 1190 atque
3170 1115 3478 1190 pontiﬁcis,
3501 1127 3860 1185 qumsumus,

2215 1219 2477 1286 Domine,
2508 1233 2703 1272 annua
2740 1213 3094 1273 sollemnitas
3128 1209 3326 1283 pietati
3364 1211 3477 1263 tua:
3508 1223 3614 1262 nos
3642 1203 3864 1260 reddat

2217 1315 2501 1384 acceptos,
2532 1313 2596 1365 ut
2617 1326 2722 1381 per
2747 1309 2869 1363 haec
2895 1307 3004 1379 pia:
3032 1303 3341 1360 oblationis
3371 1300 3580 1367 ofﬁcia,
3611 1302 3668 1354 et
3689 1297 3858 1352 illum

2216 1408 2388 1464 beata
2404 1402 2706 1460 retributio
2729 1401 3057 1466 comitetur,
3081 1400 3141 1453 et
3160 1396 3327 1452 nobis
3345 1394 3547 1466 gratim
3567 1397 3680 1448 tuas
3699 1391 3860 1446 dona

2218 1499 2504 1557 conciliet.
2546 1500 2672 1554 Per.

2290 1591 2662 1658 Sacriﬁcium,
2685 1587 2946 1655 Domine,
2973 1585 3128 1658 quod
3145 1583 3544 1640 desideranter
3557 1578 3862 1636 offerimus

2221 1691 2452 1760 gratum
2481 1683 2586 1740 tibi
2618 1684 2822 1738 beatus
2867 1679 3124 1736 Helarius
3154 1677 3500 1747 suffragator
3527 1673 3764 1738 efﬁciat,
3798 1674 3868 1724 ut

552 1770 698 1824 vere
717 1767 976 1872 .dignum.
1008 1769 1066 1821 et
1083 1766 1304 1874 iustum
1341 1768 1446 1874 ξδ’ίι
1479 1779 1711 1874 aequ?!”
1745 1765 1804 1817 et
1847 1762 2116 1864 saluiare'
2139 1801 2197 1874 Β
2221 1781 2394 1837 sacris
2415 1777 2708 1844 altaribus,
2729 1774 2990 1842 Domine,
3018 1773 3122 1828 has
3141 1769 3357 1826 hostias
3378 1765 3771 1840 superpositas
3799 1764 3864 1818 in

481 1861 864 1935 Agnoscimus
885 1859 1064 1928 enim,
1083 1857 1324 1914 Domine
1344 1861 1490 1914 Deus
1511 1859 1729 1926 noster,
1751 1853 2122 1927 agnoscimus
2147 1853 2197 1874 ν
2221 1877 2468 1932 salutem
2496 1871 2662 1928 nobis
2691 1867 2994 1941 provenire
3034 1865 3323 1937 deposcat.

484 1956 630 2011 sicut
649 1953 986 2027 prophetica
1013 1952 1234 2007 dudum
1257 1968 1394 2007 voce
1419 1953 1660 2005 testatus
1685 1966 1766 2018 es,
1790 1947 1865 2003 ad
1888 1963 2126 2019 peccan-

484 2049 631 2104 tium
657 2047 866 2103 merita
891 2045 1204 2118 pertinere,
1250 2047 1313 2098 ut
1337 2060 1634 2100 servorum
1659 2045 1894 2098 tuorum
1927 2039 2123 2096 labore

487 2142 746 2216 quaesita,
776 2141 879 2196 sub
921 2141 1234 2211 conspectu
1259 2140 1456 2192 nostro
1483 2136 1753 2192 manibus
1780 2134 2127 2206 diripiantur

488 2235 720 2303 alienis;
749 2237 808 2288 et
836 2251 964 2305 quas
996 2231 1413 2288 desudantibus
1443 2229 1675 2285 famulis
1717 2227 1875 2284 nasci
1902 2226 2124 2295 tribuis,

490 2329 562 2383 ab
577 2327 838 2383 hostibus
850 2325 1090 2398 patiaris
1105 2323 1360 2392 absumi;
1381 2327 1621 2395 totoque
1645 2321 1817 2378 corde
1833 2319 2126 2394 prostrati,

491 2421 778 2492 supplices
811 2436 1132 2488 exoramus,
1176 2422 1240 2474 ut
1286 2421 1346 2473 et
1386 2417 1812 2489 prasteritorum
1846 2414 2130 2470 concedas

489 2514 722 2570 veniam
743 2512 1114 2579 delictorum;
1133 2515 1192 2567 et
1209 2512 1560 2568 Francorum
1575 2509 1742 2582 regni
1759 2508 2010 2564 nominis
2025 2506 2131 2563 ini-

491 2607 675 2663 micos
693 2607 902 2662 virtute
925 2609 1034 2662 tuae
1067 2622 1410 2677 conpremas
1434 2604 1754 2675 majestatis
1785 2620 1798 2658 :
1828 2603 1963 2674 quia
1993 2604 2131 2656 tunc

492 2701 894 2757 defensionem
924 2702 1085 2754 tuam
1121 2716 1240 2754 non
1276 2698 1592 2754 difﬁdimus
1619 2698 1968 2764 adfuturam,
1999 2710 2130 2750 cum

493 2807 526 2846 a
544 2791 712 2846 nobis
731 2807 802 2845 ea
822 2787 1030 2861 quibus
1050 2787 1398 2843 offendimus
1418 2786 1730 2857 dignanter
1748 2784 2050 2856 expuleris;
2069 2785 2134 2838 ut

491 2884 738 2956 populus
764 2887 898 2938 tuus
925 2881 1062 2936 ﬁdei
1087 2881 1420 2952 integritate
1440 2881 1686 2946 lastetur,
1713 2881 1772 2932 et
1801 2880 2130 2949 temporum

491 2975 913 3047 tranquillitate
935 2990 1168 3044 semper
1181 2974 1412 3027 exultet.
1435 2975 1542 3027 Per
1564 2987 1738 3042 quem
1753 2970 2126 3041 Majestatem.

536 3055 722 3123 'Hanc
756 3067 934 3137 igitur
971 3067 1328 3122 oblationem
1369 3063 1654 3120 servitutis
1693 3066 1924 3130 nostrae,
1955 3078 2129 3134 quam

2293 1971 2366 2024 Ut
2408 1965 2594 2033 nobis,
2635 1962 2896 2030 Domine,
2940 1964 3038 2016 tua
3072 1957 3351 2014 sacriﬁcia
3395 1956 3538 2010 dent
3579 1953 3866 2018 salutem;

2224 2077 2550 2136 quaesumus
2572 2059 2774 2114 beatus
2805 2055 3112 2112 Confessor
3141 2055 3273 2107 tuus
3300 2051 3566 2123 precator
3600 2046 3867 2103 accedat.

2222 2159 2348 2215 Per.
2381 2159 2494 2212 Pax
2517 2151 2618 2208 ﬁdi
2643 2154 2859 2208 sancta.

2295 2252 2439 2305 Vere
2481 2248 2723 2318 dignum
2759 2248 2816 2300 et
2843 2244 3064 2314 justum
3103 2242 3208 2309 est,
3247 2254 3478 2311 aequum
3501 2239 3560 2292 et
3589 2236 3869 2291 salutare.

2229 2342 2515 2408 Quoniam
2539 2337 2882 2394 ﬁducialiter
2894 2336 2998 2391 tibi
3023 2334 3208 2390 laudis
3231 2332 3447 2388 hostias
3466 2330 3872 2395 lmmolamus,

2229 2453 2371 2509 quas
2389 2434 2572 2490 sancti
2592 2430 2802 2488 Helarii
2820 2428 3107 2502 pontiﬁcis
3122 2427 3206 2482 tui
3219 2425 3578 2482 confessione
3595 2421 3872 2495 prazsenti

2227 2528 2572 2587 confidimus
2596 2523 2985 2597 adjubandas;
3014 2525 3078 2576 ut
3107 2521 3260 2575 illius
3285 2517 3608 2592 patrocinio
3629 2533 3738 2570 nos
3764 2514 3870 2568 ad-

2222 2625 2485 2697 jubante,
2510 2620 2703 2676 debita
2713 2616 2935 2673 nomini
2957 2619 3056 2670 tuo
3072 2613 3340 2670 servitute
3353 2613 3703 2685 placeamus.
3721 2607 3873 2673 Quia

2231 2719 2369 2773 dum
2380 2715 2534 2772 beati
2551 2713 2700 2768 illius
2716 2711 2926 2767 merita
2944 2709 3193 2782 gloriosa
3207 2721 3571 2770 veneramur,
3585 2702 3872 2758 auxilium

2230 2810 2396 2868 nobis
2408 2813 2519 2864 tua:
2531 2803 2955 2880 pr0pitiationis
2966 2801 3323 2874 adquirimus
3337 2817 3351 2870 ;
3365 2816 3472 2854 nec
3493 2798 3874 2868 desperamus

2231 2906 2304 2961 de
2330 2902 2513 2958 veniae
2547 2899 2836 2972 largitate,
2864 2913 3038 2969 quam
3073 2911 3179 2968 per
3217 2911 3352 2949 eum
3393 2891 3490 2965 qui
3521 2891 3624 2946 tibi
3654 2891 3872 2962 placet,

2231 2995 2619 3070 deposcimus:
2636 2993 2772 3065 quia
2797 2987 3304 3063 supplicationibus
3325 2986 3534 3042 nostris
3548 2982 3880 3038 misericor-

2231 3092 2386 3147 diam
2398 3093 2558 3144 tuam
2571 3086 2915 3144 conﬁdimus
2927 3083 3282 3149 adfuturam,
3297 3097 3468 3152 quam
3480 3077 3632 3134 beati
3653 3077 3874 3131 Helarii

491 3162 598 3216 tibi
634 3159 932 3216 offerimus
967 3176 1072 3230 pro
1111 3159 1292 3213 salute
1327 3161 1387 3252 et
1420 3156 1816 3252 incolumitate
1841 3157 1930 3252 vel
1974 3158 2126 3210 statu
2147 3173 2202 3248 Ο
2226 3181 2568 3241 confessoris
2596 3181 2677 3235 tui
2703 3178 2988 3252 poscimus
3017 3177 3345 3232 interventu
3384 3169 3576 3246 319
3609 3169 3783 3226 nobis
3815 3175 3872 3223 et

493 3255 662 3326 regni
693 3255 1063 3321 Francorum,
1092 3252 1218 3324 (pro
1248 3251 1474 3323 quibus,
1493 3250 1734 3307 Domine
1760 3249 2129 3320 omnipotens

493 3350 661 3416 Deus,
695 3347 801 3402 tibi
823 3345 1109 3418 supplices
1133 3345 1428 3400 fundimus
1448 3360 1648 3416 preces
1668 3361 1682 3413 ;
1700 3347 1756 3398 te
1782 3343 1843 3397 in
1861 3343 2128 3398 omnibus

493 3442 722 3508 ducem,
747 3444 804 3495 te
827 3440 887 3494 in
909 3439 1180 3495 omnibus
1200 3439 1304 3493 viis
1323 3438 1440 3493 suis
1459 3440 1848 3510 protectorem
1868 3453 2131 3492 merean-

493 3539 590 3591 tur
630 3533 868 3606 habere)
899 3550 1243 3606 quaesumus,
1271 3533 1536 3601 Domine,
1570 3534 1633 3586 ut
1661 3531 1916 3602 placatus
1953 3529 2125 3586 susci-

498 3628 644 3702 pias.
672 3629 796 3683 Per.

1026 3696 1147 3747 Post
1189 3696 1630 3748 communionem.

565 3771 829 3840 Protege,
857 3768 1120 3836 Domine,
1152 3768 1403 3824 famulos
1431 3771 1560 3824 tuos
1594 3766 1861 3822 subsidiis
1893 3765 2049 3838 pacis
2074 3767 2133 3820 et

495 3861 780 3935 corporis;
809 3863 868 3916 et
897 3860 1246 3934 spiritalibus
1275 3861 1574 3916 enutriens
1598 3860 1907 3928 alimentis,
1931 3877 1965 3915 a
1991 3876 2128 3916 cun-

497 3956 602 4012 ctis
629 3953 890 4011 hostibus
915 3953 1094 4009 redde
1127 3969 1376 4009 securos.
1404 3957 1530 4010 Per.

569 4115 826 4170 Fidelem
855 4113 1134 4186 populum
1169 4042 1730 4184 ἓιῗιῖὶῗιιὲιλωεωηιιε,
1752 4114 2012 4185 Domine,
2034 4131 2134 4186 po-

495 4209 694 4266 tentias
737 4211 851 4264 tua:
885 4205 1080 4280 318
1109 4205 1338 4260 muniat
1377 4205 1586 4262 invicta
1623 4207 1913 4276 defensio,
1944 4211 2008 4262 ut
2034 4208 2130 4280 pio

495 4320 728 4376 semper
754 4301 860 4358 tibi
891 4300 1131 4356 devotus
1161 4299 1390 4368 affectu,
1425 4303 1484 4355 et
1507 4300 1579 4355 ab
1613 4300 1838 4356 infestis
1857 4300 2134 4356 liberetur

493 4397 764 4465 inimicis,
795 4397 854 4451 et
878 4395 939 4450 in
967 4397 1069 4450 tua
1080 4392 1302 4466 jugiter
1331 4393 1517 4466 gratia
1531 4399 1878 4466 perseveret.
1901 4398 2008 4453 Per
2021 4399 2129 4452 Do-

496 4491 724 4547 minum
757 4491 1021 4545 austrum
1048 4490 1242 4544 Jesum
1270 4487 1558 4544 Christum
1578 4488 1803 4556 Filium.

495 4603 626 4658 XIV.
661 4616 960 4658 ORATIONES
1004 4618 1070 4656 er
1107 4616 1306 4658 pasces
1344 4617 1399 4657 IN
1438 4617 1629 4658 sum
1661 4617 1852 4659 smcrr
1889 4617 2126 4658 HELARII.

569 4705 828 4770 Sanctus,
860 4701 1122 4769 Domine,
1145 4702 1404 4758 Helarius
1427 4705 1724 4760 confessor
1747 4709 1876 4760 tuus
1895 4721 1997 4760 sua
2025 4720 2132 4760 nos

497 4793 910 4852 intercessione
957 4795 1227 4864 laetiﬁcet,
1273 4799 1332 4850 et
1374 4797 1470 4868 pia
1524 4797 1699 4854 faciat
1743 4799 2131 4855 sollemnitate

499 4889 775 4962 gaudere.
827 4890 953 4944 Per.

570 4981 908 5038 Intercessio
935 4997 1062 5051 nos,
1091 4998 1420 5054 quaesumus
1453 4983 1715 5054 Domine,
1747 4989 1945 5042 sancta
1976 4983 2134 5042 beati

500 5077 712 5132 Helarii
741 5076 1135 5144 commendet,
1156 5079 1218 5131 ut
1241 5077 1396 5149 quod
1425 5079 1636 5134 nostris
1663 5081 1883 5136 meritis
1906 5097 2024 5136 non
2045 5097 2136 5136 va-

497 5170 705 5240 lemus,
741 5171 864 5242 ejus
892 5169 1226 5242 patrociniis
1255 5170 1661 5244 adsequamur.
1692 5175 1818 5230 Per.

571 5263 997 5335 lndulgentiam
1033 5264 1222 5335 nobis,
1263 5266 1526 5338 Domine,
1569 5285 1916 5340 quaesumus,
1953 5269 2134 5325 sancti

391 5415 396 5420 _
497 5357 710 5414 Helarii
753 5357 1100 5413 confessoris
1134 5359 1215 5414 tui
1239 5363 1498 5434 postulet
1529 5361 1633 5417 tibi
1670 5365 1837 5434 grata
1856 5363 2130 5436 precatio,

500 5454 561 5506 ut
581 5453 742 5506 tuam
759 5467 990 5523 semper
1008 5451 1467 5510 misericordiam
1492 5455 1790 5528 percipere
1809 5458 2131 5527 valeamus;

499 5544 908 5600 utintercessio
925 5544 1077 5600 illius
1097 5549 1156 5600 et
1175 5549 1334 5601 tuam
1347 5546 1512 5602 nobis
1534 5565 1651 5604 non
1669 5549 1895 5606 desinat
1904 5551 2133 5623 placare

491 5637 798 5711 justitiam,
840 5641 898 5693 et
930 5641 1189 5694 nostram
1217 5638 1321 5692 tibi
1361 5638 1628 5696 devotam
1657 5643 1878 5716 jugiter
1904 5645 2132 5701 efﬁcere

499 5732 852 5786 servitutem.
887 5732 1013 5786 Per.

571 5821 811 5893 Exaudi,
847 5821 1108 5890 Domine,
1147 5836 1346 5892 preces
1392 5823 1638 5894 nostras,
1682 5841 1823 5898 quas
1861 5828 1922 5886 in
1955 5833 2134 5890 sancti

2227 3276 2586 3335 confessione
2611 3271 2890 3346 praestari.
2914 3270 3058 3337 Quia
3081 3270 3218 3324 licet
3236 3266 3402 3323 nobis
3416 3265 3709 3320 medelam
3723 3280 3874 3318 sem-

2227 3390 2332 3446 per
2365 3373 2636 3444 operetur
2663 3366 2840 3423 divini
2871 3363 3180 3420 celebratio
3213 3358 3596 3426 Sacramenti,
3620 3374 3876 3430 propen-

2228 3465 2342 3522 sius
2371 3462 2714 3520 conﬁdimus
2737 3460 3088 3525 adfuturam,
3116 3461 3248 3512 cn'm
3269 3455 3599 3510 sanctorum
3628 3455 3869 3507 tuorum

2229 3565 2287 3616 et
2304 3560 2535 3615 illorum
2564 3554 2790 3611 meritis
2837 3549 3354 3608 intervenientibus
3401 3546 3725 3602 exhibetur.
3761 3547 3872 3600 Per

2231 3669 2425 3726 quem.

2301 3748 2457 3802 Hanc
2481 3743 2658 3817 igitur
2683 3740 3038 3798 oblationem
3075 3733 3360 3794 servitutis
3391 3737 3623 3802 nostrae,
3660 3731 3766 3789 sed
3813 3737 3871 3788 et

2230 3842 2451 3896 cunctae
2479 3837 2710 3894 familia:
2741 3839 2874 3903 tum,
2903 3850 3081 3906 quam
3107 3831 3212 3888 tibi
3241 3829 3537 3887 offerimus
3559 3829 3622 3884 in
3641 3827 3870 3883 honore

2231 3932 2412 3990 sancti
2437 3930 2650 3986 Helarii
2675 3927 3018 3985 confessoris
3056 3925 3139 3982 tui
3171 3928 3344 3997 atque
3366 3921 3676 3996 pontiﬁcis,
3708 3937 3870 3994 qua:-

2231 4047 2448 4099 sumus,
2480 4029 2744 4086 Domine.
2776 4029 2902 4084 Per.

2757 4111 2878 4160 Post
2897 4107 3342 4160 communionem.

2303 4184 2461 4240 Beati
2498 4182 2710 4238 Helarii
2747 4178 3089 4236 confessoris
3127 4177 3232 4244 tui,
3271 4173 3533 4242 Domine,
3579 4171 3878 4245 suffragiis

2232 4280 2516 4345 exoratus,
2558 4277 2830 4348 percepta
2863 4269 3222 4329 Sacramenti
3264 4268 3346 4323 tui
3385 4283 3490 4322 nos
3525 4265 3736 4320 virtute
3769 4265 3875 4320 de-

2231 4372 2425 4441 fende,
2448 4374 2511 4426 ut
2533 4368 2772 4425 caelestis
2817 4364 3064 4422 remedii
3095 4364 3526 4418 sacramentum
3557 4358 3630 4414 ad
3658 4375 3878 4431 perpe-

2230 4469 2393 4522 tuam
2423 4463 2590 4519 nobis
2616 4459 2918 4534 provenire
2951 4456 3301 4514 medicinam
3323 4453 3600 4510 obtineat.
3629 4454 3762 4508 Per.

2149 4547 2210 4620 D
2302 4560 2574 4629 Protegat
2591 4573 2715 4623 nos,
2737 4553 2999 4624 Domine,
3019 4565 3150 4608 cum
3168 4548 3251 4604 tui
3267 4547 3636 4622 perceptione
3661 4545 3874 4602 Sacra-

2231 4653 2415 4711 menti
2439 4652 2644 4707 beatus
2672 4647 2934 4704 Helarins
2958 4645 3254 4702 confessor
3274 4645 3406 4698 tuus
3429 4638 3880 4707 intercedendo,

2232 4751 2296 4804 ut
2323 4743 2706 4803 confesssonis
2748 4743 2870 4814 ejus
2915 4755 3147 4811 semper
3181 4735 3543 4810 experiamur
3571 4731 3883 4788 auxilium.

2231 4844 2338 4900 Per
2372 4843 2533 4897 Dom.
2577 4841 2842 4894 nostrum
2875 4837 3072 4892 Iesum
3111 4831 3400 4889 Christum
3439 4827 3646 4884 Filium
3681 4831 3885 4882 tuum.

2372 4936 2477 4990 XV.
2527 4948 2824 4989 ORATIONES
2874 4946 2939 4985 ar
2986 4943 3179 4984 reseas
3231 4941 3392 4983 [mus
3439 4937 3729 4979 manus.

2302 5027 2468 5092 Deus,
2497 5022 2596 5095 qui
2622 5038 2727 5078 nos
2759 5035 2954 5076 annua
2979 5016 3134 5073 beati
3173 5013 3432 5086 Martyris
3463 5010 3545 5066 tui
3572 5009 3889 5064 sollemni-

2229 5123 2349 5176 tate
2378 5116 2652 5185 lmtiﬁcas,
2681 5117 2892 5188 praesta
2922 5126 3254 5184 quaesumus
3269 5111 3332 5163 ut
3348 5106 3508 5178 cujus
3525 5102 3892 5176 gaudemus,

2231 5213 2472 5281 meritis,
2504 5211 2858 5266 instruamur
2880 5205 3176 5278 exemplis.
3205 5205 3330 5260 Per.

2303 5306 2464 5364 Beati
2491 5303 2750 5376 Martyris
2780 5302 2884 5372 tui,
2915 5299 3179 5367 Domine,
3209 5313 3335 5363 nos,
3377 5307 3730 5366 quaesumus,
3759 5305 3902 5346 me-

2232 5400 2346 5458 rita
2361 5401 2804 5474 prosequantur,
2823 5397 2880 5451 et
2890 5398 3054 5450 tuam
3081 5391 3249 5448 nobis
3273 5384 3706 5460 indulgentiam
3723 5401 3898 5440 sem-

2231 5512 2338 5569 per
2360 5495 2692 5566 implorent,
2721 5493 2784 5545 ut
2807 5489 2930 5562 ejus
2957 5504 3118 5543 sacra
3144 5481 3416 5540 natalicia
3444 5484 3504 5536 et
3531 5479 3901 5550 temporali-

2231 5593 2323 5645 ter
2339 5589 2795 5660 frequentemus,
2828 5587 2887 5639 et
2917 5580 3337 5654 conspiciamus
3361 5579 3601 5632 aeterna.
3631 5573 3773 5628 Per.

2305 5741 2535 5810 Praesta,
2554 5737 2816 5806 Domine,
2839 5660 3360 5792 ωὲῗῒῗὺιὲῒοειτὶε
3371 5742 3502 5784 cum
3519 5722 3910 5783 exultatione

2232 5833 2574 5908 profectum,
2599 5836 2664 5890 ut
2676 5831 2837 5906 cujus
2857 5829 3014 5887 diem
3025 5825 3309 5904 passionis
3321 5837 3515 5882 annua
3535 5819 3904 5880 devotione.
