4032 6180
188 359 285 409 33:3
1272 351 1358 408 DE
1399 353 1711 409 LITURGIA
1749 352 2124 408 GALLICANA
2165 353 2361 407 LIBER
2403 351 2491 408 IlI.

3456 352 3556 406 334

183 462 505 527 recolimus,
552 459 726 514 etiam
777 460 905 516 fidei
957 461 1333 516 constantiam
1387 462 1816 534 subsequamur.
1842 461 2062 554 Aciter
2079 461 2472 532 deprecamur,
2505 465 2566 516 ut
2594 477 2721 533 quae
2749 461 2941 516 sedula
2987 461 3275 529 servitute,
3315 459 3552 514 docente

182 556 284 609 Per
308 555 475 608 Dom.

808 625 974 689 Super
999 625 1188 676 oblata.

250 699 509 756 Hostiam
535 704 808 771 nostram,
832 719 1182 773 quaesumus,
1201 703 1452 772 Domine,
1477 702 1651 758 sancti
1675 705 1821 758 Mar-

180 793 316 864 tyris
347 794 432 849 tui
461 800 517 850 et
544 797 863 850 veneranda
891 796 1184 865 confessio,
1218 801 1273 850 et
1310 797 1639 852 exaudibilis
1666 813 1821 852 com-

179 887 414 943 mendet
442 888 641 943 oratio.
670 891 776 945 Per
800 890 1120 945 Dominum.

249 983 394 1036 Vere
443 983 681 1054 digntun
719 989 774 1037 et
794 984 1016 1054 justum
1053 988 1157 1053 est,
1199 1000 1426 1056 {equum
1468 988 1524 1039 et
1559 985 1818 1040 salutare.

175 1075 460 1139 Quoniam
496 1094 528 1130 a
555 1082 606 1131 te
643 1078 1013 1132 constantiam
1040 1078 1199 1148 fides,
1229 1083 1333 1132 ate
1361 1079 1627 1133 virtutem
1653 1079 1826 1133 sumit

177 1169 488 1224 infirmitas
507 1188 522 1237 ;
545 1176 600 1226 et
622 1171 888 1242 quicquid
918 1171 972 1225 in
990 1172 1473 1242 persecutionibus
1489 1187 1700 1226 saevum
1717 1177 1820 1241 est,

176 1263 456 1334 quicquid
487 1263 544 1317 in
570 1267 752 1318 morte
775 1265 1046 1336 terribile,
1076 1266 1324 1320 nominis
1351 1265 1430 1320 tui
1452 1265 1587 1320 facis
1613 1267 1822 1320 confes-

175 1356 340 1410 sione
393 1357 668 1428 superari.
721 1359 878 1413 Unde
913 1359 1301 1414 benedicimus
1343 1365 1420 1428 te,
1471 1359 1725 1427 Domine,
1763 1360 1822 1413 in

176 1451 456 1522 operibus
497 1452 624 1520 tuis,
672 1456 840 1523 teque
883 1452 942 1506 in
988 1457 1312 1509 sanctorum
1364 1459 1596 1507 tuorum
1631 1454 1819 1524 profe-

174 1543 372 1600 ctione
399 1545 715 1600 laudamus.
748 1547 852 1602 Per
880 1563 1052 1618 quem
1078 1547 1447 1618 Majestatem.

717 1648 838 1697 Post
863 1649 1304 1698 communionem.

240 1724 613 1792 Quaesumus,
637 1724 894 1793 Domine,
924 1724 1265 1778 salutaribus
1295 1724 1492 1795 repleti
1516 1725 1819 1796 mysteriis,

176 1822 236 1870 ut
262 1818 441 1888 cujus
467 1817 895 1873 sollemnitatem
921 1817 1290 1887 celebramus,
1333 1818 1678 1875 orationibus
1720 1821 1821 1876 ad-

172 1911 475 1982 juvemur.
497 1913 622 1966 Per.

885 1985 1013 2032 Item
1036 1983 1152 2034 alia.

241 2058 490 2125 Adesto,
511 2057 759 2125 Domine,
789 2057 1169 2128 familiaetuae,
1201 2062 1265 2112 ut
1290 2058 1494 2130 quibus
1521 2061 1823 2116 venerandi

179 2157 414 2206 sanctos
438 2157 560 2205 tuos
589 2156 823 2222 praestas
861 2151 1143 2222 benignus
1181 2152 1466 2221 affectum,
1516 2158 1572 2208 et
1629 2152 1822 2226 320

179 2245 308 2299 vita:
381 2245 626 2299 mortalis
681 2245 922 2300 concede
972 2244 1322 2316 praesidium,
1362 2249 1420 2301 et
1465 2247 1822 2318 sempiterna:

177 2338 580 2394 retributionis
598 2338 881 2394 effectum.
910 2341 1034 2394 Per.

598 2452 703 2506 XV.
746 2467 868 2505 ιτει
908 2467 974 2505 ne
1014 2467 1120 2506 CNO
1164 2467 1432 2506 marrae.

246 2556 426 2614 Adsit
462 2556 636 2626 nobis,
681 2573 1027 2628 quaesumus,
1071 2557 1327 2627 Domine,
1381 2557 1527 2612 beati
1572 2558 1825 2629 Martyris

180 2654 260 2708 tui
293 2655 499 2705 sancta
525 2650 790 2721 precatio,
820 2667 948 2722 quae
974 2667 1076 2704 nos
1105 2653 1161 2704 et
1186 2668 1219 2704 a
1261 2651 1498 2705 terrenis
1537 2651 1828 2706 affectibus

180 2743 601 2801 incessabiliter
627 2743 908 2816 expediat,
937 2749 995 2800 et
1019 2745 1261 2799 cazlestia
1297 2745 1614 2801 desiderare
1652 2745 1824 2816 perfi-

182 2841 320 2894 ciat.
361 2839 484 2892 Per.

251 2931 459 2988 Sancti
496 2931 743 3002 Martyris
794 2931 896 2997 tui,
937 2931 1192 3000 Domine,
1251 2948 1598 3003 quaesumus,
1655 2948 1826 2987 vene-

182 3027 378 3083 randa
402 3024 665 3079 festivitas
685 3024 942 3079 salutaris
968 3024 1160 3079 auxilii
1181 3029 1410 3096 praestet
1430 3031 1826 3097 augmentum,

183 3127 238 3176 et
263 3135 455 3192 quam
480 3119 852 3190 praevenimus
893 3118 1212 3173 veneranda
1253 3119 1603 3174 sollemnitas
1640 3124 1696 3174 et
1728 3119 1826 3173 de-

185 3215 486 3270 votionem
515 3211 674 3266 nobis
701 3217 926 3283 augeat,
956 3217 1011 3266 et
1035 3213 1299 3267 salutem.
1330 3214 1453 3267 Per.

831 3306 996 3372 super
1016 3304 1204 3354 oblata.

261 3379 594 3437 Muneribus
647 3380 872 3449 nostris,
929 3380 1185 3447 Domine,
1231 3381 1408 3434 sancti
1451 3381 1706 3452 Martyris
1745 3381 1827 3435 tui

189 3477 344 3533 festa
370 3475 744 3548 praecedimus
761 3492 778 3544 ;
807 3479 872 3529 ut
898 3491 1027 3545 quae
1055 3474 1411 3529 conscientiae
1442 3479 1652 3530 nostrzc
1684 3492 1829 3546 prae-

190 3571 464 3643 pedimus
487 3567 800 3637 obstaculis,
831 3567 976 3622 illius
1004 3567 1220 3622 meritis
1248 3568 1556 3623 reddantur
1581 3573 1827 3640 accepta.

192 3665 324 3720 Per.

262 3758 499 3826 Adesto,
544 3756 800 3824 Domine,
836 3755 1342 3828 supplicationibus
1382 3756 1610 3825 nostris,
1652 3760 1708 3811 et
1741 3756 1829 3811 in-

190 3852 523 3908 tercedente
547 3851 785 3921 Martyre
806 3854 903 3905 tuo
928 3849 998 3904 ab
1024 3849 1276 3904 hostium
1306 3866 1413 3904 nos
1442 3849 1679 3905 defende
1703 3867 1833 3922 pro-

189 3947 431 4018 pitiatus
459 3945 682 4000 incursu
704 3961 720 4013 ;
750 3948 814 3998 ut
842 3960 1080 3998 munera
1106 3948 1300 3998 nostra
1336 3944 1713 4014 commendet,
1745 3949 1829 3999 at-

194 4057 308 4112 que
357 4038 416 4094 in
470 4039 590 4110 ejus
640 4037 997 4093 veneratione
1050 4042 1164 4093 tuae
1215 4038 1483 4108 Majestati
1525 4037 1836 4094 reddantur

195 4138 458 4204 accepta.
486 4134 588 4188 Per
617 4133 772 4186 Dom.

266 4228 411 4280 Vere
443 4225 680 4296 dignum
708 4231 762 4280 et
781 4226 1002 4296 justum
1040 4230 1141 4294 est,
1193 4242 1421 4297 aequum
1458 4231 1514 4281 et
1563 4226 1828 4282 salutare.

190 4321 307 4386 Qui
335 4337 451 4375 non
483 4321 665 4374 solum
695 4320 855 4374 malis
873 4319 1078 4374 nostris
1103 4320 1251 4374 bona
1293 4320 1581 4389 retribuis,
1631 4321 1728 4375 sed
1771 4324 1835 4374 ut

193 4415 422 4470 miseris
451 4413 708 4468 uberiora
731 4413 876 4468 dona
900 4413 1193 4482 concedas,
1225 4413 1320 4484 qui
1348 4413 1517 4484 digne
1537 4430 1640 4484 pro
1669 4413 1835 4468 nobis

193 4512 433 4581 possent
459 4506 827 4573 intercedere,
850 4505 1152 4575 contulisti,
1183 4511 1247 4561 ut
1272 4507 1426 4578 quod
1449 4511 1640 4561 nostra
1660 4505 1834 4561 scien-

1851 3233 1906 3308 C

1925 558 2002 624 te,
2034 555 2303 625 gerimus,
2335 555 2521 626 dignis
2547 555 2801 610 sensibus
2834 560 2932 610 tuo
2963 571 3199 610 munere
3244 553 3555 626 capiamus.

1924 650 2029 703 Per
2049 648 2353 703 Dominum
2378 652 2657 704 nostrum.

2298 754 2453 806 XVII.
2495 769 2617 806 man
2658 769 2724 806 ne
2766 768 2875 807 uno
2915 767 3181 806 marrae.

2001 854 2370 926 Omnipotens
2426 854 2768 926 sempiterne
2821 857 2989 923 Deus,
3033 854 3302 909 fortitudo
3348 858 3564 909 certan-

1922 947 2086 1017 tium,
2124 953 2180 1003 et
2213 949 2518 1018 Martyrum
2566 949 2773 1019 palma,
2821 949 3263 1002 sollemnitatem
3300 947 3558 1001 hodierni

1922 1041 2034 1096 diei
2061 1042 2338 1112 propitius
2378 1041 2620 1110 intuere,
2665 1046 2720 1095 et
2759 1041 3055 1095 Ecclesiam
3102 1047 3258 1096 tuam
3293 1041 3558 1095 continua

1920 1135 2006 1189 fac
2026 1135 2345 1190 celebritate
2374 1135 2572 1203 laetari,
2598 1138 2653 1188 et
2673 1134 3072 1188 intercessione
3112 1134 3262 1188 beati
3305 1135 3558 1204 Martyris

1921 1229 2004 1283 tui
2031 1229 2286 1283 omnium
2313 1233 2366 1283 te
2395 1229 2748 1283 credentium
2773 1231 2899 1281 vota
2927 1228 3202 1299 perficias.
3230 1229 3355 1282 Per.

1993 1329 2219 1396 Prmsta,
2237 1343 2584 1397 quaesumus,
2606 1326 2836 1381 Domine
2851 1325 3033 1398 321
3059 1327 3231 1392 Deus,
3251 1329 3311 1378 ut
3325 1326 3557 1379 interce-

1922 1425 2086 1479 dente
2115 1425 2282 1478 beato
2315 1425 2550 1495 Martyre
2578 1428 2698 1493 tuo,
2737 1429 2792 1479 et
2817 1442 2848 1478 a
2874 1425 3090 1478 cunctis
3132 1423 3556 1478 adversantibus

1922 1519 2250 1572 muniamur
2290 1517 2347 1571 in
2391 1534 2644 1589 corpore,
2693 1524 2748 1572 et
2796 1535 2829 1571 a
2879 1518 3066 1589 pravis
3120 1516 3559 1587 cogitationibus

1922 1612 2270 1666 mundemur
2293 1611 2348 1664 in
2376 1612 2562 1666 corde.
2595 1613 2702 1666 Per
2728 1611 3038 1666 Dominum
3065 1616 3342 1665 nostrum.

1991 1706 2162 1759 Grata
2198 1705 2300 1760 tibi
2348 1707 2462 1758 sint
2500 1721 2740 1758 munera
2783 1710 2972 1758 nostra
2997 1747 3011 1771 ,
3051 1705 3308 1771 Domine,
3352 1720 3478 1774 qua:
3505 1710 3560 1758 et

1923 1799 2004 1852 tui
2050 1803 2180 1851 sunt
2219 1797 2476 1851 instituta
2518 1797 2834 1868 praeceptis,
2880 1802 2934 1851 et
2979 1797 3128 1851 beati
3175 1798 3432 1867 Martyris
3474 1798 3560 1851 tui

1844 1860 1900 1930 B
1924 1891 2191 1946 festivitas
2220 1891 2463 1961 gloriosa
2492 1860 2868 1945 commendat.
2897 1891 3002 1944 Per
3030 1860 3351 1944 Dominum.

1995 1983 2244 2054 Suscipe,
2264 1983 2527 2054 Domine,
2557 1982 2897 2037 sacrificium
2925 1983 3258 2053 placationis
3285 1987 3340 2036 et
3358 1983 3557 2051 laudis,

1923 2078 2075 2149 quod
2101 2094 2223 2146 nos,
2257 2077 2667 2134 interveniente
2709 2082 2899 2130 sancto
2928 2078 3166 2147 Martyre
3193 2081 3312 2146 tuo,
3342 2081 3399 2130 et
3427 2093 3558 2147 per-

1924 2172 2090 2226 ducat
2133 2171 2272 2226 ad...
2318 2175 2610 2239 aeternam,
2659 2175 2715 2225 et
2762 2171 2820 2224 in
2865 2175 3200 2241 perpetuam
3251 2171 3561 2239 gratiarum

1924 2266 2230 2321 constituat
2253 2265 2555 2320 actionem.
2585 2265 2710 2319 Per.

2579 2355 2909 2406 Contestatio.

1997 2441 2135 2494 Vere
2175 2439 2414 2510 dignum
2452 2443 2506 2492 et
2537 2438 2756 2508 justum
2787 2442 2890 2508 est,
2931 2453 3163 2509 aequum
3199 2442 3256 2492 et
3295 2437 3561 2492 salutare.

1924 2532 2029 2596 Qui
2049 2531 2350 2586 Ecclesiam
2379 2536 2536 2586 tuam
2565 2531 2908 2602 sempiterna
2928 2531 3133 2601 pietate
3151 2547 3263 2584 non
3281 2530 3562 2596 deserens,

1925 2642 2028 2697 per
2049 2629 2268 2679 sanctos
2292 2631 2419 2679 tuos
2433 2624 2652 2696 jugiter
2680 2629 2737 2678 et
2765 2623 2953 2678 erudis
2981 2628 3034 2677 et
3060 2623 3328 2693 protegis,
3361 2623 3561 2692 praeci-

1926 2736 2039 2791 pue
2079 2718 2448 2772 solemnitatis
2488 2717 2800 2784 hodiernae,
2841 2733 2954 2787 qua
2996 2716 3144 2770 beati
3187 2715 3440 2785 Martyris
3481 2715 3561 2769 tui

1927 2812 2249 2884 passionem
2294 2816 2687 2881 consumptam
2732 2809 3054 2876 recolimus,
3105 2823 3464 2877 veneramur,
3509 2814 3564 2861 et

1927 2905 1998 2960 ad
2025 2905 2262 2976 gloriam
2297 2904 2542 2958 nominis
2580 2903 2665 2958 tui
2693 2901 2932 2957 nitimur
2963 2901 3166 2957 debitis
3191 2900 3560 2972 magniﬁcare

1928 2998 2247 3072 praeconiis.
2277 3000 2382 3052 Per
2405 3013 2576 3069 quem
2605 2997 2758 3052 laud.

2001 3095 2150 3148 Hanc
2192 3091 2368 3163 igitur
2413 3091 2757 3146 oblationem
2806 3087 3092 3145 servitutis
3129 3093 3356 3157 nostrae,
3385 3089 3482 3143 sed
3513 3095 3569 3144 et

1930 3191 2146 3242 cunctae
2176 3185 2404 3240 familiae
2441 3191 2575 3252 tuae,
2607 3201 2781 3257 quam
2814 3183 2917 3238 tibi
2957 3182 3249 3238 offerimus
3282 3183 3341 3237 in
3379 3183 3562 3238 hono-

1931 3297 2050 3336 rem
2078 3280 2228 3334 beati
2258 3278 2513 3349 Martyris
2542 3279 2646 3334 tui.

2448 3373 2569 3420 Post
2595 3369 3036 3420 communionem.

2000 3452 2219 3509 Caelesti
2252 3468 2488 3506 munere
2528 3451 2733 3520 satiati,
2764 3465 3108 3521 quaesumus,
3144 3448 3383 3502 Domine
3417 3450 3562 3504 Deus

1931 3551 2140 3617 noster,
2170 3552 2234 3600 ut
2261 3546 2382 3600 haec
2410 3562 2511 3599 nos
2542 3545 2711 3609 dona,
2742 3543 2996 3614 Martyris
3040 3541 3122 3596 tui
3152 3541 3564 3612 deprecatione,

1931 3641 2298 3697 sanctificent.
2326 3641 2432 3693 Per
2458 3637 2782 3693 Dominum.

2001 3735 2281 3804 Libantes,
2329 3733 2584 3800 Domine,
2626 3747 2836 3786 mensas
2878 3735 2992 3786 tuas
3041 3730 3218 3785 beatas
3270 3729 3564 3801 mysteria,

1931 3845 2257 3902 quaesumus
2293 3832 2357 3883 ut
2392 3827 2568 3882 sancti
2608 3825 2864 3897 Martyris
2904 3825 2988 3879 tui
3036 3823 3564 3892 interventionibus,

1931 3923 2304 3996 temporalem
2335 3928 2390 3978 et
2408 3926 2749 3994 praesentem
2774 3918 2934 3974 nobis
2960 3916 3405 3974 misericordiam
3431 3935 3564 3973 con-

1931 4018 2116 4074 ferant
2142 4022 2198 4072 et
2225 4022 2519 4073 aeternam.
2550 4017 2675 4069 Per.
2875 4017 2882 4026 '

2304 4127 2483 4182 XVIII.
2527 4140 2582 4179 IN
2624 4139 2831 4179 NATALE
2870 4137 3208 4178 smcronuu.

2004 4227 2172 4293 Deus,
2205 4226 2301 4298 qui
2337 4241 2440 4279 nos
2477 4228 2800 4278 sanctorum
2843 4225 3071 4275 tuorum
3122 4215 3566 4273 confessionibus

1935 4320 2189 4393 gloriosis
2228 4318 2542 4374 circumdas
2583 4321 2640 4370 et
2668 4314 2934 4386 protegis,
2967 4313 3037 4366 da
3083 4311 3249 4366 nobis
3287 4317 3343 4366 et
3375 4311 3563 4365 imita-

1932 4415 2084 4470 tione
2108 4412 2400 4484 proficere,
2436 4417 2490 4466 et
2516 4408 2866 4463 orationibus
2891 4405 3096 4460 fulciri.
3129 4407 3253 4459 Per.

2004 4505 2224 4561 Prosint
2260 4505 2440 4573 nobis,
2468 4502 2726 4570 Domine,
2759 4514 3104 4572 quaesumus,
3144 4502 3373 4553 tuorum
3409 4513 3561 4552 mar—

193 4602 279 4656 tia
322 4618 434 4655 non
472 4600 734 4669 habebat,
781 4598 1104 4654 intercessio
1143 4601 1488 4672 supplicaret
1523 4600 1627 4655 tibi
1673 4605 1910 4683 grataD
1932 4606 2122 4674 tyrum
2164 4599 2432 4669 suffragia
2470 4597 2692 4651 conlata
2736 4598 3082 4660 sanctorum,
3114 4597 3176 4646 ut
3201 4608 3330 4663 qua:
3355 4592 3564 4647 nostris

186 4696 500 4767 justorum.
532 4694 637 4758 Qui
668 4695 986 4748 humanum
1015 4711 1193 4764 genus
1223 4695 1290 4749 de
1319 4695 1598 4766 profundo
1626 4695 1831 4749 mortis

195 4788 468 4860 eripiens,
499 4787 881 4859 captivitatem
910 4792 1163 4842 nostram
1189 4790 1318 4843 Jesu
1362 4788 1566 4843 Christi
1595 4789 1718 4843 Filii
1747 4789 1832 4843 tui

195 4881 426 4936 Domini
459 4881 636 4935 nostri
663 4881 920 4952 passione
951 4881 1182 4936 solvisti.
1212 4884 1316 4936 Per
1343 4899 1513 4953 quem
1535 4882 1613 4936 ita
1656 4882 1832 4936 virtus

195 4975 424 5046 antiqui
463 4974 640 5028 hostis
676 4973 810 5027 elisa
847 4979 949 5043 est,
984 4979 1046 5030 ut
1080 4975 1220 5046 ejus,
1250 4991 1422 5047 quem
1451 4975 1570 5046 ipse
1599 4992 1831 5047 supera-

191 5073 376 5136 verat,
407 5068 576 5122 etiam
603 5068 836 5122 beatum
864 5069 1162 5140 Martyrem
1191 5086 1358 5124 suum
1380 5087 1652 5141 maguum
1679 5071 1830 5125 face-

197 5169 288 5218 ret
334 5179 449 5217 esse
491 5162 786 5217 victorem.
829 5161 1000 5232 Cujus
1037 5163 1394 5234 triumphum
1434 5164 1492 5219 in
1533 5165 1621 5219 die
1663 5181 1834 5236 quem

196 5256 478 5325 sanguine
518 5272 619 5310 suo
657 5254 1040 5324 sanctificavit,
1093 5256 1356 5326 colentes,
1401 5257 1460 5312 in
1514 5262 1612 5313 tua
1656 5258 1835 5328 gloria

198 5350 544 5405 exultamus.
572 5351 679 5404 Per
703 5365 895 5420 quem.

734 5443 858 5492 Post
882 5444 1326 5496 communionem.

276 5516 546 5590 Sumptis,
577 5517 833 5588 Domine,
863 5519 1254 5592 Sacramentis,
1280 5537 1608 5594 quazsumus
1648 5525 1710 5576 ut
1745 5521 1834 5577 in-

201 5613 526 5668 tercedente
554 5612 719 5668 beato
746 5613 986 5685 Martyre
1012 5618 1132 5684 tuo,
1162 5615 1233 5670 ad
1259 5615 1664 5689 redemptionis
1681 5622 1838 5673 aster-

199 5722 300 5760 ne
331 5707 684 5777 proﬁciamus
708 5713 1104 5779 augmentum.
1132 5711 1256 5766 Per.

280 5799 572 5858 Sumentes
619 5801 831 5876 gaudia
886 5804 1228 5877 sempiterna
1279 5806 1348 5862 de
1409 5806 1840 5880 participatione

202 5893 584 5969 Socramenti,
618 5900 675 5953 et
701 5895 1000 5954 festivitate
1027 5897 1179 5956 beati
1204 5900 1462 5976 Martyris
1486 5901 1590 5973 tui,
1619 5902 1838 5975 suppli-

1930 4712 2046 4751 non
2074 4709 2372 4767 possumus
2402 4689 2752 4746 orationibus
2781 4687 3058 4757 obtinere,
3090 4685 3435 4758 placentium
3461 4685 3564 4741 tibi

1929 4788 2194 4862 precibus
2221 4787 2619 4856 adsequamur.
2647 4784 2771 4838 Per.

2548 4878 2716 4941 Super
2740 4875 2930 4926 oblata.

2006 4961 2323 5028 Offerimus,
2353 4958 2610 5025 Domine,
2641 4973 2854 5029 praeces
2879 4960 2937 5010 et
2976 4970 3213 5010 munera
3253 4953 3313 5008 in
3349 4952 3563 5009 honore

1933 5061 2254 5113 sanctorum
2292 5059 2522 5110 tuorum
2561 5052 2868 5124 gaudentes
2899 5067 2912 5104 :
2949 5051 3174 5120 praesta,
3215 5064 3564 5118 quaesumus,

1933 5157 2000 5207 ut
2022 5155 2078 5206 et
2106 5148 2501 5205 convenienter
2520 5148 2644 5202 haec
2669 5161 2858 5217 agere,
2879 5148 2935 5198 et
2953 5141 3204 5198 remedia
3223 5143 3568 5214 sempiterna

1935 5245 2220 5301 valeamus
2247 5243 2566 5315 adquirere.
2596 5242 2700 5294 Per
2723 5236 3048 5292 Dominum.

2007 5339 2256 5411 Suscipe,
2288 5336 2544 5402 Domine,
2567 5331 2900 5389 sacriﬁcium
2931 5330 3257 5402 placationis
3283 5335 3340 5386 et
3365 5332 3565 5400 laudis,

1935 5439 2000 5489 ut
2037 5431 2352 5488 benedictio
2391 5435 2490 5485 tua
2526 5429 2683 5498 larga
2711 5425 3032 5494 descendat,
3065 5441 3193 5496 quae
3233 5429 3290 5480 et
3331 5442 3569 5480 munera

1937 5531 2154 5595 nostra,
2169 5525 2373 5580 sanctis
2389 5523 2500 5578 tuis
2520 5519 2972 5594 deprecantibus,
2990 5519 3091 5574 tibi
3109 5519 3308 5574 reddat
3321 5522 3563 5589 accepta,

1938 5626 1995 5678 et
2017 5620 2180 5677 nobis
2205 5622 2621 5674 sacramentum
2652 5613 3058 5686 redemptionis
3086 5613 3310 5668 efficiat.
3344 5613 3468 5666 Per.

2010 5716 2149 5770 Vere
2181 5713 2420 5785 dignum
2464 5717 2520 5766 et
2553 5711 2774 5784 justum
2817 5713 2920 5778 est,
2951 5723 3179 5780 aequum
3209 5709 3264 5761 et
3303 5703 3565 5758 salutare.

1938 5808 2324 5868 Conﬁteantur
2348 5806 2470 5876 tibi,
2492 5806 2749 5874 Domine,
2777 5804 2967 5861 omnia
2988 5817 3162 5875 opera
3179 5804 3296 5866 tua,
3319 5801 3374 5853 et
3393 5795 3572 5853 sancti

1939 5904 2024 5962 tui
2049 5903 2386 5963 benedicant
2409 5907 2465 5960 te
2491 5919 2504 5960 :
2535 5900 2804 5974 quoniam
2833 5896 3012 5970 gloria
3037 5891 3260 5950 virtutis
3285 5907 3485 5950 eorum
3515 5896 3576 5950 tu
