4032 6180
463 349 566 408 333

1245 343 1578 402 API’ENDIX
1613 347 1700 401 ΑΙ)
1738 341 1959 401 ΟΡΕΡιΑ
1998 339 2230 402 SANCTI
2268 335 2566 402 GERMANI
2607 345 3030 403 PARISIENSIS.

3713 349 3827 398 336

462 479 540 526 es,
570 455 762 530 322
789 455 994 526 quibus
1021 454 1288 508 virtutem
1319 455 1379 508 in
1406 455 1752 509 confessione
1775 455 2085 527 pugnanti-
2109 469 2167 543 Α
2189 456 2388 510 cedant
2426 473 2439 511 :
2481 461 2796 528 precantes,
2844 461 2909 510 ut
2957 456 3114 510 Jesus
3162 453 3418 506 Christus
3469 451 3638 506 Filius
3689 455 3830 505 tuus

463 555 569 608 bus
599 557 654 606 et
675 549 912 622 gloriam
933 548 993 602 in
1011 549 1264 619 passione
1285 547 1634 603 vincentibus
1653 550 1958 603 contulisti.
1981 548 2088 613 Qui

464 661 752 702 summum
779 643 940 696 illum
967 641 1255 711 Unigeniti
1293 643 1378 697 tui
1405 659 1614 697 nomen
1645 659 1830 698 coram
1857 643 2090 713 regibus

464 747 520 795 et
557 735 922 810 potestatibus
965 751 1098 788 voce
1136 733 1312 790 libera
1353 741 1744 808 protestantes,
1775 737 2090 808 pretiosum

463 833 564 890 tibi
583 829 920 899 sanguinem
943 827 1186 899 gloriosa
1203 835 1385 884 morte
1409 831 1698 885 fuderunt.
1720 831 2091 886 Clementiam

462 932 618 981 tuam
671 922 998 993 suppliciter
1049 923 1421 992 obsecrantes,
1469 928 1535 978 ut
1577 941 1708 978 cum
1747 924 2090 979 exultatione

463 1016 667 1074 sanctis
693 1016 752 1068 in
781 1013 1020 1069 caelestis
1047 1015 1208 1086 regni
1230 1016 1508 1070 cubilibus
1531 1017 1738 1088 gaudia
1755 1022 1946 1072 nostra
1966 1017 2094 1071 sub-

455 1114 696 1184 jungas;
726 1113 782 1164 et
821 1125 966 1180 quos
1007 1108 1230 1164 virtutis
1273 1109 1586 1164 imitatione
1629 1127 1744 1166 non
1791 1125 2092 1182 possumus

463 1205 639 1276 sequi,
669 1203 738 1258 de
763 1203 893 1258 vita:
920 1203 1279 1258 veneratione
1305 1203 1718 1276 conjungamus
1743 1205 1966 1262 affectu.
1989 1206 2094 1259 Per

567 1315 636 1354 .m
647 1340 658 1352 .

463 1316 572 1372 que
977 1369 1098 1415 Post
1123 1368 1564 1418 communionem.

533 1449 796 1504 Puriﬁcet
839 1463 962 1517 nos,
992 1463 1336 1518 quaesumus,
1367 1449 1622 1519 Domine,
1657 1455 1713 1504 et
1751 1450 1924 1504 divini
1961 1465 2090 1520 per-

464 1543 646 1615 ceptio
695 1541 1058 1612 Sacramenti,
1104 1547 1158 1596 et
1209 1543 1452 1614 gloriosa
1495 1547 1816 1599 sanctorum
1845 1549 2095 1599 tuorum

465 1637 663 1692 oratio.
693 1637 818 1691 Per.

535 1731 760 1799 Praesta,
793 1745 1139 1802 qumsumus,
1169 1731 1526 1802 omnipotens
1562 1733 1728 1802 Deus,
1757 1736 1824 1787 ut
1851 1747 2098 1803 quorum

465 1823 802 1879 memoriam
839 1824 1184 1879 Sacramenti
1212 1823 1639 1896 participatione
1674 1825 2002 1894 recolimus,
2029 1827 2097 1880 ﬁ-
2120 1850 2176 1921 B

465 1920 593 1974 dem
639 1933 864 1990 quoque
907 1916 1250 1988 proﬁciendo
1295 1923 1597 1974 sectemur.
1641 1921 1746 1974 Per
1797 1921 2100 1975 Dominum

464 2015 724 2067 nostrum
747 2013 938 2066 Jesum
976 2010 1262 2065 Christum
1299 2011 1504 2067 Filium
1549 2017 1734 2083 tuum,
1763 2013 1860 2084 qui
1887 2019 2098 2070 tecum.

385 2129 390 2152 ¹
466 2129 592 2184 ΧΙΧ.
637 2144 909 2186 INCIPIUNT
953 2143 1245 2182 omrrouss
1285 2144 1348 2180 nr
1387 2145 1577 2182 pasces
1616 2145 1905 2184 couuUNEs
1951 2147 2098 2184 COTI-

965 2215 1143 2252 DIANE
1202 2213 1310 2252 CUM
1371 2213 1607 2254 CANONE.

1067 2291 1187 2340 Post
1209 2289 1502 2354 prophetia.

539 2373 706 2440 Deus,
734 2371 832 2442 qui
859 2371 1228 2443 diligentibus
1271 2376 1324 2426 te
1359 2371 1508 2426 bona
1547 2371 1848 2427 invisibilia
1875 2389 2098 2445 praepa-

465 2466 622 2536 rasti,
649 2465 884 2520 infunde
927 2465 1188 2519 cordibus
1227 2465 1431 2519 nostris
1459 2465 1542 2519 tui
1569 2466 1778 2521 amoris
1816 2467 2100 2535 affectum,

467 2566 530 2615 ut
557 2565 610 2614 te
637 2559 695 2613 in
722 2558 991 2612 omnibus
1018 2563 1074 2613 et
1098 2575 1269 2630 super
1293 2559 1484 2612 omnia
1510 2557 1826 2630 diligentes,
1855 2561 2101 2632 promis-

466 2654 651 2709 siones
675 2659 818 2722 tuas,
853 2667 980 2723 quae
1007 2669 1176 2706 omne
1207 2645 1554 2708 desiderium
1591 2659 1880 2726 superant,
1907 2671 2102 2710 conse-

465 2763 732 2820 quamur.
763 2748 868 2800 Per
895 2745 1198 2801 Dominum
1217 2749 1498 2801 nostrum.

1153 2843 1420 2894 Collectio.

539 2928 701 2994 Deus,
731 2926 830 2998 qui
855 2925 915 2980 in
942 2925 1147 2980 sanctis
1175 2925 1417 2995 habitas,
1445 2930 1502 2979 et
1527 2925 1620 2996 pia
1657 2925 1824 2980 corda
1861 2941 1975 2980 non
2003 2925 2101 2980 de-

469 3020 628 3090 seris,
659 3019 836 3074 libera
869 3035 972 3072 nos
1009 3035 1041 3072 a
1089 3018 1328 3072 terrenis
1372 3017 1660 3073 desideriis
1703 3023 1758 3074 et
1801 3018 2106 3090 cupiditate

469 3113 699 3180 carnali,
721 3117 806 3182 ut,
836 3111 989 3166 nullo
1018 3111 1078 3164 in
1101 3110 1264 3164 nobis
1297 3115 1571 3182 regnante
1597 3116 1846 3183 peccato,
1877 3112 1979 3166 tibi
2004 3112 2105 3166 soli

399 3267 402 3270 _
471 3207 708 3264 Domino
735 3205 928 3261 liberis
963 3205 1251 3262 mentibus
1290 3204 1617 3260 serviamus.
1647 3207 1752 3261 Per
1777 3205 2099 3261 Dominum.
2124 3221 2180 3296 ρ

1093 3303 1224 3353 Ante
1245 3301 1478 3352 nomina.

540 3389 828 3442 Protector
863 3384 922 3438 in
965 3389 1020 3438 te
1051 3382 1428 3456 sperantium,
1461 3384 1624 3454 Deus,
1669 3384 1790 3440 sine
1818 3402 1930 3457 quo
1961 3386 2106 3441 nihil

471 3487 554 3537 est
595 3479 867 3546 validum,
909 3477 1055 3532 nihil
1099 3481 1377 3546 sanctum,
1421 3478 1738 3550 multiplica
1784 3497 1954 3550 super
2001 3497 2106 3536 nos

471 3572 918 3630 misericordiam
973 3577 1151 3638 tuam,
1195 3575 1260 3626 ut
1307 3576 1362 3626 te
1416 3575 1654 3642 rectore,
1708 3577 1763 3627 te
1813 3573 1975 3642 duce,
2029 3573 2106 3628 sic

393 3735 402 3742 _
473 3674 821 3722 transeamus
845 3681 949 3737 per
981 3665 1130 3720 bona
1167 3665 1526 3736 temporalia,
1553 3671 1618 3721 ut
1643 3682 1758 3722 non
1782 3667 2107 3722 amittamus

477 3765 710 3814 mterna.
753 3759 876 3813 Per.

547 3855 694 3907 Deus
718 3852 1016 3920 virtutum,
1031 3851 1193 3921 cujus
1211 3855 1294 3905 est
1313 3855 1516 3922 totum,
1532 3853 1684 3923 quod
1699 3858 1782 3908 est
1802 3853 2105 3924 Optimum,

477 3947 662 4000 insere
701 3945 1022 4016 pectoribus
1061 3945 1267 3998 nostris
1309 3959 1564 3999 amorem
1611 3945 1697 4000 tui
1739 3947 2007 4016 nominis,
2055 3953 2111 4002 et

475 4043 680 4112 praesta
705 4040 766 4094 in
793 4037 956 4094 nobis
982 4037 1283 4108 religionis
1309 4043 1706 4108 augmentum,
1739 4045 1804 4095 ut
1829 4055 1954 4111 quas
1980 4045 2112 4096 sunt

477 4134 625 4189 bona
661 4131 901 4201 nutrias,
931 4149 996 4186 ac
1033 4130 1290 4203 vigilanti
1333 4131 1522 4186 studio
1567 4149 1696 4204 qua:
1734 4138 1864 4188 sunt
1899 4133 2112 4189 nutrita

479 4227 774 4284 custodias.

1099 4297 1264 4360 Super
1289 4297 1480 4347 oblata.

551 4383 887 4456 Propitiare,
934 4382 1192 4448 Domine,
1239 4381 1744 4454 supplicationibus
1789 4385 2013 4454 nostris,

479 4477 582 4536 has
629 4477 936 4532 oblationes
985 4476 1331 4532 famulorum
1377 4475 1836 4548 famularumque
1885 4483 2112 4534 tuarum

479 4572 765 4642 benignus
809 4571 1066 4637 adsume,
1105 4573 1172 4624 ut
1221 4569 1376 4641 quod
1420 4569 1634 4642 singuli
1679 4571 2008 4626 obtulerunt
2043 4573 2192 4670 adD

482 4665 758 4718 honorem
785 4662 1034 4716 nominis
1065 4663 1170 4733 tui,
1204 4663 1418 4718 cunctis
1457 4663 1712 4734 proficiat
1739 4665 1810 4720 ad
1851 4666 2112 4722 salutem.

483 4759 591 4812 Per
617 4755 942 4810 Dominum.

555 4851 784 4918 Adesto,
831 4848 1090 4918 Domine,
1134 4849 1639 4920 supplicationibus
1675 4853 1899 4924 nostris,
1929 4858 1984 4908 et
2026 4855 2117 4909 his

483 4945 682 5017 populi
709 4942 794 4998 tui
822 4941 1198 4997 oblationibus
1217 4942 1592 5015 precibusque
1613 4947 1905 5017 susceptis,
1921 4946 2115 5022 323

485 5037 849 5109 praesentiam
877 5041 992 5092 tuae
1010 5035 1318 5106 majestatis
1340 5035 1634 5108 intersere,
1656 5044 1720 5094 ut
1739 5041 1889 5112 quod
1907 5041 2118 5113 singuli

487 5131 813 5186 obtulerunt
839 5130 910 5185 ad
948 5130 1232 5184 honorem
1269 5130 1522 5186 nominis
1561 5131 1664 5202 tui,
1700 5134 1916 5190 cunctis
1941 5134 2116 5206 proti-

487 5223 594 5278 ciat
621 5223 692 5278 ad
717 5224 974 5278 salutem.

561 5317 698 5372 Vere
716 5316 958 5388 dignum
973 5319 1030 5372 et
1035 5315 1057 5387 j
1067 5321 1256 5372 ustum
1273 5321 1377 5386 est,
1395 5335 1628 5390 aequum
1643 5324 1700 5375 et
1710 5320 1974 5376 salutare.
1991 5323 2119 5378 Om-

487 5409 872 5482 nipotentiam
891 5415 1050 5464 tuam
1063 5410 1282 5482 jugiter
1307 5410 1691 5483 implorantes,
1715 5419 1777 5469 ut
1799 5415 2004 5485 quibus
2024 5434 2122 5472 an-

487 5521 604 5560 nua
631 5503 970 5558 celebritatis
1004 5503 1177 5574 hujus
1219 5509 1346 5558 vota
1385 5505 1744 5578 multiplices,
1773 5507 2004 5579 plenam
2029 5511 2116 5566 di-

485 5597 604 5654 vini
628 5597 813 5653 cultus
844 5597 1084 5668 gratiam
1109 5596 1400 5666 largiaris;
1428 5603 1485 5654 et
1521 5615 1624 5670 per
1649 5609 1956 5672 augmenta
1991 5621 2116 5660 cor-

487 5707 658 5763 porea
705 5690 1020 5761 profectum
1059 5689 1368 5744 clementer
1395 5691 1610 5747 tribuas
1636 5695 1977 5768 animarum,
2005 5715 2118 5770 quo

487 5783 558 5837 ad
584 5780 1042 5837 incommutabile
1067 5779 1284 5834 bonum
1309 5797 1412 5852 per
1435 5785 1728 5840 mutabilia
1755 5788 1902 5844 dona
1923 5791 2118 5846 venia-

489 5889 637 5944 mus,
665 5873 1075 5944 temporalique
1101 5872 1310 5928 laetitiae
1331 5879 1388 5928 et
1411 5876 1614 5946 gaudia
1636 5882 1977 5950 sempiterna
1998 5901 2118 5940 suc-

2188 549 2460 604 Dominus
2485 555 2676 606 noster
2705 567 2804 604 sua
2829 566 2934 603 nos
2965 549 3142 619 gratia
3167 549 3546 618 consequatur
3569 561 3582 599 :
3609 549 3664 599 et
3689 545 3832 616 quia

2188 645 2305 698 sine
2333 644 2450 714 ipso
2477 644 2619 698 nihil
2661 650 2808 698 recte
2837 643 3088 698 valemus
3117 641 3360 710 efficere,
3389 639 3568 711 ipsius
3597 655 3832 710 semper

2189 753 2426 792 munere
2470 737 2792 810 capiamus,
2843 741 2904 791 ut
2945 735 3046 791 tibi
3091 735 3312 806 placere
3371 733 3669 804 possimus.
3721 733 3830 786 Per

2190 847 2362 903 quem
2391 833 2493 886 Ma.

2707 901 2827 951 Post
2851 899 3294 950 communionem.

2261 987 2511 1042 Czelestis
2539 987 2672 1041 doni
2711 986 3096 1042 benedictione
3121 987 3408 1056 percepta,
3436 981 3721 1053 supplices
3749 985 3826 1049 te,

2191 1081 2338 1136 Deus
2363 1079 2742 1152 omnipotens,
2781 1081 3174 1151 deprecamur,
3205 1081 3270 1132 ut
3305 1077 3410 1131 hoc
3453 1075 3604 1130 idem
3641 1079 3702 1130 et.
3737 1089 3828 1127 sa-

2193 1175 2466 1230 cramenti
2494 1191 2660 1230 causa
2691 1173 2779 1242 sit,
2811 1179 2866 1229 et
2891 1173 3109 1228 salutis.
3139 1173 3246 1226 Per
3271 1169 3594 1226 Dominum.

2839 1271 2914 1322 Ad
2941 1271 3166 1322 plebem.

2839 1287 2914 1322 Λα
2979 1287 3166 1320 lenem.

2265 1358 2480 1428 Veniat,
2525 1358 2781 1427 Domine,
2812 1287 3163 1428 quaeiumus,
3203 1355 3414 1426 populo
3459 1351 3834 1424 suppliccanti

2195 1457 2309 1508 tua:
2339 1451 2746 1508 benedictionis
2773 1451 3000 1518 infusio,
3029 1466 3158 1521 qua:
3197 1447 3502 1503 diabolicas
3528 1447 3598 1501 ab
3631 1447 3828 1500 eodem

2195 1546 2431 1616 repellat
2457 1545 2704 1615 insidias,
2736 1561 2866 1616 quae
2889 1543 3257 1614 fragilitatem
3291 1541 3530 1597 mundet
3555 1545 3610 1595 et
3639 1545 3828 1611 prote-

2199 1645 2312 1712 gat,
2339 1656 2468 1711 quas
2498 1640 2730 1712 inopem
2756 1640 3033 1693 sustentet
3061 1641 3116 1692 et
3147 1637 3396 1691 foveat...

2695 1757 2798 1810 XX.
2831 1771 2956 1810 ITEM
2986 1770 3110 1808 ALIA
3153 1769 3327 1807 mssa.

2271 1861 2565 1930 Perpetua,
2594 1874 2942 1931 quaesumus,
2975 1855 3232 1922 Domine,
3273 1869 3412 1926 pace
3445 1851 3684 1918 custodi,
3714 1849 3840 1922 qui-

2199 1952 2305 2007 bus
2333 1953 2392 2007 in
2415 1957 2470 2008 te
2501 1969 2662 2024 spem
2691 1951 2928 2020 donasti,
2961 1955 3016 2005 et
3043 1955 3158 2005 tuas
3189 1947 3413 2019 pietatis
3442 1947 3502 2000 in
3525 1944 3690 1999 nobis
3711 1960 3840 2015 pro-

2201 2046 2373 2118 pitius
2419 2046 2566 2101 dona
2605 2045 2878 2112 concede;
2917 2049 2972 2098 et
3009 2049 3075 2098 ut
3109 2041 3241 2108 tuis,
3273 2040 3525 2108 Domine,
3555 2037 3842 2110 possimus

2200 2140 2482 2195 inhaarere
2508 2139 2768 2210 servitiis,
2793 2143 2856 2194 tu
2882 2153 3005 2208 nos,
3034 2151 3383 2208 quzcsumus,
3415 2135 3486 2188 ab
3513 2131 3674 2186 omni
3703 2147 3838 2202 pra-

2199 2234 2368 2288 vitate
2395 2233 2652 2288 defende.
2685 2235 2813 2288 Per.

2273 2327 2486 2382 Exaudi
2515 2344 2636 2394 nos,
2666 2327 2962 2381 miserator
2987 2329 3042 2380 et
3069 2323 3388 2379 misericors
3417 2321 3582 2390 Deus,
3615 2325 3674 2374 et
3705 2335 3844 2374 con-

2201 2421 2456 2476 tinentia:
2483 2419 2738 2475 salutaris
2763 2419 3048 2491 propitius
3073 2417 3234 2472 nobis
3259 2417 3406 2472 dona
3426 2413 3692 2469 concede.
3709 2415 3840 2467 Per.

2273 2516 2444 2582 Deus,
2473 2515 2564 2569 cui
2591 2514 2748 2568 nulla
2783 2517 2968 2584 potest
2997 2511 3336 2567 conscientia
3361 2507 3720 2580 inculpabilis
3751 2507 3842 2561 in-

2203 2607 2402 2676 veniri,
2431 2609 2672 2663 concede
2709 2607 2871 2662 nobis
2911 2611 3026 2662 tua:
3069 2604 3291 2677 pietatis
3313 2603 3610 2668 auxilium,
3641 2606 3706 2655 ut
3735 2616 3846 2671 ope

2203 2707 2316 2756 tuae
2365 2700 2744 2756 miserationis
2790 2700 2988 2770 adjuti,
3037 2716 3070 2753 a
3119 2703 3478 2770 peccatorum
3513 2699 3846 2750 nostrorum

2205 2795 2445 2851 nexibus
2470 2795 2798 2849 liberemur.
2827 2796 2952 2850 Per.

2275 2891 2485 2944 Praasta
2535 2887 2716 2958 nobis,
2768 2886 3086 2942 misericors
3136 2887 3304 2955 Deus,
3349 2887 3416 2938 ut
3465 2881 3850 2954 placationem

2205 2987 2362 3037 tuam
2391 2981 2674 3054 promptis
2711 2980 3002 3036 mentibus
3031 2995 3360 3046 exoremus;
3401 2981 3456 3032 et
3479 2979 3852 3048 peccatorum

2205 3075 2430 3130 veniam
2455 3079 2885 3148 consequentes,
2919 3092 2952 3129 a
2980 3073 3167 3130 noxiis
3189 3073 3499 3128 liberemur
3520 3068 3854 3124 incursibus

2207 3171 2332 3225 Per.

2827 3235 2994 3304 Super
3019 3238 3208 3288 oblata.

2277 3325 2527 3398 Suscipe,
2555 3323 2816 3394 Domine,
2861 3339 3209 3396 quaesumus,
3247 3321 3566 3377 debitorum
3605 3335 3854 3374 munera

2204 3420 2550 3476 famulorum
2579 3436 2592 3474 :
2627 3425 2683 3474 et
2707 3419 2821 3474 tuis
2847 3419 3007 3473 donis
3045 3417 3284 3490 puriﬁca
3311 3414 3612 3470 servientes
3633 3414 3852 3484 pietate

2205 3514 2508 3586 mysteriis,
2536 3513 2741 3586 quibus
2771 3513 2942 3568 etiam
2961 3511 3236 3584 justilicas
3265 3509 3614 3566 innocentes.
3645 3508 3776 3561 Per.

2962 3618 3091 3668 Alia.

2277 3707 2524 3774 Munera,
2563 3704 2818 3774 Domine,
2859 3703 2962 3758 tibi
3003 3703 3206 3770 dicata,
3249 3717 3596 3775 quaesumus,
3637 3699 3848 3754 sancti-

2209 3801 2332 3868 ﬁca,
2361 3803 2417 3854 et
2441 3815 2544 3870 per
2569 3798 2766 3854 eadem
2795 3813 2895 3851 nos
2920 3796 3172 3868 placatus
3205 3795 3455 3863 intende,
3485 3799 3542 3849 et
3569 3811 3604 3847 a
3631 3793 3854 3848 cunctis

2207 3909 2310 3948 nos
2353 3893 2601 3948 reatibus
2645 3897 2702 3948 et
2744 3890 3010 3962 periculis
3049 3889 3385 3962 propitiatus
3421 3887 3668 3956 absolve,
3705 3903 3856 3959 quos

2209 3987 2352 4042 tanti
2379 3985 2630 4058 mysterii
2657 3985 2862 4040 tribuis
2883 3999 3000 4040 esse
3022 3989 3326 4040 consortes.
3355 3985 3480 4038 Per.

2857 4081 3189 4132 Contestatio.

2284 4167 2476 4242 324
2505 4170 2642 4224 Vere
2671 4169 2912 4241 dignum
2937 4172 2994 4224 et
3011 4168 3230 4238 justum
3257 4171 3361 4236 est,
3393 4181 3626 4238 {equum
3663 4169 3726 4220 et
3763 4181 3854 4218 sa-

2213 4262 2414 4318 lutare.
2445 4263 2514 4317 Ut
2549 4263 2682 4334 quia
2717 4263 2800 4318 tui
2841 4267 2926 4318 est
2963 4261 3168 4334 operis,
3197 4261 3242 4315 si
3272 4260 3421 4332 quod
3449 4259 3552 4314 tibi
3575 4257 3858 4330 placitum

2059 4391 2116 4441 et
2213 4361 2298 4412 est
2321 4362 2419 4412 aut
2447 4357 2758 4428 cogitamus
2785 4362 2883 4412 aut
2907 4355 3146 4428 agimus,
3169 4359 3232 4410 tu
3257 4353 3422 4408 nobis
3439 4369 3662 4424 semper
3691 4357 3752 4407 et
3773 4353 3858 4406 in-

2213 4451 2502 4522 telligendi
2537 4468 2665 4522 qua:
2709 4455 2860 4506 recta
2893 4455 3044 4518 sunt,
3073 4454 3128 4504 et
3163 4447 3506 4520 exsequendi
3531 4446 3754 4500 tribuas
3779 4447 3860 4500 fa-

2215 4547 2500 4600 cultatem.
2529 4547 2597 4600 Ut
2622 4561 2738 4600 non
2763 4545 2822 4599 in
2847 4544 3008 4599 nobis
3033 4549 3224 4599 nostra
3249 4541 3488 4610 malitia,
3519 4541 3620 4596 sed
3655 4539 3860 4594 indul-

2219 4640 2422 4712 gentia:
2467 4645 2578 4694 tum
2619 4639 2933 4710 praeveniat
2969 4654 3196 4710 semper
3238 4637 3487 4704 aﬂ'ectus,
3527 4634 3626 4706 qui
3671 4651 3782 4688 nos
3827 4651 3862 4688 a

2215 4733 2396 4788 noxiis
2417 4733 2799 4804 voluptatibus
2829 4733 3216 4788 indesinenter
3242 4731 3520 4802 expediat,
3543 4733 3598 4782 et
3627 4745 3660 4780 a
3687 4745 3864 4782 mun-

2215 4827 2375 4884 danis
2403 4827 2651 4882 cladibus
2681 4827 2986 4900 dignanter
3011 4825 3230 4897 eripiat.
3261 4827 3367 4880 Per
3393 4838 3564 4896 quam
3590 4821 3758 4892 Maje.

2741 4926 2860 4975 Post
2887 4923 3330 4975 communionem.

2287 5010 2542 5084 Mysteria
2567 5015 2755 5066 sancta
2781 5027 2903 5078 nos,
2933 5009 3189 5077 Domine,
3215 5013 3272 5064 et
3297 5005 3558 5064 sacrificis
3587 5005 3874 5076 expleant

2216 5105 2519 5176 alimentis,
2550 5111 2605 5161 et
2637 5105 3025 5178 corporalibus
3055 5109 3321 5160 tueantur
3348 5100 3592 5157 auxiliis.
3621 5101 3734 5156 Per
3759 5100 3878 5156 Do-

2217 5199 2439 5254 minum
2467 5203 2745 5256 nostrum.

2891 5269 3020 5319 Item
3048 5268 3166 5318 alia.

2290 5356 2370 5410 Da
2399 5355 2644 5426 veniam,
2673 5354 2927 5426 Domine,
2951 5355 3190 5426 peccatis
3205 5353 3431 5420 nostris,
3463 5357 3519 5406 et
3543 5349 3884 5406 medicina—

2217 5447 2364 5504 libus
2391 5449 2673 5505 sacriiiciis
2703 5449 2953 5521 expiatos
2984 5447 3053 5502 ab
3081 5447 3234 5502 omni
3271 5446 3544 5518 pravitate
3585 5443 3880 5500 defende.

2217 5543 2343 5599 Per.

2695 5615 2826 5671 XXI.
2868 5629 2994 5670 usu
3033 5629 3156 5670 ALIA
3198 5627 3368 5668 mss.»

2783 5709 2902 5759 Post
2923 5706 3270 5772 prophetiam.

2291 5793 2458 5864 Deus,
2505 5796 2604 5867 qui
2645 5795 2808 5850 nobis
2853 5791 3324 5865 omnipotentiam
3369 5795 3530 5846 tuam
3571 5789 3892 5862 parcendo

2218 5887 2462 5948 maxime
2503 5893 2562 5948 et
2599 5889 2919 5948 miserando
2961 5887 3308 5958 manifestas,
3337 5883 3656 5958 multiplica
3687 5899 3900 5958 super
