4032 6180
201 288 290 344 337

1254 288 1340 344 DE
1379 249 1691 348 LITURGIA
1728 290 2100 350 GALLICANA
2139 294 2338 352 LIBER
2375 292 2464 350 III.

3436 299 3537 355 338

191 414 284 452 uos
318 389 559 466 gratiam
605 393 786 464 tuam,
833 398 897 450 ut
944 396 1019 452 ad
1045 401 1144 453 tua
1169 399 1450 469 promissa
1477 405 1794 470 currentes,
1819 403 2160 487 Aguberna
2204 402 2625 471 moderamine,
2664 404 2728 460 ut
2766 401 2916 459 adsit
2954 401 3006 461 ei
3043 403 3102 462 et
3136 400 3196 460 in
3229 405 3536 463 securitate

189 489 479 545 celestium
503 487 789 545 bonorum
818 490 992 547 facias
1014 509 1136 547 esse
1165 497 1478 550 consortes.
1508 497 1634 550 Per.

789 590 911 640 Post
940 604 1174 654 precem.

245 671 615 744 Omnipotens
661 674 1010 745 sempiterne
1062 679 1230 746 Deus,
1288 679 1385 750 qui
1440 679 1800 736 abundantia

185 766 392 838 pietatis
432 770 541 820 tuas
581 770 639 821 et
677 769 883 823 merita
923 771 1248 842 supplicum
1281 773 1504 828 excedis
1549 778 1607 828 et
1645 777 1796 841 vota,

187 859 396 916 effunde
432 877 604 931 super
625 878 730 915 nos
756 863 1215 920 misericordiam
1246 869 1424 933 tuam,
1455 871 1517 922 ut
1546 867 1800 923 dimittas

185 970 294 1025 quae
321 954 672 1009 conscientia
701 956 925 1022 metuit,
956 960 1014 1012 et
1032 959 1268 1029 adiicias
1291 960 1448 1031 quod
1474 961 1657 1017 oratio
1682 979 1800 1017 non

186 1048 477 1118 praesumit.
512 1050 622 1103 Per
647 1050 979 1107 Dominum.

795 1150 925 1198 Ante
941 1149 1172 1201 nomina.
1639 1199 1646 1206 .

241 1231 614 1302 Omnipotens
658 1234 1008 1304 sempiterne
1054 1237 1224 1302 Deus,
1273 1237 1474 1292 adesto
1519 1238 1802 1310 propitius

184 1325 622 1380 invocationibus
671 1327 880 1382 nostris
911 1345 923 1382 :
955 1331 1013 1382 et
1043 1330 1178 1401 quia
1207 1330 1330 1386 sine
1363 1335 1418 1386 te
1450 1332 1592 1386 nihil
1616 1336 1805 1404 potest

183 1418 419 1472 mortalis
467 1419 798 1487 inﬁrmitas,
843 1426 1051 1492 prmsta
1095 1425 1368 1479 auxilium
1420 1425 1619 1495 gratiae
1669 1429 1800 1493 tuae,

184 1515 234 1564 ut
256 1511 307 1566 in
339 1513 722 1583 exsequendis
758 1516 1047 1570 mandatis
1092 1517 1223 1583 tuis,
1254 1522 1311 1572 et
1339 1519 1632 1573 voluntate
1678 1519 1800 1587 tibi,

184 1608 230 1658 et
251 1605 469 1659 actione
505 1606 724 1676 pariter
750 1609 1098 1678 placeamus.
1125 1612 1233 1664 Per
1261 1611 1588 1666 Dominum.

241 1699 641 1754 Creaturarum
693 1701 952 1756 omnium
1007 1707 1205 1758 auctor
1247 1705 1396 1758 Deus
1435 1708 1492 1759 et
1541 1703 1802 1773 Domine,

1900 499 2143 584 cautela,
2187 502 2246 554 et
2288 499 2440 554 inter
2476 515 2680 570 aspera
2721 499 3021 555 fortitudo.
3070 501 3181 584 Per
3223 501 3536 558 Dominum

1901 576 2182 647 nostr'um.

2531 666 2660 714 Ante
2680 663 2910 714 nomina.

1970 738 2186 803 Presta,
2251 753 2597 808 qumsumus,
2668 739 3036 809 omnipotens
3094 742 3151 793 et
3216 739 3540 798 misericors

1902 831 2070 898 Deus,
2097 834 2159 884 ut
2187 830 2340 885 inter
2388 831 2556 902 hujus
2582 830 2712 886 vitae
2749 831 3024 902 caligines
3054 849 3161 887 nec
3211 834 3543 904 ignorantia

1901 925 2136 980 fallente
2158 941 2514 996 mergamur,
2545 941 2650 979 nec
2682 926 2960 996 praecipiti
2989 926 3322 981 studeamus
3347 931 3542 984 volun-

1903 1017 2020 1069 tate
2052 1031 2325 1085 peccare;
2359 1015 2460 1068 sed
2509 1014 2714 1085 quibus
2756 1014 3027 1069 ﬁduciam
3069 1017 3373 1086 speranda:
3416 1018 3538 1088 pie-

1901 1108 2034 1162 tatis
2065 1107 2350 1180 indulges,
2367 1110 2577 1180 optatae
2602 1107 3011 1163 misericordias
3029 1112 3240 1181 praesta
3255 1110 3541 1182 benignus

1906 1201 2198 1256 eil'ectum.

1973 1292 2215 1344 Pateant
2246 1307 2411 1346 aurcs
2458 1290 2870 1347 misericordia:
2900 1293 3034 1360 tuae,
3064 1291 3327 1361 Domine,
3356 1296 3542 1365 preci~

1903 1385 2009 1439 bus
2036 1384 2510 1456 supplicantium;
2533 1389 2590 1439 et
2617 1388 2678 1438 ut
2703 1385 3034 1456 petentibus
3061 1385 3387 1441 desiderata
3413 1405 3545 1444 con-

1905 1478 2095 1544 cedas,
2140 1478 2228 1532 fac
2263 1478 2366 1532 tibi
2416 1495 2533 1545 eos,
2581 1494 2928 1550 quaesumus,
2976 1478 3188 1550 placita
3233 1481 3541 1552 postulare.

1905 1568 2012 1621 Per
2043 1567 2371 1622 Dominum.

2555 1638 2722 1701 Super
2758 1637 2948 1688 oblata.

1977 1713 2144 1779 Deus,
2169 1711 2279 1778 cui,
2311 1711 2570 1766 omnium
2602 1712 3010 1766 sacriﬁciorum
3060 1713 3333 1770 varietate
3365 1715 3546 1783 ﬁnita,

187 1791 264 1860 qui
284 1792 553 1846 universa
579 1809 682 1863 per
701 1798 1055 1850 coaeternum
1085 1796 1184 1850 tibi
1209 1797 1431 1864 Filium,
1455 1801 1804 1868 cooperante
1826 1781 1882 1853 B
1909 1806 2154 1860 hostiam
2177 1822 2328 1859 nunc
2351 1805 2645 1860 offerimus
2667 1806 3039 1876 singularem,
3065 1807 3264 1862 adesto
3286 1809 3429 1862 votis
3449 1813 3548 1864 tua

185 1888 356 1939 sancto
375 1885 616 1956 Spiritu,
645 1887 972 1955 condidisti,
998 1890 1072 1943 da
1095 1891 1318 1960 populis
1341 1890 1452 1944 tuis
1471 1891 1615 1946 scire
1652 1891 1807 1962 quod

188 1978 440 2048 praecipis,
471 1980 762 2034 custodire
784 1982 938 2051 quod
965 1986 1230 2052 praestas;
1267 1987 1329 2037 ut
1359 1988 1416 2038 et
1440 1987 1540 2039 tua
1566 1983 1805 2055 inspira-

188 2070 318 2124 tione
348 2072 630 2140 credaris,
661 2076 719 2127 et
751 2076 946 2128 nostra
976 2092 1206 2146 semper
1234 2093 1372 2131 voce
1399 2077 1667 2132 lauderis.
1701 2079 1809 2132 Per

188 2164 494 2220 Dominum.

793 2237 956 2301 Super
994 2239 1186 2289 oblata.

242 2321 399 2388 Deus,
437 2319 543 2392 qui
584 2321 858 2391 legalium
896 2323 1251 2378 differentias
1292 2323 1609 2380 hostiarum
1640 2324 1808 2380 unius

189 2413 420 2467 sacriﬁcii
448 2415 874 2485 perfectionem
902 2417 1156 2483 sanxisti,
1187 2417 1378 2488 accipe
1407 2418 1749 2473 sacriﬁcium
1776 2436 1810 2474 a

187 2506 380 2561 devotis
414 2507 522 2561 tibi
551 2508 799 2575 famulis,
825 2514 882 2564 et
909 2510 1030 2581 pari
1061 2510 1489 2579 benedictione,
1520 2512 1664 2566 sicut
1686 2530 1809 2567 mu-

187 2617 304 2653 nera
325 2601 488 2666 Abel,
523 2601 835 2668 sanctiﬁca,
870 2606 931 2656 ut
962 2603 1116 2674 quod
1141 2603 1352 2675 singuli
1374 2604 1710 2659 obtulerunt
1734 2605 1809 2660 ad

185 2693 468 2763 Majestatis
494 2699 613 2749 tua!
654 2696 958 2763 honorem,
996 2697 1213 2752 cunctis
1255 2697 1516 2768 proﬁciat
1549 2699 1622 2752 ad
1657 2700 1807 2753 salu-

187 2790 306 2840 tem.
335 2789 444 2841 Per
471 2789 645 2842 Dom.

245 2881 470 2953 Suscipe
504 2898 776 2949 munera,
801 2899 1147 2953 qumsumus,
1166 2883 1424 2952 Domine,
1455 2900 1581 2955 quas
1609 2884 1712 2939 tibi
1738 2886 1810 2941 de

189 2977 268 3027 tua
293 2975 564 3045 largitate
598 2974 933 3042 deferimus,
968 2979 1028 3029 ut
1055 2977 1176 3031 hanc
1201 2981 1566 3033 sacrosancta
1597 2981 1807 3049 myste-

189 3065 274 3128 ria,
298 3067 497 3136 gratiae
520 3072 635 3122 tua:
663 3071 944 3139 operante
974 3067 1202 3136 virtute,
1224 3070 1522 3140 praesentis
1547 3071 1675 3126 vitae
1705 3088 1810 3126 nos

186 3161 607 3216 conversatione
639 3161 1016 3229 sanctiﬁcent,
1041 3165 1098 3216 et
1129 3163 1200 3217 ad
1225 3163 1436 3233 gaudia
1458 3165 1810 3235 sempiterna
1829 3149 1884 3224 Ο

187 3253 502 3321 perducant.
538 3256 648 3308 Per
677 3255 840 3310 Dom.
877 3259 1138 3310 nostrum
1160 3258 1354 3310 Jesum
1376 3257 1688 3312 Christum.

244 3347 376 3400 Vere
409 3347 658 3418 dignum
687 3350 744 3400 et
769 3347 990 3417 justum
1023 3351 1125 3415 est,
1172 3365 1404 3420 mquum
1444 3353 1502 3403 et
1535 3351 1805 3406 salutare.

187 3441 246 3493 lit
280 3441 444 3496 Filius
486 3445 623 3494 tuus
645 3443 805 3495 Jesus
833 3441 1107 3508 Christus,
1134 3442 1230 3513 qui
1263 3460 1320 3496 se
1341 3459 1519 3514 usque
1541 3444 1599 3498 in
1631 3445 1807 3499 ﬁnem

189 3531 353 3584 sarculi
389 3530 506 3584 suis
538 3530 804 3583 ﬁdelibus
834 3529 1024 3602 325
1059 3531 1321 3601 promisit
1356 3533 1710 3599 adfuturum,
1752 3536 1809 3586 et

187 3619 486 3686 praesentiae
534 3620 848 3690 corporalis
885 3619 1168 3690 mysteriis
1222 3638 1339 3676 non
1388 3621 1617 3676 deserat
1665 3638 1808 3692 quos

187 3712 416 3778 redimit,
447 3716 508 3766 et
537 3712 856 3783 majestatis
888 3715 999 3766 tuas
1024 3713 1318 3769 beneﬁciis
1345 3732 1460 3769 non
1496 3714 1803 3785 relinquat.

187 3803 246 3856 Ut
269 3806 357 3876 qui
388 3810 445 3860 te
480 3809 719 3859 auctore
752 3805 1129 3873 subsistimus,
1163 3811 1218 3862 te
1247 3807 1637 3879 dispensante,
1669 3808 1806 3861 diri-

187 3914 373 3965 gamur
405 3916 416 3952 :
452 3916 570 3952 non
615 3898 822 3953 nostris
852 3898 1109 3954 sensibus
1143 3900 1558 3972 relinquamur,
1603 3902 1702 3955 sed
1733 3902 1807 3956 ad

186 3993 281 4044 tua
302 3991 522 4046 reducti
550 4008 781 4062 semper
805 3993 1098 4046 tramitem
1127 3993 1400 4060 veritatis,
1432 3995 1553 4049 haec
1584 3995 1808 4049 studea-

187 4099 295 4138 mus
325 4102 594 4140 exercere
625 4102 752 4156 quae
792 4085 1071 4157 praecipis,
1096 4089 1156 4140 ut
1186 4088 1469 4157 possimus
1495 4088 1649 4144 dona
1674 4105 1803 4159 per-

186 4175 356 4246 cipere
403 4195 534 4249 quae
575 4178 882 4249 promittis,
917 4196 1020 4250 per
1044 4181 1354 4236 Dominum
1388 4184 1666 4236 nostrum.
1701 4182 1810 4236 Per

184 4286 342 4338 quem
371 4271 636 4326 laudant.

701 4343 824 4392 Post
851 4343 1291 4393 communionem.

243 4425 464 4497 Sumpti
502 4426 762 4481 sacriﬁcii
809 4432 1092 4499 perpetua
1130 4445 1234 4482 nos
1271 4427 1439 4484 tuitio
1481 4445 1598 4483 non
1642 4427 1811 4482 relin-

184 4523 328 4586 quat,
380 4524 438 4573 et
489 4521 660 4574 noxia
708 4537 938 4591 semper
987 4539 1018 4576 a
1062 4521 1227 4576 nobis
1278 4525 1483 4575 cuncta
1538 4520 1888 4592 depellat.D

185 4609 385 4666 Sancta
406 4616 510 4666 tua
554 4630 678 4679 nos,
711 4615 975 4680 Domine,
1005 4631 1352 4686 quaesumus,
1377 4618 1435 4668 et
1472 4613 1811 4670 viviﬁcando

185 4709 471 4770 renovent,
501 4709 560 4759 et
584 4708 916 4762 renovando
948 4708 1248 4762 viviﬁcent.
1273 4710 1382 4762 Per
1410 4707 1738 4763 Dominum.

826 4803 903 4854 Ad
938 4804 1166 4868 plebem.

247 4885 597 4954 Benedictio,
631 4888 894 4954 Domine,
911 4907 1257 4960 quaesumus,
1282 4888 1341 4944 in
1362 4892 1492 4944 tuos
1513 4889 1712 4944 ﬁdeles
1725 4906 1813 4944 co-

185 4978 334 5046 piosa
348 4981 690 5048 descendat;
711 4985 768 5036 et
784 4999 956 5053 quam
976 4983 1243 5054 subjectis
1255 4983 1524 5038 cordibus
1540 4986 1814 5054 expetunt

180 5073 414 5144 largiter
440 5076 1186 5147 consequanturzquoniam
1199 5077 1344 5130 sicut
1365 5077 1624 5148 superbis
1651 5077 1814 5131 resis-

182 5165 261 5231 tis,
278 5167 356 5221 sic
371 5169 681 5224 humilibus
694 5169 803 5224 tuis
815 5169 1062 5240 gratiam
1073 5169 1359 5241 benignus
1370 5170 1808 5242 impendis.Per.

663 5282 811 5335 XXII.
845 5297 967 5336 ITEM
1007 5298 1128 5337 ALIA
1168 5297 1344 5338 mssa.

739 5375 861 5423 Post
903 5374 1250 5438 prOphetiam.

244 5458 533 5525 Concede,
566 5475 912 5530 quaesumus,
949 5459 1318 5530 omnipotens
1354 5459 1522 5523 Deus,
1557 5461 1619 5511 ut
1659 5455 1812 5510 viam

184 5554 336 5604 tuam
368 5550 572 5607 devota
603 5556 798 5607 mente
842 5556 1156 5619 currentes,
1189 5549 1629 5623 subripientium
1670 5548 1811 5603 deli-

188 5647 411 5698 ctorum
440 5645 678 5717 laqueos
710 5646 1040 5701 evadamus.
1069 5649 1196 5701 Per.

807 5743 928 5793 Post
958 5756 1171 5807 precem
1183 5778 1195 5792 .

252 5823 557 5880 Ecclesiam
609 5829 789 5890 tuam,
844 5825 1106 5893 Domine,
1144 5840 1489 5896 quaesumus,
1535 5825 1812 5896 perpetuo

1909 1899 2283 1970 inspiratione
2301 1899 2611 1969 conceptis,
2636 1902 2698 1952 ut
2721 1899 2776 1952 in
2803 1902 2857 1953 te
2880 1900 3234 1970 sperantium
3255 1904 3310 1954 et
3329 1902 3551 1956 deside-

1908 1992 1993 2046 ria
2007 1993 2213 2062 jubeas
2241 1991 2457 2062 perﬁci,
2487 1995 2544 2046 et
2569 1995 2805 2063 peccata
2837 1992 3036 2046 deleri.
3071 1994 3178 2046 Per
3213 1993 3543 2048 Dominum.

1979 2085 2235 2140 Remotis
2262 2085 2800 2140 obumbrationibus
2834 2085 3151 2140 carnalium
3183 2087 3546 2142 victimarum

1910 2179 2226 2250 spiritalem
2247 2179 2372 2245 tibi,
2398 2195 2624 2232 summe
2656 2181 2844 2247 Pater,
2878 2179 3126 2234 hostiam
3158 2179 3396 2251 supplici
3425 2197 3546 2236 ser-

1909 2273 2085 2326 vitute
2117 2272 2451 2338 deferimus,
2481 2289 2608 2343 quas
2639 2272 2788 2327 miro
2837 2272 3230 2344 ineﬁ'abilique
3271 2274 3546 2344 mysterio

1910 2370 1967 2420 et
2005 2366 2340 2420 immolatur
2381 2382 2632 2436 semper,
2680 2370 2737 2420 et
2774 2366 2980 2421 eadem
3027 2383 3256 2436 semper
3287 2367 3544 2434 oﬁ‘ertur,

1911 2455 2242 2526 pariterque
2271 2458 2330 2508 et
2349 2455 2690 2509 devotorum
2725 2471 2937 2510 munus
2959 2453 3156 2528 326
3188 2459 3247 2509 et
3276 2471 3546 2510 remune-

1909 2548 2089 2603 rantis
2125 2551 2212 2602 est
2236 2547 2562 2619 praemium.
2591 2551 2699 2604 Per
2728 2547 3061 2604 Dominum.

1981 2642 2336 2708 Quaesumus,
2370 2641 2611 2696 Domine
2653 2643 2802 2696 Deus
2832 2646 3046 2708 noster,
3081 2645 3140 2695 ut
3163 2641 3373 2696 nostris
3396 2642 3544 2696 desi-

1911 2735 2082 2789 deriis
2113 2735 2428 2806 expeditos,
2463 2735 2831 2790 devotionem
2853 2735 2954 2788 tibi
2977 2750 3082 2788 nos
3104 2734 3345 2788 liberam
3372 2739 3546 2804 atque

1911 2828 2263 2883 oblationem
2285 2828 2492 2883 offerre
2505 2827 2806 2882 concedas.
2823 2829 2930 2882 Per
2946 2827 3256 2882 Dominum
3285 2830 3547 2883 nostrum

1907 2928 1933 2981 J
1941 2941 2100 2980 esum
2131 2925 2438 2981 Christum.

1980 3021 2123 3074 Vere
2160 3019 2403 3090 dignum
2445 3021 2503 3073 et
2529 3019 2748 3089 justum
2791 3022 2894 3085 est,
2929 3034 3159 3090 aaquum
3191 3021 3249 3073 et
3273 3020 3542 3075 salutare.

1909 3113 2156 3167 Verbum
2193 3116 2356 3166 tuum
2386 3111 2490 3166 tibi
2520 3128 2624 3183 per
2669 3112 2865 3166 omnia
2909 3115 3280 3167 coaeteruum.
3311 3112 3417 3177 Qui
3458 3130 3548 3167 se-

1911 3206 2219 3276 metipsum
2233 3205 2561 3272 exinanivit,
2590 3206 2838 3260 formam
2859 3205 3005 3259 servi
3033 3206 3339 3277 accipiens,
3365 3207 3548 3261 factus

1909 3300 2186 3355 obediens
2213 3315 2391 3369 usque
2424 3299 2496 3353 ad
2527 3302 2797 3365 mortem,
2831 3302 3081 3354 mortem
3114 3302 3308 3353 autem
3337 3299 3539 3368 crucis,

1908 3393 1965 3446 in
1993 3409 2107 3463 qua
2127 3392 2253 3463 pius
2279 3391 2510 3461 sa‘nguis
2541 3391 2598 3444 in
2627 3391 3028 3445 remissionem
3048 3391 3207 3444 fusus
3239 3395 3325 3444 est
3350 3407 3548 3462 pecca-

1908 3489 2118 3540 torum.
2155 3483 2322 3538 Venit
2347 3483 2503 3537 enim
2529 3483 2784 3538 animam
2815 3500 2976 3537 suam
3005 3483 3141 3537 dare
3189 3484 3543 3555 redemptio-

1909 3595 2043 3632 nem
2057 3594 2159 3649 pro
2173 3577 2384 3642 multis,
2409 3575 2736 3630 redditurus
2757 3575 2953 3647 utique
2971 3591 3228 3646 perenne
3250 3576 3383 3631 ﬁdei
3406 3594 3547 3648 pree-

1907 3671 2106 3738 mium,
2130 3687 2234 3742 pro
2261 3669 2466 3741 quibus
2483 3669 2752 3723 sustinuit
2764 3669 2944 3723 crucis
2966 3669 3360 3740 opprobrium.
3387 3671 3546 3725 Bona

1907 3765 2118 3836 quippe
2141 3768 2197 3819 et
2217 3765 2371 3818 mala
2394 3767 2563 3818 erunt
2585 3766 2822 3829 aeterna,
2842 3780 2970 3834 quae
2987 3763 3148 3818 dabit
3160 3763 3543 3833 judicaturus,

1909 3858 2004 3929 qui
2036 3858 2189 3913 bona
2210 3861 2267 3911 et
2289 3858 2443 3912 mala
2473 3855 2816 3927 temporalia
2844 3856 3139 3911 contemni
3171 3856 3366 3911 docuit
3388 3856 3544 3926 judi-

1907 3953 2222 4006 catus.Non
2237 3951 2395 4006 enim
2418 3950 2584 4004 aliter
2597 3954 2804 4004 natura
2823 3949 3105 4020 delinquit
3130 3950 3404 4017 humana,
3437 3949 3548 4005 nisi

1908 4043 2006 4095 aut
2031 4041 2284 4096 amando
2311 4057 2440 4113 quas
2467 4041 2586 4111 ipse
2610 4038 2976 4110 contempsit,
3006 4041 3106 4093 aut
3126 4038 3387 4092 timendo
3419 4055 3548 4109 qute

1908 4134 2027 4205 ipse
2042 4134 2326 4188 sustinuit.
2351 4134 2512 4190 Unde
2535 4151 2639 4188 nos
2663 4136 2760 4187 tua
2773 4131 3134 4204 providentia
3156 4131 3302 4202 regi,
3323 4135 3419 4185 tua
3443 4148 3548 4184 nos

1908 4227 2240 4299 redemptos
2263 4227 2449 4299 gratia
2477 4226 2809 4298 gubernari,
2842 4227 3065 4279 nullum
3091 4227 3177 4277 est
3203 4223 3408 4278 certius
3441 4223 3543 4277 do-

1909 4324 2274 4388 cumentum;
2294 4337 2468 4392 quam
2493 4320 2615 4390 ejus
2638 4317 2926 4373 evidentia
2940 4315 3245 4381 nascentis,
3269 4315 3547 4385 patientia

1908 4413 2228 4482 morientis,
2262 4413 2523 4485 potentia
2548 4410 2922 4482 resurgentis.
2956 4412 3064 4463 Per
3095 4407 3425 4462 Dominum.

2267 4508 2439 4560 XXIII.
2482 4522 2676 4560 INCIPIT
2715 4519 2887 4575 carior:
2923 4518 3188 4580 agioms.

1985 4602 2221 4656 Sursum
2243 4599 2438 4653 corda.
2462 4601 2620 4669 Resp.
2649 4597 2938 4652 Habemus
2969 4596 3042 4650 ad
3065 4594 3392 4652 Dominum.
3417 4595 3550 4650 Gra-

1915 4693 2020 4749 tias
2033 4710 2273 4765 agamus
2286 4692 2530 4747 Domino
2546 4693 2662 4746 Deo
2677 4689 3151 4761 nostro.Dignum
3169 4692 3226 4743 et
3230 4689 3450 4760 justum
3464 4693 3551 4743 est
3575 4711 3580 4718 -

1985 4789 2126 4842 Vere
2172 4787 2413 4856 dignum
2458 4788 2516 4839 et
2547 4786 2769 4856 justum
2799 4788 2903 4851 est,
2937 4800 3167 4854 aequum
3214 4786 3272 4836 et
3299 4783 3548 4836 salutare

1914 4884 2016 4949 est,
2046 4897 2152 4934 nos
2172 4879 2272 4934 tibi
2291 4895 2522 4950 semper
2537 4883 2596 4934 et
2617 4879 2826 4950 ubique
2850 4878 3064 4949 gratias
3087 4893 3281 4947 agere,
3305 4875 3548 4930 Domine

1913 4977 2126 5040 sancte,
2155 4975 2324 5028 Pater
2353 4972 2739 5044 omnipotens,
2774 4975 2987 5025 aeterne
3037 4972 3206 5036 Deus,
3239 4985 3342 5039 per
3385 4967 3546 5023 Chri-

1913 5071 2064 5122 stum
2091 5067 2398 5123 Dominum
2413 5071 2695 5122 nostrum.
2714 5068 2821 5120 Per
2833 5081 3007 5135 quem
3017 5063 3374 5134 Majestatem
3389 5064 3548 5116 tuam

1914 5161 2152 5216 laudant
2172 5161 2384 5232 angeli,
2418 5161 2665 5216 adorant
2699 5157 3146 5224 dominationes,
3178 5158 3435 5210 tremunt
3455 5173 3554 5226 po-

1913 5257 2184 5321 testates;
2227 5255 2348 5309 caeli
2385 5255 2774 5322 caelorumque
2835 5250 3072 5304 virtutes
3131 5266 3197 5304 ac
3247 5248 3420 5304 beata
3455 5249 3552 5320 Sy-

1913 5349 2057 5403 raﬁn
2081 5347 2236 5403 socia
2257 5347 2603 5402 exultatione
2627 5345 3053 5400 concelebrant.
3087 5345 3228 5399 Cum
3258 5344 3464 5414 quibus
3495 5347 3552 5397 et

1916 5446 2139 5497 nostras
2173 5458 2338 5496 voces
2388 5444 2449 5494 ut
2491 5439 2716 5494 admitti
2738 5439 2944 5509 jubeas
2989 5437 3391 5508 deprecamur,
3419 5452 3550 5506 sup-

1913 5539 2046 5611 plici
2077 5538 2436 5594 confessione
2465 5537 2720 5592 dicentes
2748 5554 2760 5592 :
2790 5537 3050 5604 Sanctus,
3081 5537 3341 5600 Sanctus,
3375 5533 3548 5588 Sanc-

1915 5639 2024 5700 tus,
2043 5632 2326 5688 Dominus
2355 5633 2504 5686 Deus
2530 5631 2805 5686 Sabaoth.

1985 5728 2059 5781 Te
2087 5725 2282 5796 igitur,
2328 5725 2776 5781 clementissime
2811 5726 3000 5790 Pater,
3031 5737 3136 5793 per
3163 5721 3359 5775 Jesum
3389 5717 3550 5773 Chri-

1915 5824 2066 5875 stum
2097 5819 2298 5876 Filium
2330 5824 2492 5875 tuum
2523 5819 2829 5876 Dominum
2861 5819 3120 5872 nostrum
3149 5810 3432 5882 supplices
3459 5828 3548 5867 ro-
