4032 6180
441 297 550 369 33'
1223 292 1554 350 APPENDIX
1594 290 1684 347 AD
1719 289 1942 348 OPERA
1981 287 2214 348 SANCTI
2254 289 2556 348 GERMANI
2592 289 3022 347 PARISIENSIS.
3711 287 3822 344 340

441 394 648 482 gamus
676 405 738 462 et
758 401 1030 478 petimus,
1060 399 1142 458 uti
1171 403 1407 473 accepta
1434 399 1651 458 habeas
1673 399 1734 455 et
1764 395 2074 454 benedicas
2093 407 2154 482 Α
2175 397 2662 469 omnipotentem,
2693 395 2796 452 tibi
2823 395 3038 468 gratias
3087 395 3236 470 egit;
3266 397 3579 468 benedixit,
3599 397 3822 472 fregit;

441 501 566 558 haec
597 499 770 568 dona,
796 498 920 554 haec
947 512 1215 564 munera,
1242 495 1368 550 hinc
1400 495 1599 550 sancta
1622 490 1900 549 sacriﬁcia
1939 491 2071 546 inli-
2173 491 2334 547 dedit
2353 491 2646 563 discipulis
2667 491 2803 560 suis,
2825 490 3056 547 dicens:
3081 491 3334 564 Accipite
3356 494 3415 547 et
3433 493 3783 550 manducata
3803 511 3822 550 :

442 595 579 650 bata
611 611 626 649 :
653 593 714 648 in
754 589 958 665 primis
988 606 1116 664 quae
1145 587 1250 644 tibi
1293 587 1587 644 offerimus
1614 602 1718 658 pro
1748 589 1849 641 tua
1877 587 2077 642 sancta
2173 587 2290 641 Hoc
2320 587 2406 646 est
2427 583 2586 640 enim
2613 601 2820 657 corpus
2839 601 3060 640 meum.
3090 585 3278 642 Simili
3303 586 3477 642 modo
3503 591 3823 660 postquam

443 687 691 744 Ecclesia
711 685 1019 752 catholica;
1049 699 1224 756 quam
1247 681 1570 754 pacificare,
1601 678 1910 747 custodire,
1939 678 2077 733 adu-
2175 681 2465 735 cmuatum
2483 682 2589 748 est,
2611 677 2830 750 accepit
2859 682 2918 734 et
2942 679 3094 734 hunc
3117 681 3462 752 praclarum
3488 680 3732 737 calicem
3759 681 3826 737 in

445 797 582 837 nare
603 783 660 835 et
679 795 881 851 regere
897 777 1152 850 digneris
1171 778 1294 831 toto
1317 773 1456 830 orbe
1475 777 1782 841 terrarum,
1804 788 1922 826 una
1943 787 2074 826 cum
2176 776 2404 828 sanctas
2427 776 2486 828 et
2510 773 2869 828 venerabiles
2893 790 3103 829 manus
3125 791 3286 842 suas;
3303 774 3446 829 item
3471 774 3576 830 tibi
3601 775 3830 848 gratias

444 873 716 932 omnibus
740 870 1075 927 orthodoxis
1118 873 1290 940 atque
1317 866 1645 940 apostolicae
1675 864 1812 920 fidei
1840 863 2072 920 cultori-
2178 883 2378 940 agens,
2408 865 2723 934 benedixit,
2753 865 2912 921 dedit
2940 866 3230 940 discipulis
3258 867 3392 936 suis,
3433 867 3631 924 dicens
3663 884 3679 924 τ
3711 871 3823 925 Ac-

441 968 568 1024 bus.
596 967 907 1034 Memento,
939 963 1204 1029 Domine,
1229 959 1418 1035 327
1454 960 1807 1015 famulorum
1834 958 2082 1013 famula-
2178 960 2348 1032 cipite
2369 963 2426 1016 et
2444 959 2622 1016 bibite
2636 977 2704 1015 ex
2730 960 2840 1016 hoc
2857 976 3079 1016 omnes.
3109 961 3209 1017 Hic
3230 965 3316 1016 est
3345 961 3502 1017 enim
3528 962 3674 1018 calix
3694 980 3830 1018 san-

443 1055 1298 1135 rumquetuarum,etomnium
1317 1051 1919 1120 circumadstantium;
1943 1067 2080 1123 quo-
2178 1053 2370 1125 guinis
2400 1054 2538 1122 mei,
2572 1053 2703 1109 novi
2743 1056 2801 1108 et
2827 1055 3026 1109 aeterni
3064 1055 3437 1124 Testamenti,
3475 1057 3826 1128 mysterium
3874 1109 3883 1114 _

442 1173 572 1212 rum
601 1154 704 1210 tibi
723 1153 868 1208 ﬁdes
891 1149 1123 1223 cognita
1151 1153 1256 1217 est,
1277 1152 1336 1204 et
1353 1151 1493 1204 nota
1515 1145 1744 1225 devotio
1769 1145 1829 1201 τ’
1851 1144 1948 1217 qui
1975 1143 2079 1200 tibi
2180 1147 2334 1215 ﬁdei,
2363 1147 2460 1218 qui
2485 1164 2590 1219 pro
2617 1147 2778 1203 vobis
2821 1151 2879 1203 et
2908 1163 3012 1221 pro
3050 1147 3246 1204 multis
3277 1149 3608 1204 efi’undctur
3636 1150 3697 1205 in
3735 1143 3831 1205 re-

444 1250 696 1306 offerunt
720 1248 829 1303 hoc
857 1242 1199 1300 sacriﬁcium
1230 1241 1416 1296 laudis
1446 1257 1549 1312 pro
1581 1257 1662 1308 se,
1695 1239 1926 1311 suisque
1952 1255 2078 1294 om-
2181 1240 2516 1296 missionem
2538 1243 2926 1312 peccatorum.
2961 1243 3090 1297 Haac
3121 1241 3634 1316 quotienscumque
3659 1244 3824 1300 fece-

443 1343 630 1410 nibus,
653 1358 756 1413 pro
785 1337 1187 1410 redemptione
1217 1335 1546 1391 animarum
1570 1349 1824 1401 suarum,
1848 1349 1953 1404 pro
1980 1348 2081 1404 spe
2180 1335 2272 1403 tis,
2287 1333 2346 1389 in
2358 1333 2835 1390 meimemoriam
2849 1334 3232 1391 facietis.lnde
3247 1337 3304 1391 et
3316 1335 3828 1411 memore3328

445 1436 640 1492 salutis
669 1437 727 1489 et
761 1430 1170 1488 incolumitatis
1195 1445 1340 1496 suae;
1377 1427 1480 1484 tibi
1521 1427 1774 1482 reddunt
1810 1427 1942 1481 vota
1979 1442 2083 1480 sua
2183 1445 2400 1495 sumus,
2423 1428 2692 1496 Domine,
2721 1445 2827 1484 nos
2851 1428 2936 1483 tui
2962 1429 3246 1497 servi,sed
3278 1432 3336 1484 et
3354 1430 3515 1502 plebs
3537 1434 3638 1486 tua
3659 1447 3830 1486 sanc-

445 1534 662 1586 aeterno
698 1528 839 1594 Deo,
871 1525 995 1580 vivo
1041 1528 1100 1579 et
1137 1541 1294 1579 vero.
1330 1520 1842 1580 Communicantes
1882 1519 1984 1575 sed
2025 1521 2084 1574 et
2184 1525 2263 1590 ta,
2293 1521 2500 1576 Christi
2525 1521 2651 1576 Filii
2678 1521 2758 1576 tui
2783 1521 3016 1578 Domini
3041 1522 3222 1578 nostri
3251 1527 3373 1578 tam
3389 1525 3577 1579 beatae
3597 1525 3823 1595 passio-

441 1621 792 1678 memoriam
835 1620 1178 1674 venerantes
1211 1617 1272 1672 in
1301 1615 1505 1688 primis
1535 1613 1800 1686 gloriosae
1849 1629 2086 1684 semper
2186 1613 2292 1682 nis,
2333 1631 2560 1670 necnon
2595 1618 2650 1671 et
2687 1615 2758 1670 ab
2795 1615 2994 1670 inferis
3032 1616 3490 1684 resurrectionis,
3528 1617 3629 1672 sed
3669 1620 3732 1672 et
3761 1617 3828 1672 in

442 1714 679 1787 virginis
701 1712 893 1769 Mariae
921 1710 1216 1783 genitricis
1242 1708 1345 1764 Dei
1379 1712 1438 1764 et
1482 1706 1715 1763 Domini
1741 1705 1926 1762 nostri
1949 1707 2153 1787 Jesu_
2185 1709 2354 1764 caelos
2404 1707 2668 1779 gioriosaa
2717 1708 3070 1765 ascensionis
3115 1727 3128 1766 :
3183 1710 3481 1766 offerimus
3527 1709 3834 1782 prmelaraa

441 1777 668 1876 Christi,
690 1807 794 1862 sed
823 1809 880 1861 et
901 1777 1206 1860 beatorum
1239 1802 1641 1874 apostolorum
1669 1817 1734 1856 ac
1755 1803 2080 1872 martyrum
2100 1777 2158 1850 Β
2181 1777 2458 1873 Majestati
2483 1801 2553 1856 de
2577 1802 2687 1857 tuis
2707 1801 2873 1858 donis
2893 1819 2960 1858 ac
2984 1803 3132 1858 datis
3151 1803 3400 1859 hostiam
3427 1777 3654 1876 puram,
3683 1805 3832 1860 hos-

443 1907 674 1959 tuorum
729 1898 902 1967 Petri,
949 1897 1131 1965 Pauli,
1185 1897 1453 1964 Andreas,
1497 1893 1714 1961 Jacobi,
1777 1893 2078 1962 Johannis,

444 1997 698 2062 Thomae,
745 1992 962 2059 Jacobi,
1017 1989 1285 2063 Philippi,
1343 1987 1768 2056 Bartholomtei,
1811 1986 2080 2055 Matthaei,

442 2091 717 2156 Simonis,
751 2095 809 2147 et
835 2087 1070 2156 Tatheei,
1091 2087 1236 2156 Lini,
1266 2086 1510 2154 Ancleti,
1540 2084 1872 2152 Clementis,
1909 2083 2080 2154 Systi,

443 2187 680 2254 Cornili,
707 2183 1000 2258 Cypriani,
1037 2180 1329 2248 Laurenti,
1359 2177 1684 2251 Crisogoni,
1715 2177 1996 2234 Johannis
2026 2179 2086 2232 et

442 2280 622 2346 Pauli,
653 2279 876 2335 Cosmus
907 2281 966 2332 et
988 2273 1275 2343 Damiani,
1309 2272 1541 2341 Helarii,
1566 2269 1813 2338 Martini,
1853 2273 1912 2324 et
1954 2285 2082 2326 om-

446 2375 609 2429 nium
631 2375 962 2427 sanctorum
996 2373 1246 2435 tuorum,
1277 2383 1525 2439 quorum
1553 2364 1776 2420 meritis
1797 2363 2087 2436 precibus-

447 2483 560 2539 que
590 2464 874 2520 concedas
902 2467 968 2518 ut
993 2463 1052 2517 in
1081 2461 1352 2518 omnibus
1399 2457 1773 2531 protectionis
1816 2460 1932 2512 tuas
1961 2473 2087 2511 mu-

449 2559 680 2616 niamur
703 2556 933 2613 auxilio.
961 2557 1071 2611 Per
1104 2552 1396 2610 Christum
1431 2551 1748 2608 Dominum
1797 2552 2083 2606 nostrum.

517 2653 674 2708 Hanc
689 2650 868 2722 igitur
893 2648 1263 2706 oblationem
1294 2645 1582 2702 servitutis
1627 2646 1861 2712 nostris,
1896 2643 2000 2699 sed
2028 2646 2088 2698 et

445 2748 666 2803 cunctae
693 2742 934 2800 familiae
967 2745 1080 2797 tua:
1102 2741 1301 2814 (quam
1325 2739 1442 2795 tibi'
1460 2737 1759 2794 offerimus
1778 2737 1838 2792 in
1862 2737 2086 2794 honore

445 2843 658 2901 Domni
684 2841 841 2899 beati
873 2839 1143 2912 martyris
1173 2837 1257 2894 tui
1287 2838 1368 2893 ill.
1401 2839 1461 2892 et
1481 2853 1586 2909 pro
1619 2835 1869 2908 peccatis
1913 2838 2086 2906 atque

449 2931 864 2989 offensionibus
903 2927 1146 2994 nostris;
1190 2930 1254 2981 ut
1294 2925 1558 2981 omnium
1593 2924 1936 2980 delictorum
1980 2940 2086 2980 no-

447 3030 700 3087 strorum
731 3021 1138 3078 remissionem
1166 3018 1442 3090 consequi
1467 3016 1844 3088 mereamur),
1871 3033 2090 3089 quaesu-

447 3135 598 3186 mus,
650 3115 894 3172 Domine
943 3117 1005 3168 ut
1041 3115 1300 3185 placatus
1337 3109 1631 3182 suscipias,
1681 3109 1918 3182 diesque
1963 3127 2091 3166 nos-

451 3215 568 3268 tros
596 3209 657 3269 in
678 3212 779 3266 tua
803 3224 944 3280 pace
971 3205 1266 3279 disponas,
1295 3206 1470 3276 atque
1503 3203 1577 3259 ab
1601 3206 1822 3285 (eterna
1847 3202 2090 3260 damna-

449 3305 608 3362 tione
643 3318 752 3359 nos
795 3301 1027 3374 eripias,
1061 3301 1121 3355 et
1156 3297 1218 3353 in
1260 3298 1580 3353 electorum
1622 3299 1856 3353 tuorum
1886 3296 2094 3368 jubeas

451 3413 628 3472 grege
649 3393 974 3452 numerari.
1003 3395 1114 3450 Per
1133 3390 1424 3449 Christum
1454 3389 1772 3446 Dominum
1804 3393 2088 3446 nostrum.

468 3538 472 3542 .
519 3491 706 3557 Quam
722 3487 1079 3546 oblationem
1105 3489 1169 3542 tu
1187 3486 1339 3542 Deus
1351 3483 1410 3540 in
1425 3483 1714 3552 omnibus,
1739 3499 2090 3555 quaesumus,

449 3584 840 3650 benedictam,
863 3581 1192 3655 ascriptam,
1209 3581 1420 3646 ratam,
1441 3576 1874 3646 rationabilem,
1889 3593 2089 3649 accep-

453 3679 810 3747 tabilemque
826 3677 1014 3730 facere
1029 3674 1294 3744 dignare,
1310 3688 1440 3744 quae
1454 3671 1622 3726 nobis
1647 3687 1854 3742 corpus
1882 3673 1940 3726 et
1959 3687 2092 3726 san-

454 3770 581 3844 guis
609 3771 712 3824 flat
737 3767 1093 3823 dilectissimi
1117 3765 1242 3820 Filii
1265 3765 1366 3832 tui,
1396 3763 1628 3820 Domini
1647 3767 1844 3819 autem
1872 3764 1975 3819 Dei
1995 3781 2094 3820 no-

430 3855 555 3918 ‘stri
577 3864 709 3918 Jesu
735 3859 964 3917 Christi.
989 3859 1097 3924 Qui
1117 3857 1304 3930 pridie
1326 3873 1502 3928 quam
1528 3858 1844 3928 pateretur,
1874 3856 2096 3928 accepit

455 3971 669 4028 panem
700 3953 759 4009 in
787 3956 1015 4008 sanctas
1045 3967 1112 4007 ac
1141 3949 1500 4005 venerabiles
1525 3965 1735 4005 manus
1763 3966 1932 4016 suas;
1976 3951 2091 4004 ele-

456 4047 600 4105 vatis
627 4047 804 4104 oculis
832 4045 947 4102 suis
962 4045 1036 4101 ad
1053 4045 1259 4100 caelum
1285 4043 1361 4098 ad
1381 4045 1438 4098 te
1466 4044 1648 4098 Deum
1668 4045 1899 4099 Patrem
1926 4060 2093 4100 suum

2183 1896 2322 1950 tiam
2349 1897 2628 1962 sanctam,
2655 1895 2902 1951 hostiam
2927 1897 3382 1966 immaculatam,
3406 1913 3619 1969 panem
3652 1915 3833 1954 sauc-

2183 1993 2308 2044 tum
2337 1989 2470 2045 vitm
2495 1992 2748 2057 teterme,
2772 1992 2832 2044 et
2861 1989 3098 2046 calicem
3131 1991 3328 2046 salutis
3360 1995 3678 2063 perpetuae.
3715 1992 3832 2048 Su-

2183 2099 2288 2154 pra
2313 2099 2442 2154 quaa
2464 2082 2713 2155 propitio
2752 2099 2819 2138 ac
2841 2099 3046 2139 sereno
3072 2085 3232 2139 vultu
3264 2085 3518 2156 aspicere
3549 2084 3833 2158 dignare,

2185 2178 2242 2230 et
2274 2179 2510 2248 accepta
2557 2176 2792 2244 habere,
2841 2177 3002 2231 sicuti
3035 2181 3268 2249 accepta
3307 2178 3522 2232 habere
3549 2177 3837 2250 dignatus

2183 2285 2246 2324 es
2274 2285 2518 2323 munera
2544 2269 2710 2340 pueri
2746 2269 2832 2326 tui
2856 2269 2998 2341 justi
3033 2270 3194 2339 Abel,
3238 2273 3296 2325 et
3337 2271 3682 2326 sacrificium
3728 2288 3837 2343 pa-

2185 2359 2449 2417 triarcha:
2472 2362 2650 2418 nostri
2666 2361 2931 2430 Abrahze,
2956 2365 3014 2417 et
3034 2363 3188 2436 quod
3214 2363 3318 2418 tibi
3340 2363 3545 2419 obtulit
3556 2381 3839 2420 summus

2186 2454 2452 2510 sacerdos
2499 2458 2630 2510 tuus
2671 2455 3107 2525 Melchisedech,
3153 2461 3414 2512 sanctum
3453 2457 3834 2528 sacrificium,

2185 2547 2621 2604 immaculatam
2667 2549 2938 2604 hostiam.
2991 2549 3286 2623 Supplices
3323 2553 3380 2606 te
3418 2567 3718 2622 rogamus,
3770 2556 3842 2606 et

2186 2641 2457 2720 petimus,
2481 2642 2850 2714 omnipotens
2876 2643 3045 2711 Deus,
3068 2643 3207 2716 jube
3229 2644 3472 2716 perferri
3493 2661 3598 2716 per
3614 2661 3842 2702 manus

2187 2735 2368 2790 sancti
2395 2735 2586 2807 angeli
2611 2737 2693 2790 tui
2723 2735 2783 2790 in
2811 2735 3042 2791 sublimi
3073 2737 3240 2792 altari
3265 2741 3385 2806 tuo,
3418 2737 3479 2792 in
3509 2742 3838 2811 conspectu

2189 2827 2396 2882 divina;
2437 2829 2743 2900 Majestatis
2773 2831 2918 2897 tuae;
2952 2833 3017 2884 ut
3055 2833 3340 2902 quotquot
3381 2849 3452 2886 ex
3499 2832 3612 2887 hoc
3655 2832 3843 2888 altari

2189 2921 2658 2978 sanctificationis
2678 2926 3106 2978 sacrosanctum
3135 2923 3256 2979 Filii
3283 2925 3366 2980 tui
3387 2941 3592 2997 corpus
3611 2927 3670 2981 et
3692 2942 3842 2981 san-

2188 3013 2427 3086 guinem
2453 3015 2888 3087 sumpserimus,
2913 3017 3074 3072 omni
3101 3017 3505 3073 benedictione
3526 3019 3744 3074 caelesti
3774 3024 3844 3074 et

2193 3108 2378 3180 gratia
2403 3109 2752 3181 repleamur.
2771 3111 3177 3166 PerChristum
3199 3111 3511 3166 Dominum
3538 3115 3840 3170 nostrum.

2259 3201 2548 3256 Memento
2581 3202 2777 3270 etiam,
2818 3203 3082 3272 Domine,
3114 3206 3172 3258 et
3195 3221 3399 3259 eorum
3421 3202 3696 3278 (Nomina)
3729 3207 3843 3278 qui

2191 3311 2296 3350 nos
2320 3299 2736 3366 praecesserunt
2763 3313 2896 3351 cum
2926 3296 3092 3368 signo
3140 3297 3296 3365 fidei,
3327 3301 3385 3352 et
3427 3297 3730 3380 dormiunt
3769 3299 3840 3355 in

2191 3404 2395 3443 somno
2427 3389 2601 3460 pacis.
2627 3389 2786 3461 Ipsis,
2817 3390 3086 3459 Domine,
3125 3393 3184 3446 et
3209 3391 3479 3446 omnibus
3507 3391 3566 3446 in
3598 3391 3842 3448 Christo

2191 3481 2616 3554 quiescentibus
2640 3483 2832 3538 locum
2858 3483 3167 3556 refrigerii,
3193 3484 3336 3540 lucis
3366 3487 3425 3540 et
3459 3481 3617 3557 pacis
3645 3490 3713 3540 ut
3738 3485 3836 3542 in-

2192 3575 2431 3647 dulgeas
2460 3575 2860 3646 deprecamur,
2889 3594 2993 3648 per
3035 3577 3326 3633 Christum
3357 3578 3672 3636 Dominum
3721 3597 3840 3636 no-

2191 3672 2394 3723 strum.
2428 3669 2601 3724 Nobis
2626 3686 2855 3742 quoque
2883 3671 3280 3742 peccatoribus
3311 3671 3542 3728 famulis
3585 3673 3721 3740 tuis,
3754 3673 3841 3730 de

2192 3761 2563 3818 multitudine
2579 3761 3018 3820 miserationum
3038 3766 3270 3820 tuarum
3293 3765 3680 3837 sperantibus,
3694 3783 3838 3838 par-

2191 3859 2310 3910 tem
2337 3854 2591 3926 aliquam
2623 3858 2682 3910 et
2705 3856 3044 3914 societatem
3066 3857 3284 3915 donare
3315 3858 3590 3931 digneris.

2265 3950 2465 4008 Caetera
2501 3948 2714 4006 desunt.

529 4231 554 4259 ι
582 4219 752 4274 Deest
775 4215 888 4284 hic,
921 4216 984 4268 ut
1012 4213 1070 4269 in
1103 4211 1298 4268 multis
1327 4209 1473 4279 aliis,
1506 4211 1664 4284 quod
1691 4227 1844 4268 nunc
1869 4211 1979 4267 hoc
2007 4212 2133 4268 loco
2169 4207 2494 4280 inserim'us,
2517 4229 2620 4284 pro
2653 4215 2848 4284 quibus
2873 4215 2974 4270 tibi
3005 4215 3294 4285 offerimus,
3324 4217 3410 4272 vel
3438 4219 3536 4288 qui
3566 4216 3690 4281 tibi,
3721 4221 3840 4274 etc.

467 4424 515 4439 ειη

1990 4613 2309 4696 VETUS

921 4797 1830 4939 MISSALE
1966 4795 3382 4938 GALLICANUM.

761 5188 800 5240 Ι.
843 5201 998 5242 IISSA
1038 5202 1222 5241 sucu
1263 5201 1500 5242 cannam
1541 5201 1793 5242 EPISCOPI.

528 5281 1158 5360 329.Venerabilem
1173 5283 1328 5339 diem
1350 5287 1526 5357 atque
1545 5282 1872 5352 sublimem,
1886 5284 2097 5339 fratres

455 5377 758 5446 carissimi,
792 5380 1062 5448 prompta
1101 5377 1406 5434 devotione
1437 5377 1814 5444 celebremus,
1869 5375 2092 5431 miseri-

455 5473 714 5532 cordiam
745 5470 997 5550 \Domini
1047 5471 1226 5527 nostri
1278 5471 1614 5543 suppliciter
1656 5473 1979 5538 exorantes,
2033 5472 2096 5525 ut

450 5563 766 5626 beatissimi
782 5565 1056 5622 Germani
1070 5564 1340 5620 antistitis
1355 5568 1414 5620 et
1431 5563 1777 5620 confessoris
1796 5563 1900 5632 sui,
1934 5563 2094 5636 cujus

452 5661 719 5734 exempla
748 5657 1049 5724 miramur,
1083 5657 1190 5710 etsi
1219 5657 1438 5726 aequari
1464 5656 1628 5712 factis
1653 5657 1776 5728 ejus
1813 5673 1928 5712 non
1961 5675 2092 5730 pos-

453 5771 670 5820 sumus,
696 5751 902 5806 saltem
941 5747 1183 5818 vestigia
1219 5747 1402 5818 sequi,
1433 5751 1490 5802 et
1535 5748 1708 5804 ﬁdem
1752 5750 1918 5806 nobis
1963 5767 2095 5806 con-

456 5848 642 5918 tingat
666 5840 898 5905 imitari.
929 5841 1038 5894 Per
1065 5841 1228 5894 Dom.

2115 5194 2176 5267 D

2874 5181 3144 5234 Collectio.

2264 5281 2485 5339 Gratias
2511 5281 2614 5337 tibi
2643 5281 2891 5354 agimus,
2920 5283 3288 5354 omnipotens
3316 5284 3486 5352 Deus,
3513 5299 3618 5354 pro
3665 5283 3866 5342 virtu-

2197 5376 2347 5432 tibus
2362 5374 2680 5431 beatissimi
2693 5376 2966 5431 Germani
2978 5376 3246 5432 antistitis
3257 5375 3339 5431 tui
3364 5393 3378 5432 :
3402 5391 3546 5448 quas
3561 5376 3637 5444 ei,
3665 5377 3869 5435 Pater

2197 5468 2585 5542 omnipotens,
2615 5485 2732 5524 non
2759 5468 3050 5525 immerito
3079 5468 3345 5533 tribuisti,
3369 5468 3503 5541 quia
3521 5471 3578 5524 te
3604 5475 3868 5542 aposto-

2195 5561 2303 5618 lica
2327 5563 2687 5619 confessione
2701 5561 2871 5618 rebus
2889 5562 3154 5618 omnibus
3175 5563 3302 5634 plus
3313 5562 3544 5618 amavit.
3559 5561 3872 5623 Discussit

2195 5673 2230 5710 a
2260 5673 2318 5711 se
2344 5656 2588 5726 divitias,
2623 5659 2688 5712 ut
2716 5659 3054 5729 paupertate
3080 5655 3312 5728 spiritus
3335 5656 3608 5712 caslorum
3650 5673 3868 5730 regna

2195 5749 2627 5806 conscenderet.
2653 5749 3147 5806 Mansuetudinem
3177 5749 3382 5817 tenuit,
3414 5753 3476 5804 ut
3497 5751 3724 5805 terram
3761 5755 3866 5809 sui

2195 5841 2448 5916 corporis
2474 5841 2805 5915 spiritaliter
2815 5841 3152 5916 possideret.
3174 5836 3394 5916 Lugere
3407 5842 3734 5900 delectatus
3756 5855 3860 5906 est
