4032 6180
210 277 311 334 3-H

1324 279 1407 332 ΠΕ
1451 279 1757 334 LlTURGlA
1795 279 2167 336 GALLICANA
2209 282 2403 346 LIBER
2445 284 2532 338 lll.

3483 293 3511 344 3
3527 291 3583 345 5-72

199 388 257 442 in
300 385 537 455 saeculo,
575 388 636 443 ut
675 387 959 444 caalcstem
1000 385 1458 444 consolationem
1494 404 1563 442 ex
1589 387 1848 444 muneris
1869 398 1928 472 Α
1950 388 2238 444 mandatis
2265 391 2530 446 universa
2563 391 2652 447 lex
2689 394 2748 446 et
2783 390 3083 464 prophetae
3117 389 3474 465 pendebant,
3509 395 3584 453 ad

201 480 282 535 tui
332 481 606 553 largitate
652 482 994 554 perciperet.
1037 481 1324 537 Justitiam
1380 481 1612 535 esurivit
1658 482 1846 553 adque

197 575 407 643 sitivit,
444 580 506 630 ut
548 576 658 630 tuis
695 579 1047 631 saturaretur
1093 575 1352 646 eloquiis.
1406 576 1848 647 Eleemosynam

187 669 428 740 jugiter
448 671 599 737 fecit,
621 674 683 724 ut
708 670 1105 724 indesinenter
1127 686 1242 724 non
1265 671 1493 724 tantum
1518 669 1643 737 sibi,
1669 670 1770 723 sed
1792 672 1851 724 et

193 763 422 818 ceteris
441 763 670 835 pietatis
692 767 801 817 tua:
821 763 1280 818 misericordiam
1305 763 1610 818 obtineret.
1632 763 1849 818 Purita-

192 861 316 912 tem
359 857 553 912 cordis
572 855 791 922 habuit,
821 860 882 911 ut
912 861 967 911 te
997 856 1235 912 videret.
1274 857 1474 912 Fidem
1507 855 1767 923 servavit,
1787 859 1850 910 ut

188 951 326 1005 ﬁliis
353 951 475 1004 tuis
492 951 746 1006 fraterna
771 968 828 1004 se
847 950 1288 1022 participatione
1314 951 1714 1022 conjungeret.
1740 952 1850 1005 Per

188 1044 369 1114 cujus
402 1044 784 1100 interventum
815 1061 1142 1116 precamur,
1178 1044 1275 1115 qui
1306 1045 1466 1100 illum
1493 1045 1668 1100 hono.
1700 1085 1712 1099 .
1745 1085 1757 1098 .
1789 1085 1801 1101 .
1831 1086 1843 1100 .

190 1139 326 1210 plis.
367 1141 482 1194 Per
507 1138 835 1193 Dominum.

697 1227 948 1277 Collectio
973 1229 1092 1290 post
1117 1226 1351 1276 nomina.

256 1301 512 1356 Auditis
539 1299 870 1355 nominibus
901 1298 1270 1367 oﬁ'erentum,
1303 1296 1732 1352 indeﬁcientem
1768 1297 1849 1352 div

183 1396 410 1450 vinam
447 1394 812 1450 clementiam
859 1393 1259 1464 deprecemur,
1293 1395 1356 1446 ut
1389 1393 1494 1446 has
1526 1391 1847 1446 oblationes

183 1488 419 1560 plebis,
442 1487 649 1559 quasin
672 1487 894 1541 honore
920 1485 1240 1541 beatissimi
1268 1485 1541 1539 Germani
1578 1484 1847 1538 antistitis

188 1587 244 1636 et
287 1580 653 1636 confessoris
695 1580 1080 1647 oﬁ‘erimus,...
1114 1579 1409 1650 signatum
1437 1577 1592 1632 diem
1615 1578 1843 1632 hodier-

187 1692 279 1729 nae
333 1675 724 1730 solemnitatis
759 1674 1120 1728 celebremus
1163 1689 1294 1727 cum
1333 1673 1668 1727 inconcussa
1709 1669 1845 1725 ﬁdei

1951 499 2048 537 eas
2075 501 2216 554 quas
2237 484 2483 540 diximus
2527 486 2888 556 evangelicas
2905 487 3294 543 beatitudines
3320 491 3582 561 perveni-

1950 580 2056 631 ret.
2091 579 2159 632 Et
2189 577 2324 648 quia
2353 581 2433 648 tu,
2464 578 2709 634 Domine
2733 581 2759 634 ,Ι
2768 595 2866 634 esu
2894 580 3137 649 Christe,
3163 583 3434 652 apostolis
3472 585 3584 639 tuis

1951 670 2174 724 dixeras
2191 674 2270 737 ut,
2287 675 2490 726 euntes
2501 689 2606 742 per
2628 673 2958 726 universum
2980 673 3285 742 mundum,
3305 676 3582 732 universas

1950 767 2227 820 creatura!
2247 765 2622 836 Evangelium
2644 766 3045 836 praedicarent,
3065 768 3122 821 et
3138 767 3375 824 virtutes
3397 771 3584 825 efﬁce-

1949 861 2098 925 rent,
2132 859 2252 913 hzec
2287 861 2418 912 tuus
2468 859 2868 914 devotissimus
2918 861 3239 916 Germanus
3285 863 3583 934 episcopus

1946 954 2270 1019 Tartarum,
2296 969 2496 1006 eorum
2517 953 2768 1024 vestigiis
2788 953 3140 1021 subsecutus,
3165 972 3268 1026 per
3287 958 3436 1010 totas
3461 958 3586 1012 Gal-

1948 1045 2072 1113 lias,
2104 1046 2309 1112 Roma,
2349 1045 2617 1100 inectalia
2647 1047 2692 1114 ⁸,
2731 1047 2787 1101 in
2817 1047 3108 1102 Brettania
3146 1048 3312 1102 annis
3345 1050 3584 1121 triginta

1948 1156 2187 1210 corpore
2210 1138 2490 1207 adﬂictus,
2521 1140 2716 1195 Januis
2730 1140 2952 1211 jugiter
2977 1141 3036 1195 in
3062 1143 3158 1196 tuo
3183 1142 3416 1198 nomine
3435 1161 3578 1215 prae-

1949 1232 2185 1300 dicavit;
2218 1234 2464 1288 haereses
2493 1233 2753 1301 abstulit;
2785 1233 3020 1288 adduxit
3050 1237 3328 1306 populum
3356 1237 3430 1292 ad
3459 1238 3579 1308 ple-

1948 1343 2086 1382 nam
2119 1330 2176 1381 et
2217 1326 2507 1397 integram
2563 1326 2745 1400 381
2794 1327 3002 1393 ﬁdem;
3047 1327 3218 1398 ejecit
3255 1329 3581 1399 daemones;

1949 1423 2206 1475 mortuos
2241 1421 2557 1488 suscitavit;
2601 1421 2768 1491 aegris
2805 1421 3061 1475 reddidit
3097 1421 3398 1493 pristinam
3437 1425 3584 1478 sani-

1948 1518 2159 1581 tatem;
2212 1513 2583 1586 implevitque
2635 1514 2830 1568 omnia
2874 1513 3058 1586 signa,
3104 1515 3340 1569 virtutes
3385 1516 3583 1587 utique

1948 1608 2208 1678 adeptus.
2255 1608 2346 1663 Sic
2381 1607 2568 1679 coepit,
2609 1611 2672 1661 ut
2712 1611 3024 1675 cresceret;
3054 1608 3132 1662 sic
3175 1609 3472 1681 pugnavit,
3522 1613 3586 1664 ut

1947 1700 2227 1767 vinceret;
2263 1700 2339 1754 sic
2366 1701 2808 1768 consummavit,
2835 1704 2896 1754 ut
2922 1701 3124 1756 mortis
3153 1703 3422 1757 tenebras
3443 1719 3585 1774 praev

187 1770 502 1835 libertate,
531 1785 702 1864 qqam
730 1769 826 1822 ille
846 1767 1144 1864 _°°n_st'an_ti
1169 1769 1365 1821 mente
1395 1765 1690 1821 defendit:
1716 1782 1844 1836 ΡΓΘ·
1867 1769 1925 1841 Β
1950 1794 2166 1861 teriret,
2187 1765 2477 1864 martyriis
2499 1810 2558 1846 se
2586 1765 2986 1864 conjun'geret,
3012 1795 3217 1848 stolam
3239 1811 3368 1849 cum
3398 1765 3585 1850 cente-

189 1867 412 1918 cantes
443 1866 506 1916 ut
530 1862 705 1916 robur
739 1861 1035 1932 patientia}
1066 1861 1206 1932 ejus.
1255 1901 1267 1914 .
1313 1902 1324 1914 .
1373 1901 1384 1913 .
1423 1901 1435 1913 .
1482 1901 1494 1913 .
1540 1901 1553 1912 .
1599 1901 1611 1913 .
1657 1901 1669 1914 .
1715 1899 1729 1912 .
1775 1900 1786 1912 .
1832 1899 1845 1913 .

257 2034 529 2086 Oremus
550 2031 723 2085 etiam
761 2034 819 2085 et
859 2047 961 2101 pro
1003 2029 1293 2100 spiritibus
1325 2043 1592 2082 carorum
1622 2031 1845 2082 nostro-

189 2145 327 2182 rum
369 2127 636 2196 (quorum
676 2124 832 2178 idem
869 2123 1238 2195 omnipotens
1272 2124 1420 2177 Deus
1450 2124 1508 2176 et
1536 2138 1847 2176 numerum

193 2219 373 2275 novit
414 2223 475 2272 et
514 2218 794 2289 nomina),
837 2221 900 2271 ut
949 2217 1212 2271 omnium
1258 2215 1607 2270 memoriam
1652 2214 1846 2283 faciat,

192 2312 484 2370 omnium
514 2315 747 2383 peccata
774 2311 1048 2365 dimittat.
1077 2313 1185 2365 Per
1211 2309 1520 2365 Dominum
1561 2311 1844 2364 nostrum.

709 2399 991 2464 [Collectio
1021 2399 1084 2448 ad
1111 2399 1349 2462 pacem]

265 2471 480 2547 330
507 2473 674 2540 Deus,
703 2489 806 2543 pro
839 2472 999 2542 cujus
1021 2487 1180 2526 sacro
1208 2487 1458 2525 nomene
1485 2470 1688 2524 beatus
1709 2471 1845 2524 Ger-

193 2585 420 2623 manus
448 2565 684 2620 antistes
711 2568 841 2619 tuus
866 2564 1215 2619 desideravit
1238 2563 1354 2634 pati
1383 2562 1847 2634 persecutionem

193 2665 452 2733 propter
475 2658 778 2734 justitiam,
804 2661 866 2712 ut
887 2657 993 2711 etsi
1023 2657 1364 2727 martyrium
1393 2673 1510 2711 non
1541 2657 1846 2726 perferret,

193 2755 319 2808 ﬁde
348 2758 547 2807 tamen
567 2751 967 2822 pertenderet;
995 2767 1098 2804 nec
1122 2750 1352 2804 timeret
1373 2748 1517 2803 odiis
1540 2748 1847 2803 hominum

195 2852 252 2902 et
286 2843 800 2900 maledictionibus
823 2843 1140 2913 subjacere,
1164 2842 1486 2896 dummodo
1513 2841 1846 2896 mercedem

193 2941 506 3010 copiosam
536 2940 988 3008 consequeretur
1007 2937 1065 2990 in
1095 2937 1232 2990 caelo
1263 2939 1320 2990 et
1346 2935 1420 2990 ad
1446 2935 1570 2990 illas
1598 2935 1844 2990 beatitu-

196 3035 377 3089 dines
398 3031 757 3101 evangelicas
779 3030 1132 3102 perveniret;
1161 3032 1214 3084 te
1237 3046 1340 3100 per
1359 3029 1530 3099 hujus
1555 3029 1846 3082 interven-

197 3133 334 3182 tum
365 3141 685 3197 precamur,
717 3128 779 3178 ut
807 3141 1013 3195 pacem
1040 3139 1238 3194 quam,
1269 3127 1326 3177 te
1346 3122 1611 3193 jubente,
1650 3121 1846 3175 dilexit
1866 3139 1920 3214 Ο

196 3222 258 3274 in
341 3219 579 3284 saeculo,
640 3217 1052 3290 perpetualiter
1109 3215 1844 3286 Ecclesiaa'possidendam

195 3315 430 3368 tribuas
455 3312 511 3366 in
539 3311 750 3366 futuro.
783 3313 890 3366 Per
915 3310 1223 3365 Dominum
1253 3312 1538 3364 nostrum.

863 3397 1195 3448 Contestatio.

276 3473 534 3544 Dignum
557 3475 614 3525 et
627 3471 847 3542 justum
871 3473 975 3524 est.
999 3471 1141 3523 Vere
1165 3485 1396 3539 aequum
1420 3471 1478 3521 et
1490 3468 1712 3539 justum
1738 3471 1844 3532 est,

201 3584 316 3622 nos
332 3566 435 3619 tibi
452 3565 667 3635 gratias
679 3580 875 3634 agere,
894 3561 1163 3634 etpietati
1181 3564 1292 3616 tuae
1308 3561 1369 3614 in
1392 3562 1612 3616 honore
1633 3560 1848 3614 summi

196 3657 521 3716 sacerdotis
541 3657 619 3712 tui
644 3656 917 3712 Germani
935 3655 1186 3727 episcopi
1200 3657 1256 3708 et
1272 3653 1616 3709 confessoris
1632 3653 1848 3725 gratias

198 3769 404 3825 agere,
424 3751 622 3806 laudes
645 3767 873 3817 canere,
897 3753 1028 3805 vota
1048 3749 1394 3820 persolvere,
1416 3747 1652 3818 ejusque
1675 3763 1841 3802 enar-

199 3863 342 3902 rare
381 3846 638 3911 virtutes,
673 3861 815 3914 quas
855 3844 928 3910 ei,
963 3842 1204 3897 Domine
1240 3844 1411 3896 Pater
1453 3840 1843 3911 omnipotens,

203 3958 331 3995 non
346 3939 639 3993 immerito
658 3937 926 4002 tribuisti,
942 3937 1075 4006 quia
1088 3939 1143 3989 te
1157 3934 1471 4006 apostolica
1483 3933 1844 3990 confessione

203 4035 384 4089 rebus
415 4032 683 4087 omnibus
715 4032 841 4102 plus
877 4028 1110 4084 amavit.
1147 4028 1418 4082 Discussit
1444 4046 1477 4083 a
1509 4044 1566 4082 se
1595 4027 1840 4096 divitias,

199 4132 268 4182 ut
288 4129 627 4198 paupertate
645 4124 874 4196 spiritus
891 4125 1164 4178 crelorum
1178 4139 1359 4193 regna
1372 4125 1840 4192 consequeretur.

196 4219 707 4276 Mansuetudinem
736 4218 940 4287 tenuit,
963 4220 1026 4272 ut
1045 4221 1278 4271 terrena
1300 4215 1384 4269 sui
1407 4215 1662 4286 corporis
1682 4214 1844 4286 spiri-

201 4315 404 4370 taliter
429 4313 766 4384 possideret.
798 4313 1018 4382 Lugcre
1051 4305 1365 4364 delectatus
1399 4312 1487 4363 est
1521 4309 1581 4362 in
1613 4310 1840 4376 saeculo,

203 4410 273 4462 ut
289 4409 573 4462 caelestem
588 4405 1040 4460 consolationem
1058 4420 1121 4457 ex
1136 4402 1392 4457 muneris
1407 4401 1485 4455 tui
1498 4401 1844 4472 largitudine

201 4502 551 4574 perciperet.
587 4499 874 4555 Justitiam
925 4497 1156 4552 esurivit
1193 4499 1364 4567 atque
1406 4495 1596 4562 sitivit,
1633 4498 1692 4548 ut
1735 4494 1922 4578 tuisD

198 4598 560 4649 saturaretur
586 4592 846 4663 eloquiis.
880 4592 1323 4660 Eleemosynam
1349 4588 1571 4659 jugiter
1594 4587 1746 4652 fecit,
1781 4591 1843 4642 ut

197 4665 604 4744 indesinenter
632 4703 748 4739 non
770 4688 996 4738 tantum
1029 4683 1156 4749 sibi,
1183 4683 1282 4735 sed
1310 4685 1367 4735 et
1387 4680 1590 4736 ceteris
1611 4680 1843 4750 pietatis

197 4785 322 4834 tua:
351 4775 808 4834 misericordiam
839 4777 1147 4832 obtineret.
1173 4774 1487 4829 Puritatem
1519 4773 1705 4828 cordis
1737 4773 1838 4827 ha-

197 4873 352 4938 buit,
387 4875 449 4926 ut
471 4875 525 4926 te
552 4871 790 4925 videret.
822 4872 1029 4924 Pacem
1063 4867 1327 4934 servavit,
1353 4870 1415 4920 ut
1440 4866 1568 4920 ﬁliis
1597 4866 1711 4920 tuis
1736 4866 1845 4920 fra-

201 4971 376 5020 terna
394 4982 451 5019 se
474 4963 916 5036 participatione
939 4960 1337 5032 conjungeret.
1359 4959 1711 5014 Desideravit
1728 4957 1845 5029 pati

198 5059 673 5131 persecutionem
712 5059 950 5127 propter
979 5054 1284 5126 justitiam,
1311 5056 1375 5107 ut
1419 5053 1465 5106 si
1501 5051 1845 5123 martyrium

206 5169 330 5206 non
345 5151 690 5222 perferebat,
706 5149 817 5202 ﬁde
838 5151 1034 5202 tamen
1056 5146 1429 5218 pertenderat
1445 5145 1518 5199 ad
1536 5160 1842 5200 coronam:

204 5260 318 5298 nec
333 5244 524 5297 timuit
543 5242 807 5298 omnium
831 5231 1021 5295 medis
1037 5239 1507 5293 maledictionem
1529 5237 1843 5307 subjacere,

206 5338 530 5392 dummodo
569 5335 901 5390 mercedem
949 5333 1240 5404 copiosam
1295 5333 1746 5402 consequeretur
1787 5328 1847 5383 in

208 5431 372 5484 caalo.
413 5429 621 5485 Dilexit
659 5433 735 5496 te,
766 5426 1029 5493 Domine,
1061 5443 1127 5480 ex
1164 5428 1285 5479 toto
1316 5424 1488 5479 corde
1527 5426 1584 5477 et
1624 5440 1691 5477 ex
1725 5424 1848 5476 tota

213 5528 430 5591 mente,
474 5527 532 5577 et
572 5539 639 5576 ex
678 5523 801 5575 tota
841 5519 1037 5574 anima
1075 5535 1196 5584 sua,
1229 5521 1288 5571 et
1317 5517 1645 5589 proximum
1679 5531 1846 5569 suum

213 5621 514 5689 tamquam
538 5614 789 5687 seipsum
809 5631 821 5682 ;
845 5617 908 5668 ut
927 5612 1245 5668 secundum
1262 5610 1416 5683 quod
1436 5609 1496 5665 in
1518 5610 1607 5665 his
1629 5608 1850 5664 duobus

299 5753 320 5780 δ
350 5743 495 5812 Lege
524 5745 583 5796 in
609 5742 793 5812 Italia.
825 5739 996 5805 Infra,
1024 5735 1407 5812 Ianuistquid
1439 5736 1624 5791 illud?
1663 5753 1736 5791 an
1778 5735 1848 5790 de

222 5813 416 5868 Genua
433 5810 912 5884 intelligendum,
938 5827 1064 5882 qua:
1087 5810 1222 5866 urbs
1241 5811 1429 5866 Ianua:
1450 5824 1567 5864 non
1596 5824 1728 5864 raro
1757 5824 1850 5880 ap-

1951 1887 2093 1942 simo
2124 1887 2311 1942 fructu
2338 1886 2680 1958 perciperet,
2705 1889 2762 1941 et
2792 1886 2905 1940 vita
2931 1887 3038 1940 hac
3073 1891 3309 1957 peracta
3335 1905 3584 1959 regnum

1949 1980 2301 2034 inhabitaret
2329 1983 2633 2034 aeternum.
2665 1979 2828 2043 Quod
2872 1978 3190 2047 credentes,
3231 1981 3379 2034 Deus
3416 1982 3587 2035 Pater

1951 2072 2336 2143 omnipotens,
2359 2072 2640 2144 supplices
2671 2087 2995 2140 exoramus,
3024 2076 3085 2126 ut
3109 2072 3168 2126 in
3200 2072 3321 2143 ejus
3348 2073 3500 2143 apud
3528 2075 3583 2127 te

1949 2165 2284 2238 patrociniis
2313 2169 2371 2220 et
2391 2164 2900 2221 intercessionibus
2927 2164 3126 2236 pietati
3147 2169 3260 2220 tua:
3285 2183 3584 2221 commen-

1951 2260 2090 2326 dati,
2128 2276 2233 2314 nos
2274 2259 2333 2313 in
2371 2260 2644 2314 omnibus
2679 2262 2839 2313 tuam
2882 2258 3337 2314 misericordiam
3379 2276 3582 2314 conse-

1950 2369 2217 2424 quamur,
2247 2352 2508 2423 angelica
2539 2355 2592 2406 te
2621 2352 2970 2408 exultatione
2993 2353 3295 2409 laudantes
3312 2355 3370 2408 et
3397 2351 3587 2408 dicen-

1951 2450 2070 2502 tes:
2101 2446 2364 2515 Sanctus,
2398 2447 2658 2514 Sanctus,
2694 2446 2955 2501 Sanctus.

2440 2539 2688 2589 Collectio
2714 2543 2832 2604 post
2855 2540 3090 2588 Sanctus.

2019 2621 2360 2702 Egredictus
2404 2621 2574 2692 plane
2626 2621 2723 2692 qui
2758 2619 2916 2675 venit
2953 2620 3012 2674 in
3057 2619 3295 2676 nomine
3317 2620 3582 2689 Domini;
3621 2632 3682 2668 λς

1947 2715 2282 2769 benedictus
2306 2717 2452 2769 Deus
2479 2715 2594 2768 Rex
2625 2715 2818 2782 Israel,
2859 2731 2969 2785 pax
3004 2713 3062 2766 in
3105 2717 3280 2780 terra,
3311 2713 3492 2783 gloria
3523 2714 3583 2768 in

1947 2808 2179 2864 excelsis
2207 2824 2308 2879 per
2334 2807 2645 2862 Dominum
2675 2811 2938 2861 nostrum
2968 2808 3163 2861 Jesum
3195 2806 3484 2862 Christum
3499 2806 3592 2861 Fi-

1947 2901 2086 2957 lium
2111 2906 2290 2956 tuum.
2322 2899 2427 2966 Qui
2449 2900 2633 2972 pridie
2657 2917 2833 2970 quam
2854 2901 3170 2971 pateretur.

2586 2993 2707 3042 Post
2726 2995 2944 3042 secreta.

2016 3076 2355 3138 Descendat,
2369 3091 2678 3146 precamur
2691 3074 3060 3145 omnipotens
3072 3074 3240 3141 Deus,
3257 3090 3429 3145 super
3439 3073 3581 3142 haec,

1947 3186 2075 3240 qum
2095 3168 2196 3222 tibi
2225 3168 2538 3236 offerimus,
2560 3167 2812 3222 Verbum
2837 3170 3001 3221 tuum
3020 3171 3313 3234 sanctum;
3342 3165 3582 3221 descen-

1946 3262 2045 3316 dat
2085 3261 2502 3316 inzestimabilis
2552 3260 2748 3333 gloriae
2790 3264 2902 3314 tua:
2948 3259 3217 3331 Spiritus;
3271 3260 3586 3314 descendat

1945 3355 2195 3426 antiqua:
2226 3354 2600 3425 indulgentiae
2625 3357 2740 3408 tuae
2763 3354 3010 3420 donum;
3037 3357 3098 3407 ut
3119 3353 3220 3407 ﬁat
3242 3353 3456 3407 oblatio
3485 3370 3584 3406 no-

1946 3452 2062 3503 stra
2092 3448 2278 3502 hostia
2310 3447 2580 3518 spiritalis
2610 3447 2669 3500 in
2707 3448 2948 3501 odorem
2987 3445 3281 3500 suavitatis
3309 3448 3578 3515 accepta;

1947 3542 2124 3596 etiam
2156 3559 2260 3595 nos
2287 3542 2537 3597 famulos
2566 3544 2695 3594 tuos
2723 3555 2828 3610 per
2858 3539 3203 3610 sanguinem
3242 3536 3450 3592 Christi
3483 3541 3581 3592 tua

1947 3651 2153 3690 manus
2180 3635 2415 3688 dextera
2454 3633 2664 3687 invicta
2701 3632 3003 3687 custodiat.
3033 3634 3141 3686 Per
3167 3631 3500 3686 Dominum.

2207 3726 2458 3776 Collectio
2493 3728 2608 3775 ante
2641 3725 2927 3774 orationem
2957 3723 3302 3774 Dominicam.

2012 3811 2294 3879 Agnosce,
2325 3807 2588 3874 Domine,
2617 3807 2792 3862 verba
2822 3823 2951 3878 quae
2978 3805 3319 3878 praecepisti,
3341 3805 3578 3876 ignosce

1943 3901 2378 3973 praesumptioni
2409 3917 2583 3972 quam
2617 3900 2914 3972 imperasti
2945 3917 2958 3955 :
2987 3899 3318 3972 ignorantia
3348 3901 3434 3953 est
3461 3915 3579 3954 non

1944 4011 2110 4050 nosse
2137 3994 2439 4060 meritum;
2486 3994 2850 4050 contumacia
2881 3997 2966 4048 est
3000 4010 3118 4048 non
3153 4009 3380 4048 servare
3411 4009 3577 4048 man-

1943 4089 2164 4157 datum,
2198 4105 2311 4160 quo
2341 4088 2533 4143 dicere
2557 4089 2834 4159 jubemur
2862 4105 2874 4143 :
2903 4090 3072 4142 Pater
3101 4091 3314 4142 noster.

2414 4181 2664 4231 Collectio
2690 4185 2808 4244 post
2832 4180 3140 4230 orationem.

2013 4261 2217 4316 Libera
2268 4278 2372 4316 nos
2421 4278 2455 4316 a
2503 4261 2672 4315 malis
2717 4261 3008 4326 omnibus,
3047 4262 3246 4313 auctor
3289 4258 3577 4312 bonorum

1943 4357 2111 4426 Deus,
2146 4355 2217 4409 ab
2255 4354 2414 4410 omni
2455 4353 2816 4421 temtatione,
2864 4353 2934 4406 ab
2973 4352 3132 4406 omni
3172 4351 3461 4416 seandalo,
3505 4350 3576 4404 ab

1947 4448 2105 4504 omni
2145 4465 2319 4518 opere
2358 4447 2751 4512 tenebrarum,
2782 4447 2840 4499 et
2879 4444 3160 4498 constitue
3191 4459 3294 4497 nos
3324 4443 3382 4497 in
3415 4442 3579 4498 omni

1945 4543 2119 4607 bono,
2148 4543 2207 4594 et
2245 4540 2316 4593 da
2357 4556 2560 4609 pacem
2586 4539 2644 4592 in
2677 4537 2877 4592 diebus
2907 4537 3137 4604 nostris,
3173 4538 3387 4590 Auctor
3422 4534 3578 4607 pacis

1941 4637 2000 4690 et
2017 4632 2288 4689 caritatis.
2309 4635 2416 4687 Per
2434 4631 2744 4684 Dominum
2765 4633 3027 4685 nostrum
3046 4633 3073 4686 J
3079 4647 3239 4686 esum
3261 4629 3572 4686 Christum.

2376 4723 2629 4772 Collectio
2656 4727 2776 4786 post
2797 4723 3136 4773 Eucharistia.

2015 4804 2336 4862 Sumsimus
2371 4820 2438 4857 ex
2475 4803 2648 4857 sacris
2689 4804 2964 4858 altaribus
2995 4804 3202 4859 Christi
3240 4802 3473 4859 Domini
3513 4819 3579 4857 ac

1946 4899 2049 4955 Dei
2076 4897 2256 4953 nostri
2290 4913 2495 4968 corpus
2525 4900 2584 4951 et
2613 4897 3023 4968 sanguinem...
3063 4898 3365 4952 credentes
3395 4895 3580 4950 unita-

1947 4997 2063 5047 tem
2093 4992 2277 5046 beataa
2309 4990 2599 5045 Trinitatis
2627 5007 2879 5058 oremus,
2914 4994 2977 5044 ut
3013 5007 3242 5061 semper
3267 4989 3432 5044 nobis
3462 4989 3578 5043 ﬁde

1946 5085 2150 5159 plenis,
2181 5084 2396 5138 esurire
2420 5084 2589 5138 detur
2617 5101 2683 5139 ac
2709 5084 2864 5139 sitire
2879 5083 3196 5154 justitiam;
3219 5083 3412 5154 sicque
3435 5099 3580 5154 opus

1948 5181 2089 5250 ejus,
2121 5177 2429 5233 confortati
2463 5177 2726 5232 salutaris
2759 5195 2903 5231 escae
2944 5177 3151 5248 gratia,
3186 5177 3485 5245 faciamus,
3518 5179 3582 5230 ut

1949 5289 2065 5328 non
2096 5272 2153 5326 in
2189 5271 2493 5342 judicium,
2527 5271 2626 5324 sed
2660 5270 2719 5324 in
2766 5270 3091 5325 remedium
3134 5271 3576 5326 Sacramentum

1950 5366 2104 5438 quod
2132 5365 2458 5435 accepimus
2484 5363 2820 5419 habeamus.
2850 5366 2958 5420 Per
2982 5364 3292 5420 Dominum
3318 5367 3579 5420 nostrum

1946 5461 2141 5515 Jesum
2174 5457 2481 5514 Christum.

2631 5527 2899 5578 Collectio.

2020 5607 2242 5680 Aspice,
2271 5607 2536 5676 Domine,
2558 5607 2656 5680 qui
2672 5608 2730 5664 et
2748 5612 2846 5665 tuo
2867 5607 3016 5666 vesci
3044 5623 3303 5680 corpore,
3337 5608 3396 5659 et
3414 5607 3576 5657 tuum

1952 5735 2216 5806 pellatur.
2246 5733 2360 5788 Hoc
2389 5733 2728 5787 vocabulum
2757 5734 3062 5789 cardinalis
3089 5735 3243 5786 Bona
3275 5725 3488 5796 omisit,
3513 5727 3578 5782 si~

1953 5809 2049 5861 cut
2075 5807 2134 5860 et
2159 5807 2470 5870 Tartarum,
2502 5821 2692 5877 supra.
