4032 6180
448 239 549 298 343

447 366 653 424 corpus
675 348 826 406 effici
857 347 940 404 vis
972 348 1172 404 fideles
1201 363 1215 403 :
1244 348 1335 403 fac
1371 346 1538 402 nobis
1578 347 1638 403 in
1674 347 2079 404 remissionem
2101 360 2161 437 Α

444 447 814 518 peccatorum
835 459 956 498 esse
979 443 1135 514 quod
1161 440 1542 514 sumpsimus;
1573 444 1746 514 atque
1767 441 1846 498 ita
1871 458 1930 496 se
1952 441 2076 497 ani-

448 555 562 596 mae
589 541 800 594 nostra;
829 535 1021 591 divina
1050 535 1330 590 alimonia
1357 533 1554 608 332
1584 551 1690 606 per
1717 533 2076 591 benedictio-

449 649 584 688 nem
604 635 764 687 tuam
785 629 935 685 facta
961 627 1324 700 permisceat,
1347 631 1410 682 ut
1429 644 1562 683 caro
1584 627 1809 700 spiritui
1829 627 2076 696 subdita,

449 729 508 782 et
542 725 601 780 in
634 737 978 780 consensum
1014 721 1316 792 paciﬁcum
1354 721 1661 793 subjugata
1691 721 2075 792 obtemperet,

447 835 564 876 non
593 819 880 889 repugnet
906 831 1008 887 per
1031 813 1308 886 Spiritum
1335 817 1619 882 sanctum,
1652 814 1750 886 qui
1775 814 1834 869 in
1857 814 2077 869 unitate

443 911 625 969 Patris
659 913 718 966 et
751 909 872 964 Filii
905 912 1225 964 coaeternus
1260 907 1395 962 vivit
1430 911 1489 963 et
1526 911 1737 980 regnat
1778 907 1838 964 in
1873 908 2079 964 macula

446 1006 807 1064 saeculorum.
837 1004 1044 1059 Amen.

633 1128 696 1180 II.
737 1126 1023 1180 Primulo
1061 1138 1131 1178 AD
1170 1136 1428 1179 vmcmsm
1464 1136 1895 1178 amnemamnem.

516 1233 812 1298 Faventes,
843 1227 1196 1285 dilectissimi
1219 1227 1446 1295 fratres,
1469 1226 1558 1282 his
1583 1225 1905 1295 virtutibus,
1937 1242 2079 1299 quas

446 1330 719 1401 praestare
763 1339 1080 1396 paucorum
1127 1326 1230 1390 est,
1283 1322 1466 1376 Deum
1512 1337 1746 1392 semper
1788 1319 2079 1391 pudicitiae

443 1418 830 1490 castitatisque
852 1416 1150 1472 custodem
1173 1415 1420 1486 acceptis
1442 1414 1634 1469 eidem
1657 1413 1920 1486 precibus
1947 1430 2075 1469 ore-

443 1531 594 1581 mus,
624 1517 687 1567 ut
716 1512 866 1566 hanc
894 1511 1172 1565 famulam
1205 1526 1387 1576 suam,
1419 1507 1688 1563 omnibus
1713 1506 1903 1562 saeculi
1932 1507 2077 1562 inle-

443 1607 628 1663 cebris
658 1605 902 1660 liberam
933 1603 1278 1670 carnalibus,
1309 1619 1375 1656 ac
1401 1601 1602 1672 spiritu
1629 1600 1940 1671 integram,
1968 1601 2076 1656 Re-

445 1701 531 1773 gis
567 1697 768 1754 mterni
798 1698 1055 1752 thalamo
1112 1695 1542 1762 reservandam,
1592 1693 1788 1749 addita
1845 1692 2082 1749 caelestis

377 1789 384 1796 ’
442 1791 722 1866 propositi
777 1791 984 1844 virtute
1039 1789 1400 1855 corroboret;
1437 1789 1496 1842 et
1538 1786 1612 1842 ad
1653 1786 2075 1858 sexagesimum

442 1887 724 1952 fructum,
764 1900 890 1956 qua:
926 1881 1162 1956 propria
1195 1881 1502 1936 devotione
1539 1879 1854 1952 praesumit,
1903 1881 2080 1936 addat

442 1997 545 2037 sua
573 1979 840 2035 libertate
871 1975 1272 2032 centesimum.
1303 1976 1414 2030 Per
1437 1975 1772 2030 Dominum.

982 2080 1234 2132 Collectio
1285 2079 1539 2145 ejusdem.

514 2170 788 2228 Omnium
807 2167 1044 2240 quidem
1059 2166 1295 2221 laudum
1319 2168 1491 2237 atque
1513 2164 1808 2232 virtutum,
1829 2163 1928 2218 sed
1940 2180 2082 2236 prae-

441 2265 610 2336 cipue
638 2261 914 2320 castitatis
935 2260 1217 2328 adsertor,
1244 2261 1452 2327 custos,
1477 2257 1799 2326 auxiliator,
1823 2257 2078 2326 effector,

443 2359 645 2413 dicatae
663 2355 764 2411 tibi
785 2355 844 2409 in
863 2353 1073 2409 sanctis
1095 2352 1432 2424 corporibus
1457 2351 1676 2423 pariter
1703 2367 1769 2406 ac
1791 2351 2082 2406 mentibus

441 2449 736 2524 puritatis;
759 2448 856 2520 qui
876 2445 1267 2519 virginitatem
1289 2445 1420 2500 ideo
1442 2446 1570 2516 plus
1593 2443 1783 2499 intues
1795 2447 1854 2499 et
1870 2443 2078 2516 diligis,

441 2543 576 2618 quia
603 2541 706 2597 tibi
735 2541 899 2612 origo
929 2539 1258 2612 virginitas;
1284 2539 1499 2610 quique
1529 2538 1588 2593 in
1613 2538 1765 2592 hunc
1796 2537 2081 2593 mundum

443 2640 612 2692 natus
638 2652 705 2691 ex
729 2634 983 2707 Virgine,
1016 2633 1075 2690 id
1107 2633 1165 2686 in
1193 2631 1317 2687 aliis
1348 2631 1580 2703 probas,
1614 2631 1770 2702 quod
1800 2630 1861 2685 in
1895 2633 2082 2686 matre

441 2728 696 2801 elegisti;
749 2728 938 2799 adque
981 2726 1114 2782 ideo
1161 2725 1464 2797 aptissime
1514 2724 1617 2779 tibi
1667 2740 1878 2796 sponso
1925 2723 2010 2778 vir
2037 2735 2080 2792 ι,

441 2839 714 2896 sponsam
740 2820 1024 2892 virginem
1073 2818 1431 2874 dedicamus.
1471 2819 1573 2885 Tu,
1604 2817 1868 2884 Domine,
1896 2817 2082 2872 tribue

440 2918 590 2972 hanc
607 2916 813 2986 puellae
827 2914 952 2984 jam
973 2917 1085 2967 tua:
1113 2929 1346 2984 semper
1367 2911 1684 2983 Optabilem
1714 2926 1929 2982 magno
1958 2927 2086 2981 pro-

440 3008 628 3080 posito
644 3005 1166 3078 perseverantiam,
1187 3008 1244 3058 et
1259 3007 1461 3059 contra
1477 3003 1849 3058 multiformis
1864 3003 2084 3058 inimici

1241 238 1576 296 APPENDIX
1611 238 1700 294 AD
1735 237 1958 296 OPERA
1992 238 2227 296 SANCTI
2264 240 2564 299 GERMANI
2602 241 3028 300 PARISIENSIS.

3706 243 3818 303 344

2737 349 2985 402 Collectio
3013 348 3266 416 sequitur.

2249 431 2460 499 Excita,
2493 447 2840 504 quaesumus,
2873 431 3138 500 Domine,
3167 431 3343 487 corda
3363 433 3559 488 nostra
3580 430 3656 487 ad
3673 447 3818 504 pra-

2177 526 2465 598 parandas
2489 525 2782 604 Unigeniti
2809 525 2894 581 tui
2926 525 3068 594 vias,
3101 528 3166 580 ut
3205 542 3312 598 per
3350 524 3474 596 ejus
3498 525 3816 582 adventum

2178 619 2490 692 puriﬁcatis
2513 618 2616 675 tibi
2641 619 2855 675 servire
2878 619 3186 676 mentibus‘
3197 635 3544 676 mereamur.
3573 620 3702 675 Per.

2799 715 2923 764 Post
2953 713 3185 764 nomine.

2248 795 2500 862 Placare,
2528 794 2799 862 Domine,
2831 811 3186 866 quaesumus,
3229 793 3568 853 humilitatis
3598 799 3815 851 nostra:

2177 893 2440 966 precibus
2468 897 2526 948 et
2553 894 2780 962 hostiis;
2812 897 2871 950 et
2897 894 2992 950 ubi
3017 895 3176 949 nulla
3204 896 3517 966 suppetunt
3536 894 3815 966 suffragia
3927 907 3942 912 '

2178 987 2538 1066 meritorum,
2575 990 2687 1044 tua:
2715 988 2878 1043 nobis
2907 987 3287 1060 indulgentia
3314 1005 3578 1043 succurre
3613 989 3814 1062 pressi-

2180 1081 2321 1148 diis;
2353 1084 2410 1136 et
2435 1098 2637 1136 eorum
2659 1081 2897 1137 nomina
2930 1081 3026 1154 qui
3059 1098 3165 1137 nos
3184 1085 3606 1153 prmeesserunt
3623 1094 3648 1124 ο
3681 1099 3816 1138 cum

2179 1175 2344 1246 signo
2388 1174 2543 1243 ﬁdei,
2589 1179 2648 1230 et
2693 1175 2987 1230 dormiunt
3033 1175 3092 1230 in
3139 1192 3346 1232 somno
3383 1175 3559 1247 pacis,
3591 1175 3729 1247 ipsis
3756 1179 3817 1230 et

2180 1268 2446 1324 omnibus
2475 1268 2534 1323 in
2559 1268 2782 1324 Christo
2819 1269 3245 1340 quiescentibus
3282 1270 3473 1324 locum
3503 1267 3812 1340 refrigerii,

2179 1361 2320 1417 lucis
2346 1365 2405 1417 et
2428 1361 2604 1434 pacis,
2634 1364 2698 1416 ut
2724 1362 3026 1434 indulgeas
3056 1362 3457 1433 deprecamur.
3483 1365 3610 1418 Per.

2697 1454 2948 1504 Collectio
2981 1454 3047 1505 ad
3081 1467 3287 1519 pacem.

2251 1537 2423 1591 Grata
2453 1535 2557 1590 tibi
2576 1535 2709 1602 sint,
2739 1534 2998 1602 Domine,
3021 1551 3285 1603 munera,
3310 1534 3517 1606 quibus
3535 1535 3817 1606 mysteria

2179 1629 2543 1684 celebrantur
2567 1632 2777 1684 nostra:
2805 1629 3085 1684 libertatis
3111 1632 3169 1684 et
3187 1628 3347 1698 vitae;
3377 1631 3436 1683 et
3460 1629 3558 1700 qui
3587 1628 3816 1684 unitate

2100 1727 2157 1801 B
2180 1722 2410 1791 laetaris,
2439 1722 2626 1777 tribue
2649 1722 2814 1778 nobis
2843 1722 3018 1777 fidem
3044 1721 3355 1795 integram,
3373 1738 3576 1794 pacem
3600 1738 3816 1794 perpe-

2178 1825 2361 1890 tuam,
2389 1821 2687 1879 caritatem
2715 1837 2942 1893 puram.
2977 1822 3104 1876 Per.

2824 1913 3162 1964 Contestalio.

2249 1998 2392 2051 Vere
2421 1993 2662 2066 dignum
2688 1999 2747 2049 et
2767 1995 2988 2066 justum
3016 1997 3168 2050 est...
3195 1996 3362 2062 Deus,
3390 1995 3481 2050 cui
3509 1995 3817 2068 proprium

2181 2091 2268 2145 est
2297 2105 2362 2144 ac
2388 2089 2699 2160 singulare,
2729 2088 2885 2160 quod
2911 2088 3098 2142 bonus
3145 2104 3226 2156 es,
3257 2091 3316 2142 et
3345 2089 3502 2143 nulla
3531 2104 3818 2160 umquam

2181 2186 2289 2238 ate
2317 2199 2378 2237 es
2399 2181 2856 2237 commutatione
2875 2181 3147 2236 diversus.
3173 2181 3490 2254 Propitiare
3524 2181 3816 2254 supplica-

2181 2275 2431 2332 tionibus
2444 2274 2672 2342 nostris;
2686 2278 2745 2329 et
2755 2273 3016 2330 Ecclesiae
3028 2277 3141 2330 tuae
3159 2274 3614 2331 misericordiam
3626 2279 3816 2342 tuam,

2181 2385 2358 2441 quam
2386 2368 2752 2434 conﬁtentur,
2799 2367 3059 2434 ostende,
3097 2368 3478 2422 manifestans
3512 2367 3668 2440 plebi
3699 2371 3817 2422 tum

2181 2461 2470 2534 Unigeniti
2485 2461 2567 2516 tui
2585 2460 2850 2516 mirabile
2872 2460 3340 2529 Sacramentum;
3361 2465 3424 2516 ut
3441 2461 3814 2516 universitate

2183 2555 2480 2610 nationum
2501 2554 2848 2626 perficiatur,
2868 2554 3024 2626 quod
3039 2571 3144 2626 per
3160 2555 3316 2610 verbi
3333 2554 3415 2609 tui
3437 2554 3817 2626 Evangelium

2183 2647 2526 2721 promisisti;
2565 2650 2622 2701 et
2658 2647 2873 2702 habeat
2925 2647 3222 2719 plenitudo
3269 2646 3614 2720 adoptionis,
3655 2647 3818 2720 quod

2183 2740 2435 2814 praetulit
2463 2739 2785 2796 testiﬁcatio
2823 2741 3095 2795 veritatis.
3123 2742 3250 2797 Per.

2255 2837 2380 2892 Post
2402 2836 2529 2898 haec,
2547 2835 2703 2889 Hanc
2723 2833 2900 2905 igitur
2923 2834 3038 2890 obl.

2733 2926 3034 2977 Benedictio
3057 2925 3256 2992 papuli.

2254 3005 2352 3072 Da,
2385 3019 2728 3074 quaesumus,
2753 3003 3120 3075 omnipotens
3139 3003 3309 3070 Deus,
3337 3005 3556 3058 cunctae
3575 3003 3819 3060 familia

442 3099 780 3155 instantiam
825 3113 1056 3170 semper
1099 3096 1373 3168 agitantis
1418 3095 1654 3151 insidias
1705 3096 2074 3166 indeﬂexam,
2097 3095 2152 3170 ρ
2178 3100 2289 3152 tua:
2313 3098 2463 3151 hanc
2491 3097 2847 3151 voluntatem
2873 3096 2931 3150 in
2973 3096 3197 3152 Christo
3229 3096 3368 3152 Filio
3407 3099 3528 3164 tuo,
3564 3098 3817 3154 Domino

441 3191 1067 3264 inexpugnabilemque
1099 3189 1482 3246 constantiam
1511 3206 1524 3256 ;
1561 3192 1623 3244 ut
1649 3189 1750 3244 tibi
1774 3189 1984 3244 debeat
2001 3191 2080 3245 fe—

440 3287 608 3342 licem
634 3284 1228 3351 consummationem,
1262 3299 1389 3355 qua:
1408 3282 1534 3354 jam
1568 3286 1702 3338 ante
1734 3282 1935 3338 habuit
1971 3283 2075 3339 bo-

442 3397 578 3439 nam
604 3381 986 3438 voluntatem.
1013 3379 1122 3434 Per
1151 3376 1480 3434 Dominum.

883 3497 970 3551 III.
1029 3497 1315 3552 Puerum
1373 3509 1644 3550 VIDUALIS.

509 3608 660 3662 Deus
675 3619 872 3658 rerum
889 3603 1170 3670 omnium,
1185 3605 1333 3658 Deus
1349 3603 1566 3668 noster,
1587 3599 1683 3672 qui
1701 3599 1854 3654 inter
1881 3603 2076 3656 cetera

440 3699 788 3756 documenta
814 3695 1092 3750 virtutum
1123 3696 1370 3750 salutem
1397 3696 1658 3749 nostram
1686 3692 1962 3748 castitatis
1992 3693 2072 3748 vi-

441 3808 580 3864 gore
610 3787 910 3860 reparasti,
946 3791 1009 3841 ut
1044 3787 1225 3842 sancti
1255 3786 1500 3860 Spiritus
1527 3785 1885 3841 domicilium
1909 3786 2076 3842 ﬁeret

439 3900 545 3957 pro
575 3881 866 3937 viduitatis
895 3880 1351 3948 conservatione,
1375 3883 1549 3950 atque
1575 3882 1638 3934 ut
1663 3879 1772 3934 isto
1793 3880 2076 3951 figuretur

440 3973 1058 4048 exemplo,majestatis
1069 3973 1315 4028 Verbum
1329 3972 1648 4044 parituram
1660 3972 2070 4041 foscundatam,

437 4071 648 4143 priesta
673 4071 735 4122 ut
758 4067 881 4122 haec
914 4066 1134 4121 famula
1169 4069 1290 4134 tua,
1328 4081 1457 4138 qua:
1498 4065 1914 4120 conscientiam
1958 4083 2074 4122 suae

437 4161 702 4237 puritatis
727 4159 994 4232 spondet,
1011 4161 1068 4214 te
1087 4159 1322 4214 custode
1344 4158 1535 4230 adque
1562 4162 1808 4226 rectore,
1837 4174 2068 4214 conser-

435 4260 567 4312 vata
597 4258 655 4310 et
701 4253 974 4309 inviolata
1003 4254 1378 4324 permaneat;
1403 4251 1540 4323 quia
1567 4254 1898 4307 nostrorum
1929 4251 2071 4308 nihil

436 4365 715 4422 magnum
737 4350 824 4404 est
841 4346 1105 4415 voluisse,
1130 4346 1287 4418 quod
1308 4349 1364 4402 te
1384 4362 1502 4402 non
1521 4345 1693 4401 fuerit
1713 4345 2070 4402 custodiente

435 4445 782 4515 perfectum.
815 4443 924 4498 Per
947 4440 1280 4497 Dominum.

952 4537 1252 4589 Benedictio
1309 4535 1545 4588 vidualis.

505 4625 672 4692 Deus,
701 4623 798 4696 qui
840 4625 1066 4678 Annam
1107 4623 1288 4678 ﬁliam
1319 4621 1584 4678 Fanuelis
1609 4621 1678 4676 δ.
1725 4663 1736 4676 .
1783 4663 1795 4676 .
1842 4663 1854 4676 .
1901 4663 1912 4676 .
1959 4663 1972 4676 .

991 4724 1193 4777 Desunt
1211 4722 1298 4776 hic
1322 4721 1482 4788 folia.

436 4833 449 4850 θ
495 4835 508 4848 Ι
553 4835 566 4848 0
612 4835 625 4848 0
671 4835 684 4847 0
729 4833 742 4846 Ι
788 4833 801 4846 ο
847 4833 859 4846 ο
905 4833 918 4846 0
963 4832 976 4846 0
1029 4832 1042 4845 ο
1086 4832 1099 4845 ο
1157 4831 1170 4844 0
1216 4831 1228 4844 α
1289 4832 1302 4845 ο
1347 4831 1360 4846 ο
1406 4832 1420 4845 ο
1468 4831 1481 4844 ο
1527 4831 1539 4844 ο
1587 4831 1600 4845 0
1644 4832 1656 4846 ο
1704 4832 1717 4845 0
1763 4831 1776 4844 0
1820 4832 1832 4845 ο
1879 4831 1892 4844 0
1939 4831 1952 4844 ο
1997 4831 2009 4844 0
2056 4830 2069 4844 0

502 4885 696 4961 333
713 4887 880 4952 Deus,
910 4884 1005 4956 qui
1025 4886 1304 4939 creaturae
1324 4886 1436 4939 tuae
1458 4882 1721 4938 misereri
1747 4883 1936 4956 potius
1968 4883 2068 4939 eli-

430 4983 516 5054 gis
547 4997 722 5053 quam
748 4979 938 5047 irasci,
971 4977 1159 5033 cordis
1185 4977 1366 5033 nostri
1390 4977 1624 5033 infirma
1655 4977 1978 5047 considera,
2012 4981 2072 5033 et

427 5078 542 5129 tute
572 5091 676 5129 nos
703 5073 888 5145 gratia
909 5070 1138 5144 pietatis
1167 5070 1426 5127 inlustra.
1453 5073 1564 5127 Per
1594 5071 1922 5128 Dominum.

427 5192 514 5245 IV.
568 5207 772 5247 INCIPIT
827 5206 985 5247 IIISSA
1036 5206 1104 5244 DE
1155 5205 1403 5244 ADVENTU
1453 5206 1644 5246 DOIINI
1698 5205 1887 5246 NOSTRI
1939 5205 2066 5247 δεδι]

1158 5275 1390 5317 CHRISTI.
1949 5276 1955 5282 ’

495 5357 687 5413 Excita
713 5357 1032 5430 potentiam
1062 5360 1244 5425 tuam,
1273 5357 1536 5424 Domine,
1561 5361 1620 5412 et
1643 5356 1802 5424 veni;
1828 5361 1885 5412 et
1909 5358 2064 5429 quod

418 5451 686 5517 Ecclesiae
717 5455 828 5507 tua:
856 5468 1037 5524 usque
1064 5451 1123 5506 in
1150 5451 1328 5508 finem
1359 5451 1552 5508 saeculi
1579 5450 1915 5525 promisisti,
1948 5451 2060 5507 cle-

423 5549 653 5603 menter
681 5561 944 5618 operare.
982 5547 1108 5602 Per.

545 5691 878 5763 hegendum
903 5690 1151 5763 videtur,
1175 5701 1367 5763 sponsg
1404 5689 1700 5755 virginum.

495 5761 522 5800 ι)
547 5755 778 5832 Integra
808 5776 980 5832 supra
1000 5758 1061 5813 in
1085 5755 1290 5812 Missali
1322 5757 1670 5813 Francorum
1699 5775 1858 5814 num.
1901 5764 1982 5815 Η.

2180 3193 2376 3246 nostro
2406 3189 2660 3244 venienti
2688 3189 2747 3244 in
2781 3189 3052 3261 operibus
3074 3189 3244 3261 justis
3288 3194 3452 3262 aptos
3485 3207 3814 3260 occurrere,

2179 3287 2242 3338 ut
2270 3283 2393 3355 ejus
2423 3283 2676 3338 dexterae
2711 3283 2930 3351 sociati,
2967 3300 3217 3355 regnum
3251 3289 3586 3340 mereantur
3627 3285 3814 3357 possi-

2179 3377 2315 3432 dere
2346 3378 2590 3433 caeleste.
2620 3377 2787 3442 Quod
2813 3377 2933 3449 ipse
2960 3381 3154 3448 priest.

2547 3469 2798 3520 Collectio
2833 3472 2953 3534 post
2989 3469 3432 3520 communionem.

2245 3549 2470 3604 Animae
2497 3553 2726 3618 nostrae,
2757 3567 3087 3622 quaesumus
3115 3550 3483 3622 omnipotens
3509 3551 3677 3617 Deus,
3700 3552 3818 3608 hoc

2175 3643 2472 3715 potiantur
2487 3643 2792 3711 desiderio,
2828 3647 2889 3698 ut
2918 3661 2952 3699 a
2979 3647 3077 3698 tuo
3105 3642 3322 3714 Spiritu
3341 3642 3812 3711 inﬂammentur;

2176 3739 2239 3790 ut
2261 3736 2404 3791 sicut
2423 3737 2723 3808 lampades
2753 3735 2946 3810 334
2969 3736 3164 3792 divino
3182 3753 3420 3791 munere
3438 3737 3650 3804 satiati,
3673 3743 3815 3793 ante

2175 3833 2545 3902 conspectum
2569 3829 2848 3885 venientis
2877 3829 3083 3886 Christi
3103 3829 3224 3886 Filii
3257 3830 3341 3885 tui
3363 3831 3517 3886 velut
3545 3831 3702 3886 clara
3733 3832 3818 3888 lu-

2174 3923 2335 3978 mina
2363 3924 2710 3994 fulgeamus.
2739 3925 2867 3980 Per.

2728 4016 2980 4068 Collectio
3005 4017 3255 4082 sequitur.

2244 4091 2466 4162 Repleti
2497 4090 2624 4146 cibo
2663 4089 2932 4162 spiritalis
2961 4092 3274 4161 alimoniae,
3305 4092 3588 4165 supplices
3617 4096 3673 4147 te
3705 4093 3816 4148 de-

2171 4199 2493 4256 precamur,
2517 4183 2886 4256 omnipotens
2903 4185 3072 4253 Deus,
3096 4190 3160 4240 ut
3178 4185 3348 4258 hujus
3365 4185 3816 4258 participatione

2171 4276 2428 4349 mysterii
2474 4276 2682 4333 doceas
2730 4295 2836 4333 nos
2873 4281 3106 4334 terrena
3147 4279 3460 4351 despicere,
3507 4283 3566 4334 et
3607 4296 3815 4336 amare

2171 4370 2444 4438 caelestia;
2490 4374 2664 4443 atque
2706 4371 2869 4426 omni
2920 4389 3068 4427 nexu
3109 4372 3425 4451 mortiferae.
3476 4373 3814 4445 cupiditatis

2091 4463 2151 4536 D
2173 4468 2392 4533 exutos,
2420 4481 2603 4536 regno
2631 4467 2925 4538 perpetua:
2946 4465 3227 4521 libertatis
3246 4469 3543 4523 consortes
3563 4467 3808 4523 efﬁcias.

2173 4560 2281 4614 Per
2303 4557 2616 4614 Dominum
2641 4563 2925 4615 nostrum.

2171 4662 2234 4715 V.
2313 4677 2438 4717 ιτειι
2495 4677 2652 4720 mssa
2715 4677 2782 4716 ne
2847 4679 3093 4719 snveuru
3154 4680 3348 4722 nonin

2878 4749 3110 4790 CHRISTI.

2245 4825 2457 4894 Excita,
2492 4841 2838 4898 quaesumus,
2871 4827 3114 4883 Domine
3141 4829 3316 4885 corda
3347 4833 3544 4884 nostra
3564 4829 3640 4884 ad
3656 4846 3809 4900 prte-

2171 4918 2459 4992 parandas
2488 4919 2780 4990 Unigeniti
2817 4919 2900 4976 tui
2938 4920 3078 4989 vias,
3110 4926 3171 4977 ut
3206 4939 3312 4994 per
3339 4922 3462 4994 ejus
3486 4921 3814 4980 adventum

2168 5011 2482 5086 puriﬁcatis
2503 5012 2610 5068 tibi
2631 5013 2843 5069 servire
2875 5015 3170 5072 mentibus
3196 5032 3544 5072 mereamur.

2854 5108 3128 5160 Collectio.

2238 5187 2630 5243 Conscientias
2642 5191 2887 5257 nostras,
2908 5205 3258 5261 quaesumus,
3273 5191 3640 5263 omnipotens
3650 5192 3815 5248 Deus

2167 5280 2374 5336 cotidie
2400 5280 2684 5336 visitando
2711 5281 2968 5354 puriﬁca,
3001 5285 3063 5337 ut
3087 5281 3350 5338 veniente
3377 5284 3624 5342 Domino
3661 5285 3812 5344 Filio

2165 5376 2284 5443 tuo,
2307 5377 2571 5447 paratam
2599 5373 2705 5430 sibi
2724 5373 2783 5429 in
2807 5374 2972 5431 nobis
2989 5373 3244 5430 inveniat
3261 5377 3644 5434 mansionem.
3671 5381 3806 5436 Per.

2647 5466 2896 5518 Collectio
2930 5470 3050 5532 post
3080 5467 3312 5520 nomina.
3555 5481 3569 5489 ”

2235 5549 2343 5604 Fac
2373 5565 2498 5617 nos,
2531 5565 2882 5622 quaesumus,
2914 5549 3158 5606 Domine
3189 5550 3338 5606 Deus
3367 5555 3584 5620 noster,
3612 5555 3807 5626 pervi-

3423 4679 3616 4721 NOSTIII
3675 4680 3812 4721 JBSU

2164 5775 2203 5832 8
2231 5701 2256 5730 ο
2275 5691 2420 5771 llaec
2441 5691 2616 5748 verba
2647 5690 2706 5748 in
2734 5693 2968 5752 Canone
2998 5693 3228 5754 Ordinis
3252 5697 3496 5756 Romani
3523 5715 3630 5755 seu
3658 5699 3804 5758 Gre-

2204 5776 2408 5816 oriam.
3194 5799 3216 5810 μ

2204 5776 2408 5816 ortam.
3194 5799 3216 5810 ρ
