4032 6180
211 281 298 338 345

1245 278 1332 334 DE
1369 277 1682 335 LITURGIA
1715 273 2090 330 GALLICANA
2128 275 2327 332 LIBER
2363 275 2454 332 Ill.

3411 271 3514 330 346

169 453 178 458 ,
204 388 322 462 giles
345 387 519 459 adque
558 385 828 444 sollicitos
871 387 1202 453 adventum,
1230 389 1532 459 expectare
1575 382 1784 442 Christi
1803 391 1864 468 Α
1885 384 1949 438 ut
1977 383 2318 453 orationem,
2351 399 2528 458 quam
2550 381 2891 456 pracepisti,
2921 380 3114 440 dicere
3153 379 3512 451 audeamus;
3589 463 3593 468 1

203 486 303 544 Filii
339 484 413 540 tui
440 480 661 540 Domini
700 480 882 538 nostri
923 498 936 537 :
979 484 1046 537 ut
1085 481 1226 537 dum
1255 479 1480 537 venerit
1527 480 1780 551 pulsans,

201 597 294 638 non
316 576 650 635 dormientes
689 575 962 648 peccatis,
991 575 1093 630 sed
1131 574 1454 648 vigilantes,
1485 577 1544 628 et
1574 573 1632 628 in
1669 572 1784 629 suis

199 671 412 732 inveniat
432 670 688 727 laudibus
719 670 1040 726 exultantes
1060 687 1074 737 ;
1097 667 1359 742 carisque
1389 667 1616 736 nostris,
1647 684 1785 740 quo-

199 785 302 824 rum
329 763 556 822 nomina
593 764 834 822 recitata
865 766 1018 833 sunt,
1058 762 1269 836 placita
1298 761 1546 836 requies,
1584 777 1783 819 secura

199 859 492 934 expectatio,
523 857 858 915 resurrectio
886 857 1213 914 desiderata
1247 857 1566 930 contingat.

810 955 888 1008 Ad
911 969 1118 1021 pacem.

250 1041 571 1100 Sacriﬁcium
613 1042 737 1111 tibi,
766 1031 1029 1109 Domine,
1061 1041 1477 1098 celebrandum
1525 1041 1784 1113 placatus

195 1125 390 1193 intende
433 1153 445 1192 :
483 1136 636 1208 quod
683 1139 742 1192 et
780 1153 886 1192 nos
921 1154 956 1192 a
994 1135 1145 1191 vitiis
1178 1138 1391 1192 nostra
1434 1134 1782 1191 conditionis

195 1229 448 1298 emundet,
469 1233 527 1285 et
545 1233 643 1287 tuo
671 1229 896 1286 nomini
921 1229 1128 1286 reddat
1147 1232 1432 1302 acceptos,
1450 1232 1509 1284 et
1528 1245 1783 1284 commu-

195 1323 365 1379 nicatio
389 1323 682 1395 prasentis
702 1323 879 1380 osculi
909 1327 1205 1396 perpetua
1241 1322 1504 1396 proﬁciat
1535 1321 1778 1379 caritati.

192 1419 275 1472 Per
299 1417 616 1473 Dominum.

721 1486 1014 1537 Immolatio
1043 1499 1202 1537 nunc.

245 1573 365 1626 Vere
390 1571 630 1643 dignum
659 1574 717 1626 et
733 1571 955 1642 justum
987 1575 1072 1626 est
1094 1589 1198 1628 nos
1217 1571 1319 1628 tibi
1350 1570 1442 1627 hic
1467 1575 1525 1626 et
1571 1569 1782 1642 ubique

193 1681 379 1737 semper
396 1665 609 1736 gratias
634 1681 829 1736 agere,
860 1665 1102 1721 Domine
1135 1669 1350 1733 sancte,
1389 1667 1561 1720 Pater
1591 1665 1779 1720 omni-

1884 477 1986 533 sed
2005 478 2142 551 quia
2160 477 2465 550 permittis,
2498 480 2557 533 et
2587 477 2828 533 dicimus
2860 494 2874 533 :
2906 479 3078 533 Pater
3117 478 3334 533 noster.

2157 576 2410 628 Collectio
2440 579 2560 641 post
2588 575 2878 627 orationem
2901 573 3246 626 Dominicam.

1954 660 2194 716 Libera'
2230 678 2337 717 nos
2371 661 2444 718 ab
2494 659 2654 718 omni
2688 661 2842 716 malo
2887 659 3258 733 omnipotens
3298 662 3514 716 aterne

1883 755 2032 811 Deus
2055 772 2068 823 ;
2091 758 2148 810 et
2173 755 2308 828 quia
2330 755 2431 811 tibi
2458 755 2562 810 soli
2583 758 2670 810 est
2693 754 3004 828 prastandi
3023 757 3297 826 potestas,
3326 754 3518 810 tribue

1885 853 1947 904 ut
1969 849 2078 905 hoc
2103 849 2361 906 solemne
2379 847 2722 904 sacrificium
2749 848 3066 904 sanctiﬁcet
3090 847 3266 902 corda
3296 849 3512 915 nostra,

1885 942 2022 998 dum
2067 941 2346 1011 creditur;
2381 942 2573 998 deleat
2610 944 2864 1014 peccata,
2907 941 3048 996 dum
3091 939 3358 996 sumitur.
3406 941 3516 996 Per

1883 1038 2048 1096 Dom.
2252 1106 2503 1158 Collectio
2538 1109 2655 1172 post
2697 1104 3138 1156 communionem.

1954 1187 2148 1244 Gratia
2176 1190 2294 1255 tua,
2325 1188 2586 1256 Domine,
2615 1204 2964 1260 quasumus,
2992 1186 3268 1258 populum
3299 1183 3515 1256 suppli-

1883 1298 2009 1337 cem
2033 1281 2320 1354 benignus
2345 1281 2622 1348 inlustra;
2657 1283 2715 1336 et
2742 1281 3028 1336 donorum
3057 1282 3290 1335 tuorum
3348 1278 3518 1349 largi-

1882 1377 2000 1430 tate
2029 1392 2400 1446 prosequere,
2434 1379 2545 1431 uta
2565 1375 2732 1430 malis
2761 1374 3046 1442 omnibus,
3076 1377 3132 1429 te
3149 1374 3512 1445 protegente,

1884 1468 2172 1536 defensos,
2207 1468 2280 1524 ad
2304 1467 2596 1524 ineffabile
2635 1467 2977 1541 mysterium
3003 1465 3334 1539 spiritaliter
3363 1464 3514 1519 cele-

1882 1561 2171 1618 brandum
2197 1565 2256 1618 et
2283 1566 2480 1618 mente
2512 1566 2871 1635 praparetur
2896 1564 2955 1617 et
2983 1575 3248 1633 corpore.
3280 1561 3406 1614 Per.

2564 1665 2834 1717 Collectio.

192 1759 372 1825 potens,
399 1755 614 1809 aterne
637 1755 790 1808 Deus
813 1770 825 1808 :
850 1753 1258 1826 cuiproprium
1285 1757 1372 1809 est
1390 1753 1622 1810 veniam
1646 1753 1782 1809 deli-
1801 1766 1860 1842 B
1955 1750 2208 1822 Sumptis
2233 1751 2591 1818 muneribus,
2623 1750 2888 1818 Domine,
2931 1765 3258 1821 quasumus
3289 1749 3351 1802 ut
3385 1761 3517 1801 cum

194 1848 269 1902 etis
293 1847 637 1919 impendere,
665 1864 842 1918 quam
877 1847 1182 1919 poenaliter
1219 1847 1513 1904 inminire.
1547 1848 1654 1912 Qui
1694 1849 1781 1902 fa-

193 1942 365 1998 bricam
394 1941 472 1996 tui
504 1941 697 2014 operis
729 1958 834 2014 per
863 1941 1138 2022 eumdem
1169 1958 1366 1997 rursus
1401 1941 1677 2013 Lapidem
1721 1958 1782 1997 es

194 2034 412 2106 dignatus
439 2035 697 2107 erigere;
731 2051 804 2090 ne
833 2033 1052 2106 imago,
1081 2052 1209 2106 qua
1239 2035 1312 2091 ad
1342 2034 1782 2091 similitudinem

194 2128 251 2182 lui
267 2129 395 2184 facta
405 2129 596 2184 fuerat
613 2127 828 2199 vivens,
843 2126 1134 2183 dissimilis
1152 2128 1466 2184 haberetur
1485 2145 1553 2184 ex
1572 2132 1779 2197 morte,

193 2237 358 2276 munus
399 2221 638 2278 venialis
682 2221 1060 2293 indulgentia
1104 2220 1457 2294 prastitisti,
1508 2225 1571 2276 ut
1626 2222 1781 2278 unde

193 2319 390 2370 mortem
418 2319 658 2388 peccato
690 2317 1074 2382 contraxerat,
1107 2313 1244 2370 inde
1269 2315 1448 2370 vitam
1472 2314 1659 2387 pietas
1694 2332 1781 2370 re-

194 2412 374 2477 pararet
392 2409 700 2464 immensa.
725 2409 853 2463 Hac
867 2410 1178 2479 postquam
1204 2407 1542 2480 prophetica
1575 2408 1804 2480 sapius.

191 2515 268 2555 vox
283 2502 539 2573 praedixit,
568 2505 632 2556 et
649 2500 920 2557 Gabrihel
934 2502 1176 2573 angelus
1191 2501 1379 2556 Maria
1386 2501 1513 2573 jam
1535 2518 1782 2574 prasen-

195 2592 250 2648 lia
270 2595 561 2651 nunciavit:
583 2611 721 2650 mox
743 2594 952 2648 Puella
979 2593 1269 2649 credentis
1296 2594 1357 2649 in
1379 2597 1566 2663 utero,
1593 2595 1780 2650 ﬁdelis

192 2685 318 2742 Verbi
341 2688 541 2744 mansit
573 2687 830 2759 aspirata
859 2687 1187 2758 conceptio;
1227 2690 1286 2741 et
1311 2687 1410 2742 illa
1425 2689 1617 2759 proles
1647 2705 1778 2744 nas-

193 2779 318 2834 cendi
335 2781 426 2836 sub
450 2783 580 2853 lege
611 2780 797 2848 latuit,
813 2796 940 2852 qua
955 2782 1160 2835 cuncta
1179 2797 1282 2836 suo
1297 2780 1454 2836 nasci
1484 2784 1627 2837 nutu
1649 2799 1780 2837 con-

193 2869 333 2924 cessit.
344 2867 951 2940 TumebaturVirginis
966 2867 1142 2937 sinus,
1166 2871 1226 2923 et
1247 2869 1619 2925 facunditate
1653 2886 1778 2924 suo-

193 2978 290 3017 rum
320 2963 590 3019 viscerum
630 2960 822 3037 335
865 2977 1072 3033 corpus
1116 2961 1437 3016 mirabatur
1473 2961 1774 3018 intactum.

192 3053 368 3112 Grande
380 3056 602 3112 mundo
617 3054 1010 3128 spondebatur
1022 3054 1315 3123 auxilium,
1334 3054 1567 3110 femina
1579 3059 1778 3128 partus

192 3147 284 3202 sine
303 3149 404 3205 viro
424 3148 792 3223 mysterium,
810 3147 1044 3220 quando
1072 3148 1282 3203 nullius
1304 3149 1544 3204 macula
1566 3149 1777 3206 nebula
1797 3134 1853 3210 C

192 3239 363 3297 fuscata
380 3247 534 3300 tenso
552 3241 856 3298 nutriebat
872 3245 1070 3296 ventre
1084 3241 1422 3313 praecordia,
1438 3258 1572 3299 mox
1592 3243 1784 3299 futura

192 3334 254 3387 sui
279 3335 496 3406 genitrix
524 3335 839 3392 Genitoris.
870 3336 980 3390 Per
1007 3351 1182 3406 quem
1209 3351 1416 3390 omnes
1443 3335 1656 3408 angeli.

625 3431 878 3483 Collectio
903 3435 1023 3496 post
1047 3432 1286 3484 Sanctus.

242 3518 357 3573 Vere
395 3522 647 3587 sanctus,
671 3534 804 3573 vere
833 3517 1192 3585 benedictus,
1221 3517 1469 3574 Domine
1500 3519 1651 3574 Deus
1674 3520 1779 3574 Pa-

193 3612 257 3662 ter
282 3612 651 3685 omnipotens,
687 3611 839 3666 salus
862 3610 1242 3679 credentium,
1289 3615 1347 3667 et
1383 3612 1650 3666 omnium
1678 3612 1783 3666 Re-

192 3703 410 3777 demptor
447 3707 507 3762 in
553 3705 808 3763 Christo.
851 3705 960 3760 Per
992 3721 1167 3776 quem
1203 3708 1261 3760 te
1306 3705 1691 3777 deprecamur
1724 3709 1782 3761 et

192 3811 482 3868 quaesumus,
507 3802 572 3854 ut
616 3799 766 3853 hanc
811 3797 1166 3853 oblationem
1204 3801 1434 3870 gratam
1467 3798 1656 3870 adque
1685 3816 1777 3857 ac-

189 3897 477 3966 ceptabilem
501 3896 818 3968 suscipere,
846 3895 1192 3950 benedicere
1219 3912 1284 3951 ac
1317 3897 1675 3953 sanctiﬁcare
1701 3897 1779 3952 di-

191 3989 372 4057 gneris:
398 4009 571 4064 quam
601 3989 704 4045 tibi
738 3987 1033 4044 offerimus
1059 4006 1163 4061 pro
1189 4007 1329 4062 pace
1355 3990 1621 4046 Ecclesia
1641 3993 1776 4060 tua,

189 4091 266 4146 pro
300 4081 654 4137 sacerdotum
703 4081 936 4134 tuorum
973 4080 1030 4132 et
1073 4077 1472 4134 ministrorum
1513 4079 1777 4135 omnium

191 4171 406 4241 puritate,
427 4191 530 4246 pro
564 4175 722 4229 statu
757 4171 866 4227 loci
895 4170 1066 4242 hujus
1097 4170 1286 4242 adque
1319 4173 1582 4228 omnium
1619 4173 1780 4229 habi-

189 4265 388 4322 tantium
430 4268 488 4322 in
536 4285 630 4334 eo,
690 4281 794 4338 pro
829 4264 974 4320 votis
1016 4264 1390 4334 adstantium,
1433 4270 1492 4321 et
1515 4267 1775 4321 omnium

189 4361 697 4417 commemoratione
725 4360 1076 4426 sanctorum,
1107 4374 1172 4413 ac
1197 4374 1302 4430 pro
1329 4359 1528 4431 requie
1569 4359 1774 4414 defun-

188 4453 389 4521 ctorum,
419 4471 522 4527 per
559 4454 752 4526 ipsum
791 4449 1104 4507 Dominum
1131 4455 1411 4508 nostrum.
1445 4451 1553 4517 Qui
1587 4452 1774 4524 pridie

185 4558 322 4612 quam
347 4564 443 4618 pro
470 4551 673 4604 nostra
693 4549 752 4601 et
777 4545 1037 4600 omnium
1061 4546 1244 4600 salute
1266 4545 1385 4617 pati
1413 4545 1770 4618 dignaretur.

637 4638 889 4692 Collectio
912 4642 1033 4704 post
1056 4643 1276 4690 secreta.

237 4724 546 4796 Descendat,
599 4741 926 4800 precamur,
975 4725 1344 4797 omnipotens
1385 4727 1554 4795 Deus,
1605 4743 1778 4800 super

185 4815 292 4887 hac,
321 4838 436 4893 qua
458 4820 582 4894 ;tibi
630 4819 945 4886 offerimus,
976 4818 1225 4874 Verbum
1266 4823 1431 4875 tuum
1471 4824 1773 4890 sanctum;

185 4907 450 4970 descendat
487 4911 908 4972 inastimabilis
952 4912 1151 4984 gloria
1176 4917 1292 4968 tua
1327 4913 1603 4984 Spiritus;
1646 4915 1775 4970 des-

181 5006 350 5062 cendat
393 5010 647 5082 antiqua
687 5005 1064 5078 indulgentia
1116 5010 1227 5062 tua
1273 5007 1514 5075 donum,
1560 5012 1624 5064 ut
1675 5010 1778 5065 ﬁat

182 5096 355 5156 oblatio
396 5103 516 5158 hac
551 5103 750 5159 Hostia
791 5103 1061 5174 spiritalis
1098 5103 1158 5156 in
1199 5101 1440 5156 odorem
1483 5103 1776 5158 suavitatis

182 5196 614 5266 accepta;etiam
661 5212 768 5252 nos
808 5197 1060 5252 famulos
1102 5198 1232 5250 tuos
1277 5211 1383 5265 per
1429 5195 1774 5267 sanguinem

183 5282 348 5344 Christi
377 5293 474 5346 tua
502 5306 714 5346 manus
738 5289 948 5346 invicta
969 5287 1270 5345 custodiat.
1303 5289 1412 5343 Per
1439 5288 1770 5345 Dominum.

404 5397 660 5449 Collectio
687 5399 807 5448 ante
835 5395 1124 5448 orationem
1143 5393 1492 5445 Dominicam.

231 5477 700 5538 Conscientiarum
749 5486 1077 5539 nostrarum
1129 5497 1324 5536 errore
1364 5478 1631 5552 suspecti,
1687 5481 1774 5534 vel

181 5577 502 5637 peccatorum
529 5577 933 5632 recordatione
954 5573 1195 5641 confusi,
1215 5573 1771 5646 omnipotensDeus,

181 5659 404 5738 indignos
419 5687 526 5726 nos
539 5669 616 5726 ad
627 5669 1050 5726 invocationem
1069 5667 1149 5724 tui
1166 5666 1771 5740 nominisjudicamus,

1793 4500 1852 4574 D

235 5824 254 5851 ³
274 5827 478 5888 Eadem
508 5831 693 5889 oratio
719 5831 778 5889 in
804 5831 978 5889 missa
1004 5834 1072 5888 75
1102 5827 1337 5888 Missalis
1361 5827 1605 5900 Gothici,
1645 5843 1836 5900 supra.

1883 1849 2349 1921 frequentatione
2377 1849 2635 1921 mysterii
2667 1851 2885 1904 crescat
2911 1849 3121 1903 nostra
3157 1845 3354 1902 salutis
3384 1843 3517 1900 affe-

1884 1947 2026 1998 ctus.
2060 1944 2186 1999 Per.

2429 2012 2733 2064 Benedictio
2765 2011 2964 2077 populi.

1953 2099 2198 2170 Gregem
2223 2101 2410 2166 tuum,
2439 2100 2640 2155 Pastor
2666 2099 2839 2166 bone,
2873 2098 3130 2170 placatus
3173 2093 3431 2161 intende,
3460 2094 3519 2146 et

1882 2209 2034 2260 oves,
2067 2209 2210 2264 quas
2238 2191 2430 2267 336
2452 2193 2706 2264 pretioso
2733 2191 3016 2264 sanguine
3064 2188 3189 2246 Filii
3223 2187 3309 2242 tui
3347 2185 3514 2242 rede-

1881 2285 2056 2354 misti,
2085 2285 2370 2342 diabolica
2403 2303 2521 2342 non
2549 2285 2703 2341 sinas
2741 2285 3071 2341 incursione
3097 2281 3360 2339 lacerari.
3388 2281 3512 2336 Per.

2469 2385 2597 2434 Item
2609 2381 2927 2434 benedictio.

1951 2471 2151 2524 Preces
2177 2469 2372 2542 populi
2417 2469 2522 2538 tui,
2551 2486 2878 2542 quasumus
2907 2465 3169 2534 Domine,
3202 2464 3520 2519 clementer

1881 2561 2116 2630 exaudi;
2147 2565 2208 2616 ut
2237 2562 2336 2633 qui
2368 2562 2440 2617 de
2473 2562 2730 2617 adventu
2770 2559 3064 2632 Unigeniti
3090 2559 3171 2614 tui
3203 2556 3520 2612 secundum

1879 2672 2114 2710 carnem
2144 2656 2432 2722 latantur,
2461 2655 2518 2709 in
2547 2656 2821 2724 secundo,
2847 2671 2983 2710 cum
3004 2653 3228 2710 venerit
3254 2651 3314 2706 in
3343 2649 3521 2721 maje-

1879 2751 2025 2802 state
2055 2765 2175 2814 sua,
2205 2748 2512 2820 pramium
2559 2751 2793 2802 aterna
2821 2747 2952 2802 vita
2977 2745 3318 2819 percipiant.
3351 2739 3517 2808 Quod

1877 2840 1998 2914 ipse
2025 2844 2300 2914 prastare
2333 2840 2623 2912 dignetur,
2657 2840 2755 2914 qui
2782 2840 2856 2894 vi.

2019 2955 2106 3008 VI.
2153 2969 2420 3008 PREFATIO
2458 2969 2527 3008 AD
2565 2969 2840 3009 VESPERUI
2881 2965 3103 3007 NATALIS
3142 2965 3352 3004 DOMINI.

1947 3059 2113 3126 Deus,
2137 3057 2236 3129 qui
2257 3057 2521 3114 omnium
2543 3057 2899 3112 mirabilinm
2927 3058 2984 3111 et
3007 3055 3283 3110 virtutum
3305 3049 3432 3124 pius
3458 3066 3522 3105 es

1878 3150 2116 3206 effector
2141 3167 2154 3216 ;
2181 3150 2280 3223 qui
2307 3150 2507 3206 omnia
2529 3150 2740 3206 auxilia
2760 3152 2962 3207 contra
2981 3147 3282 3204 audaciam
3302 3143 3519 3200 inimici

1884 3243 2005 3316 ipse
2026 3243 2393 3300 credentibus
2417 3247 2683 3317 prastas;
2717 3245 2814 3316 qui
2847 3244 3083 3300 Sarram
3106 3241 3382 3308 stelirem,
3409 3240 3520 3292 An-

1885 3354 2022 3392 nam
2040 3337 2112 3394 de
2129 3338 2489 3394 successione
2507 3338 2856 3404 tristantem,
2880 3337 3070 3407 adque
3087 3333 3415 3390 Helisabeth
3435 3347 3518 3386 se-

1883 3434 2111 3486 nectute
2129 3434 2460 3503 provectam
2480 3434 2812 3486 sanctorum
2831 3429 3154 3485 hereditate
3167 3423 3395 3491 dedisti,
3408 3423 3519 3478 sin-

1883 3524 2030 3596 gulis
2059 3523 2368 3596 pramium
2398 3527 2598 3596 partus
2625 3524 2686 3578 in
2715 3521 3072 3578 successione
3099 3518 3422 3585 restituens,
3454 3520 3520 3572 ut

1882 3620 2040 3672 lsaac
2061 3617 2474 3673 admoveretur
2498 3614 2918 3684 holocaustum,
2940 3613 3214 3671 Samuhel
3243 3613 3519 3668 clamare-

1880 3713 1975 3764 tur
1999 3709 2060 3764 in
2089 3710 2329 3782 templo,
2360 3709 2656 3766 Johannes
2681 3709 3002 3781 profetaret
3030 3724 3096 3762 ex
3126 3709 3312 3761 utero.
3347 3707 3515 3772 Deus,
3567 3743 3576 3750 .

1881 3803 1979 3875 qui
2005 3803 2382 3858 excellentem
2411 3801 2661 3874 gloriam
2701 3801 2967 3858 novitatis
2993 3799 3323 3868 ostendens,
3346 3813 3520 3869 supra

1879 3897 2029 3954 hanc
2044 3895 2510 3968 magnitudinem
2533 3913 2709 3968 quam
2721 3895 2950 3952 donasti
2971 3893 3238 3950 omnibus
3249 3891 3516 3959 terrenis,

1879 3992 1938 4044 et
1967 3989 2123 4061 quod
2154 3991 2279 4044 erat
2302 3988 2607 4062 pretiosius
2641 3988 2945 4061 prastasti,
2989 3990 3053 4042 ut
3095 4002 3200 4058 per
3239 3983 3517 4058 Spiritum

1878 4085 2141 4138 sanctum
2165 4081 2312 4138 servi
2336 4099 2546 4154 sponsa
2569 4082 2916 4154 conciperet,
2950 4084 3008 4135 et
3030 4079 3286 4152 paritura
3321 4077 3516 4135 Domi-

1879 4193 2018 4230 num
2043 4193 2210 4232 suum
2231 4176 2392 4248 virgo
2417 4176 2595 4232 Maria
2619 4178 2913 4248 portaret;
2947 4177 3006 4228 et
3019 4189 3125 4244 per
3144 4189 3275 4227 eam
3295 4173 3516 4226 Lumen

1877 4271 2067 4326 saculi
2092 4273 2314 4338 natum,
2347 4270 2556 4342 angelo
2587 4269 2899 4324 nunciante
2939 4265 3285 4338 pastoribus,
3309 4263 3512 4319 sollici-

1876 4365 2014 4420 tudo
2035 4363 2348 4436 cognoscit;
2372 4361 2736 4418 offerendum
2754 4377 2889 4416 eum
2907 4359 2965 4414 in
2985 4359 3305 4415 Jerusalem
3327 4360 3518 4412 mater

1877 4456 2110 4513 adducit
2131 4473 2144 4524 ;
2163 4459 2414 4528 Symeon
2439 4471 2673 4528 quoque
2699 4454 2759 4509 in
2791 4470 2969 4508 manu
2991 4469 3095 4507 sua
3115 4468 3249 4507 eum
3271 4450 3518 4522 suscepit

1876 4551 2064 4622 adque
2091 4549 2386 4605 benedixit
2408 4566 2421 4617 ;
2451 4552 2511 4603 et
2529 4549 2756 4620 prolata
2772 4547 2831 4601 in
2846 4545 3084 4618 jejuniis
3101 4547 3270 4600 Anna
3289 4546 3518 4600 conlau-

1876 4640 2003 4707 dat;
2035 4655 2142 4712 per
2169 4637 2410 4694 calestis
2443 4637 2725 4692 exercitus
2749 4635 3108 4708 praconium
3135 4633 3404 4690 clamoris
3429 4650 3520 4689 ex-

1875 4733 2042 4801 tollit,
2073 4731 2306 4787 dicens:
2335 4730 2525 4786 Gloria
2552 4729 2613 4784 in
2643 4729 2882 4785 excelsis
2909 4730 3025 4785 Deo
3053 4731 3113 4784 et
3139 4727 3199 4783 in
3224 4730 3382 4783 terra
3404 4743 3517 4798 pax

1874 4825 2208 4882 hominibus
2232 4825 2402 4880 bona
2427 4823 2753 4880 voluntatis.
2777 4824 2848 4878 Et
2862 4821 3048 4894 magis
3075 4823 3242 4877 stella
3259 4821 3392 4876 novi
3412 4821 3519 4875 ful-

1876 4920 2031 4992 goris
2050 4917 2302 4974 innotuit
2331 4917 2544 4973 mirum
2561 4917 2622 4972 in
2645 4915 2944 4972 nativitate
2971 4915 3330 4988 mysterium,
3362 4929 3518 4969 crea-

1875 5017 2018 5068 tura
2041 5013 2319 5070 Dominus
2339 5011 2615 5067 adoratur
2639 5027 2652 5078 ;
2674 5010 2731 5065 in
2751 5027 2996 5066 munere
3019 5024 3226 5064 aurum
3255 5006 3514 5075 offertur;

1874 5123 1990 5163 uno
2017 5107 2269 5179 denique
2314 5107 2616 5162 momento
2644 5119 2914 5176 regnum,
2944 5101 3308 5171 sacrificium,
3336 5102 3522 5173 sepul-

1875 5203 2024 5268 tura,
2055 5201 2244 5273 adque
2267 5199 2467 5256 omnia
2483 5202 2746 5270 tempore
2766 5213 2868 5252 suo
2886 5195 3113 5252 ratione
3131 5195 3518 5267 complentur;

1875 5289 2098 5345 diverso
2131 5289 2292 5362 apice
2313 5289 2638 5344 litterarum
2657 5286 2716 5341 in
2739 5286 2970 5341 titulum
2986 5285 3285 5358 dignitatis
3304 5285 3520 5340 Pilatus

1875 5383 2244 5456 obsequitur:
2294 5385 2352 5436 et
2391 5381 2513 5454 ipse
2554 5396 2659 5452 pro
2698 5379 2863 5436 nobis
2901 5379 3098 5435 Hostia
3151 5379 3302 5447 viva,
3327 5381 3392 5434 ut
3414 5395 3519 5434 nos

1875 5479 2120 5533 salvaret
2159 5475 2426 5542 offertur;
2459 5491 2565 5546 per
2591 5473 2807 5546 Ioseph
2837 5474 3134 5546 sepultura
3173 5472 3354 5528 sancti
3389 5487 3513 5526 cor-

1874 5571 2029 5643 poris
2055 5570 2419 5641 impetratur.
2452 5568 2769 5639 lmplentur
2790 5583 2930 5640 ergo
2956 5566 3196 5633 'omnia;
3225 5581 3289 5619 ac
3317 5579 3421 5618 nos
3443 5561 3516 5616 de

1873 5662 2234 5736 plenitudine
2249 5661 2372 5734 ejus
2393 5660 2615 5734 impleti
2635 5678 2851 5731 sumus,
2867 5664 2926 5719 et
2943 5660 3251 5734 accipimus
3263 5655 3510 5729 gratiam
