4054 6188
401 303 499 364 347

1175 305 1508 362 ᾹΡΡΕΝΒΙΧ
1544 305 1632 359 AD
1671 303 1892 360 OPEBA
1931 303 2164 361 SANCTI
2199 303 2500 361 GERMANI
2539 303 2966 362 PARISIENSIS.

3661 305 3768 364 348

397 431 502 489 pro
530 413 733 488 gratia.
767 415 1083 490 Implentur
1111 431 1250 487 ergo
1283 414 1482 470 omnia
1505 413 1792 480 laudibus,
1823 413 2028 469 caelum
2049 426 2108 500 Α
2161 416 2295 471 VIII.
2335 431 2460 472 ITEM
2499 430 2697 472 omne
2737 431 2792 472 IN
2831 431 2992 472 unum
3037 427 3213 472 socru
3251 429 3473 472 mnus
3513 429 3730 474 neum.

398 513 454 566 et
481 513 634 566 terra
648 511 824 584 signis
846 515 902 566 et
927 510 1230 582 prodigiis;
1258 512 1316 564 et
1339 509 1460 582 ipse
1481 508 1692 564 inferni
1714 508 2028 564 terroribus

397 587 712 666 descendit.
735 612 844 665 Per
867 611 1052 681 ipsum
1074 607 1342 662 inimicus
1368 607 1664 674 occiditur,
1689 605 2028 662 resurrectio

397 705 454 758 in
488 723 656 760 carne
705 707 1076 770 monstratur,
1125 701 1270 756 liber
1299 701 1426 756 vita:
1451 699 1724 773 perennis
1751 699 2024 772 aperitur.

393 800 704 854 Veniamus
733 814 870 868 ergo
915 797 988 850 ad
1018 813 1152 851 eum
1178 813 1401 863 omnes,
1433 795 1530 866 qui
1566 794 1788 850 onerati
1831 811 2028 848 sumus

395 892 661 965 peccatis,
708 891 842 962 quia
869 889 1078 961 jugum
1125 891 1248 961 ejus
1287 891 1571 956 sanctum,
1615 905 1804 955 suave,
1839 887 2027 958 adque

397 1003 540 1040 onus
556 985 678 1056 ejus
701 985 823 1040 leve
853 987 957 1039 est.
999 986 1178 1038 Nemo
1211 981 1485 1038 formidet
1517 983 1604 1036 vel
1633 981 1873 1036 dubitet.
1902 982 2027 1035 Non

397 1083 694 1138 taurorum
713 1081 812 1132 aut
827 1077 1118 1132 hircorum
1135 1075 1369 1147 sanguis
1385 1075 1687 1147 expetitur,
1703 1075 1804 1129 scd
1817 1075 1874 1128 in
1897 1073 2028 1128 sim-

395 1173 645 1244 plicitate
667 1171 858 1246 337
891 1171 1078 1226 cordis
1103 1169 1444 1224 sacriﬁcium
1475 1167 1659 1224 laudis
1685 1169 2024 1240 postulatur.

397 1267 524 1322 Haec
558 1283 696 1338 ergo
723 1267 872 1320 Deus
903 1265 962 1318 in
991 1264 1175 1332 nobis,
1209 1263 1284 1318 ad
1311 1263 1576 1318 nationes
1601 1261 1906 1316 nationum
1933 1278 2023 1315 ce-

396 1360 840 1416 lebratissimam
885 1361 1139 1425 noctem,
1175 1357 1234 1412 id
1264 1361 1350 1412 est
1375 1356 1740 1412 Nativitatem
1769 1355 1893 1410 Filii
1919 1355 2024 1422 sui,

395 1455 738 1526 propitiatus
769 1453 934 1509 nobis
963 1453 1263 1525 indulgeat
1287 1471 1300 1520 ;
1331 1452 1648 1507 sanctiﬁcat
1674 1450 1982 1505 Ecclesiam
2010 1467 2024 1518 ;

398 1549 642 1604 aediﬁcet
668 1549 995 1604 sacerdotes
1012 1550 1038 1578 ⁸
1063 1565 1077 1614 ;
1107 1548 1317 1604 exaltet
1337 1547 1632 1614 seniores;
1653 1545 1918 1599 inlustret
1943 1544 2025 1598 le-
2073 1559 2090 1574 κ

395 1643 565 1710 vitas;
599 1643 905 1698 benedicat
947 1643 1224 1714 populum
1273 1657 1469 1707 suum;
1499 1639 1796 1710 extinguat
1829 1636 2028 1692 omnia

397 1740 632 1808 peccata
656 1739 852 1792 nostra
876 1753 889 1802 ;
919 1735 1096 1790 vitam
1128 1737 1405 1790 {eternam
1427 1749 1869 1804 consequamur.
1897 1733 2022 1786 Per.

865 1829 1114 1878 Collectio
1157 1842 1298 1877 nunc
1331 1827 1564 1890 sequitur

466 1901 786 1957 Sublimem
808 1900 1112 1955 ineﬁ'abilis
1140 1899 1464 1954 clementiae
1491 1899 1796 1952 Rectorem
1821 1895 2027 1950 annuis

396 1995 902 2067 supplicationibus
927 1995 986 2048 in
1021 1995 1128 2049 hac
1153 1993 1478 2064 vespertina
1499 2009 1688 2064 prece,
1715 1992 1920 2044 fratres
1947 1989 2026 2044 di-

393 2089 704 2156 lectissimi,
731 2088 904 2142 unitis
927 2087 1137 2142 animis
1159 2087 1558 2158 deprecemur,
1583 2089 1642 2140 ut
1659 2085 1826 2140 nobis
1847 2087 2030 2138 trans-

397 2184 510 2238 acti
565 2182 845 2254 temporis
893 2183 1171 2236 hactenus
1213 2181 1406 2235 debita
1469 2181 1674 2248 donet,
1717 2195 2024 2250 superven-

351 2335 354 2338 _
393 2280 538 2332 turae
573 2277 756 2331 noctis
790 2275 1240 2332 sollemnitatem
1269 2275 1482 2330 Natalis
1513 2273 1634 2328 Filii
1670 2273 1758 2326 sui
1799 2288 2032 2343 prospe-

398 2387 524 2424 ram
551 2373 804 2440 praastet,
830 2370 1118 2424 assiduam
1149 2369 1320 2423 futuri
1350 2368 1486 2424 anni
1505 2368 1534 2408 δ
1563 2366 1882 2422 custodiam
1905 2365 2031 2419 red-

398 2463 516 2530 dat,
549 2463 624 2517 ad
653 2467 886 2517 aeterna:
911 2463 1038 2516 vitae
1059 2463 1270 2534 gaudia
1292 2461 1532 2533 spiritali
1565 2459 1903 2516 defensione
1925 2475 2030 2513 nos

395 2556 676 2628 perducat
701 2559 954 2612 orantes.
989 2559 1098 2610 Per
1125 2555 1462 2610 Dominum.

956 2648 1206 2700 Collectio
1221 2648 1468 2712 sequitur.

471 2723 624 2794 Rege
658 2738 782 2790 nos,
812 2721 1074 2788 Domine,
1109 2721 1342 2775 brachio
1393 2723 1491 2774 tuo
1522 2719 1762 2784 excelso,
1793 2721 1850 2770 et
1893 2733 2028 2771 con-

395 2832 556 2870 serva
587 2831 692 2868 nos
717 2831 819 2886 per
843 2815 1094 2869 alternas
1123 2813 1346 2868 dierum
1376 2817 1434 2866 et
1457 2815 1790 2882 temporum
1817 2825 2034 2863 succes-

395 2909 619 2974 siones;
667 2911 728 2962 ut
776 2907 957 2978 adjuti
1017 2911 1348 2961 sanctorum
1397 2905 1680 2976 precibus,
1733 2901 1830 2973 qui
1875 2902 2032 2956 diem

396 3001 548 3054 hunc
581 3017 684 3071 per
727 3017 936 3054 munus
973 2999 1383 3054 misericordias
1421 3001 1536 3052 tua:
1575 2995 1860 3062 duximus,
1895 3011 2032 3050 noc-

397 3097 518 3146 tem
551 3109 781 3163 quoque
813 3092 983 3146 istam
1025 3093 1296 3163 placitam
1323 3091 1428 3144 tibi
1459 3089 1788 3144 animarum
1817 3091 1874 3142 et
1908 3105 2032 3142 cor-

399 3203 605 3257 porum
633 3186 882 3257 puritate
905 3186 1198 3240 ducamus.
1229 3187 1338 3240 Per
1361 3182 1690 3238 Dominum.

399 3291 507 3344 VII.
555 3305 822 3346 INCIPIUNT
859 3305 1157 3343 ORATIONES
1207 3305 1274 3343 AD
1325 3303 1530 3342 mmuu
1579 3301 1763 3342 NOCTIS
1813 3301 2033 3341 manus

799 3377 1009 3415 DOMINI.
1045 3377 1160 3414 ISTA
1199 3376 1268 3414 AD
1309 3373 1641 3412 DUODECIMA.

469 3455 570 3510 Dei
599 3453 782 3509 Patris
825 3454 1243 3525 omnipotentis
1273 3452 1464 3507 vivum
1507 3451 1756 3506 Verbum
1807 3453 1881 3518 te,
1931 3451 2036 3504 Do-

397 3547 554 3604 mine
573 3551 702 3604 Jesu
722 3547 964 3614 Christe,
989 3548 1374 3618 deprecamur
1395 3549 1700 3612 aeternum,
1729 3544 1808 3597 uti
1839 3559 1944 3597 nos
1975 3544 2033 3596 in

397 3643 508 3696 fide
539 3642 620 3696 tui
640 3641 892 3696 nominis
913 3641 1150 3696 robores
1175 3657 1280 3712 per
1303 3639 1422 3710 spei
1440 3635 1948 3710 perseverantiam,
1977 3639 2036 3690 et

397 3734 650 3788 caritatis
689 3734 1119 3796 excellentiam;
1163 3749 1448 3788 renovans
1491 3735 1690 3786 nostra
1725 3731 1784 3784 in
1827 3729 2034 3784 melius

398 3825 702 3893 desideria,
737 3829 798 3880 ut
827 3841 1059 3897 semper
1085 3825 1142 3880 in
1169 3827 1322 3880 bono
1365 3825 1819 3896 perseverantes,
1852 3827 1907 3876 te
1939 3821 2032 3892 pio

399 3935 566 3972 sensu
589 3918 935 3989 intelligere,
969 3923 1026 3973 et
1051 3919 1268 3972 mundo
1298 3919 1472 3972 corde
1497 3917 1690 3970 videre
1731 3916 2030 3986 possimus:

395 4011 496 4080 qui
524 4027 590 4064 ex
617 4013 780 4065 utero
811 4014 944 4066 ante
971 4011 1272 4066 luciferum
1307 4015 1546 4082 paterno
1577 4013 1743 4062 natus
1773 4009 2032 4062 ineffabi-

397 4103 545 4170 liter,
585 4105 734 4158 Deus
773 4103 842 4158 de
870 4106 1004 4170 Deo,
1041 4121 1186 4158 unus
1203 4103 1272 4158 de
1307 4119 1440 4170 uno,
1479 4104 1676 4156 lumen
1717 4102 1786 4155 de
1817 4101 2036 4156 lumine

397 4197 467 4252 de
487 4199 841 4270 sempiterno
859 4199 1026 4252 Patre
1045 4201 1291 4252 coaetern
1301 4213 1362 4250 us
1383 4195 1574 4250 Filius.
1590 4199 1732 4252 Cum
1755 4211 1867 4266 quo
1890 4211 2036 4250 sem-

397 4307 500 4362 per
519 4296 576 4346 et
595 4292 810 4364 Spiritu
837 4295 1034 4346 sancto
1057 4291 1114 4346 in
1137 4289 1540 4362 splendorihus
1561 4293 1890 4344 sanctorum
1913 4287 2034 4343 sine

395 4385 678 4458 principio
705 4389 764 4440 et
785 4386 909 4440 sine
935 4387 1050 4440 ﬁne
1069 4401 1280 4456 regnas
1302 4388 1360 4438 et
1384 4399 1694 4456 permanes
1715 4383 1774 4437 in
1808 4383 2031 4436 saecula.

957 4477 1207 4528 Collectio
1222 4477 1473 4542 sequitur.

463 4551 702 4605 Mirabili
757 4551 965 4606 iterum
1019 4555 1384 4608 sacramento
1427 4549 1728 4606 nobiscum
1775 4549 1922 4602 Deus
1955 4547 2106 4622 abD

397 4643 618 4712 angelis
647 4645 990 4698 Emmanuel
1019 4645 1368 4712 nominatus,
1403 4643 1574 4698 Filius
1615 4641 1886 4708 hominis,
1919 4642 2028 4696 hoc

397 4737 482 4788 est
509 4735 696 4790 Maria:
717 4735 972 4806 virginis,
999 4739 1160 4792 Jesus
1187 4739 1439 4793 nasceris
1465 4737 1523 4792 in
1547 4739 1788 4792 salutem
1833 4735 2030 4807 populi

397 4827 498 4894 tui;
521 4828 578 4882 in
610 4829 770 4900 cujus
797 4846 1042 4884 numero
1075 4847 1178 4884 nos
1208 4847 1330 4884 esse
1363 4831 1452 4900 pic
1477 4831 1718 4885 Domine
1745 4829 2030 4886 concedas

395 4922 638 4990 Christe,
668 4922 830 4994 cujus
859 4921 1072 4977 Natalis
1098 4923 1344 4976 salutare
1369 4923 1708 4994 mysterium
1739 4923 2031 4978 celebran-

395 5019 499 5082 tes,
533 5017 591 5072 in
619 5017 802 5072 noctis
831 5015 999 5088 hujus
1029 5032 1260 5087 magna:
1285 5015 1449 5071 initio
1471 5016 1754 5087 primitias
1797 5033 2030 5088 precum

397 5109 510 5161 acsi
541 5111 867 5178 offerentes,
893 5127 1168 5182 rogamus
1195 5110 1278 5164 tui
1305 5108 1557 5164 nominis
1585 5109 1702 5162 vim
1739 5110 2028 5186 nascendo

399 5200 562 5256 nobis
595 5219 822 5274 quoque
859 5221 892 5258 a
933 5201 1127 5277 338
1169 5207 1222 5258 te
1261 5201 1482 5268 donari,
1519 5201 1779 5257 Salvator
1805 5201 2026 5256 mundi.

400 5297 507 5361 Qui
538 5298 690 5352 vivis.

463 5429 488 5458 ⁸
529 5423 871 5500 Sacerdotes,
921 5425 978 5479 id
1019 5429 1104 5500 est
1140 5427 1474 5500 episcopos;
1519 5427 1774 5490 seniores,
1829 5421 1888 5478 id
1948 5427 2033 5500 est

397 5494 780 5575 presbyteros:
805 5495 1007 5575 supra,
1047 5497 1108 5550 in
1137 5494 1364 5575 Missali'_
1384 5494 1755 5575 Francorum,
1785 5511 1942 5550 num.
1961 5497 2030 5575 .8,

397 5566 492 5620 ubi
533 5566 604 5620 de
650 5565 1016 5620 ordinatione
1051 5569 1389 5640 presbyteri,
1415 5572 1604 5641 probet
1629 5586 1684 5626 se
1711 5583 1820 5626 esse
1855 5567 2030 5623 senio-

398 5653 508 5692 rem
517 5679 528 5691 .

467 5709 495 5749 δ
518 5707 805 5784 Nimirum
830 5707 1172 5784 quianovus
1200 5727 1386 5784 annus
1417 5727 1452 5784 a
1480 5712 1570 5784 die
1600 5713 1902 5784 sequente,
1933 5709 2034 5763 sci-

399 5779 590 5852 licetia
613 5781 800 5834 Natali
829 5780 1074 5849 Domini,
1105 5785 1240 5836 tunc
1273 5781 1600 5852 incipiebat.

468 5863 488 5889 ε
527 5851 794 5908 Scrutmii
819 5852 974 5910 tertii
999 5869 1130 5926 pars
1152 5855 1256 5924 est,
1287 5852 1442 5926 quod
1469 5851 1640 5908 ﬁebat
1667 5853 1806 5908 olim
1831 5853 2035 5924 quarta.

2197 521 2271 574 Te
2326 535 2578 586 oramus,
2637 518 2876 574 Domine
2921 521 3115 573 sancte
3161 519 3330 574 Pater
3375 518 3769 590 omnipotens,

2129 621 2340 672 mterne
2371 619 2540 686 Deus,
2569 617 2628 672 in
2654 618 2761 672 hac
2807 619 2974 672 nocte
3020 615 3239 672 Natalis
3261 615 3382 672 Filii
3407 615 3520 684 tui;
3555 617 3770 672 noctis-

2129 728 2242 782 que
2270 711 2478 766 mediee
2499 714 2760 784 tempore
2803 711 2904 766 tibi
2927 711 3290 780 adsistentes,
3323 727 3672 783 quaesumus,
3707 715 3774 768 ut

2127 805 2273 860 sicut
2301 805 2579 878 separasti
2605 807 2792 862 lucem
2835 823 2870 860 a
2913 805 3186 862 tenebris.
3231 847 3244 860 .
3282 847 3295 860 .
3341 847 3352 859 .
3400 846 3412 858 .
3458 847 3470 858 .
3517 848 3529 860 .
3575 847 3588 859 .
3635 847 3648 860 .
3693 848 3707 860 .
3755 847 3768 862 .

2131 940 2144 954 .
2190 941 2202 953 .
2248 941 2260 953 .
2305 941 2319 954 .
2365 941 2378 954 .
2419 903 2488 955 Et
2512 901 2596 954 hic
2621 901 2814 955 desunt
2836 900 3000 966 folia.

2454 1003 2536 1056 IX.
2567 1019 2637 1058 an
2677 1019 2982 1058 FACIENDUM
3012 1015 3034 1043 ε
3068 1017 3413 1060 SCRUTINIUM.

2129 1175 2202 1230 da
2229 1173 2308 1229 illi
2337 1174 2794 1230 misericordiam
2823 1178 2984 1230 tuam
3011 1179 3068 1229 et
3096 1176 3394 1247 pietatem,
3424 1192 3530 1248 per
3559 1177 3772 1230 lavacri

2127 1269 2654 1339 regenerationem,
2691 1269 2906 1340 perduc
2942 1285 3076 1323 eum
3124 1269 3200 1323 ad
3242 1269 3490 1340 gratiam
3539 1269 3772 1340 spirita-

2127 1363 2264 1430 lem,
2315 1365 2380 1416 ut
2423 1361 2720 1424 nobiscum
2773 1361 2988 1434 pariter
3033 1362 3133 1417 tibi
3169 1363 3414 1418 Domino
3451 1366 3567 1418 Deo
3613 1361 3770 1418 Patri

2129 1455 2516 1526 omnipotenti
2559 1456 2759 1510 laudes
2807 1459 2866 1510 et
2896 1455 3111 1526 gratias
3141 1457 3392 1511 referat:
3427 1457 3604 1512 induc
3634 1473 3774 1510 eum

2128 1551 2186 1605 in
2217 1549 2308 1604 via
2341 1549 2616 1618 veritatis,
2657 1549 2798 1604 doce
2838 1566 2972 1604 eum
3016 1549 3459 1620 justiﬁcationes
3485 1553 3632 1605 tuas.
3661 1551 3772 1606 Per

2127 1643 2462 1700 Dominum.

2614 1715 2672 1770 X.
2705 1730 2904 1770 INCIPIT
2941 1729 3300 1771 EXORCISMUS.

2050 1803 2107 1874 B
2199 1807 2566 1878 Adgrediord
2596 1811 2673 1876 te,
2707 1808 3170 1863 immundissime
3200 1808 3474 1864 damnate
3511 1808 3772 1880 spiritus,

2129 1901 2226 1972 qui
2277 1919 2337 1956 es
2384 1901 2736 1956 inveterator
2783 1901 3042 1970 malitim,
3097 1901 3370 1957 materies
3435 1903 3772 1969 criminum,

2129 1994 2292 2066 origo
2336 1995 2574 2066 peccati,
2626 1995 2722 2066 qui
2771 1995 3090 2064 fraudibus,
3143 1995 3476 2067 sacrilegiis,
3533 1995 3776 2068 stupris,

2129 2087 2379 2142 caedibus
2429 2087 2664 2158 gaudes.
2708 2090 2804 2156 Te,
2855 2089 3119 2144 invocato
3151 2089 3384 2144 Domini
3419 2089 3602 2145 nostri
3638 2091 3774 2144 Jesu

2129 2181 2336 2236 Christi
2365 2181 2625 2250 nomine,
2651 2181 2708 2236 in
2737 2199 2882 2238 o.....
2911 2199 3040 2236 mus
3067 2185 3125 2238 et
3149 2183 3481 2255 adjuramus
3505 2201 3611 2256 per
3627 2183 3776 2254 ejus-

2131 2276 2262 2330 dem
2291 2275 2656 2346 majestatem
2689 2275 2879 2348 adque
2907 2277 3200 2346 virtutem,
3223 2277 3552 2350 passionem
3581 2294 3648 2331 ac
3676 2294 3772 2331 re-

2131 2368 2560 2436 surrectionem,
2614 2369 2926 2424 adventum
2981 2371 3172 2442 adque
3218 2371 3530 2442 judicium;
3591 2375 3654 2424 ut
3711 2371 3774 2424 in

2131 2479 2494 2533 quacumque
2539 2465 2702 2533 parte
2747 2463 3146 2518 membrorum
3180 2464 3390 2532 latitas,
3431 2464 3664 2536 propria
3713 2467 3772 2517 te

2131 2555 2491 2610 confessione
2529 2555 2866 2612 manifestes
2901 2574 2914 2612 :
2945 2557 3379 2630 exagitatusque
3421 2557 3776 2630 spiritalibus

2131 2649 2325 2720 ﬂagris
2355 2648 2844 2722 invisibilibusque
2893 2651 3216 2718 tormentis,
3251 2669 3349 2706 vas
3396 2652 3550 2724 quod
3601 2669 3774 2720 occu-

2131 2760 2296 2814 passe
2324 2741 2593 2810 aestimas,
2621 2743 2828 2815 fugias,
2864 2745 3270 2816 cxpiatumque
3297 2748 3429 2816 post
3457 2745 3772 2799 habitatio-

2135 2852 2267 2891 nem
2297 2839 2458 2890 tuam
2487 2836 2730 2891 Domino
2753 2837 3140 2908 derelinquas.
3167 2837 3426 2893 Sufﬁciat
3446 2837 3602 2909 quod
3622 2838 3776 2909 prio-

2129 2929 2288 2983 ribus
2322 2929 2540 2984 smculis
2571 2946 2675 3002 per
2707 2931 3008 2986 hominum
3042 2931 3218 2986 corda
3269 2948 3433 3003 paene
3483 2935 3604 2986 toto
3633 2931 3776 2986 orbe

2135 3022 2463 3078 dominatus
2518 3041 2596 3078 es.
2642 3026 2769 3080 Jam
2823 3024 2882 3078 in
2941 3023 3062 3079 dies
3133 3025 3390 3096 singulos
3459 3025 3777 3080 destruitur

2137 3120 2300 3172 tuum
2333 3134 2601 3192 regnum,
2635 3121 2849 3189 tuaque
2883 3117 3092 3173 cotidie
3125 3135 3305 3190 usque
3337 3119 3394 3174 in
3431 3119 3610 3174 ﬁnem
3657 3121 3776 3174 tela

2136 3209 2422 3265 deﬁciant.
2470 3213 2594 3266 Jam
2640 3211 2866 3282 pridem
2907 3212 3276 3282 praeﬁgurata
3309 3215 3442 3266 sunt
3485 3211 3594 3266 ista
3643 3229 3778 3283 quae

2133 3303 2366 3376 pateris.
2399 3305 2524 3358 Jam
2551 3307 2612 3357 tu
2641 3307 2894 3358 vastatus
2933 3305 3330 3376 Egyptiorum
3373 3305 3576 3376 plagis,
3607 3309 3668 3358 tu
3715 3305 3776 3359 in

2133 3397 2434 3450 Pharaone
2463 3396 2778 3464 demersus,
2813 3397 2872 3451 in
2909 3397 3134 3453 Hierico
3178 3398 3518 3466 destructus,
3553 3398 3612 3452 in
3641 3415 3776 3469 sep-

2133 3494 2252 3544 tem
2283 3489 2621 3544 Chananaais
2661 3490 2929 3562 gentibus
2960 3494 3189 3559 stratus,
3223 3508 3327 3562 per
3361 3492 3682 3546 Sansonem
3713 3493 3774 3546 in

2133 3582 2448 3654 Allophylis
2471 3583 2594 3654 subj
2605 3587 2826 3654 ugatus,
2857 3587 3152 3638 truncatus
3171 3584 3232 3638 in
3255 3585 3416 3639 Golia
3441 3601 3546 3656 per
3569 3585 3772 3652 David,

2133 3697 2237 3752 per
2259 3681 2622 3736 Mardoceum
2651 3681 2708 3734 in
2737 3683 2928 3736 Aman
2956 3699 3284 3752 suspensus,
3307 3699 3411 3754 per
3439 3682 3680 3736 Danihel
3715 3682 3776 3735 in

2135 3773 2304 3828 Belde
2315 3774 2520 3844 jectus,
2545 3774 2603 3829 in
2627 3775 2882 3830 Dracone
2909 3775 3158 3846 punitus,
3183 3793 3286 3848 per
3306 3775 3504 3832 Iudith
3523 3775 3584 3830 in
3609 3777 3776 3831 Holo-

2133 3869 2354 3938 pherne
2397 3869 2762 3936 transfossus,
2797 3885 2902 3939 per
2943 3869 3252 3924 Dominum
3285 3869 3556 3924 humanis
3585 3869 3771 3941 impe-

2135 3961 2234 4016 riis
2257 3961 2613 4032 subjugatus,
2643 3979 2747 4033 per
2765 3963 3006 4017 Paulum
3041 3966 3284 4018 cascatus
3315 3963 3374 4018 in
3403 3964 3589 4034 Mago,
3615 3967 3776 4017 ustus

2135 4056 2192 4110 in
2213 4054 2425 4126 vipera,
2451 4071 2554 4125 per
2573 4057 2806 4110 Petrum
2829 4054 2888 4110 in
2913 4056 3150 4111 Simone
3177 4056 3492 4128 disruptus,
3515 4073 3623 4128 per
3649 4073 3780 4111 om-

2137 4166 2238 4204 nes
2286 4150 2514 4202 sanctos
2561 4149 2800 4219 fugaris,
2864 4149 3172 4220 torqueris,
3231 4149 3480 4212 elideris,
3537 4151 3778 4204 aeternis

2135 4241 2365 4313 ignibus
2389 4245 2447 4295 et
2465 4241 2708 4296 infernis
2739 4243 2990 4298 tenebris
3034 4243 3360 4314 deputatus.
3389 4242 3550 4298 Unde
3577 4243 3775 4298 homi-

2137 4353 2270 4390 nem
2298 4335 2572 4392 Dominus
2599 4334 2794 4408 339
2827 4339 3024 4392 noster
3041 4339 3200 4392 .lesus
3227 4337 3481 4392 Christus
3501 4337 3560 4390 in
3581 4337 3776 4392 Adam

2136 4431 2386 4486 secundo
2410 4430 2546 4484 dum
2572 4429 2642 4484 de
2661 4433 2715 4484 te
2729 4430 3066 4501 triumphat,
3093 4430 3306 4484 eximit.
3329 4430 3610 4498 Abscede,
3639 4431 3774 4485 abs-

2129 4524 2268 4579 cede
2282 4540 2647 4596 quocumque
2662 4539 2741 4591 es,
2761 4527 2818 4578 et
2829 4541 3076 4595 corpora
3085 4525 3200 4578 Deo
3217 4523 3405 4578 dicata
3421 4541 3493 4578 ne
3514 4527 3769 4594 repetas.

2129 4617 2436 4673 Interdicta
2463 4617 2577 4670 sint
2607 4617 2710 4670 tibi
2749 4617 2858 4672 ista
2885 4617 2942 4671 in
2973 4621 3272 4688 perpetuo.
3307 4619 3369 4670 ln
3405 4617 3642 4672 nomine
3671 4619 3774 4672 Pa-

2129 4712 2231 4766 tris
2257 4713 2316 4766 et
2345 4711 2468 4766 Filii
2492 4713 2550 4764 et
2580 4709 2824 4782 Spiritus
2845 4710 3048 4776 sancti,
3084 4714 3144 4764 et
3167 4711 3226 4764 in
3249 4710 3436 4781 gloria
3463 4711 3775 4766 dominica:

2129 4803 2428 4877 passionis,
2469 4805 2629 4874 cujus
2665 4821 2868 4860 cruore
2907 4806 3218 4872 salvantur,
3256 4805 3416 4875 cujus
3451 4804 3776 4861 adventum

2131 4897 2453 4966 expectant,
2481 4893 2764 4964 judicium
2795 4893 3160 4948 conﬁtentur.
3189 4895 3304 4958 Per,
3329 4894 3658 4950 Dominum.

2235 5005 2318 5058 XI.
2363 5011 2606 5058 INCIPIT°
2649 5017 2932 5058 sxrosmo
2973 5017 3074 5058 νει.
3109 5017 3360 5058 mxumo
3401 5017 3656 5058 svunou.

2201 5112 2403 5166 Sermo
2449 5114 2508 5164 et
2545 5111 2974 5164 sacramentum
3017 5109 3192 5164 totius
3229 5107 3510 5180 Symboli,
3561 5109 3782 5162 fratres

2132 5203 2504 5270 dilectissimi,
2541 5203 2682 5258 ﬁdes
2735 5205 2822 5256 est
2863 5201 3172 5258 Christiani
3215 5202 3468 5258 hominis
3515 5205 3576 5256 et
3613 5201 3775 5256 vita:

2131 5299 2274 5354 ﬁdes
2295 5299 2354 5352 in
2377 5297 2667 5370 praesenti,
2697 5295 2811 5350 vita
2839 5295 2898 5350 in
2921 5297 3146 5364 futuro;
3175 5295 3318 5351 ﬁdes
3339 5296 3400 5351 in
3431 5296 3540 5364 via,
3571 5295 3690 5350 vita
3713 5296 3778 5350 in

2133 5425 2277 5479 feria
2305 5423 2487 5478 tertiae
2517 5421 2902 5476 hebdomadaa
2925 5421 3417 5493 Quadragesimm.
3440 5420 3578 5476 Vide
3611 5419 3782 5475 Ordi-

2133 5512 2266 5550 nem
2303 5496 2648 5549 Romanum.

2202 5568 2228 5607 ἀ
2259 5567 2386 5620 Alia
2427 5566 2483 5620 in
2529 5563 2744 5620 Ordine
2777 5563 3043 5619 Romano
3079 5580 3092 5618 :
3133 5565 3304 5632 Audi,
3346 5563 3630 5619 maledicta
3667 5563 3782 5620 Sa-

2135 5641 2546 5762 taeal’netiiidine
2573 5709 2836 5762 Romano
2866 5705 2978 5760 alia
3007 5706 3212 5773 oratio,
3245 5709 3302 5759 et
3329 5705 3603 5776 praecedit
3623 5705 3782 5759 hanc

2135 5779 2552 5906 exppsitionem
2581 5777 2858 5852 expositio
2886 5775 3356 5850 Evangeliorum’,
3387 5791 3514 5848 qua:
3541 5775 3634 5830 hic
3681 5793 3780 5832 se-

2137 5865 2238 5923 qui
2267 5865 2352 5906 ur.
