4054 6188
229 291 314 349 349
1277 288 1363 345 DE
1401 284 1712 344 LITURGIA
1750 285 2122 342 GALLICANA
2158 283 2358 340 LIBER
2395 279 2483 338 Ill.

223 401 410 476 patria;
435 401 570 459 ﬁdes
596 401 654 460 in
686 419 804 476 spe,
829 404 942 460 vita
970 404 1031 460 in
1069 419 1159 475 re;
1189 405 1329 460 ﬁdes
1363 404 1422 460 in
1452 403 1672 476 praelia,
1703 403 1814 458 vita
1835 416 1894 494 Α

221 498 269 553 in
294 514 460 569 regno
490 515 503 553 :
530 498 663 554 ﬁdes
688 499 746 554 in
772 516 961 572 opere,
990 499 1107 554 vita
1132 499 1191 555 in
1219 499 1617 555 retributione.
1639 500 1714 553 Ac
1737 497 1814 553 sic

219 592 302 662 qui
316 592 476 647 ﬁdem
489 610 615 648 cum
628 595 893 666 operibus
909 594 1175 649 habuerit
1196 594 1254 648 in
1269 595 1376 648 hoc
1390 593 1617 663 smculo,
1638 593 1812 647 vitam

217 696 459 747 eternam
487 693 714 764 recipiet
750 693 811 748 in
846 694 1039 749 futuro
1067 710 1080 750 :
1111 697 1168 750 et
1193 693 1320 749 ideo
1347 692 1536 748 statim
1562 691 1622 747 in
1647 691 1808 763 prin-

216 786 341 858 cipio
375 786 617 857 Symboli
654 787 825 842 habet
853 805 866 842 :
898 789 1064 847 Credo
1092 791 1150 844 in
1187 793 1394 854 Deum;
1432 791 1488 842 et
1523 790 1714 857 postea
1749 785 1810 840 in

214 875 544 931 conclusione
583 877 834 948 Symboli
870 897 887 932 :
923 881 1108 935 Vitam
1141 882 1412 933 xtemam.
1449 877 1536 932 Sic
1563 891 1698 946 ergo
1727 879 1812 930 est

213 969 512 1039 Symbolun,
557 971 922 1038 dilectissimi,
951 971 1110 1042 quasi
1148 970 1600 1042 pulcherrimum
1627 968 1806 1024 aediﬁ-

212 1063 341 1118 cium
365 1063 505 1118 bene
532 1069 812 1136 coeptum;
832 1065 994 1136 cujus
1016 1069 1072 1120 et
1090 1066 1482 1120 ﬁrmissimum
1507 1068 1590 1120 est
1608 1062 1808 1119 funda-

209 1160 459 1226 mentum,
491 1162 548 1212 et
576 1158 897 1213 immortale
933 1158 1246 1229 fastigium,
1273 1175 1405 1213 cum
1445 1157 1502 1212 in
1528 1156 1806 1229 principio

209 1251 384 1304 habeat
418 1252 626 1321 Deum,
665 1256 722 1307 et
759 1251 819 1306 in
853 1251 967 1307 ﬁne
997 1251 1170 1307 vitam
1206 1256 1496 1308 aeternam.
1541 1252 1688 1306 Deus
1724 1255 1807 1307 est

206 1345 634 1412 fundamentum,
663 1350 720 1400 et
746 1347 860 1401 vita
885 1351 1100 1400 interna
1122 1346 1432 1418 fastigium.
1465 1345 1647 1412 Fides,
1686 1345 1801 1400 fra-

206 1442 300 1493 tres
324 1439 608 1508 carissimi,
649 1440 778 1495 vitae
821 1440 1050 1507 ostium,
1078 1441 1182 1494 vim
1219 1440 1581 1511 principium,
1611 1439 1803 1493 salutis

207 1537 274 1586 est
291 1532 740 1588 fundamentum.
769 1534 874 1599 Qui
910 1533 1098 1589 divina
1127 1533 1393 1605 mysteria
1435 1533 1804 1604 intelligendo

206 1642 251 1680 se
288 1626 455 1698 magis
488 1643 691 1697 capere
736 1627 977 1683 arstimat
1017 1645 1189 1700 quam
1223 1627 1523 1698 credendo,
1547 1627 1623 1682 sic
1650 1627 1800 1697 facit,

206 1719 454 1790 quomodo
473 1719 518 1774 si
539 1719 768 1792 aliquis,
791 1721 985 1777 relicta
1012 1721 1115 1789 via,
1139 1725 1293 1794 petat
1313 1722 1556 1792 devium,
1579 1723 1662 1777 vel
1683 1721 1801 1776 sine

210 1769 446 1790 “""'
474 1769 518 1774 ”’
540 1769 768 1792 ”’“²“’”⁷
794 1769 999 1826 ““’”“,
1024 1769 1115 1827 ’“ἶ⁷
1140 1769 1293 1794 ’"w
1315 1769 1379 1777 ’ν
1395 1769 1556 1792 ⁷’““”’⁷
1590 1769 1662 1826 ’,ν’
1683 1769 1801 1776 “””
1901 1769 2262 1838 superveniet
2289 1769 2345 1822 in
2367 1773 2442 1837 te,
2460 1773 2516 1823 et
2534 1769 2711 1823 virtus
2728 1769 2972 1823 Altissim

205 1813 539 1868 fundamento
575 1817 866 1870 construat
897 1814 1217 1885 aediﬁcium,
1261 1816 1348 1871 vel
1385 1831 1488 1887 per
1517 1815 1798 1885 objectum
1822 1796 1877 1867 Β
1900 1861 2094 1887 mh,“
2143 1878 2274 1887 MM
2324 1866 2714 1887 “unum”
2760 1862 2861 1887 ’,με
2904 1861 2972 1887 εκ.

205 1907 716 1979 ρειτὶεῑρωξτείῖυἰτδΐ
736 1907 1076 1979 ingressum.
1097 1909 1494 1964 Adhibendum
1514 1910 1597 1963 est
1609 1907 1800 1979 itaque

205 1999 508 2055 credulitatis
524 2001 750 2057 salubre
773 2001 1195 2073 compendium,
1218 2001 1317 2056 ubi
1338 2000 1620 2056 imbecilla
1639 2017 1800 2056 mens

204 2114 369 2169 capere
406 2116 519 2153 non
567 2103 756 2171 potest
794 2100 1016 2156 cmleste
1069 2104 1370 2156 secretum.
1421 2101 1621 2154 Totum
1662 2115 1799 2170 ergo

203 2187 504 2242 credulitatis
529 2189 776 2260 pectoris
802 2189 989 2244 sinum
1019 2189 1089 2244 ad
1113 2189 1294 2244 vitalis
1315 2188 1580 2244 carminis
1593 2205 1799 2260 expan-

203 2281 366 2335 damus
389 2282 708 2350 oraculum,
742 2283 892 2354 quod
917 2284 995 2338 ita
1024 2283 1223 2354 incipit
1253 2300 1266 2337 :

255 2374 408 2430 Credo
436 2375 494 2431 in
508 2378 694 2431 Deum
719 2378 944 2432 Patrem
982 2377 1449 2449 omnipotentem,
1470 2377 1797 2432 Creatorem

203 2469 300 2522 caeli
315 2474 364 2523 et
393 2475 580 2525 terrae.
625 2470 803 2525 Credo
830 2475 885 2526 et
924 2471 985 2524 in
1023 2472 1214 2525 Iesum
1252 2470 1560 2540 Christum,
1589 2470 1796 2526 Filium

203 2557 298 2626 ejus
318 2558 673 2629 unigenitum
701 2559 1132 2630 sempiternum.
1163 2560 1270 2624 Qui
1296 2564 1599 2632 conceptus
1618 2566 1701 2616 est
1727 2561 1795 2616 de

201 2650 374 2722 Spiritu
397 2657 612 2722 sancto,
639 2657 807 2708 natus
835 2657 918 2708 est
948 2654 1016 2709 de
1042 2655 1211 2709 Maria
1227 2655 1468 2726 virgine.
1498 2655 1694 2708 Passus
1711 2656 1795 2709 est

200 2745 282 2797 sub
307 2747 485 2801 Pontio
515 2747 734 2816 Pilato;
775 2747 1094 2816 cruciﬁxus,
1134 2752 1391 2803 mortuus
1427 2752 1482 2802 et
1517 2749 1790 2819 sepultus.

201 2839 455 2894 Descendit
490 2840 566 2895 ad
606 2841 845 2897 inferna.
886 2841 1071 2898 Tertia
1111 2841 1202 2897 die
1241 2840 1608 2897 resurrexita
1635 2858 1792 2896 mor-

200 2932 303 2994 luis,
327 2934 570 2990 ascendit
597 2935 667 2990 ad
695 2935 881 2990 czelos.
911 2935 1063 2991 Sedit
1083 2935 1154 2990 ad
1173 2935 1463 2990 dexteram
1493 2935 1588 2990 Dei
1613 2935 1792 2990 Patris

197 3026 582 3098 omnipotentis.
610 3028 742 3083 lude
778 3024 1066 3084 venturus
1072 3029 1093 3100 j
1106 3029 1332 3084 udicare
1357 3029 1509 3084 vivos
1549 3033 1605 3085 et
1631 3046 1790 3084 mor-

197 3123 314 3174 tuos.
337 3123 504 3177 Credo
526 3123 592 3176 in
613 3127 872 3178 sanctum
891 3122 1193 3194 Spiritum;
1215 3126 1464 3178 sanctam
1487 3123 1789 3178 Ecclesiam

3441 279 3543 334 350

1915 417 2076 457 meus
2104 401 2361 471 dilectus,
2392 399 2454 455 in
2480 416 2593 472 quo
2631 399 2774 456 mihi
2799 399 2942 457 bene
2967 398 3324 474 complacuit,
3352 398 3540 475 ipsum

1913 496 2127 551 audite.
2146 497 2308 550 Pater
2332 494 2518 566 ipsum
2543 511 2662 550 esse
2683 494 2818 550 dicit
2840 495 3041 550 Filium
3062 513 3250 564 suum,
3272 500 3328 552 et
3352 496 3538 568 ipsum
3595 529 3602 532 ~

1911 590 2106 645 audire
2128 589 2328 660 jubet;
2358 589 2484 661 quis
2521 593 2608 644 est
2648 589 2746 662 qui
2787 592 2962 661 neget
2988 605 3106 646 esse
3137 605 3355 660 verum,
3385 591 3538 665 quod

1912 685 2112 740 veritas
2140 683 2314 738 dicit?
2343 683 2631 755 Sequitur.

1984 807 2150 864 Credo
2177 809 2228 861 et
2256 808 2313 860 in
2340 808 2509 861 Iesum
2536 806 2803 862 Christum
2835 807 3032 861 Filium
3069 806 3179 875 ejus
3205 808 3540 875 unigenitum

1906 903 2304 971 sempiternum.
2322 903 2467 955 Iesus
2486 899 2735 954 hebraici
2761 899 3012 954 vocabuli
3029 917 3240 955 nomen
3261 905 3363 969 est,
3386 901 3539 970 quod

1907 998 2048 1066 aput
2083 1010 2185 1048 nos
2223 995 2474 1049 Salvator
2507 993 2730 1048 dicitur.
2765 995 3008 1051 Christus
3048 1011 3079 1048 a
3120 993 3440 1061 chrismate,
3479 991 3537 1048 id

1907 1092 1990 1142 est
2017 1088 2086 1142 ab
2118 1087 2382 1143 unctione
2406 1088 2749 1160 appellatur.
2784 1090 3145 1157 Unigenitum,
3173 1086 3377 1158 inquit.
3409 1085 3539 1141 Uni-

1906 1198 2004 1236 cus
2033 1184 2117 1237 est
2141 1198 2388 1254 namque
2422 1181 2573 1236 Patri
2612 1180 2886 1250 Christus,
2915 1184 2980 1234 ut
3007 1181 3273 1254 splendor
3297 1179 3439 1254 igni,
3472 1182 3538 1235 ut

1904 1275 2039 1330 forti
2063 1275 2262 1342 virtus,
2289 1280 2355 1330 ut
2381 1275 2653 1347 sapientia
2678 1275 2942 1346 sapienti.

1978 1394 2288 1464 Conceptus,
2319 1392 2526 1465 inquit,
2559 1393 2624 1448 de
2651 1395 2862 1464 Spiritu
2895 1396 3099 1448 sancto.
3128 1393 3368 1463 Spiritus
3395 1409 3534 1466 ergo

1905 1490 2130 1542 sanctus
2153 1487 2398 1542 refertur
2425 1487 2724 1541 dominicce
2755 1486 2937 1541 carnis
2973 1491 3029 1541 et
3062 1487 3261 1558 templi
3298 1491 3532 1541 creator.

1906 1580 2093 1652 Incipe
2109 1580 2228 1651 jam
2258 1580 2391 1635 hinc
2421 1580 2736 1652 intelligere
2765 1585 2917 1635 etam
2947 1581 3122 1635 sancti
3153 1580 3393 1652 Spiritus
3421 1597 3536 1634 ma-

1895 1674 2182 1745 jestatem.
2213 1674 2300 1730 Sic
2327 1674 2481 1729 enim
2507 1674 2585 1728 ait
2612 1675 2981 1746 Evangelium
3009 1675 3283 1746 :Spiritus
3311 1677 3535 1728 sanctus

2976 1768 2994 1822 i
3025 1768 3389 1823 obumbrabit
3407 1766 3530 1823 tibi.

1900 1861 2096 1916 Videte
2139 1878 2276 1933 ergo
2320 1866 2719 1932 cooperantem
2759 1862 2866 1916 sibi
2904 1861 3145 1916 invicem
3180 1861 3532 1918 Trinitatem.

1899 1954 2136 2026 Spiritus
2171 1959 2395 2010 sanctus
2435 1955 2628 2010 venire
2668 1955 2876 2010 dicitur
2920 1972 3090 2027 super
3117 1955 3446 2027 Virginem;
3477 1960 3536 2010 et

1899 2048 2074 2102 virtus
2099 2049 2407 2104 Altissimia
2439 2091 2453 2118 ,
2490 2049 2600 2104 nisi
2641 2050 2758 2120 ipse
2791 2049 2974 2122 341
3016 2050 3292 2119 Christus,
3321 2049 3419 2120 qui
3451 2053 3535 2104 est

1899 2142 1997 2197 Dei
2027 2142 2215 2197 Virtus
2241 2147 2297 2198 et
2323 2143 2423 2198 Dei
2449 2144 2775 2215 Sapientia?
2799 2145 2919 2198 Jam
2934 2144 3057 2214 jam
3087 2144 3384 2214 sijubetis,
3408 2144 3532 2198 haec

1897 2252 2024 2307 qum
2054 2235 2200 2291 dicta
2225 2240 2375 2300 sunt,
2405 2236 2624 2291 caritati
2653 2242 2852 2292 vestrae
2881 2237 3198 2306 sufﬁciant;
3218 2241 3275 2292 et
3299 2237 3389 2292 die
3411 2253 3528 2292 cra-

1895 2329 2060 2395 stina,
2101 2330 2414 2384 secundum
2456 2335 2705 2385 sanctam
2752 2330 3223 2386 consuetudinem
3265 2336 3527 2400 vestram,

1895 2438 1998 2493 per
2022 2422 2403 2478 ministerium
2428 2423 2670 2479 fratrum
2706 2428 3031 2480 nostrorum
3064 2440 3130 2480 ea
3155 2441 3284 2499 quae
3313 2427 3532 2480 restant

1895 2517 2173 2572 maturius
2199 2518 2456 2573 audietis.
2488 2519 2650 2584 Quod
2673 2518 2802 2590 ipsi.

1966 2632 2160 2692 Natus,
2190 2628 2392 2701 inquit,
2430 2631 2496 2684 de
2529 2633 2713 2686 Maria
2743 2633 2984 2700 virgine;
3025 2636 3301 2703 conceptus
3339 2636 3417 2687 est
3462 2632 3529 2688 de

1891 2724 2102 2792 Spiritu
2146 2718 2367 2788 sancto;
2391 2738 2584 2793 passus
2627 2725 2724 2778 sub
2764 2727 2956 2780 Pontio
2997 2726 3197 2780 Pilato.
3249 2725 3524 2796 Require-

1894 2833 2041 2884 mus,
2081 2815 2448 2882 dilectissimi,
2487 2833 2589 2870 cur
2630 2817 2882 2888 Symboli
2915 2819 3232 2874 conditores
3268 2835 3523 2872 necessa-

1893 2909 2041 2964 rium
2061 2909 2412 2980 judicarunt,
2434 2913 2499 2964 ut
2526 2910 2698 2982 ipsius
2723 2911 2892 2966 etiam
2913 2911 3076 2967 Pilati
3093 2929 3303 2968 nomen
3321 2911 3528 2967 insere-

1893 3007 2039 3057 rent.
2059 3003 2185 3058 ldeo
2211 3003 2427 3074 utique,
2444 3004 2575 3074 quia
2589 3005 2919 3060 Antichristi
2949 3005 3116 3061 multi
3140 3005 3318 3062 futuri
3342 3011 3522 3074 erant,

1891 3101 1955 3150 ut
1988 3097 2144 3151 nulla
2183 3096 2417 3152 hmresis
2446 3097 2734 3153 Christum
2774 3099 2952 3153 alium
2980 3116 3099 3154 esse
3131 3099 3362 3169 diceret,
3392 3117 3522 3154 cum

197 3175 504 3282 catholicam,
522 3175 1786 3289 340⁷41ῼώἧῷ*ξξξιωξέίοξρξιξ-έέωίε,
1810 3175 1863 3248 C
1887 3206 2068 3245 unum
2094 3190 2290 3263 utique
2319 3207 2438 3246 esse
2464 3195 2763 3260 constaret,
2779 3209 2951 3264 quem
2971 3193 3076 3248 sub
3095 3193 3275 3248 Pilato
3297 3210 3524 3264 passum

197 3306 376 3363 sionem
409 3314 805 3381 peccatorum;
838 3309 1020 3365 carnis
1067 3311 1574 3382 resurrectionem;
1618 3311 1793 3366 vitam

197 3405 448 3458 ceternam.
476 3406 687 3460 Amen.

252 3495 586 3567 Symbolum,
618 3497 818 3552 fratres
855 3497 1150 3567 carissimi,
1181 3515 1296 3553 non
1326 3499 1386 3553 in
1425 3498 1627 3553 tabulis
1663 3498 1794 3554 scri-

194 3586 333 3658 bitur,
361 3591 451 3645 sed
474 3591 539 3645 in
584 3591 749 3645 corde
779 3595 1105 3663 susceptum
1131 3591 1458 3646 memoriter
1492 3591 1788 3646 retinetur.

193 3680 242 3734 Et
267 3682 375 3738 ideo
395 3685 563 3755 juvat
587 3683 813 3752 iterare,
842 3685 990 3758 quod
1021 3701 1340 3758 numquam
1366 3685 1626 3740 convenit
1655 3684 1794 3740 obli-

192 3773 316 3831 visci.

247 3871 392 3926 Credo
419 3876 474 3927 in
502 3877 673 3928 Deum
701 3875 915 3928 Patrem
943 3877 1373 3945 omnipotentem.
1396 3872 1550 3928 Sicut
1579 3871 1791 3944 optime

191 3967 311 4023 novit
336 3971 535 4026 caritas
571 3975 776 4040 vestra,
825 3971 1120 4042 carissimi,
1149 3971 1287 4027 fides
1317 3971 1572 4027 omnium
1610 3971 1791 4026 Chris-

190 4059 437 4118 tianorum
474 4065 539 4120 in
585 4064 856 4120 Trinitate
897 4065 1182 4135 consistit;
1223 4071 1279 4120 et
1309 4065 1435 4121 ideo
1475 4065 1644 4120 etiam
1683 4071 1792 4120 ter-

188 4152 303 4210 tium
340 4158 490 4212 vobis
533 4161 750 4214 textum
790 4159 1042 4231 Symboli
1081 4159 1412 4231 repetimus,
1439 4165 1504 4214 ut
1532 4159 1650 4231 ipse
1688 4175 1792 4214 nu-

188 4259 347 4300 merus
395 4247 768 4319 rapetitionis,
815 4248 874 4302 in
925 4248 1086 4320 signo
1138 4248 1433 4303 conveniat
1482 4247 1788 4303 Trinitatis.

187 4338 325 4393 Credo
368 4344 424 4395 in
468 4345 641 4398 Deum
681 4344 897 4398 Patrem
941 4345 1373 4413 omnipotentem.
1435 4341 1788 4413 Symbolum,

185 4429 353 4486 fratres
394 4435 691 4506 carissimi,
721 4437 873 4508 quod
907 4435 1161 4505 audistis,
1203 4439 1386 4491 totum
1425 4452 1522 4490 vos
1555 4436 1616 4490 in
1640 4434 1792 4490 auris

183 4523 406 4581 auditum
445 4529 776 4598 convertite,
817 4534 882 4584 ut
923 4546 1115 4584 semen
1153 4529 1309 4586 verbi
1346 4533 1570 4601 paratos
1607 4528 1866 4622 sulcosD

183 4611 418 4686 inveniat,
456 4619 664 4690 quibus
703 4617 1002 4674 salubriter
1038 4619 1309 4685 insidens,
1341 4621 1399 4673 et
1436 4616 1650 4672 radices
1679 4616 1788 4671 for-

185 4702 292 4759 titer
319 4708 511 4782 ﬁgere,
545 4717 602 4766 et
638 4715 889 4783 tempore
917 4711 1304 4766 retributionis
1329 4711 1531 4766 uberes
1551 4710 1788 4781 justitiae

182 4796 366 4855 fructus
381 4805 556 4874 possit
581 4805 804 4861 afferre.
842 4805 930 4860 Sic
959 4821 1096 4876 ergo
1123 4805 1293 4860 habet
1317 4804 1613 4859 exordium
1634 4805 1789 4875 Sym-

182 4887 274 4946 boli
302 4911 314 4948 :
344 4899 508 4954 Credo
558 4902 616 4954 in
657 4904 824 4955 Deum
874 4901 1090 4954 Patrem
1140 4901 1568 4969 omnipotentem.
1621 4901 1787 4953 Deum

182 4999 289 5040 cum
331 4992 509 5060 audis,
562 4993 935 5048 substantiam
978 4991 1238 5063 intellige
1284 4991 1404 5046 sine
1439 4991 1622 5061 initio,
1666 4991 1787 5047 sine

181 5076 291 5135 line.
326 5086 537 5141 Patrem
561 5103 694 5142 cum
727 5087 907 5156 audis,
949 5086 1072 5141 Filii
1113 5085 1367 5157 intelligo
1395 5087 1641 5140 Patrem.
1673 5085 1785 5140 Hoc

181 5187 294 5243 ergo
328 5177 446 5249 ipso
482 5181 712 5236 nomine
741 5180 894 5252 quod
921 5181 1065 5234 Deus
1091 5181 1254 5234 Pater
1286 5179 1623 5251 appellatur,
1653 5194 1785 5232 cum

182 5267 314 5325 Patre
349 5273 558 5344 parlter
593 5273 894 5329 subsistere
930 5273 1102 5328 etiam
1131 5272 1304 5327 Filius
1338 5273 1781 5328 demonstratur.

179 5361 439 5424 Quomodo
464 5383 597 5422 sane
624 5369 767 5423 Deus
797 5369 960 5422 Pater
991 5366 1254 5438 genuerit
1279 5365 1503 5435 Filium,
1536 5365 1665 5420 nolo
1695 5363 1781 5418 di-

180 5456 373 5512 scutias.
425 5460 748 5515 Credendus
796 5465 880 5515 est
923 5477 1060 5532 ergo
1102 5461 1247 5514 Deus
1278 5475 1397 5514 esse
1427 5461 1590 5513 Pater
1629 5456 1784 5512 unici

182 5543 284 5602 Filii
322 5551 404 5605 sui
446 5553 669 5608 Domini
711 5554 922 5624 nostri;
972 5571 1088 5609 non
1137 5552 1542 5609 discutiendus.
1592 5551 1782 5623 Neque

184 5641 306 5697 enim
344 5644 423 5699 fas
457 5650 540 5702 est
571 5665 728 5702 servo
767 5648 836 5703 de
877 5647 1159 5704 natalibus
1205 5645 1428 5702 Domini
1471 5644 1778 5716 disputare.

183 5733 502 5794 Contestzdus
527 5746 608 5798 est
633 5743 797 5798 Pater
828 5743 898 5799 de
927 5742 1077 5798 cmlis
1104 5742 1295 5797 dicens
1325 5757 1338 5795 :
1373 5739 1471 5794 ilic
1501 5741 1582 5794 est
1610 5737 1782 5792 Filius

1891 3284 2223 3355 Symbolum
2253 3284 2591 3340 tradidisset.
2625 3289 2939 3356 Cruciﬁa'us,
2971 3292 3234 3350 mortuus,
3263 3293 3316 3343 et
3341 3289 3522 3358 sepul-

1892 3383 1996 3440 tus,
2026 3381 2188 3432 tertia
2213 3379 2300 3433 die
2321 3382 2638 3434 resurrexit.
2663 3380 2741 3434 De
2767 3380 3064 3434 manifesta
3091 3385 3148 3434 et
3171 3381 3470 3451 reprobata
3494 3397 3526 3435 a

1891 3470 2086 3526 multis
2105 3471 2332 3526 Domini
2347 3472 2759 3527 resurrectione
2774 3473 2904 3529 licet
2922 3472 3338 3528 evidentissime
3353 3475 3527 3528 Evan-

1893 3564 2038 3636 gelia
2063 3567 2262 3618 testata
2294 3563 2425 3630 sint,
2456 3569 2647 3619 tamen
2674 3565 2845 3620 etiam
2877 3566 3176 3637 Apostolus
3200 3566 3528 3638 prcedicavit

1891 3657 2079 3712 dicens
2105 3657 2476 3712 resurrexisse
2513 3658 2583 3712 ab
2626 3657 2822 3713 inferis
2846 3659 3194 3715 Salvatorem
3219 3661 3311 3716 die
3337 3660 3518 3715 tertia.

1891 3751 1966 3820 (Si
1995 3767 2060 3806 ea
2102 3751 2192 3806 die
2235 3768 2348 3823 qua
2387 3756 2647 3806 mortuus
2685 3753 2790 3820 est,
2829 3754 2918 3808 vel
2960 3758 3125 3809 nocte
3160 3771 3288 3825 quae
3338 3758 3529 3810 secuta

1892 3848 1996 3913 est,
2026 3843 2215 3900 statim
2255 3845 2671 3914 resurrexisset,
2710 3846 2803 3901 vix
2836 3861 2970 3902 eum
3015 3847 3189 3919 aliqui
3233 3847 3529 3902 crederent

1888 3951 2020 3994 vere
2046 3937 2218 3994 fuisse
2243 3938 2594 3995 defunctum.
2621 3939 2782 3996 Vides
2799 3940 2933 4013 quia
2951 3940 3306 3996 conﬁrmatio
3329 3941 3529 3996 mortis

1890 4037 1974 4087 est
1997 4032 2188 4087 dilatio
2212 4033 2667 4103 resurrectionis;
2697 4038 2753 4089 et
2779 4050 2809 4088 e
2846 4035 3125 4090 contrario
3154 4035 3353 4089 mortis
3377 4036 3524 4090 veri-

1889 4130 1973 4180 tas
1990 4126 2224 4182 rationis
2244 4127 2547 4182 auctoritas
2567 4132 2669 4183 est.
2694 4127 2808 4182 Nisi
2830 4128 2982 4183 enim
3003 4144 3349 4200 quemquam
3370 4129 3528 4200 prius

1891 4220 2200 4275 ostenderis
2243 4221 2597 4290 inclinatum,
2630 4238 2745 4276 non
2786 4223 3068 4277 convincis
3091 4225 3382 4291 erectum;
3415 4228 3470 4278 et
3496 4240 3528 4278 e

1891 4318 2085 4368 contra
2097 4313 2260 4369 facile
2276 4315 2543 4386 probabis
2563 4316 2622 4370 in
2643 4331 2844 4371 somno
2862 4317 3034 4370 fuisse
3049 4315 3382 4385 resolutum,
3395 4333 3526 4371 cum

1891 4407 2148 4462 docueris
2177 4409 2552 4479 suscitatum.)
2583 4411 2650 4464 Et
2678 4410 2810 4480 quia
2835 4409 2984 4464 visus
3012 4413 3094 4464 est
3119 4409 3287 4480 Cefze,
3316 4415 3372 4465 et
3401 4415 3528 4482 post

1892 4501 2014 4555 haec
2042 4499 2148 4554 illis
2171 4501 2455 4569 undecim,
2489 4501 2690 4556 deinde
2729 4501 2880 4556 visus
2915 4506 2998 4557 est
3023 4503 3324 4575 plusquam
3354 4503 3522 4575 quin-

1891 4593 2074 4665 gentis
2098 4593 2364 4648 fratribus
2391 4593 2579 4648 simul.
2606 4595 2649 4648 0
2672 4595 2876 4649 miram
2901 4596 3128 4650 Domini
3146 4601 3201 4652 et
3225 4595 3526 4652 inaestima-

1887 4686 2056 4742 bilem
2099 4687 2402 4758 pietateml
2434 4690 2639 4743 Parum
2675 4689 2745 4744 ad
2783 4690 3235 4745 conﬁrmandum
3265 4691 3523 4746 Ecclesiae
3621 4697 3624 4708 '

1889 4781 2058 4836 ﬁdem
2075 4781 2430 4850 existimavit,
2451 4782 2603 4854 quod
2621 4798 2752 4837 eum
2774 4788 2899 4854 post
2914 4785 3387 4840 resurrectionem
3407 4802 3523 4840 om-

1887 4890 1986 4930 nes
2012 4874 2246 4946 apostoli
2273 4875 2551 4946 viderant,
2585 4877 2693 4931 nisi
2723 4877 3029 4933 videndum
3057 4895 3116 4933 se
3143 4879 3311 4934 etiam
3342 4879 3524 4933 turbis

1887 4967 2235 5023 adstantibus
2261 4970 2617 5040 praebuisset.
2643 4971 2910 5044 Sequitur
2932 4976 3124 5028 autem
3144 4972 3204 5026 in
3223 4973 3517 5044 Symbolo:

1957 5080 2213 5136 Ascendit
2255 5082 2330 5136 ad
2372 5084 2552 5149 caelos;
2595 5085 2734 5139 sedit
2775 5085 2851 5139 ad
2896 5085 3173 5140 dexteram
3211 5087 3308 5140 Dei
3342 5089 3524 5142 Patris

1885 5177 2278 5244 omnipotentis.
2307 5175 2426 5230 Non
2452 5177 2824 5249 corporaliter
2841 5177 2933 5232 hic
2959 5177 3056 5233 Dei
3088 5179 3318 5234 dextera
3344 5185 3525 5241 osten-

1886 5267 2058 5338 ditur,
2087 5267 2453 5338 dilectissimi,
2481 5270 2614 5341 quia
2654 5270 2844 5324 divina
2870 5271 3122 5342 Majestas
3164 5290 3278 5328 non
3319 5291 3520 5330 secun-

1884 5361 2020 5415 dum
2051 5361 2364 5416 humanam
2411 5362 2652 5434 speciem
2690 5364 3019 5436 designatur
3045 5367 3260 5423 sedere.
3295 5369 3422 5424 Ideo
3452 5367 3521 5422 ad

1883 5455 2170 5510 dexteram
2203 5455 2383 5510 Patris
2413 5455 2585 5510 Filius
2601 5456 2826 5525 dicitur,
2858 5459 2990 5532 quia
3015 5460 3072 5516 in
3104 5478 3170 5517 eo
3196 5463 3354 5518 nulla
3380 5462 3516 5516 sini-

1882 5549 2102 5603 steritas
2124 5548 2430 5604 invenitur.
2448 5550 2590 5604 Cum
2612 5551 2770 5606 enim
2785 5552 2844 5607 in
2867 5554 3170 5627 Scripturis
3190 5555 3360 5610 sacris
3380 5571 3524 5608 sem-

1881 5658 1983 5713 per
2011 5642 2161 5713 quod
2199 5642 2498 5698 dexterum
2535 5647 2620 5700 est
2659 5646 2730 5701 ad
2765 5649 3022 5718 meliora,
3051 5649 3201 5719 quod
3229 5647 3522 5702 sinistrum

1881 5735 1947 5790 ad
1980 5735 2257 5791 deteriora
2275 5738 2578 5810 pertineat,
2608 5739 2816 5796 idcirco
2849 5741 2908 5796 in
2935 5743 3043 5795 Deo
3073 5741 3322 5807 dextera,
3351 5737 3408 5792 id
3439 5745 3528 5797 est

245 5870 262 5895 '
291 5861 515 5936 Supple,
543 5866 878 5923 obumbrabit
914 5869 1032 5925 tibi.
1066 5869 1192 5938 Quae
1219 5871 1295 5922 est
1332 5867 1504 5922 virtus
1535 5863 1827 5931 Altissimi,
1856 5861 1982 5924 nisi,
2019 5863 2127 5915 etc.
