4054 6188
459 293 550 354 351
1251 291 1580 351 APPENDIX
1617 291 1706 348 ΑΙ)
1741 291 1964 349 OPERA
2001 291 2060 348 SA

2222 289 2236 346 Ι
2271 287 2572 348 GERMANI
2611 289 3038 350 PARISIENSIS.
3719 285 3823 344 35'2

453 405 604 464 bona
627 405 790 473 sunt;
810 400 912 462 ubi
937 401 1184 472 sinistra,
1207 401 1264 460 id
1293 407 1378 458 est
1405 401 1554 458 mala
1579 417 1885 474 possumus
1912 401 2090 474 suspi—
2111 411 2170 486 Α
2189 399 2380 456 nistris
2429 400 2600 458 illius.
2661 400 2748 458 Hii
2803 405 3048 473 quatuor
3109 398 3211 457 has
3261 395 3472 472 ﬁguras
3523 391 3826 468 habentes,

457 515 607 558 care.
2193 495 2560 567 evangelistas
2601 511 2723 551 esse
2759 512 2874 550 non
2911 495 3151 552 dubium
3185 497 3304 562 est;
3333 493 3430 550 sed
3457 492 3694 548 nomina
3731 506 3828 546 eo-

529 594 678 660 Inde,
705 593 911 666 inquit,
937 595 1194 648 venturus
1201 590 1454 661 judicare
1479 593 1626 647 vivos
1652 596 1702 648 et
1731 595 1982 647 mortuos.
2193 605 2343 658 rum,
2365 589 2464 661 qui
2485 589 2782 662 Evangelia
2803 590 3169 662 scripserunt,
3193 589 3316 644 haec
3333 591 3486 658 sunt,
3509 586 3832 652 Mattheus,

533 689 699 747 Credo
729 690 788 742 in
813 691 1056 742 sanctum
1077 687 1362 756 Spiritum.
1386 685 1468 740 Ad
1497 686 1846 740 excludenda
1872 683 2096 740 heereti-
2193 685 2426 752 Marcus,
2457 684 2651 754 Lucas,
2680 685 2985 740 Johannes.

459 798 656 840 corum
686 779 940 836 omnium
973 778 1293 834 calamitosa
1331 781 1671 846 commenta,
1701 779 1900 834 eodem
1925 778 2096 833 verbo
2263 779 2389 832 Post
2415 778 2526 832 haec
2553 778 2682 848 legit
2709 779 2967 834 diaconus
2993 779 3212 832 initium
3237 777 3522 847 Evangelii
3543 773 3836 830 secundum

461 873 808 932 credulitatis
837 889 950 946 quo
981 872 1040 926 in
1067 871 1346 944 principio
1384 872 1471 927 sui
1507 871 1841 944 Symbolum
1875 875 2096 928 Patrem
2195 873 2532 928 Matthavum.
2561 875 2632 928 Et
2651 877 2940 944 postquam
2967 873 3174 942 legerit,
3205 874 3407 928 tractat
3437 870 3726 941 presbyter
3753 869 3838 924 his

459 967 758 1026 honoravit
781 973 838 1022 et
864 967 1090 1036 Filium,
1123 967 1182 1022 in
1211 965 1570 1022 conclusione
1615 972 1802 1022 textus
1829 967 1914 1022 sui
1943 983 2099 1022 nunc
2195 966 2390 1020 verbis.

461 1063 700 1118 honorat
714 1061 986 1132 Spiritum
1008 1064 1286 1130 sanctum,
1310 1077 1438 1114 cum
1463 1060 1541 1116 ait
1566 1077 1579 1116 :
1602 1061 1766 1118 Credo
1781 1063 1838 1115 in
1853 1065 2099 1116 sanctum
2271 1059 2394 1114 Filii
2419 1059 2713 1130 carissimi,
2743 1075 2816 1115 ne
2851 1059 3064 1116 diutius
3089 1075 3226 1131 ergo
3263 1074 3362 1114 vos
3389 1061 3702 1126 teneamus,
3733 1072 3834 1112 ex-

458 1157 741 1226 Spiritum.
780 1155 858 1209 Ne
905 1154 1188 1208 inferioris
1234 1170 1371 1225 ergo
1417 1153 1650 1209 fortasse
1693 1153 2099 1208 contumeliam
2197 1169 2476 1224 ponamus
2519 1154 2674 1209 vobis
2723 1170 2896 1225 quam
2939 1153 3218 1209 rationem
3267 1155 3324 1208 et
3368 1167 3540 1223 quam
3583 1150 3836 1222 ﬁguram

463 1247 656 1321 342
681 1253 991 1320 pateretur,
1014 1249 1146 1318 jure
1172 1264 1304 1302 eum
1349 1247 1456 1302 sibi
1496 1247 1790 1320 aequaliter
1815 1247 2098 1302 vindicare
2199 1247 2588 1319 unusquisque
2615 1247 2676 1302 in
2709 1264 2767 1304 se
2805 1247 3120 1316 contineat;
3149 1251 3206 1301 et
3243 1261 3418 1317 quare
3453 1245 3746 1300 Mattheeus
3777 1245 3838 1298 in

461 1345 519 1396 et
561 1341 792 1396 Deitatis
830 1341 1072 1396 ostendit
1113 1341 1544 1412 plenitudinem,
1575 1345 1632 1395 et
1669 1341 1849 1394 Patris
1885 1357 1948 1394 ac
1975 1340 2098 1394 Filii
2201 1357 2258 1395 se
2283 1339 2528 1411 ﬁguram
2553 1341 2800 1396 hominis
2825 1341 3050 1410 habeat,
3067 1340 3202 1412 quia
3219 1339 3382 1394 initio
3401 1355 3501 1393 suo
3515 1339 3660 1394 nihil
3679 1337 3836 1392 aliud

425 1433 430 1436 ’
462 1435 832 1506 dignitatem;
861 1435 994 1506 quia
1037 1433 1096 1488 in
1135 1434 1408 1489 'l‘rinitate
1447 1435 1638 1489 divina
1673 1450 1788 1488 non
1829 1438 1912 1488 est
1947 1434 2098 1504 quod
2200 1435 2340 1506 agit,
2371 1434 2482 1488 nisi
2517 1435 2866 1490 nativitatem
2903 1434 3199 1490 Salvatoris
3237 1433 3403 1504 pleno
3433 1431 3630 1486 ordine
3661 1448 3836 1504 gene-

463 1529 647 1600 majus
694 1529 950 1583 minusve
995 1529 1307 1583 credendus
1351 1528 1441 1594 sit,
1488 1527 1768 1598 siquidem
1807 1527 1907 1581 ubi
1955 1543 2102 1581 unus
2203 1528 2440 1584 rationis
2469 1531 2712 1583 enarrat.
2741 1528 2828 1584 Sic
2861 1528 3012 1584 enim
3043 1527 3213 1600 ccepit
3242 1543 3255 1582 :
3285 1527 3444 1582 Liber
3479 1527 3838 1596 generationis

463 1621 648 1694 major
675 1621 898 1690 dicitur,
931 1622 1122 1676 deesse
1153 1622 1340 1676 minor
1367 1621 1570 1692 aliquis
1589 1621 1890 1675 indicatur.
1917 1621 1976 1674 In
1997 1620 2104 1674 hac
2201 1624 2326 1676 Jesu
2371 1623 2572 1680 Christi
2612 1623 2716 1691 ﬁlii
2751 1623 2950 1684 David,
2989 1622 3094 1690 ﬁlii
3131 1621 3430 1677 Abraham.
3463 1619 3670 1673 Videtis
3703 1619 3846 1690 quia

465 1731 602 1785 ergo
633 1715 750 1786 ipsa
777 1714 1096 1782 Divinitate,
1115 1715 1162 1768 si
1181 1715 1335 1769 aliud
1362 1715 1546 1784 majus
1565 1713 1709 1784 quis,
1733 1713 1884 1768 aliud
1911 1713 2100 1767 minus
2123 1785 2137 1786 ί
2203 1731 2318 1770 non
2359 1715 2644 1770 immerito
2683 1715 2815 1770 huic
2847 1714 3094 1770 hominis
3129 1715 3424 1786 adsignata
3455 1728 3698 1784 persona
3736 1717 3844 1780 est,

463 1785 703 1878 adserat,
731 1808 782 1861 ei
819 1807 938 1878 ipse
983 1807 1264 1878 majestati
1299 1807 1704 1862 contumeliam
1745 1805 1894 1874 facit,
1927 1823 2102 1876 quam
2119 1785 2178 1858 B
2201 1809 2426 1880 quando
2453 1809 2522 1863 ab
2549 1809 2796 1864 hominis
2822 1809 3113 1864 nativitate
3137 1785 3366 1863 initium
3387 1806 3845 1878 comprehendit,

465 1901 738 1972 majorem
767 1905 960 1972 putat:
986 1901 1116 1972 quia
1140 1918 1269 1955 cum
1298 1900 1531 1972 aequalis
1559 1903 1800 1971 potestas
1827 1917 1890 1954 ac
1917 1899 2102 1970 digni-
2199 1919 2304 1958 nec
2329 1901 2615 1958 immerito
2647 1902 2730 1972 (ut
2770 1902 3035 1974 diximus)
3063 1901 3197 1956 huic
3236 1900 3510 1972 mysterio
3544 1899 3850 1972 adsignata

465 1998 548 2050 tas
590 1993 879 2050 Trinitatis
915 1995 1006 2064 sit,
1054 1995 1330 2066 quidquid
1375 1995 1475 2048 uni
1515 1993 1852 2063 detrahitur,
1885 1997 2102 2048 cunctae
2203 1999 2286 2051 est
2309 1995 2554 2050 Mattheei
2581 2011 2841 2068 persona.
2871 1997 3120 2067 Eaplecit
3146 1995 3436 2051 secundum
3459 1995 3660 2050 Matth.

465 2089 661 2160 procul
686 2089 858 2144 dubio
885 2089 1088 2144 Deitati
1114 2089 1412 2160 aequaliter
1437 2088 1764 2159 derogatur.
2621 2087 2808 2152 Incipit
2837 2088 3126 2138 secundum
3161 2087 3412 2138 Marcum.

540 2184 726 2247 Credo,
753 2183 958 2254 inquit,
987 2187 1232 2238 sanctam
1267 2183 1558 2237 Ecclesium
1587 2183 1926 2236 catholicam.
1957 2183 2098 2238 San-
2273 2171 2424 2239 L99“
2452 2169 2710 2224 ἀίαοοηῖιδ
2729 2170 2946 2224 initium
2965 2169 3255 2240 Ευαησειίί
3269 2167 3554 2224 secundum
3575 2169 3840 2224 Marcum-

468 2281 672 2332 ctorum
718 2279 1152 2332 communionem.
1193 2277 1382 2334 Carnis
1423 2277 1880 2330 resurrectionem.
1918 2278 2069 2331 Vita:

1736 2291 1880 2330 .ne-m,
1918 2278 2102 2331 Vitam
2201 2265 2440 2332 Erponit
2463 2263 2742 2332 presbyter
2769 2281 2784 2316 :
3327 2305 3337 2318 .

468 2375 742 2424 aeternam.
773 2371 960 2426 Amen.
983 2372 1272 2426 xEternam
1292 2369 1464 2424 vitam
1489 2369 1633 2424 bene
1659 2369 1718 2423 in
1744 2368 2102 2424 conclusione
2274 2356 2488 2410 Marcus
2515 2355 2857 2428 θνδηϐθῙίεῖα
2883 2355 3060 2410 leonis
3089 2371 3192 2428 891'
3193 2372 3292 2412 ens
3311 2355 3575 2428 ﬁguram:
3597 2371 3631 2409 3
3651 2354 3845 2410 SOlitu‘

469 2463 718 2534 symbol;
767 2464 1062 2535 εοδρωνίι,
1104 2465 1236 2536 quia
1270 2463 1444 2534 ipsius
1479 2463 1724 2534 Symboli
1765 2461 1903 2517 ﬁdes
1949 2479 2098 2534 pra-
2203 2447 2551 2520 dineincipit
2576 2449 2798 2504 dicere:
2825 2451 2942 2504 Vox
2961 2450 3253 2504 clamantis
3277 2450 3336 2504 in
3367 2450 3589 2504 deserto
3613 2466 3626 2503 :
3649 2451 3846 2504 Parate

469 2557 652 2611 mium
685 2559 768 2612 est
804 2558 1153 2612 aeternitatis.
1182 2561 1260 2612 Ac
1289 2574 1392 2629 per
1425 2559 1530 2612 hoc
1571 2558 1707 2612 ordo
1739 2555 1986 2628 Symboli
2013 2573 2070 2610 sa

2246 2543 2353 2597 iam
2397 2543 2642 2610 Domini,
2692 2543 2908 2598 scilicet
2951 2543 3086 2615 quia
3129 2549 3330 2614 regnat
3369 2543 3630 2598 invictus.
3669 2543 3847 2612 Hujus

471 2653 604 2706 Iutis
631 2653 880 2707 ascensio
907 2657 1027 2722 est;
1059 2651 1192 2724 quia
1219 2652 1264 2706 si
1303 2651 1547 2707 ﬁdeliter
1585 2652 1822 2723 quisque
1847 2651 1918 2704 ad
1943 2667 2100 2705 sum-
2203 2635 2380 2690 Ῑθοῐιίε
2423 2635 2736 2690 m‘ﬂtifal‘ia
2775 2636 3095 2692 invenimus
3135 2637 3412 2708 exempla,
3445 2641 3508 2692 ut
3543 2653 3662 2692 Ποῐι
3690 2641 3848 2690 vacet

471 2747 726 2802 mitatem
774 2746 924 2800 illius
975 2745 1211 2813 venerit,
1273 2746 1580 2800 certissime
1627 2745 1823 2799 salutis
1875 2749 2072 2799 aeterni

2245 2729 2418 2784 ictum
2463 2729 2632 2784 illut:
2667 2729 2806 2784 Juda
2853 2729 3001 2784 ﬁlius
3045 2746 3225 2796 meus,
3271 2730 3489 2785 catulus
3531 2729 3734 2796 leonis,
3777 2729 3845 2784 de

471 2843 760 2898 cardinem
793 2842 1122 2915 possidebit,
1163 2845 1440 2912 regnante
1479 2841 1716 2896 Domino
1751 2845 1943 2896 nostro
1976 2841 2106 2894 Jesu
2207 2822 2462 2892 germine
2489 2823 2634 2878 mihi
2661 2823 2961 2878 ascendisti
2993 2842 3006 2878 ε
3037 2824 3314 2878 meum“
3343 2823 3600 2878 dormis“
3633 2825 3700 2878 ιιι
3737 2823 3844 2891 Ῑθοι

471 2937 712 3006 Christo,
744 2937 904 3007 cujus
947 2942 1031 2992 est
1075 2937 1259 2990 honor
1306 2941 1360 2989 et
1409 2935 1717 3006 imperium
1765 2951 1869 3006 per
1917 2935 2072 2990 omni

1958 2935 2107 2990 mnia
2205 2919 2262 2970 et
2288 2916 2432 2970 sicut
2455 2917 2672 2972 catulus
2699 2917 2906 2986 leonis;
2938 2917 3064 2988 quis
3095 2917 3362 2972 excitabit
3387 2917 3559 2972 eum?

473 3031 677 3084 smcula
704 3031 1054 3085 saeculorum
2656 3009 2846 3073 Incipit
2871 3010 3160 3060 secundum
3184 3011 3392 3060 Lucam.

1161 3100 1431 3150 Collectio.
2136 3154 2179 3168 Α
2276 3093 2427 3161 Legit
2456 3091 2713 3146 diaconus
2739 3095 2958 3168 init-ium
2985 3093 3274 3162 Evangelii
3299 3091 3586 3147 secundum
3625 3093 3846 3148 Lucam.

547 3185 782 3252 Exaudi,
815 3185 1076 3253 Domine,
1099 3186 1568 3257 supplicationem
1591 3185 1820 3240 familiae
1845 3189 1980 3254 tute,
2010 3185 2108 3258 qui
2128 3154 2182 3228 Ο
2213 3154 2430 3238 Tractat
2447 3186 2728 3256 presbyter
2754 3205 2770 3240 :

473 3279 728 3334 fidelium
765 3284 994 3334 tuorum
1039 3279 1326 3334 consortio
1365 3279 1686 3336 desiderant
1709 3279 1928 3346 sociari,
1957 3284 2021 3335 ut
2049 3281 2108 3336 in
2277 3279 2451 3332 Lucas
2494 3279 2834 3349 evangelista
2873 3278 3116 3350 speciem
3153 3278 3315 3332 vituli
3357 3281 3556 3350 gestat,
3587 3278 3658 3331 ad
3685 3279 3850 3349 cujus

475 3373 562 3428 die
590 3377 794 3428 sanctas
824 3373 1235 3443 sollemnitatis,
1266 3373 1566 3428 clementia
1599 3378 1698 3428 tua
1725 3373 1938 3428 donum
1963 3374 2104 3444 bap-
2206 3371 2382 3425 instar
2398 3371 2650 3427 Salvator
2669 3377 2861 3427 noster
2881 3377 2962 3427 est
2979 3372 3322 3427 immolatus.
3347 3372 3444 3426 Hic
3465 3373 3620 3426 enim
3639 3371 3852 3426 Christi

473 3469 716 3522 tismatis
757 3467 1048 3538 percipere
1090 3471 1436 3524 mereantur.
1469 3469 1575 3523 Per
1613 3467 1775 3522 Dom.
1848 3471 2106 3524 nostrum
2209 3465 2576 3535 Evangelium
2629 3466 2940 3542 locuturus,
2989 3465 3068 3520 sic
3118 3466 3286 3536 coepit
3334 3466 3402 3520 de
3445 3465 3748 3519 Zaccharia
3797 3469 3852 3518 et

471 3565 663 3618 Jesum
691 3563 1004 3618 Christum.
2207 3558 2506 3628 Helisabet,
2540 3559 2607 3614 de
2653 3559 2859 3630 quibus
2907 3559 3189 3614 Iohannes
3233 3559 3482 3630 Baptista
3529 3557 3590 3612 in
3627 3575 3854 3612 summa

509 3680 615 3733 XII.
661 3694 944 3734 axrosmo
983 3693 1396 3736 evmcemoneu
1435 3695 1488 3734 IN
1529 3693 1732 3734 armum
1769 3693 2070 3734 APERTIONE

2248 3656 2370 3706 atus
2412 3655 2495 3706 est
2530 3657 2838 3707 senectute.
2871 3653 2936 3706 Et
2975 3652 3101 3707 ideo
3133 3654 3307 3706 Lucas
3349 3652 3525 3707 vitulo
3551 3669 3849 3723 compara-

1105 3767 1176 3806 .Iu)
1215 3765 1468 3806 ELECTOS.
2207 3747 2320 3814 tur,
2349 3744 2482 3815 quia
2521 3745 2632 3800 duo
2669 3761 2900 3812 cornua,
2933 3745 3045 3800 duo
3083 3747 3472 3814 Testamenta;
3513 3749 3568 3799 et
3605 3749 3852 3816 quatuor

544 3851 844 3920 Aperturi'
873 3851 1047 3920 vobis,
1089 3851 1190 3906 ﬁlii
1229 3852 1523 3920 carissimi,
1569 3852 1892 3924 Evangelia,
1925 3853 1982 3908 id
2023 3857 2107 3908 est
2205 3837 2419 3908 Pedum
2449 3839 2706 3910 angui“:
2740 3841 2796 3892 et
2841 3842 3087 3909 quatuor
3114 3838 3418 3910 Evangelia
3457 3839 3618 3910 qua-gi
3655 3844 3854 3893 tenera

477 3943 680 4012 gaudia
707 3943 916 4012 divina,
943 3945 1102 4015 prius
1129 3945 1326 4000 ordine
1353 3945 1642 4001 insinuare
1671 3947 1940 4002 debemus
1970 3947 2106 4016 quid
2209 3931 2532 3986 inﬁrmitate
2559 3932 2869 4000 nascentia:
2899 3931 2958 3986 in
2988 3949 3048 3986 59
3075 3932 3403 4003 ΡῙθΠίεείωθ
3432 3931 3782 3986 continebat-

475 4037 863 4108 Evangelium,
893 4042 949 4092 et
971 4037 1124 4092 unde
1152 4038 1468 4106 descendat,
1491 4044 1548 4092 et
1573 4039 1734 4108 cujus
1759 4039 1820 4092 in
1831 4037 1912 4094 'eo
1937 4039 2076 4094 verb;

2277 4027 2409 4079 Item
2465 4025 2593 4094 legit
2644 4025 2901 4080 diaconus
2951 4027 3168 4080 initium
3222 4027 3509 4096 Evangelii
3555 4026 3853 4080 secundum

473 4134 776 4202 ponantur,
809 4134 865 4186 et
895 4147 1068 4201 quare
1093 4135 1338 4202 quatuor
1365 4131 1478 4186 sint
1511 4131 1610 4202 qui
1638 4131 1760 4186 11th
1787 4135 1944 4203 gesta
1969 4132 2074 4186 scri

1820 4135 1944 4194 ςεεω
1969 4132 2102 4186 seri-
2203 4119 2515 4173 Iohannem.
2551 4121 2774 4172 Tractat
2793 4119 3074 4188 presbyter
3101 4121 3183 4174 his
3211 4119 3421 4174 verbis:

472 4229 736 4296 pserunt;
761 4224 848 4280 vel
873 4223 972 4296 qui
999 4229 1132 4279 sunt
1155 4224 1266 4295 ipsi
1285 4223 1368 4278 hii
1388 4227 1632 4295 quatuor
1655 4224 1753 4295 qui
1779 4225 1966 4279 divino
1989 4225 2106 4296 Spi—
2275 4211 2558 4266 10113111135
2585 4211 2755 4266 habet
2781 4211 3212 4266 Similimdinem
3239 4213 3463 4284 θίῖῑιίίδέν
3493 4211 3648 4283 (ΙΠοά
3675 4211 3852 4266 nimis

472 4319 606 4388 ritu,
652 4317 1032 4374 adnunciante
1083 4319 1379 4389 propheta,
1425 4321 1556 4373 ante
1601 4318 1808 4389 signati
1857 4317 1989 4386 sint,
2033 4335 2106 4373 ne
2205 4303 2316 4358 alia
2343 4303 2588 4374 petierit.
2614 4303 2705 4358 Ait
2735 4304 2890 4358 enim
2923 4322 2935 4360 :
2965 4308 3026 4360 In
3047 4308 3322 4376 principio
3351 4311 3468 4360 erat
3509 4305 3774 4370 Verbum;
3803 4309 3856 4359 et

471 4412 614 4468 forte
655 4412 774 4467 sine
817 4413 920 4466 hac
967 4411 1182 4466 ordinis
1225 4411 1441 4466 ratione
1483 4411 1570 4464 vel
1615 4427 1782 4466 causa
1816 4415 2104 4482 stuporem
2212 4399 2444 4452 Verbum
2485 4403 2602 4453 θναε
2641 4399 2792 4468 αἱ)αά
2821 4403 3010 4460 Deum»
3045 4403 3096 4454 εί
3131 4402 3268 4454 Deus
3301 4405 3420 4453 θνα(
3459 4399 3712 4454 Vel'bum-
3743 4401 3854 4453 Ποε

471 4506 760 4560 vobiscum
787 4506 846 4560 in
877 4505 1164 4560 mentibus
1197 4505 1608 4576 relinquamus.
1642 4506 1710 4559 Et
1736 4505 1871 4576 quia
1899 4505 1971 4560 ad
1999 4505 2072 4559 ho

2253 4495 2323 4544 'at
2361 4493 2418 4544 in
2443 4493 2714 4560 principio
2749 4491 2900 4562 apud
2943 4494 3126 4546 Deum.
3163 4493 3231 4545 Et
3271 4491 3446 4544 David
3491 4507 3560 4544 ex
3601 4507 3854 4562 persona

421 4617 452 4628 -·
471 4598 703 4652 venistis
725 4603 792 4652 ut
816 4615 980 4654 aures
1003 4599 1160 4654 vobis
1187 4599 1534 4670 aperiantur,
1567 4615 1638 4653 ne
1663 4598 1896 4670 incipiat
1915 4615 2108 4654 sensus
2127 4583 2177 4594 υ
2206 4583 2411 4638 Christi
2436 4583 2572 4638 die“
2599 4601 2612 4637 ³
2644 4583 3025 4639 Βθηονθδίὶυν
3049 4584 3195 4638 Sient
3218 4585 3710 4656 aqunaejuventus
3729 4589 3850 4650 tua.

471 4693 658 4745 vester
682 4691 940 4758 obtundi,
963 4693 1334 4762 Evangelium
1360 4693 1566 4748 dicitur
1589 4693 1818 4765 proprie
1843 4692 1992 4746 bona
2015 4692 2110 4746 ad-
2207 4676 2266 4730 id
2302 4679 2386 4730 θεῖ
2431 4677 2558 4731 Iesu
2599 4677 2804 4732 Christi
2847 4677 3068 4732 Domini
3112 4677 3310 4746 ΠοδίΓῆ
3339 4677 3438 4748 (ἶυί
3477 4693 3786 4748 resurgens
3819 4694 3855 4730 a

471 4783 780 4838 nunciatio.
812 4784 950 4846 Quae
995 4785 1192 4854 utique
1231 4786 1595 4840 adnunciatio
1624 4791 1708 4840 est
1745 4787 1876 4841 Jesu
1901 4785 2108 4840 Christi
2209 4770 2469 4838 ΠιοΓίιιίε»
2495 4771 2748 4826 ascendit
2771 4771 2830 4825 in
2853 4771 3046 4840 039105;
3077 4771 3228 4824 unde
3247 4772 3368 4842 iam
3389 4769 3544 4825 “bis
3563 4771 3854 4842 conceptis

473 4875 694 4930 Domini
725 4875 822 4930 Dei
849 4875 1048 4930 nostri.
1077 4877 1376 4932 Descendit
1407 4883 1598 4932 autem
1633 4878 2001 4948 Evangelium
2037 4879 2074 4932 α

2252 4879 2455 4933 agnans
2501 4863 2777 4934 gloriatur
2819 4863 3080 4932 Ecclesia,
3110 4861 3302 4936 344
3341 4864 3500 4918 omni
3546 4863 3853 4918 festivitate

472 4987 538 5024 eo
567 4971 718 5041 quod
748 4968 1054 5025 adnunciet
1081 4973 1136 5022 et
1161 4969 1436 5036 ostendat,
1465 4971 1616 5039 quod
1643 4970 1689 5024 is
1719 4972 1818 5042 qui
1846 4989 1949 5042 per
1973 4988 2106 5042 pro-
2209 4961 2468 5010 votorum
2509 4956 2580 5010 ad
2613 4973 2761 5011 nova
2787 4957 3020 5012 tendere
3057 4957 3388 5012 Christianae
3415 4957 3554 5028 legis
3581 4957 3849 5025 exordia;

471 5063 668 5132 phetas
686 5080 814 5118 suos
831 5062 1188 5133 loquebatur,
1207 5060 1359 5115 venit
1378 5061 1436 5114 in
1459 5078 1646 5128 carne,
1671 5063 1816 5118 sicut
1837 5065 2110 5136 scriptum
2207 5052 2272 5102 ut
2315 5048 2648 5104 adveniente
2699 5049 2788 5104 die
2835 5049 3174 5105 venerabilis
3213 5051 3458 5118 Paschae,
3487 5049 3711 5104 lavacro
3749 5049 3850 5102 ba-

472 5160 557 5210 est
587 5174 600 5209 :
633 5157 738 5220 Qui
785 5157 1074 5228 loquebar,
1124 5171 1250 5210 ecce
1300 5155 1521 5210 adsum.
1571 5155 1923 5226 Explicantes
1973 5175 2110 5230 ergo
2209 5141 2486 5212 plismatis
2513 5146 2889 5210 renascentes,
2919 5143 3062 5198 sicut
3089 5144 3266 5198 sancti
3297 5159 3494 5198 omnes
3523 5157 3857 5197 mereamur

471 5248 718 5303 breviter
744 5249 881 5320 quid
918 5249 990 5302 sit
1027 5247 1417 5320 Evangelium,
1445 5248 1534 5302 vel
1561 5249 1659 5320 qui
1697 5253 1830 5304 sunt
1857 5249 1934 5304 hii
1964 5267 2106 5320 qua-
2208 5235 2372 5290 ﬁdele
2399 5251 2609 5290 munus
2635 5235 2890 5290 infantiae
2915 5253 2946 5290 a
2974 5237 3194 5291 Christo
3229 5237 3254 5292 ,Ι
3261 5253 3358 5292 esu
3396 5236 3632 5291 Domino
3657 5241 3856 5291 nostro

471 5347 623 5408 tuor,
657 5342 754 5412 qui
793 5357 895 5411 per
929 5341 1272 5414 pr0phetam
1296 5345 1425 5396 ante
1456 5341 1754 5397 monstrati
1780 5347 1930 5410 sunt,
1959 5359 2111 5397 nunc
2209 5329 2522 5400 PerCiPel‘e-
2551 5329 2659 5393 Olli
2685 5329 2820 5384 νὶνῆ
2848 5333 2903 5384 et
2927 5335 3128 5402 ι’θεςηδῐ
3155 5331 3324 5386 Deus-

473 5436 686 5506 ﬁguras
713 5435 897 5506 adque
923 5435 1158 5490 nomina
1195 5435 1432 5506 singulis
1470 5435 1838 5507 adsignemus
1863 5433 2108 5490 indiciis.
2495 5431 2629 5484 Xlll.
2671 5445 3074 5488 pammssrosas
3111 5449 3180 5487 AD
3223 5447 3559 5488 SCRUTAMEN.

473 5529 565 5583 Ait
602 5527 754 5582 enim
795 5527 1074 5599 propheta
1111 5529 1423 5584 Hezechiel.
1463 5531 1530 5584 Et
1575 5529 1884 5584 similitudo
1925 5527 2112 5583 vultus
2282 5529 2375 5596 Te,
2409 5528 2664 5598 Domine,
2703 5529 3072 5600 deprecamur
3101 5535 3158 5584 et
3195 5529 3502 5600 poscimus,
3533 5533 3598 5584 ut
3623 5529 3726 5584 hos
3761 5529 3856 5584 fa-

473 5639 672 5678 eorum
710 5625 775 5677 ut
819 5621 984 5676 facies
1019 5621 1286 5690 hominis,
1325 5627 1388 5676 ut
1426 5623 1594 5678 facies
1637 5623 1814 5678 leonis
1857 5619 2050 5696 343
2080 5639 2112 5676 a
2211 5621 2397 5676 mulos
2425 5627 2551 5677 tuos
2581 5622 2820 5678 firmiter
2847 5623 3094 5680 stabilire
3114 5623 3388 5695 digneris.
3411 5623 3582 5696 Aperi
3603 5623 3685 5678 eis
3705 5627 3858 5678 totos

472 5716 684 5771 dextris
711 5715 886 5785 illius;
917 5719 973 5771 et
1005 5714 1172 5772 facies
1209 5714 1389 5784 vituli,
1428 5721 1484 5770 et
1521 5716 1688 5772 facies
1725 5715 1932 5788 aquilae
1972 5733 2006 5770 a
2034 5715 2109 5770 si-
2212 5715 2396 5770 aditus
2420 5715 2572 5786 ﬁdei,
2601 5721 2664 5771 ut
2688 5717 3031 5773 credulitatis
3063 5717 3283 5790 possint
3314 5717 3496 5774 muris
3523 5715 3767 5786 includi;
3799 5723 3858 5773 et

545 5851 569 5878 ³
603 5841 788 5896 Exsta.
821 5841 878 5896 in
907 5840 1120 5896 Ordine
1145 5840 1428 5906 Romano,
1459 5841 1517 5894 et.
1543 5855 1668 5910 qua!
1698 5843 2035 5912 sequuntur,
2071 5856 2250 5913 usque
2283 5839 2356 5896 ad
2385 5857 2544 5898 num.
2579 5844 2941 5914 sequentem.
