4032 6180
224 298 332 353 353

1318 303 1403 358 DE
1441 301 1753 359 LITURGIA
1790 304 2164 361 GALLICANA
2204 280 2402 363 LIBER
2442 308 2530 364 ιιι.

3501 328 3603 381 354-

216 406 382 461 viam
410 406 655 464 veritatis
692 407 773 465 eis
794 409 1017 481 plenius
1058 411 1307 467 revelare
1350 412 1610 483 dignare,
1652 417 1719 467 ut
1762 428 1865 467 ne-
1889 428 1950 500 Α
2039 417 2241 469 Panem
2280 421 2524 471 nostrum
2560 420 2937 488 quotidianum
2972 424 3046 479 da
3082 424 3235 483 nobis
3282 424 3457 487 hodie.
3505 434 3604 489 llic

219 500 414 555 sciant
439 518 544 573 per
572 502 802 559 semitas
826 504 1085 561 falsitatis
1124 520 1334 561 errare.
1374 508 1699 577 Agnoscant
1741 523 1868 578 qua:

216 599 364 649 sunt
402 594 688 663 salutaria,
718 600 783 651 ut
814 596 1030 668 possint
1070 597 1245 654 vitare
1283 598 1609 669 mortifera;
1649 604 1706 654 et
1738 600 1866 655 the-

212 703 426 741 sauros
453 688 772 761 intelligant
813 690 965 757 vitae,
1008 696 1077 747 ut
1112 692 1377 747 noverint
1415 692 1613 747 mortis
1645 693 1866 749 foveam

211 781 476 852 evitare;
506 788 562 837 et
588 783 879 839 residuum
903 785 1056 856 quod
1080 802 1213 841 cum
1239 786 1479 857 caligine
1505 786 1737 857 habent,
1767 788 1865 842 de-

207 881 473 945 ponant,
514 880 577 930 ut
616 876 1072 934 inlustrationem
1114 879 1289 935 totius
1334 879 1565 935 luminis
1607 885 1861 951 sumant;

203 967 377 1022 nihil
421 968 571 1024 intra
610 968 733 1024 illos
775 974 951 1027 restet
985 972 1347 1027 szecularium
1388 972 1761 1044 macularum,
1801 979 1867 1029 ut

196 1060 395 1132 digni
429 1061 862 1119 sanctiﬁcatione
895 1064 1248 1137 baptismatis
1289 1071 1702 1138 praeparentur.
1761 1069 1883 1157 Per.

195 1154 396 1210 Dom.
425 1161 705 1212 nostrum.

780 1227 1031 1279 Collectio
1056 1228 1289 1292 sequitur

281 1282 522 1352 Christe
547 1298 695 1367 Jesu,
736 1298 835 1371 qui
878 1300 1094 1355 cunctis
1129 1282 1331 1371 .portas
1374 1303 1578 1373 aperis,
1617 1308 1674 1358 et
1715 1304 1863 1358 viam

194 1388 430 1444 salutis
455 1391 719 1463 ostendis,
749 1394 1041 1450 venientes
1065 1394 1307 1450 famulos
1333 1400 1459 1451 tuos
1486 1397 1557 1451 ad
1602 1397 1862 1453 notitiam

191 1484 478 1539 nominis
506 1485 586 1541 tui
610 1485 853 1542 libenter
877 1487 1253 1560 amplectere;
1286 1493 1353 1544 ut
1378 1489 1462 1544 hii
1489 1489 1693 1545 divinae
1719 1491 1861 1562 legis

432 1578 719 1650 auspicati,
747 1584 803 1636 te
828 1580 1150 1637 desiderent
1174 1582 1429 1638 sensibus
1466 1584 1646 1655 sequi,
1688 1601 1862 1657 quem

192 1677 520 1742 ceperunt
538 1674 892 1729 sermonibus
912 1675 1171 1735 conﬁteri
1190 1694 1206 1745 ;
1227 1682 1283 1731 et
1302 1675 1372 1730 ab
1392 1677 1481 1732 his
1496 1678 1861 1748 plasmatibus

190 1764 325 1819 tuis
357 1766 566 1837 repelle
595 1766 803 1822 diaboli
828 1768 1180 1825 incursantes
1206 1769 1460 1840 insidias,
1493 1775 1555 1825 ut
1590 1771 1660 1826 ab
1700 1771 1859 1826 omni
1880 1797 1936 1869 B

191 1856 445 1925 loco,ah
460 1859 611 1914 omni
627 1859 826 1917 fraude
838 1862 1217 1933 dejectus,nec
1232 1864 1437 1918 animae
1453 1881 1725 1937 umquam
1738 1883 1861 1937 pos-

194 1951 277 2006 sit
290 1968 532 2023 nocere,
550 1970 653 2009 nec
669 1955 889 2026 corpori
904 1973 922 2025 ;
943 1958 1009 2011 ut
1025 1955 1289 2011 inimicus
1309 1956 1511 2012 divinae
1538 1958 1859 2030 inscriptio-

196 2046 297 2100 nis
331 2045 633 2102 character
656 2064 986 2120 agnoscens,
1011 2050 1167 2122 quod
1196 2066 1314 2105 esse
1333 2051 1456 2122 jam
1475 2051 1642 2123 cmpit
1669 2057 1855 2125 tuum,

195 2156 233 2194 a
263 2156 334 2195 se
364 2138 612 2195 fateatur
633 2140 884 2197 alienum
905 2159 1009 2214 per
1033 2143 1263 2215 signum
1288 2143 1488 2215 crucis,
1507 2145 1661 2217 quod
1684 2162 1855 2201 num-

196 2249 393 2305 quam
412 2232 621 2289 delebit
638 2234 975 2307 impressum
990 2236 1265 2292 insaecula
1282 2238 1639 2293 saeculorum.
1654 2242 1853 2296 Amen.

363 2333 498 2387 XIV.
540 2350 735 2389 mcmr
772 2350 1043 2392 resumo
1083 2351 1370 2392 ORATIONIS
1408 2353 1704 2395 DOHINICE.

274 2420 565 2476 Dominus
589 2420 615 2449 ³
656 2427 712 2480 et
745 2422 998 2479 Salvator
1036 2428 1228 2480 noster
1272 2426 1711 2497 discipulis‘suis
1754 2444 1854 2499 pe-

196 2512 473 2569 tentibus
505 2515 983 2587 quemadmodum
1017 2534 1176 2573 orare
1202 2517 1490 2589 deberent,
1520 2537 1637 2575 non
1674 2520 1857 2576 solum

197 2605 464 2664 formam
500 2608 769 2663 orationis
793 2609 1085 2678 concessit,
1106 2627 1306 2667 verum
1328 2613 1498 2667 etiam
1523 2630 1637 2685 qua
1666 2620 1855 2670 mente
1882 2686 1885 2689 γ

200 2707 262 2757 et
288 2701 545 2772 puritate
575 2707 943 2772 precarentur
963 2703 1225 2775 ostendit,
1247 2709 1313 2760 ut
1329 2705 1390 2759 in
1415 2706 1683 2777 praesenti
1701 2723 1856 2762 sacra

200 2795 342 2849 haec
367 2794 535 2850 lectio
569 2794 1009 2852 demonstravit:
1043 2797 1125 2852 Tu
1151 2801 1342 2853 autem
1369 2815 1501 2854 cum
1529 2799 1735 2871 orabis,
1762 2800 1855 2855 in-

198 2894 300 2943 tra
329 2888 391 2943 in
417 2888 748 2944 cubiculum
773 2894 973 2960 tuum;
1004 2895 1059 2946 et
1088 2891 1278 2947 clauso
1304 2891 1465 2963 ostio,
1498 2910 1596 2948 ora
1628 2895 1853 2950 Patrem

201 2986 405 3037 tuum.
445 2981 778 3038 Cubiculum
808 2982 960 3056 quod
992 2984 1268 3053 nominat,
1296 3003 1415 3041 non
1444 2987 1719 3043 occultam
1748 2987 1850 3043 do-

201 3092 383 3130 mum
414 3077 678 3147 ostendit,
700 3077 799 3133 sed
818 3078 1003 3133 cordis
1028 3079 1206 3133 nostri
1235 3084 1518 3136 secretum
1543 3098 1557 3136 :
1590 3082 1649 3136 id
1679 3086 1762 3138 est
1787 3086 1853 3138 ut

204 3168 386 3225 male:
410 3169 740 3242 cogitationi
766 3175 963 3243 pectus
992 3177 1255 3228 nostrum
1281 3174 1515 3246 mystica
1543 3174 1675 3231 ﬁdei
1702 3172 1851 3232 clave
1871 3165 1927 3242 C

204 3264 575 3334 claudamus;
618 3281 683 3319 ac
718 3265 879 3320 labiis
905 3265 1127 3337 clausis,
1155 3267 1481 3340 incorrupta
1516 3273 1707 3325 mente
1743 3270 1854 3326 Deo

201 3356 538 3431 loquamur.
566 3357 713 3436 Deus
740 3358 893 3414 enim
914 3365 1106 3415 noster
1133 3359 1283 3431 ﬁdei,
1313 3378 1429 3417 non
1454 3362 1603 3418 vocis
1631 3364 1855 3419 auditor

205 3457 323 3507 est.
361 3452 510 3524 Ergo
535 3452 690 3509 unde
720 3470 906 3508 sermo
932 3458 1034 3523 est,
1065 3454 1122 3510 id
1149 3459 1232 3510 est
1260 3454 1553 3527 sapientia,
1598 3457 1853 3514 Christus

207 3544 489 3601 Dominus
522 3552 717 3603 noster
741 3548 888 3603 hanc
917 3547 1230 3604 orationem
1269 3565 1371 3605 nos
1411 3550 1619 3621 docuit,
1660 3556 1725 3608 ut
1775 3553 1855 3608 ita

205 3653 445 3694 oremus
474 3655 488 3694 ἶ

289 3730 481 3805 345
520 3737 687 3790 Pater
712 3737 914 3801 noster,
943 3736 1039 3805 qui
1070 3751 1122 3791 es
1148 3738 1206 3791 in
1235 3736 1396 3793 caelis.
1423 3737 1551 3793 Haec
1575 3735 1853 3794 libertatis

207 3842 326 3881 vox
350 3832 455 3896 est,
483 3831 540 3883 et
564 3826 732 3898 plena
760 3826 983 3884 ﬁducia.
1023 3830 1169 3901 Ergo
1217 3830 1306 3885 his
1350 3830 1602 3887 moribus
1644 3837 1729 3887 est
1769 3833 1851 3888 vi-

205 3918 485 3991 vendum,
519 3925 581 3977 ut
606 3925 664 3976 et
693 3920 792 3976 filii
820 3922 939 3993 Dei,
973 3927 1029 3978 et
1054 3922 1258 3980 fratres
1284 3924 1491 3980 Christi
1522 3941 1641 3982 esse
1671 3926 1849 3998 possi-

208 4030 366 4069 mus.
397 4012 540 4070 Nam
568 4014 795 4070 Patrem
814 4032 980 4071 suum
996 4016 1175 4072 Deum
1193 4034 1307 4090 qua
1325 4020 1642 4076 temeritate
1667 4020 1851 4077 dicere

205 4106 530 4180 praesumit,
579 4108 680 4181 qui
719 4109 790 4163 ab
841 4109 963 4181 ejus
1007 4110 1295 4168 voluntate
1320 4113 1663 4185 degenerat?
1699 4116 1851 4171 unde

206 4217 317 4256 vos
364 4201 563 4274 dignos
620 4200 883 4259 exhibete
930 4204 1230 4276 adoptione
1292 4206 1512 4277 divina,
1580 4206 1853 4280 quoniam

204 4294 485 4367 scriptum
508 4301 593 4351 est
616 4313 631 4351 :
661 4297 948 4369 Quotquot
972 4298 1334 4356 crediderunt
1352 4300 1412 4356 in
1432 4315 1585 4369 eum,
1604 4300 1759 4358 dedit
1772 4301 1852 4357 eis

204 4390 549 4462 potestatem
576 4390 727 4446 filios
753 4391 853 4447 Dei
881 4391 1024 4449 ﬁeri.

291 4482 657 4554 Sanctiﬁcetur
682 4501 891 4541 nomem
920 4491 1090 4542 tuum.
1119 4484 1242 4543 Non
1267 4488 1419 4560 quod
1460 4488 1605 4544 Deus
1641 4487 1852 4544 nostris

208 4576 594 4633 sanctiﬁcetur
640 4578 1014 4648 oratiunibus,
1063 4580 1163 4653 qui
1201 4598 1427 4653 semper
1469 4582 1553 4637 est
1592 4585 1847 4637 sanctus:
1869 4542 1929 4614 D

206 4667 318 4725 sed
343 4667 588 4741 petimus
615 4676 682 4727 ut
708 4689 919 4729 nomen
963 4673 1086 4746 ejus
1126 4675 1505 4731 sanctiﬁcatur
1544 4676 1606 4731 in
1639 4675 1801 4730 nobis
1831 4690 1846 4744 ;

209 4764 290 4817 ut
315 4763 407 4835 qui
442 4761 503 4820 in
526 4764 866 4837 baptismate
897 4767 1018 4838 ejus
1044 4769 1477 4841 sanctificamur,
1509 4769 1568 4825 in
1613 4768 1671 4825 id
1700 4768 1851 4842 quod

208 4871 341 4913 esse
368 4859 639 4931 coepimus
666 4874 1113 4932 perseveremus.

292 4950 558 5009 Adveniat
568 4969 795 5024 regnum
811 4956 981 5011 tuum.
996 4954 1146 5011 Deus
1155 4969 1403 5029 namque
1417 4960 1610 5012 noster
1625 4956 1853 5030 quando

204 5054 336 5100 non
363 5051 584 5119 regnat,
614 5048 868 5104 maxime
894 5049 1055 5121 cujus
1081 5065 1329 5123 regnum
1368 5055 1452 5106 est
1486 5050 1806 5107 immortale
1824 5052 1853 5107 ?

205 5137 332 5194 Sed
354 5155 479 5196 cum
498 5140 741 5196 dicimus
766 5159 781 5197 :
815 5144 1011 5200 Veniat
1026 5159 1249 5215 regnum
1275 5148 1449 5208 tuum,
1479 5149 1739 5200 nostrum
1765 5161 1854 5201 re-

208 5247 399 5305 gnum
435 5230 682 5307 petimus
727 5234 1010 5309 advenire,
1056 5254 1090 5293 a
1132 5238 1247 5294 Deo
1279 5237 1443 5293 nobis
1484 5238 1849 5311 promissum,

204 5324 422 5382 Christi
446 5329 727 5401 sanguine
755 5335 812 5386 et
830 5331 1088 5403 passione
1116 5332 1440 5405 quaesitum.

294 5421 411 5476 Fiat
436 5425 685 5480 voluntas
710 5429 827 5489 tua,
849 5427 992 5482 sicut
1012 5428 1071 5481 in
1095 5428 1219 5483 calo
1240 5430 1292 5482 et
1314 5429 1373 5482 in
1403 5432 1566 5483 terra.
1593 5427 1653 5482 ld
1685 5430 1769 5482 est
1792 5427 1851 5482 in

206 5529 291 5570 eo
322 5509 411 5570 ﬁat
431 5517 691 5573 voluntas
714 5522 814 5574 tua
842 5523 905 5575 ut
928 5520 1080 5592 quod
1108 5525 1173 5577 tu
1198 5520 1281 5577 vis
1305 5520 1366 5576 in
1406 5521 1565 5593 caelo,
1602 5521 1708 5577 hoc
1746 5537 1851 5577 nos

204 5606 283 5665 in
316 5610 454 5666 terra
474 5612 646 5684 positi
663 5612 1250 5686 inreprehensibiliter
1273 5615 1565 5672 faciamus.

294 5728 329 5759 ⁸
355 5733 423 5789 Ita
446 5735 504 5792 in
531 5737 743 5794 Ordine
770 5739 1049 5797 Romano.

298 5800 335 5841 δ
365 5804 419 5861 id
451 5812 534 5883 est
555 5809 625 5883 in_
640 5810 951 5883 Dominica
991 5810 1337 5883 Palmarum,
1387 5817 1451 5871 ut
1493 5813 1751 5871 videmus
1791 5813 1853 5872 in

205 5873 341 5937 lib.
364 5891 417 5948 ιι,
441 5883 494 5938 et
519 5880 578 5939 in
606 5880 810 5940 Missali
838 5882 1093 5942 Gothico.

1968 507 2281 578 spiritalem
2308 508 2500 565 cibum
2519 510 2837 586 intelligere
2863 515 3154 576 debemus.
3175 522 3429 580 Christus
3448 526 3603 583 enim

1966 602 2129 672 panis
2175 607 2260 657 est
2297 607 2510 675 noster,
2545 606 2645 677 qui
2685 608 2829 663 dixit
2860 626 2873 664 :
2916 611 3033 682 Ego
3074 630 3200 670 sum
3225 618 3388 688 panis
3411 619 3601 689 vivus,

1967 694 2068 766 qui
2095 695 2164 750 de
2193 696 2331 750 caelo
2373 696 2657 755 descendi.
2686 702 2866 765 Quem
2901 706 3232 763 cotidianum
3277 711 3487 783 dicens,
3524 713 3605 770 ita

1964 803 2071 842 nos
2101 804 2326 860 semper
2353 789 2635 847 immunes
2654 797 2925 869 praecepit
2950 815 3072 855 esse
3096 804 3333 872 peccati,
3348 808 3415 861 ut
3441 807 3603 880 digni

1966 880 2144 936 simus
2173 883 2489 939 caelestibus
2516 886 2819 944 alimentis.

2036 978 2106 1030 Et
2129 976 2343 1032 dimitte
2366 978 2517 1033 nobis
2545 980 2731 1036 debita
2755 988 2960 1052 nostra,
2988 989 3129 1043 sicut
3149 994 3203 1044 et
3234 1006 3328 1047 nos
3363 993 3596 1050 dimitti-

1963 1083 2083 1124 mus
2107 1070 2435 1128 debitoribus
2458 1077 2678 1130 nostris.
2704 1077 2817 1131 Hoc
2846 1083 3075 1149 pactum
3102 1088 3205 1152 est,
3253 1085 3598 1161 signiﬁcans,

1964 1177 2080 1217 non
2109 1179 2212 1218 nos
2230 1164 2392 1220 aliter
2414 1171 2776 1237 peccatorum
2801 1187 2963 1242 posse
2998 1175 3219 1231 veniam
3260 1182 3597 1254 promereri,

1917 1242 1927 1263 ‘
1962 1255 2071 1310 nisi
2109 1257 2269 1328 prius
2295 1275 2399 1314 nos
2443 1260 2502 1315 in
2535 1262 2697 1317 nobis
2739 1264 3199 1337 delinquentibus
3228 1271 3350 1327 aliis
3374 1275 3598 1332 veniam

1963 1349 2302 1422 relaxemus,
2331 1352 2477 1409 sicut
2491 1353 2549 1409 in
2571 1356 2878 1429 Evangelio
2901 1360 3168 1417 Dominus
3191 1369 3384 1421 noster
3411 1368 3547 1424 dicit
3580 1387 3596 1425 :

1962 1442 2077 1497 Nisi
2106 1443 2429 1501 dimiseritis
2454 1454 2682 1519 peccata
2709 1451 3055 1523 hominibus,
3091 1472 3196 1512 nec
3247 1459 3405 1515 vobis
3436 1463 3599 1518 Pater

1963 1541 2144 1592 vester
2169 1538 2415 1595 dimittet
2440 1549 2686 1613 peccata.

2032 1632 2102 1685 Et
2130 1647 2195 1687 ne
2222 1648 2317 1688 nos
2336 1635 2565 1691 inducas
2586 1640 2644 1692 in
2666 1642 3029 1696 tentationem.
3066 1643 3125 1698 Id
3150 1650 3235 1701 est
3263 1661 3335 1703 ne
3361 1663 3464 1703 nos
3491 1664 3593 1721 pa-

1962 1722 2120 1778 tiaris
2163 1725 2355 1781 induci
2393 1728 2463 1782 ab
2499 1744 2566 1784 eo
2604 1731 2704 1802 qui
2745 1736 2942 1801 tentat,
2996 1737 3285 1807 pravitatis
3340 1747 3592 1801 auctore.

1960 1816 2100 1871 Nam
2125 1818 2258 1873 dicit
2285 1820 2576 1893 Scriptura
2603 1841 2617 1877 :
2660 1825 2805 1880 Deus
2828 1827 2980 1882 enim
3007 1828 3313 1888 intentator
3340 1840 3424 1890 est
3468 1828 3594 1893 ma.

1960 1910 2166 1966 lorum.
2201 1913 2460 1969 Diabolus
2479 1931 2611 1971 vero
2636 1922 2882 1974 tentator
2907 1926 3009 1977 est.
3033 1923 3117 1978 Ad
3143 1940 3317 1995 quem
3339 1928 3597 1986 evincen-

1959 2002 2098 2058 dum
2125 2005 2398 2063 Dominus
2424 2007 2565 2065 dixit
2591 2028 2605 2066 :
2640 2012 2879 2083 Vigilate
2905 2019 2961 2071 et
2985 2022 3159 2088 orate,
3181 2035 3252 2075 ne
3283 2020 3507 2078 intretis
3533 2024 3595 2080 in

1957 2098 2355 2156 tentationem.

2027 2193 2134 2249 Sed
2162 2194 2331 2250 libera
2370 2211 2467 2251 nos
2507 2213 2542 2253 a
2585 2200 2751 2256 malo.
2807 2202 2918 2257 Hoc
2959 2202 3086 2259 ideo
3123 2206 3220 2275 ait,
3263 2209 3399 2280 quia
3451 2209 3595 2267 dixit

1957 2287 2255 2357 Apostolus
2287 2307 2301 2344 :
2333 2290 2568 2347 Nescitis
2596 2293 2736 2364 quid
2761 2295 2917 2350 vobis
2940 2303 3197 2369 oporteat
3225 2318 3407 2359 orare.
3435 2304 3593 2361 Unde

1957 2378 2103 2434 Deus
2129 2382 2485 2454 omnipotens
2508 2385 2585 2441 ita
2609 2403 2642 2441 a
2656 2387 2820 2443 nobis
2845 2391 3089 2447 orandus
3109 2399 3212 2465 est,
3227 2399 3293 2451 ut
3314 2397 3593 2471 quidquid

1955 2470 2208 2529 humana
2231 2475 2507 2548 fragilitas
2533 2496 2726 2535 cavere
2746 2485 2803 2537 et
2826 2483 3002 2540 vitare
3029 2502 3144 2541 non
3169 2491 3457 2562 praevalet,
3476 2470 3592 2548 hoc

1955 2563 2048 2619 ille
2074 2568 2352 2638 propitius
2377 2571 2542 2626 nobis
2573 2574 2831 2630 conferre
2858 2577 3127 2649 dignetur
3152 2582 3310 2637 Jesus
3335 2584 3594 2641 Christus

1956 2658 2229 2715 Dominus
2264 2668 2475 2731 noster,
2504 2665 2604 2737 qui
2628 2666 2762 2722 vivit
2789 2674 2845 2723 et
2870 2675 3077 2741 regnat
3102 2689 3231 2729 cum
3262 2677 3382 2746 .Deo
3428 2679 3592 2733 Patre

1954 2751 2341 2825 omnipotente
2368 2760 2424 2812 et
2447 2757 2659 2829 Spiritu
2688 2767 2882 2817 sancto
2907 2780 3012 2835 per
3039 2767 3231 2821 omnia
3259 2769 3464 2825 saecula
3492 2787 3593 2826 sae-

1954 2846 2232 2904 culorum.

2024 2939 2216 3015 346
2231 2934 2577 3001 Patefactum
2597 2948 2772 3019 vobis,
2797 2950 3139 3008 dilectissimi
3163 2955 3345 3025 nobis,
3370 2955 3589 3013 Oratio-

1950 3049 2085 3088 nem
2113 3041 2169 3091 et
2194 3037 2521 3108 Symbolum
2549 3041 2841 3099 catholicas
2866 3044 3001 3100 ﬁdei
3026 3049 3364 3118 cognovistis
3396 3067 3409 3106 :
3437 3064 3592 3107 nunc

1950 3133 2140 3184 autem
2162 3130 2382 3187 habetis
2408 3134 2709 3206 magistros
2733 3136 2898 3193 illum
2948 3139 3361 3214 Primicerium,
3400 3149 3458 3200 et
3493 3147 3590 3201 Se-

1952 3224 2203 3279 cundum
2229 3225 2351 3297 ejus
2375 3226 2560 3299 illum,
2592 3230 2691 3301 qui
2716 3247 2813 3286 vos
2858 3232 3138 3290 edoceant
3173 3236 3331 3292 nullo
3372 3242 3591 3295 mutato

1953 3332 2233 3390 sermone,
2267 3320 2366 3374 sed
2394 3325 2458 3375 ut
2486 3322 2720 3378 audistis
2745 3324 2807 3379 in
2833 3328 3122 3397 praesenti.
3150 3330 3353 3385 Potens
3382 3337 3467 3388 est
3487 3334 3597 3387 Do-

1950 3410 2140 3466 minus
2184 3417 2394 3484 noster,
2425 3420 2489 3470 ut
2513 3431 2611 3469 vos
2642 3416 2742 3488 qui
2759 3418 2831 3473 ad
2860 3416 3032 3474 ﬁdem
3061 3422 3308 3493 curritis,
3340 3425 3411 3479 ad
3435 3426 3588 3482 lava-

1953 3521 2115 3559 crum
2139 3522 2302 3577 aquae
2322 3508 2772 3578 regenerationis
2790 3511 3091 3583 perducat;
3121 3518 3178 3570 et
3192 3532 3293 3570 nos
3309 3518 3409 3589 qui
3432 3518 3590 3576 vobis

1951 3599 2285 3671 mysterium
2309 3599 2442 3656 ﬁdei
2479 3600 2767 3659 catholicae
2807 3621 2922 3660 una
2958 3606 3253 3680 tradimus,
3298 3612 3589 3669 vobiscum

1950 3693 2021 3747 ad
2047 3693 2284 3748 caelestia
2303 3710 2480 3766 regna
2498 3692 2665 3751 faciat
2680 3699 2998 3770 pervenire,
3025 3707 3327 3770 praestante
3349 3705 3587 3763 Domino

1951 3791 2143 3841 nostro
2184 3788 2313 3842 Jesu
2358 3787 2598 3860 Christo,
2642 3790 2733 3846 cui
2769 3797 2854 3849 est
2891 3793 3078 3850 honor
3106 3800 3162 3852 et
3190 3796 3499 3871 imperium
3529 3800 3589 3858 in

1952 3881 2158 3936 saecula
2176 3880 2538 3939 saeculorum.
2572 3886 2772 3941 Amen.

2219 3974 2325 4028 KV.
2367 3990 2526 4032 MISSA
2564 3993 2619 4033 IN
2657 3994 2884 4036 svmeou
2910 3979 2937 4021 ι)
2974 3996 3313 4040 TRADITIONE.

2023 4054 2084 4108 In
2107 4054 2361 4126 geminas
2386 4060 2573 4128 partes
2598 4057 2750 4115 diem
2772 4061 2927 4117 hunc
2953 4064 3330 4120 excolendum
3351 4065 3592 4141 comple.

1955 4146 2144 4218 ctitur,
2176 4146 2430 4221 Domine,
2472 4154 2680 4209 nostra;
2710 4154 2995 4211 servitutis
3027 4156 3340 4230 famulatio,
3381 4161 3470 4216 vel
3501 4162 3590 4218 die

1945 4237 2153 4312 jejunii
2178 4243 2332 4299 cultu
2359 4251 2595 4316 sacrato,
2626 4248 2716 4303 vel
2742 4248 2811 4305 de
2842 4248 3161 4322 insignibus
3186 4250 3298 4307 tuis
3326 4267 3455 4324 quas
3480 4253 3584 4309 ho-

1952 4333 2042 4391 die
2070 4335 2355 4395 fulserunt
2398 4336 2753 4397 mirabilibus
2786 4359 2800 4398 :
2850 4360 2963 4415 qua
3006 4344 3276 4400 Lazarum
3314 4346 3592 4403 reduxisti

1952 4431 2080 4501 post
2102 4429 2349 4502 Tartara,
2378 4450 2509 4488 cum
2534 4431 2605 4488 ad
2631 4450 2825 4490 vocem
2853 4432 3205 4493 intonantem
3229 4436 3501 4511 exsilivit;
3535 4445 3591 4498 et

1952 4526 2315 4596 quatriduani
2336 4527 2459 4598 jam
2482 4529 2728 4584 faetentis
2754 4529 2927 4585 funus
2955 4526 3242 4587 viviﬁcans
3284 4531 3547 4591 animasti
3570 4554 3587 4606 ;

1951 4619 2038 4674 vel
2054 4620 2222 4675 etiam
2244 4636 2410 4676 causa
2431 4618 2690 4678 miraculi
2716 4623 3100 4695 obstupefacta
3119 4626 3395 4698 plaudens
3423 4629 3592 4685 turba

1951 4713 2207 4769 Bettania
2253 4716 2498 4771 accurrit
2547 4730 2679 4772 cum
2726 4717 2930 4790 palmis
2978 4718 3084 4774 tibi
3150 4720 3372 4777 obviam
3424 4724 3588 4796 Regi.

1952 4806 2168 4863 Exaudi
2197 4823 2298 4863 nos
2331 4809 2391 4864 in
2416 4810 2522 4865 hoc
2568 4812 2855 4883 geminato
2900 4812 3186 4870 servitutis
3230 4821 3441 4872 nostra
3486 4818 3587 4873 ob.

1952 4901 2168 4973 sequio,
2224 4906 2281 4958 et
2330 4908 2534 4976 praesta
2585 4906 2924 4978 propitiatus
2971 4912 3140 4981 atque
3195 4908 3467 4981 placatus,
3523 4913 3591 4967 ut

1950 4996 2157 5051 animae
2184 5001 2412 5068 nostrae,
2444 5015 2572 5071 quas
2610 5001 2831 5056 tumulo
2875 5006 3007 5058 sunt
3050 5008 3410 5074 peccatorum
3452 5020 3591 5061 con-

1952 5089 2141 5159 clusae,
2171 5095 2227 5145 et
2267 5089 2594 5149 cicatricum
2633 5093 2947 5151 morbidata
2976 5103 3207 5169 corrupt
3245 5111 3290 5155 ο.
3336 5141 3349 5156 .
3395 5140 3408 5157 .
3455 5141 3469 5158 .
3504 5142 3528 5158 .
3574 5142 3587 5159 .

2023 5188 2221 5241 Desunt
2246 5187 2331 5241 hic
2352 5188 2549 5244 multa.

1954 5294 3590 5327 οοοδοιιδοσδιδοοδδοδδῦσαι...ο

1950 5328 2118 5383 Pater
2151 5344 2222 5383 ex
2247 5329 2361 5385 alto
2388 5329 2685 5399 clarificat;
2719 5331 2793 5387 ad
2817 5347 3122 5389 commune
3149 5334 3425 5408 gaudium
3452 5356 3588 5397 con-

1951 5421 2165 5478 cutitur
2187 5422 2347 5493 plebs
2381 5423 2720 5494 hominum;
2772 5430 3033 5483 movetur
3071 5434 3131 5486 et
3179 5431 3403 5488 caelum.
3443 5437 3590 5492 Ante

1952 5516 2112 5587 cujus
2137 5520 2502 5587 conspectum
2530 5516 2752 5575 adstant
2776 5520 2987 5593 angeli,
3016 5527 3075 5580 et
3110 5525 3439 5598 archangeli
3473 5544 3589 5585 non

1951 5613 2171 5665 cessant
2196 5609 2463 5681 clamare,
2491 5610 2741 5669 dicentes
2775 5632 2789 5669 :
2823 5614 3080 5673 Sanctus.

2022 5747 2047 5777 α
2080 5736 2218 5801 Quae
2242 5735 2586 5818 hic_desunt,
2616 5743 2808 5818 repete
2847 5755 2923 5818 ex
2951 5740 3151 5797 Missali
3187 5739 3588 5818 Gothicogalli-

1952 5823 2092 5866 cano
2117 5823 2278 5866 num.
2309 5811 2401 5878 27,
2425 5809 2527 5866 ubi
2555 5809 2754 5868 eadem
2783 5810 2983 5868 oratio.
