4054 6188
455 345 554 400 355

1077 447 1198 495 Post
1230 447 1448 493 secreta.

521 531 722 604 Aspice
743 544 767 572 ³
795 529 1010 586 sincero
1029 529 1210 595 vultu,
1231 527 1324 598 pie
1339 525 1656 596 miserator,
1669 525 1794 580 haec
1813 540 2074 593 munera,

450 627 550 698 qui
579 641 802 698 semper
825 641 882 679 es
919 637 1234 694 propensus
1259 621 1328 676 ad
1357 621 1537 690 dona;
1575 623 1640 675 ut
1663 619 1786 691 ipsa
1821 623 2074 674 contem-

1247 333 1574 391 APPENDIX
1615 335 1700 387 AD
1737 333 1956 388 OPERA
1995 329 2226 387 SANCTI
2263 331 2560 386 GERMANI
2601 329 3023 384 PARISIENSIS.

2098 439 2381 525 Aﬁducia
2419 440 2778 512 iresurgendi.
2821 439 3000 511 Digne
3047 455 3186 512 ergo
3216 438 3556 494 adtentiores
3593 441 3650 492 et
3691 439 3804 492 fre-

2733 265 2768 286 θ

3704 335 3804 384 3336

2180 535 2505 607 quentiores
2541 551 2645 606 pro
2675 533 2892 590 ratione
2921 534 3190 606 temporis
3225 533 3419 605 ipsius,
3447 530 3706 604 puriores
3735 532 3808 586 ad

2177 629 2524 684 audiendum
2576 628 2908 700 Symbolum
2947 627 3276 683 convenitis.
3336 623 3613 698 Quicquid
3653 625 3806 680 enim

451 721 696 793 platione
757 717 940 772 oblata
989 715 1298 770 sanctiﬁces
1339 714 1586 769 naturali
1623 713 1934 784 majestate,
1979 713 2080 783 qui
2177 723 2606 794 Ρι-εθῑοι-ωαιιιω
2633 727 2714 778 ρει
2739 723 2800 777 in
2825 721 3178 794 patrial-oms,
3211 719 3479 793 quicquid
3505 719 3808 774 denuncia.

449 817 721 886 perpetua
741 815 966 865 sanctus
987 826 1065 876 es,
1091 814 1148 864 et
1165 813 1360 864 sancta
1385 808 1629 879 largiris.
1647 809 1752 863 Per
1775 806 2077 863 Dominum

450 911 709 961 nostrum
732 907 923 960 Jesum
948 903 1234 958 Christum
1255 903 1458 957 Filium
1487 907 1674 957 tuum.

885 1001 1132 1052 Collectio
1173 1004 1290 1050 ante
1333 1000 1638 1051 orationem.

521 1082 938 1140 Venerabilibus
967 1083 1254 1138 informati
1273 1084 1586 1154 praeceptis,
1601 1081 1816 1138 incitati
1839 1097 2076 1136 munere

447 1177 687 1250 pietatis,
715 1179 814 1249 qui
841 1177 1026 1233 Mariae
1053 1177 1238 1232 ﬂentis
1265 1177 1542 1249 lacrymas
1567 1193 1682 1232 non
1711 1175 1950 1248 spernis,
1979 1176 2076 1230 La—

445 1288 571 1326 zaro
601 1273 903 1343 dignanter
922 1275 1368 1343 cognomentum
1396 1271 1584 1326 fratris
1607 1269 1872 1342 imponis,
1894 1270 2075 1324 Eccle-

443 1367 544 1422 siae
579 1366 794 1420 soboles
827 1366 1076 1438 appellas
1101 1382 1198 1420 ore
1227 1365 1423 1436 gratia:
1449 1365 1773 1436 coheredes,
1805 1363 1908 1419 tibi
1937 1379 2072 1435 sup-

442 1459 614 1532 plices
641 1460 946 1514 clamamus
974 1469 1030 1515 et
1059 1459 1298 1514 dicimus
1327 1478 1340 1513 :
1367 1461 1534 1514 Pater
1557 1463 1769 1515 noster.

862 1559 986 1606 Post
1009 1557 1298 1608 orationem
1323 1557 1668 1607 Dominicam.

514 1641 744 1708 Exerce,
777 1639 1064 1708 liberator,
1093 1639 1154 1694 in
1190 1637 1353 1694 nobis
1393 1639 1540 1709 juris
1575 1636 1790 1710 proprii
1835 1637 2069 1692 faculta-

441 1739 578 1803 tem,
611 1733 708 1806 qui
735 1735 1002 1788 Lazarum
1028 1732 1254 1802 virtute,
1283 1732 1511 1786 Mariam
1538 1731 1769 1803 pietate,
1798 1731 2072 1788 Martham

2177 821 2302 873 tum
2331 819 2418 872 est
2441 816 2501 872 in
2527 816 2849 888 Scripturis,
2889 815 3160 888 quicquid
3202 814 3572 886 praedicatum
3617 817 3700 868 est
3745 813 3808 868 in

2175 911 2488 983 prophetis,
2509 909 2598 966 vel
2623 911 2692 965 de
2719 912 2832 966 Deo
2855 909 3133 982 ingenito,
3160 909 3247 964 vel
3273 924 3342 964 ex
3371 909 3480 962 Deo
3527 907 3588 962 in
3627 908 3804 962 Deum

2175 1009 2330 1074 nato,
2360 1005 2446 1060 vel
2475 1005 2545 1060 de
2574 1003 2784 1076 Spiritu
2811 1008 3000 1060 sancto
3032 1002 3305 1075 (quamvis
3331 1002 3576 1058 latenter
3613 1005 3804 1056 osten-

2176 1115 2302 1154 sum
2332 1099 2418 1170 sit)
2445 1099 2532 1154 vel
2558 1098 2627 1153 de
2653 1096 2994 1170 suscipiendi
3018 1097 3268 1152 hominis
3303 1099 3678 1164 sacramento,
3718 1095 3808 1148 vel

2176 1193 2244 1248 de
2269 1197 2452 1248 morte
2479 1191 2724 1262 Domini,
2747 1190 3287 1262 resurrectionisque
3305 1187 3498 1263 348
3514 1189 3804 1260 mysterio,

2174 1289 2358 1341 totum
2386 1286 2492 1342 hoc
2521 1286 2689 1342 breve
2731 1290 2954 1340 tantum
2984 1285 3151 1356 juxta
3189 1285 3480 1339 oraculum
3517 1281 3807 1354 propheti-

2175 1397 2306 1435 cum
2333 1379 2631 1452 Symbolus
2659 1379 2720 1433 in
2745 1395 2802 1434 se
2827 1379 3096 1447 continet,
3119 1377 3457 1434 continendo
3484 1380 3540 1431 et
3566 1375 3800 1430 salutem

2174 1477 2449 1545 nostram,
2485 1473 2857 1528 conlationem
2894 1471 3046 1540 ﬁdei,
3089 1477 3146 1527 et
3189 1471 3450 1544 gratiam,
3495 1469 3795 1542 professio-

2172 1585 2306 1624 nem
2332 1567 2584 1640 mysterii
2613 1566 2910 1622 memoriae
2935 1567 3224 1622 instruens
3266 1563 3802 1620 commendandam.

2173 1661 2280 1717 Sed
2300 1661 2423 1732 jam
2450 1662 2520 1716 ad
2539 1661 2698 1717 istius
2734 1659 3068 1716 sacramenti
3102 1658 3512 1732 plenitudinem
3549 1661 3802 1714 textum-

2172 1772 2282 1828 que
2303 1755 2617 1822 veniamus,
2645 1755 2796 1828 quod
2827 1754 2884 1810 in
2913 1755 3019 1810 hoc
3049 1754 3219 1810 modo
3241 1752 3460 1824 incipit.

439 1827 633 1882 labore
659 1843 1014 1896 remuneras;
1044 1826 1296 1880 favorem
1319 1825 1516 1920 plebis
1546 1825 1776 1896 excipis,
1829 1830 1885 1881 et
1919 1825 2071 1896 pacis
2090 1825 2147 1898 B
2187 1825 2209 1828 “
2243 1850 2420 1906 Credo
2446 1849 2506 1904 in
2523 1825 2703 1906 [καί]
2731 1851 2958 1905 patrem
2983 1848 3454 1920 omnipotentem,
3479 1846 3804 1902 Creatorem

439 1937 572 1976 voce
603 1921 843 1976 concina
869 1920 1145 1990 gloriaris.
1177 1921 1282 1975 Per
1310 1919 1470 1974 Dom.
1500 1923 1780 1974 nostrum.

987 2017 1290 2068 Benedictio
1313 2017 1510 2082 papuli.

509 2097 698 2172 347
731 2101 1054 2154 Perseveret
1079 2099 1138 2152 in
1167 2099 1276 2168 his,
1317 2097 1572 2166 Domine,
1614 2099 1836 2156 caeleste
1875 2100 2066 2171 signa-

436 2191 650 2262 culum,
681 2191 836 2264 quod
865 2191 926 2246 in
954 2191 1034 2246 eis
1063 2192 1320 2246 conferre
1353 2191 1620 2264 dignatus
1653 2208 1710 2248 es
1742 2191 1808 2262 -ξ·;
1838 2197 1903 2247 ut
1931 2210 2066 2264 pro—

436 2287 570 2341 tecti
621 2286 833 2358 Spiritu
886 2290 1098 2356 sancto,
1148 2285 1568 2341 incrementum
1618 2285 1771 2356 ﬁdei,
1831 2287 2064 2342 tutelam

435 2378 736 2448 mentium,
791 2377 1090 2434 sanitatem
1132 2395 1440 2451 corporum
1489 2379 1758 2452 consequi
1803 2395 2064 2436 merean—

439 2476 534 2528 tur
563 2471 619 2533 ’ξπ

505 2566 757 2622 Concede
781 2565 840 2620 in
869 2565 958 2620 his
1001 2567 1380 2622 immaculata:
1427 2567 1558 2623 vita:
1606 2566 1848 2638 divitias,
1893 2568 2066 2623 ﬁdem

433 2663 668 2728 rectam,
685 2676 882 2732 pacem
893 2660 1192 2730 sinceram,
1206 2661 1537 2733 patientiam
1549 2666 1820 2729 sanctam,
1839 2662 2064 2716 humili-

430 2759 602 2810 tatem
629 2754 972 2826 religiosam,
1002 2761 1060 2810 et
1088 2755 1490 2810 conscientiam
1517 2771 1722 2827 puram
1737 2754 1795 2816 'l'.
1823 2757 2061 2827 Prospe-

427 2853 516 2904 ret
544 2848 622 2904 eis
649 2847 899 2903 sanitatis
943 2849 1157 2920 laetitia,
1191 2850 1357 2920 plena
1401 2849 1804 2904 incolumitatis
1832 2850 2060 2922 gaudia,

428 2946 485 2998 et
520 2941 960 2997 inluminatione
1007 2947 1220 2998 aeterna
1242 2947 1312 3013 +;
1351 2946 1418 2998 ut
1453 2948 1641 2998 sancte
1683 2943 1952 3014 viventes,
1992 2945 2062 3000 de

428 3035 533 3089 hac
553 3035 756 3090 humili
781 3038 1121 3106 terrenaque
1158 3036 1416 3107 prosapia
1451 3036 1688 3091 heredes
1727 3037 1974 3094 caelestes
2000 3038 2062 3092 in

427 3127 524 3184 illo
549 3128 728 3184 beatae
760 3127 957 3200 gloriae
985 3145 1163 3200 regno
1190 3145 1322 3184 cum
1355 3129 1548 3185 electis
1589 3131 1807 3203 angelis
1848 3135 1904 3186 te
1951 3132 2058 3204 hy-

425 3238 562 3278 mno
589 3221 948 3278 confessionis
975 3222 1095 3279 sine
1113 3221 1226 3280 ﬁne
1245 3225 1604 3282 conlaudent.
1627 3227 1734 3282 Per
1757 3226 2060 3282 Dominum
2081 3197 2136 3271 Ο

421 3321 705 3374 nostrum.
771 3373 774 3376 .

826 3387 1060 3438 Praefatio
1095 3391 1212 3453 post
1244 3387 1642 3439 Eucharistiam.

493 3467 767 3552 Accerptis,
823 3471 1024 3525 fratres
1065 3469 1359 3540 carissimi,
1413 3469 1758 3542 spiritalibus
1798 3471 1955 3542 cibis,
2003 3477 2060 3529 et

421 3563 628 3618 Christi
689 3579 886 3618 cruore
935 3567 1180 3635 gustato,
1223 3568 1484 3635 petamus
1533 3568 1599 3619 ut
1633 3564 1913 3637 possideat
1953 3583 2055 3639 pe-

420 3661 594 3726 ctora,
621 3657 720 3728 qui
759 3659 952 3711 nostra
992 3674 1090 3711 ora
1140 3657 1406 3729 dignatus
1449 3661 1534 3713 est
1569 3659 1912 3715 sanctiﬁcare
1953 3677 2058 3732 per

417 3765 700 3804 munera:
751 3749 868 3820 ipse
918 3751 1166 3822 corporis
1222 3751 1400 3806 nostri
1453 3757 1660 3823 purget
1699 3753 2050 3826 hospitium;

418 3845 651 3914 totoque
677 3841 974 3897 intrisecus
989 3844 1220 3898 homine
1235 3845 1476 3915 deterso,
1495 3846 1848 3902 sanctiﬁcatis
1871 3864 2049 3904 mem-

422 3933 540 3990 bris
567 3935 797 3991 innovet
823 3933 1086 4008 spiritum
1116 3939 1476 3993 sanctiorem.

1105 4035 1192 4086 Col
1203 4035 1374 4086 lectio.

487 4115 652 4171 Panis
677 4115 805 4172 vitae
831 4119 1038 4172 nostrae
1064 4117 1270 4188 aspice,
1305 4117 1453 4172 Deus
1483 4133 1496 4171 :
1527 4117 1604 4173 sis
1639 4119 1890 4176 custodia
1922 4137 2048 4176 cor—

411 4225 644 4282 porum,
673 4210 748 4265 sis
774 4209 1110 4266 salviﬁcator
1127 4209 1469 4280 animarum,
1501 4214 1563 4266 ut
1593 4217 1821 4284 pectora
1859 4219 2048 4270 nostra

408 4309 566 4360 tanto
591 4306 793 4377 poculo
829 4305 1067 4378 ciboque
1107 4304 1348 4375 ﬁrmata,
1395 4303 1624 4360 inimica
1668 4305 1888 4362 subdoli
1925 4325 2044 4364 ser-

410 4399 596 4470 pentis
621 4397 1010 4455 blandimenta
1027 4417 1144 4455 non
1164 4399 1439 4472 quatiant.
1463 4401 1569 4456 Per
1593 4401 1757 4456 Dom.
1785 4406 2046 4458 nostrum

408 4491 600 4548 Jesum
627 4491 912 4550 Christum
945 4493 1170 4550 Filium.

703 4599 834 4652 XVI.
861 4596 900 4658 '1‘
937 4615 1130 4655 INCIPIT
1171 4615 1440 4656 axroslrlo
1481 4615 1734 4658 smnom.

483 4688 702 4748 Fratres
731 4693 1099 4767 dilectissimi,
1128 4697 1305 4753 virtus
1333 4703 1418 4754 est
1443 4699 1777 4755 sacramenti
1807 4699 2036 4755 inlumi-

407 4780 561 4842 natio
588 4787 827 4859 animae;
859 4789 1148 4860 plenitudo
1173 4797 1257 4847 est
1289 4793 1552 4848 credendi
1577 4794 1638 4849 in
1682 4811 1768 4864 eo,
1796 4795 1898 4867 qui
1936 4795 2036 4850 do-

405 4885 584 4952 cetur,
616 4898 680 4938 ac
711 4877 945 4938 discitur
969 4901 986 4953 ;
1021 4888 1077 4939 et
1105 4885 1296 4940 Unitas
1325 4891 1408 4940 est
1434 4888 1738 4956 Trinitatis,
1768 4893 1825 4944 et
1852 4889 2036 4944 Trini-

406 4981 490 5031 tas
533 4977 792 5033 distincta
857 4977 1133 5050 personis,
1189 4983 1246 5034 et
1296 4980 1584 5050 opulentia
1632 4983 1926 5055 Creatoris,
1982 4989 2038 5040 et

405 5070 720 5142 redemptio
745 5071 1042 5143 passionis.
1073 5073 1185 5127 Hoc
1214 5089 1392 5128 nexus
1423 5073 1769 5132 inﬁdelitatis
1793 5079 2034 5136 absolvi-

403 5165 520 5233 tur,
547 5163 652 5219 hoc
676 5165 806 5220 vitae
825 5166 1005 5236 janua
1029 5167 1318 5239 panditur,
1343 5168 1449 5222 hoc
1467 5169 1647 5239 gloria
1673 5173 2035 5230 confessionis

404 5257 737 5313 ostenditur.
765 5259 1082 5331 Symbolus,
1111 5261 1476 5334 dilectissimi,
1509 5263 1693 5319 brevis
1719 5269 1804 5320 est
1827 5268 2030 5339 verbis,

403 5350 502 5406 sed
527 5367 770 5422 magnus
795 5359 880 5409 est
904 5356 1301 5427 sacramentis;
1330 5373 1534 5429 parum
1579 5359 1880 5415 ostendens
1921 5361 2031 5416 im-

399 5443 718 5501 minutione
737 5447 1071 5518 latitudinis,
1099 5451 1196 5506 sed
1221 5455 1404 5507 totum
1435 5453 1728 5510 continens
1759 5471 2030 5527 compen-

397 5541 490 5596 dio
519 5540 840 5596 brevitatis:
889 5541 1126 5614 exiguus
1175 5549 1240 5600 ut
1281 5548 1616 5603 memoriam
1656 5565 1770 5604 non
1807 5549 2028 5621 obruat,

396 5635 636 5691 diffusus
669 5639 734 5691 ut
783 5635 1216 5708 intelligentiam
1267 5644 1635 5714 supercedat;
1691 5643 2032 5700 conﬁrmans

401 5745 600 5786 omnes
633 5729 981 5805 perfectione
1027 5733 1316 5806 credendi,
1369 5735 1648 5794 desiderio
1685 5739 2027 5812 conﬁtendi,

468 5867 491 5898 ι
531 5859 655 5914 Haec
674 5863 731 5916 et
757 5859 882 5916 dum
909 5867 1206 5936 sequentes
1230 5863 1512 5920 orationes
1543 5864 1777 5924 ibidem.

2171 1944 2292 2000 caeli
2341 1949 2398 1999 et
2429 1948 2618 2000 terrae:
2670 1946 2738 1999 Et
2779 1943 2840 1998 in
2872 1944 3060 1999 Iesum
3095 1942 3383 1998 Christum
3432 1940 3636 1995 Filium
3681 1941 3805 2012 ejus

2169 2039 2423 2108 unicum,
2453 2037 2756 2093 Dominum
2791 2042 3070 2093 nostrum.
3117 2036 3222 2102 Qui
3263 2039 3563 2108 conceptus
3609 2039 3694 2090 est
3733 2034 3801 2090 de

2169 2131 2381 2204 Spiritu
2410 2136 2635 2202 sancto;
2665 2136 2833 2188 natus
2859 2148 2928 2186 ex
2951 2131 3122 2187 Maria
3160 2129 3420 2202 Virgine;
3457 2145 3656 2201 passus
3695 2127 3800 2183 sub

2166 2227 2363 2283 Pontio
2418 2226 2626 2294 Pilato;
2678 2224 3000 2296 cruciﬁxus,
3055 2227 3334 2293 mortuus,
3392 2225 3450 2278 et
3506 2222 3798 2294 sepultus;

2165 2321 2331 2379 tertia
2357 2320 2446 2376 die
2473 2319 2784 2375 resurrexit
2824 2336 2858 2373 a
2901 2317 3175 2388 mortuis;
3219 2315 3470 2372 ascendit
3513 2316 3690 2370 victor
3730 2315 3800 2370 ad

2167 2415 2362 2484 caelos;
2393 2414 2538 2469 sedit
2561 2415 2632 2468 ad
2662 2413 2953 2469 dexteram
2997 2411 3094 2468 Dei
3132 2411 3312 2467 Patris
3354 2409 3795 2482 omnipotentis;

2165 2509 2296 2565 inde
2323 2512 2596 2564 venturus
2621 2506 2878 2578 judicare
2905 2506 3059 2562 vivos
3098 2509 3155 2561 et
3193 2509 3467 2560 mortuos.
3515 2503 3696 2558 Credo
3737 2503 3798 2558 in

2164 2607 2356 2659 sancto
2387 2601 2617 2674 Spiritu,
2649 2605 2838 2656 sancta
2869 2600 3111 2656 Ecclesia
3139 2597 3432 2668 catholica,
3469 2601 3798 2652 sanctorlm1

2163 2695 2644 2765 communionem,
2677 2712 2740 2749 ac
2773 2694 3164 2750 remissionem
3189 2697 3570 2765 peccatorum,
3614 2691 3798 2746 carnis

2163 2789 2654 2860 resurrectionem,
2683 2789 2856 2844 vitam
2881 2793 3174 2844 aeternam.

2234 2883 2562 2956 Symbolum
2591 2883 2760 2953 istud,
2803 2881 3168 2950 dilectissimi,
3195 2898 3311 2936 non
3347 2883 3662 2936 atramento
3695 2881 3794 2936 de-

2161 2978 2437 3050 pingitur,
2468 2977 2566 3032 sed
2591 2975 2858 3031 humanis
2898 2976 3161 3032 cordibus
3195 2976 3472 3032 insertum
3517 2975 3800 3030 memoria

2159 3072 2460 3128 retinetur.
2497 3076 2540 3142 n}
2565 3071 2764 3126 Credo.

2235 3168 2438 3222 iterato
2465 3165 2622 3221 vobis
2647 3163 2979 3237 repetimus,
3021 3179 3135 3236 quo
3173 3162 3394 3219 facilius
3431 3179 3563 3220 eum
3599 3168 3796 3220 tenere

2160 3260 2403 3333 possitis.
2437 3264 2482 3329 nl
2510 3260 2708 3315 Credo.

2233 3355 2398 3412 Credo
2422 3357 2482 3408 in
2515 3358 2683 3410 Deum
2707 3357 2941 3410 Patrem.
2971 3357 3039 3411 Et
3063 3353 3196 3426 quia
3219 3351 3310 3409 lex
3335 3355 3542 3408 nostrae
3569 3352 3708 3408 ﬁdei
3735 3353 3796 3408 in

2157 3447 2430 3504 Trinitate
2459 3448 2731 3518 consistit,
2769 3448 2934 3504 tertio
2967 3449 3297 3520 repetimus,
3329 3453 3394 3502 ut
3429 3446 3547 3518 ipse
3583 3463 3792 3502 nume-

2156 3559 2254 3598 rus
2288 3542 2636 3614 repetitionis
2683 3559 2813 3597 cum
2854 3543 3017 3615 signo
3058 3541 3243 3598 veniat
3277 3539 3581 3596 Trinitatis.
3627 3541 3796 3599 Credo

2155 3639 2216 3692 in
2239 3640 2408 3693 Deum
2426 3639 2664 3692 Patrem.
2695 3635 2842 3707 Ergo
2868 3637 2928 3691 in
2955 3637 3141 3709 primo
3169 3635 3343 3690 habet
3383 3635 3572 3693 Credo.
3629 3633 3794 3688 Vides

2155 3732 2308 3802 quod
2343 3731 2492 3785 Deus
2535 3733 2728 3785 noster
2766 3747 2882 3785 non
2927 3747 3023 3785 vos
3061 3729 3225 3801 jubet
3261 3729 3540 3783 discutere
3575 3727 3794 3798 judicia

2154 3825 2362 3896 divina,
2407 3824 2506 3879 sed
2547 3823 2815 3894 credere;
2862 3840 2968 3879 nec
3004 3823 3284 3878 rationem
3323 3821 3639 3894 requirere,
3691 3821 3792 3876 sed

2151 3919 2325 3974 ﬁdem
2352 3917 2680 3989 simpliciter
2706 3923 2763 3972 et
2786 3917 3156 3972 immobiliter
3189 3916 3480 3972 adhibere.
3520 3918 3582 3970 In
3621 3918 3790 3970 Deum

2149 4013 2386 4068 Patrem.
2422 4011 2708 4066 Advertite
2743 4011 2896 4084 quod
2934 4011 3072 4066 dum
3113 4010 3208 4066 Dei
3245 4009 3424 4066 Patris
3470 4025 3686 4064 nomen
3731 4008 3794 4062 in

2149 4104 2496 4160 confessione
2531 4104 2850 4177 conjungit,
2884 4103 3128 4160 ostendit
3167 4104 3316 4177 quod
3343 4119 3456 4158 non
3479 4105 3614 4157 ante
3643 4103 3792 4157 Deus

2148 4215 2267 4255 esse
2293 4199 2544 4270 ceperit,
2575 4203 2631 4254 et
2665 4203 2858 4270 postea
2880 4201 3065 4270 Pater,
3099 4199 3194 4254 sed
3221 4197 3341 4254 sine
3367 4197 3483 4252 ullo
3522 4197 3690 4252 initio
3733 4201 3792 4252 et

2148 4294 2292 4348 Deus
2322 4309 2544 4364 semper
2570 4297 2626 4348 et
2655 4294 2838 4348 Pater.
2871 4293 3012 4358 Quia
3039 4309 3176 4366 ergo
3203 4309 3426 4364 semper
3449 4291 3558 4346 fuit
3595 4294 3786 4360 Pater,

2146 4403 2371 4460 semper
2395 4387 2594 4442 habuit
2614 4385 2816 4442 Filium
2842 4388 3004 4458 cujus
3023 4389 3188 4443 Pater
3215 4391 3320 4444 est.
3359 4389 3788 4457 Omnipotentem

2143 4497 2277 4538 vero
2313 4481 2439 4537 ideo
2466 4481 2625 4550 dixit,
2655 4481 2791 4553 quia
2814 4481 3004 4536 omnia
3029 4486 3245 4554 potest;
3273 4481 3476 4553 cuique
3504 4479 3654 4535 nihil
3677 4480 3788 4536 im-

2059 4573 2120 4647 D
2144 4575 2408 4648 possibile
2437 4581 2521 4631 est
2548 4593 2562 4631 :
2595 4575 2728 4646 quia
2746 4575 2970 4646 caelum,
2997 4579 3228 4646 terram,
3267 4591 3446 4646 mare,
3487 4575 3778 4646 homines,

2139 4670 2324 4741 adque
2351 4669 2543 4724 omnia
2570 4668 2858 4739 animalia,
2904 4686 3020 4724 non
3060 4669 3250 4742 aliquo
3290 4669 3474 4742 operis
3507 4673 3640 4724 actu
3677 4676 3782 4726 aut

2137 4763 2394 4834 artiﬁcio,
2426 4765 2523 4820 sed
2553 4763 2670 4819 solo
2697 4763 2908 4819 creavit
2933 4763 3193 4836 imperio.
3235 4765 3302 4818 Et
3323 4763 3450 4819 ideo
3475 4779 3594 4818 non
3611 4765 3782 4820 venit

2135 4857 2197 4913 in
2221 4857 2586 4929 cogitatione,
2621 4859 2906 4930 quomodo
2933 4858 3040 4914 hoc
3065 4863 3164 4914 aut
3187 4858 3327 4913 illud
3351 4859 3600 4930 potuerit
3625 4857 3778 4929 ﬁeri,

2137 4952 2238 5023 qui
2287 4952 2750 5024 Omnipotentem
2788 4969 3091 5026 precamur
3127 4951 3404 5008 conﬁteri.
3467 4954 3781 5011 Creatorem

2137 5047 2255 5100 caeli
2296 5051 2348 5102 et
2400 5052 2574 5103 terra.
2625 5048 2736 5102 Hoc
2767 5047 2863 5118 ait,
2920 5045 3074 5120 quod
3115 5046 3374 5119 superius
3423 5045 3588 5115 dixit,
3639 5048 3780 5120 quia

2135 5139 2326 5195 omnia
2353 5141 2471 5196 sola
2493 5141 2651 5196 verbi
2677 5145 2949 5213 potestate
2973 5140 3212 5212 perﬁcit.

2208 5235 2373 5294 Credo
2398 5238 2456 5292 in
2503 5237 2697 5291 Filium
2735 5235 2864 5305 ejus.
2906 5235 3192 5291 Advertite
3230 5233 3518 5308 quomodo
3553 5231 3614 5289 in
3665 5235 3776 5290 Pa-

2132 5333 2300 5400 trem,
2329 5331 2408 5385 sic
2444 5333 2500 5386 et
2523 5329 2582 5384 in
2611 5329 2816 5385 Filium
2849 5329 2921 5384 sit
2955 5329 3300 5386 credendum
3327 5345 3342 5385 :
3395 5333 3451 5384 et
3489 5327 3588 5402 qui
3636 5345 3782 5386 cum

2131 5426 3778 5484 Patre.........................

2202 5585 2402 5637 Desunt
2427 5585 2589 5638 etiam
2614 5583 2699 5636 hic
2726 5583 2888 5650 folia.

2466 5676 2618 5732 XVII.
2660 5691 2816 5732 rsum
2855 5692 2886 5730 v
2926 5691 2980 5733 IN
3021 5691 3176 5734 cum
3213 5693 3423 5736 DOIINI.
