4054 6188
230 292 318 345 357
425 273 432 278 ’
1257 280 1345 342 DE
1383 285 1696 344 LITURGIA
1729 287 2103 346 GALLICANA
2141 289 2340 346 LIBER
2376 286 2466 346 ιιι.

3445 299 3546 353 358

229 391 400 468 349
421 390 660 463 gratiam
695 388 954 447 utilitatis
995 391 1262 462 indulsit;
1299 395 1358 448 et
1397 393 1821 466 plenitudinem
1842 409 1902 482 Α
1923 414 2124 454 cruore
2149 402 2398 470 gustato,
2432 400 2697 470 petamus
2737 403 2801 454 ut
2839 398 3132 472 possideat
3162 401 3418 474 pectora,
3450 405 3547 475 qui

223 491 320 542 tue
335 483 732 540 benedictionis
749 484 979 556 adiecit.
997 487 1108 542 Per
1127 485 1279 542 hunc
1300 503 1439 559 ergo
1459 491 1537 557 te,
1553 489 1816 558 Domine,

222 596 310 652 per
327 594 489 650 quem
507 594 726 645 omnes,
745 577 879 632 licet
893 577 1291 652 indignorum,
1311 584 1568 636 attamen
1585 581 1822 637 creden-

222 672 346 728 tium
371 687 563 742 preces
589 670 853 742 placabili
883 689 1022 728 aure
1053 673 1306 741 exaudis,
1337 674 1670 746 suppliciter
1697 692 1818 731 ora-

220 783 348 833 mus,
375 769 435 820 ut
456 765 605 832 huic,
637 765 792 836 quod
824 765 1144 835 offerimus,
1173 771 1470 838 unguento
1498 785 1565 823 ex
1589 785 1818 824 aroma-

219 859 350 915 tibus
370 857 516 914 horti
545 858 626 912 tui
655 862 713 914 et
735 859 986 930 paradisi
1009 860 1091 914 tui
1110 861 1253 916 ﬂore
1272 865 1553 932 perpetuo
1577 862 1818 918 odorem

218 951 482 1008 suavitatis
501 951 748 1022 injicias;
777 954 1106 1008 accumules
1133 953 1371 1026 insuper
1390 971 1520 1010 eam
1546 955 1816 1026 gratiam,

219 1061 438 1117 eamque
463 1044 750 1114 virtutem,
781 1063 898 1118 qua
926 1047 1224 1118 quondam
1249 1064 1438 1119 reges,
1469 1048 1816 1118 sacerdotes,

217 1139 516 1211 prophetas,
545 1155 724 1194 cornu
752 1156 788 1194 a
815 1139 1122 1195 dilectione
1153 1144 1252 1196 tua
1279 1141 1604 1196 exundante
1632 1143 1821 1213 perfu-

215 1249 310 1301 sos,
329 1233 524 1304 plenus
553 1232 880 1288 ofﬁciorum
901 1250 1137 1290 suorum
1160 1233 1534 1305 dignitatibus
1559 1235 1816 1304 induisti,

215 1330 267 1380 ut
307 1341 430 1380 cum
473 1324 679 1380 exinde
727 1343 939 1403 novam
981 1327 1086 1382 tibi
1127 1327 1415 1384 familiam
1466 1328 1816 1397 unxerimus,

215 1417 593 1490 superveniens
621 1418 680 1474 in
716 1435 834 1488 eos,
868 1420 1279 1491 cooperatione
1309 1421 1554 1493 Spiritus
1578 1423 1660 1477 tui
1685 1439 1815 1477 san-

214 1512 294 1580 cti,
325 1529 454 1566 aura
489 1511 692 1583 gratiae
736 1511 978 1568 celestis
1023 1514 1305 1586 adspiret;
1351 1518 1414 1569 ut
1456 1515 1545 1570 his
1589 1532 1818 1588 quoque

213 1621 324 1660 vere
347 1605 548 1660 Christi
592 1606 678 1660 tui
713 1610 771 1661 et
806 1607 928 1662 Filii
967 1607 1072 1675 tui,
1105 1608 1289 1663 sancti
1319 1608 1562 1680 Spiritus
1597 1609 1820 1681 inlapsa

211 1699 412 1766 virtute,
441 1699 769 1756 efﬁciantur
799 1701 970 1772 hujus
1009 1717 1238 1773 semper
1281 1701 1535 1758 nominis
1579 1703 1816 1758 cohere-

215 1791 313 1848 des.
339 1793 440 1847 Per
471 1793 785 1850 Dominum
813 1798 1075 1851 nostrum
1097 1797 1313 1851 Jesum.

539 1885 547 1890 '
650 1878 772 1928 Post
793 1877 1031 1936 Sanctus,
1063 1877 1126 1927 Ts
1153 1879 1342 1943 igitur.

269 1948 798 2018 Communicantes,
845 1953 906 2004 et
957 1949 1114 2004 diem
1161 1949 1614 2032 sacratissimum
1665 1952 1812 2007 celeo

214 2041 432 2112 brantes,
481 2060 598 2115 quo
651 2043 896 2098 traditus
948 2045 1034 2098 est
1081 2043 1362 2099 Dominus
1409 2048 1608 2100 noster
1656 2047 1817 2101 Jesus

215 2135 462 2204 Christus;
493 2136 599 2191 sed
628 2139 688 2191 et
709 2135 1062 2192 memoriam
1087 2140 1449 2192 venerantes.

267 2228 408 2285 Hanc
446 2229 629 2302 igitur
671 2229 1048 2298 oblationem,
1079 2247 1255 2302 quam
1284 2229 1387 2286 tibi
1417 2229 1714 2286 offerimus
1743 2231 1816 2286 ob

214 2321 343 2378 diem
362 2323 569 2394 jejunii
595 2323 784 2380 Coene
811 2323 1150 2392 Dominice,
1181 2323 1241 2378 in
1263 2340 1378 2396 qua
1402 2325 1686 2380 Dominus
1710 2341 1815 2381 no—

212 2418 310 2471 ster
327 2418 479 2473 Jesus
516 2417 777 2474 Christus
809 2417 979 2473 Filius
1011 2421 1143 2472 tuus
1179 2417 1242 2472 in
1272 2434 1420 2474 novo
1447 2419 1815 2474 Testamento

213 2510 536 2566 sacriﬁcandi
583 2511 760 2566 ritum
802 2510 1070 2579 instituit,
1103 2511 1242 2566 dum
1280 2528 1494 2584 panem
1525 2529 1591 2567 ac
1615 2511 1814 2567 vinum

213 2603 338 2674 {que
359 2604 731 2660 Melchisedec
759 2605 817 2659 in
853 2605 1324 2677 preﬁguratione
1351 2605 1530 2660 futuri
1557 2605 1816 2677 mysterii

213 2697 446 2754 sacerdos
471 2698 785 2771 obtulerat)
811 2699 872 2754 in
903 2701 1268 2755 sacramento
1303 2698 1447 2771 [Leg.
1483 2715 1812 2755 sacramen-

213 2790 334 2862 tum]
357 2792 440 2847 sui
464 2791 729 2864 corporis
758 2795 817 2847 et
854 2791 1152 2864 sanguinis
1179 2792 1629 2861 transformavit,
1658 2810 1812 2866 que-

213 2899 397 2954 sumus,
427 2885 702 2954 Domine,
740 2888 803 2940 ut
849 2886 1107 2958 placatus
1141 2885 1408 2958 accipias,
1441 2886 1678 2958 diesque
1709 2903 1814 2942 no-

212 2979 352 3033 atros.

269 3073 362 3138 Qui
385 3076 572 3147 pridie
603 3091 780 3148 quam
821 3092 928 3148 pro
973 3076 1237 3133 omnium
1278 3077 1460 3132 salute
1498 3077 1813 3149 pateretur,

1921 495 2118 550 nostra
2148 509 2251 548 ora
2277 493 2549 566 dignatus
2575 497 2688 562 est;
2715 492 2837 566 ipse
2857 493 3113 567 corporis
3137 496 3318 552 nostri
3342 502 3553 570 purget

1920 587 2132 646 ostium
2152 604 2166 654 ;
2193 589 2432 660 totoque
2451 587 2795 644 intrinsecus
2812 587 3052 644 homine
3074 587 3322 660 deterso,
3346 592 3552 647 sancti-

1919 681 2103 737 ficatis
2140 681 2421 736 membris
2451 681 2690 738 innovet
2719 681 2984 754 spiritum
3019 681 3386 740 sanctiorem.
3419 687 3544 741 Per.

2475 770 2726 820 Collectio
2739 771 2988 835 sequitur.

1987 849 2156 906 Panis
2179 849 2310 905 vite
2336 853 2548 906 nostre
2575 849 2785 923 aspice,
2815 851 2964 906 Deus
2989 869 3002 908 :
3029 851 3103 907 sis
3126 853 3388 910 custodia
3421 873 3544 912 cor-

1920 961 2150 1016 porum,
2168 944 2244 998 sis
2265 933 2610 1000 salvificator
2628 945 2956 1000 animarum
2979 963 2992 1013 ;
3016 949 3078 1001 ut
3097 950 3329 1018 pectora
3352 953 3549 1014 nostra

1919 1042 2080 1094 tanto
2111 1039 2316 1110 poculo
2356 1037 2599 1112 ciboque
2628 1038 2879 1106 ﬁrmata,
2909 1039 3141 1096 inimica
3175 1041 3401 1098 subdoli
3429 1060 3547 1099 ser-

1919 1131 2109 1203 pentis
2130 1131 2536 1187 blandimenta
2559 1150 2676 1188 non
2703 1131 2985 1204 quatiant.
3013 1135 3122 1188 Per
3144 1135 3474 1192 Dominum.

2198 1226 2374 1281 XVIII.
2417 1241 2619 1284 INCIPIT
2657 1242 2854 1282 ORATIO
2894 1243 2946 1283 IN
2983 1243 3038 1282 vi
3085 1244 3260 1286 rsum.

1917 1317 2122 1374 Eadem
2157 1335 2280 1375 vero
2313 1319 2402 1374 die
2427 1335 2536 1376 non
2567 1321 2794 1384 salutat,
2824 1336 2930 1376 non
2947 1322 3163 1392 psallit.
3190 1325 3408 1393 Legitur
3431 1327 3550 1382 Lec-

1991 1409 2066 1463 tio
2091 1409 2236 1466 Osee.
2265 1411 2422 1479 Resp.
2453 1408 2700 1464 Domine
2740 1408 2952 1464 audivi.
2983 1413 3126 1466 .Item
3159 1412 3276 1466 alia
3305 1413 3548 1469 :Mensis

1989 1497 2097 1552 iste
2121 1495 2490 1568 principium.
2525 1500 2726 1556 Cantat
2749 1518 2765 1552 :

1989 1591 2139 1646 Deus
2165 1607 2198 1645 a
2224 1607 2338 1662 quo
2367 1593 2424 1645 et
2447 1591 2624 1646 Iudas
2662 1595 2856 1647 reatus
2891 1591 2977 1648 sui
3003 1593 3266 1664 proditor
3293 1610 3546 1667 penam,

1919 1686 1978 1738 et
1991 1683 2368 1739 confessionis
2384 1701 2500 1739 sue
2520 1685 2666 1740 latro
2685 1685 2991 1757 premium
3013 1687 3277 1759 sumpsit,
3299 1689 3550 1744 concede
3574 1695 3585 1700 ”

1837 1775 1894 1848 Β
1919 1777 2084 1832 nobis
2121 1777 2231 1850 pie
2267 1777 2563 1850 petitionis
2606 1778 2906 1846 eﬂ'ectum;
2936 1783 3000 1834 ut
3024 1780 3168 1835 sicut
3197 1781 3256 1835 in
3281 1781 3550 1838 Passione

1917 1887 2019 1928 sua
2046 1872 2208 1926 Jesus
2233 1870 2488 1927 Christus
2517 1871 2798 1927 Dominus
2823 1874 3020 1928 noster
3042 1873 3267 1929 diversa
3295 1875 3550 1946 utrisque

1915 1963 2111 2019 intulit
2133 1963 2418 2036 stipendia
2451 1964 2816 2032 meritorum,
2844 1965 2946 2034 ita,
2973 1983 3007 2021 a
3045 1967 3210 2022 nobis
3235 1967 3427 2024 ablato
3451 1985 3546 2024 ve-

1916 2057 2144 2112 tustatis
2185 2073 2402 2126 errore,
2433 2060 2492 2112 et
2533 2057 2974 2114 resurrectionis
3011 2075 3126 2115 sue
3161 2059 3409 2132 gratiam
3433 2062 3544 2117 lar-

1917 2150 2127 2223 giatur.
2157 2152 2285 2222 Per.

1996 2241 2122 2290 Item
2148 2241 2267 2304 post
2289 2239 2570 2290 lectionem
2597 2239 2867 2304 Evangelii
2893 2241 3154 2293 orationes
3175 2241 3473 2296 sollemnes.

1987 2320 2246 2389 Oremus,
2276 2319 2630 2376 dilectissimi
2659 2320 2847 2389 nobis,
2869 2320 2928 2376 in
2955 2321 3158 2392 primis
3177 2339 3282 2395 pro
3300 2325 3551 2384 Ecclesia

1917 2417 2114 2468 sancta
2143 2413 2274 2481 Dei;
2302 2416 2367 2467 ut
2407 2430 2538 2468 eam
2575 2414 2724 2469 Deus
2769 2416 2828 2468 et
2867 2414 3146 2470 Dominus
3173 2419 3372 2477 noster
3394 2419 3550 2490 paci-

1913 2506 2108 2574 ﬁcare,
2135 2506 2519 2578 multiplicare
2545 2510 2606 2562 et
2634 2507 2934 2564 custodire
2963 2508 3236 2580 dignetur
3258 2513 3383 2567 toto
3413 2511 3551 2568 orbe

1915 2601 2222 2668 terrarum,
2265 2599 2573 2672 subjiciens
2617 2600 2671 2654 ei
2713 2600 3068 2673 principatus
3115 2605 3174 2658 et
3215 2606 3548 2675 potestates,

1917 2692 2128 2765 detque
2157 2691 2322 2748 nobis
2349 2693 2727 2764 tranquillam
2758 2697 2818 2748 et
2847 2695 3105 2765 quietam
3133 2695 3312 2752 vitam
3339 2698 3552 2769 degen-

1914 2785 2066 2842 tibus
2097 2785 2418 2858 gloriﬁcare
2450 2787 2634 2842 Deum
2655 2788 2887 2842 Patrem
2911 2787 3396 2860 omnipotentem.
3417 2792 3545 2847 Per.

1959 2957 2368 3031 .Omnipotens
2395 2881 2945 3032 sempitggenlgzus,
2978 2961 3079 3032 qui
3106 2961 3356 3032 gloriam
3381 2965 3547 3018 tuam

1916 3052 2186 3108 omnibus
2205 3052 2265 3108 in
2287 3052 2511 3110 Christo
2533 3053 2803 3126 gentibus
2821 3053 3106 3123 revelasti,
3128 3055 3352 3111 custodi
3372 3072 3551 3128 opera

211 3145 459 3224 hodierha
488 3169 589 3224 die
617 3145 775 3224 gum,
801 3145 860 3224 ίξι
890 3170 1087 3226 medio
1115 3145 1526 3244 discipulam"—1
1557 3187 1812 3238 suomm,
1835 3155 1890 3228 ρ
1915 3145 2325 3244 misericordias
2354 3150 2489 3215 tue,
2518 3150 2582 3202 ut
2604 3147 2854 3203 Ecclesia
2873 3150 2994 3204 toto
3022 3148 3160 3244 orbe
3187 3149 3414 3218 diffusa,
3440 3154 3550 3207 sta-

211 3261 397 3334 acccpit
422 3279 664 3334 panem.
693 3266 765 3320 Et
787 3266 885 3320 rel.

449 3343 710 3402 Collectio
735 3340 852 3404 ante
881 3353 1172 3404 orationem
1197 3351 1542 3404 Dominicam.

264 3423 558 3480 Precamur
589 3441 762 3494 nunc,
785 3427 1032 3482 Domine
1051 3429 1216 3495 Deus,
1236 3429 1299 3480 ut
1319 3426 1814 3498 quemadmodum

210 3515 350 3572 Filius
368 3521 494 3574 tuus
513 3519 800 3574 Dominus
825 3523 1020 3576 noster
1045 3520 1104 3576 in
1129 3521 1229 3576 illa
1247 3521 1567 3592 gratiarum
1589 3521 1814 3577 actione

207 3614 424 3668 mortem
451 3615 721 3669 nostram
763 3617 1127 3686 suscepturus
1166 3614 1396 3670 auditus
1423 3617 1529 3683 est,
1559 3614 1639 3670 ita
1664 3631 1816 3672 nunc

207 3707 254 3757 et
276 3722 370 3760 nos
407 3707 502 3780 qui
543 3707 742 3779 ipsum
785 3711 846 3762 et
884 3707 1059 3764 vitam
1099 3708 1223 3780 ejus
1267 3705 1598 3780 querimus,
1629 3709 1816 3764 audiri

183 3813 506 3860 mereamur
533 3798 601 3857 in
630 3800 914 3871 oratione,
947 3818 1124 3874 quam
1151 3818 1258 3858 nos
1295 3805 1539 3874 paterno
1563 3802 1814 3876 alloquio

206 3907 345 3949 orare
374 3894 594 3964 docuit,
623 3895 820 3951 dicens
849 3913 863 3952 ε
897 3897 1086 3952 Pater.

767 3985 891 4034 Post
921 3985 1234 4036 orationem.

260 4052 491 4110 Domine
516 4055 673 4111 Deus
703 4056 1095 4128 omnipotens,
1123 4057 1308 4112 libera
1347 4074 1452 4113 nos
1482 4074 1516 4112 a
1551 4057 1728 4126 malo,
1757 4059 1816 4112 et

201 4144 250 4200 in
275 4150 523 4222 tempore
558 4152 795 4222 accepto
828 4152 981 4205 salva
1007 4167 1142 4218 nos;
1169 4154 1233 4205 ut
1271 4151 1416 4206 sicut
1447 4149 1508 4206 in
1535 4151 1812 4206 condem-

202 4242 410 4298 natione
456 4243 542 4299 tui
607 4244 962 4317 perﬁdorum
1012 4244 1302 4316 piaculum
1352 4243 1504 4300 salus
1551 4245 1814 4300 omnium

200 4331 310 4402 fuit,
337 4335 412 4392 sic
438 4354 548 4410 pro
590 4335 990 4394 misericordia
1014 4337 1340 4393 communis
1365 4338 1567 4410 gratie
1595 4339 1668 4394 sit
1695 4338 1813 4393 cul-

199 4427 277 4481 tus
300 4427 398 4484 iste
423 4430 817 4486 credentibus.
847 4431 992 4496 Quia
1019 4430 1124 4486 tibi
1150 4435 1238 4486 est
1262 4432 1448 4503 gloria
1482 4435 1622 4503 aput
1645 4434 1810 4488 eter-

200 4535 321 4577 num
346 4523 602 4592 Patrem,
629 4541 759 4579 cum
787 4541 901 4597 quo
927 4525 1132 4580 beatus
1153 4525 1312 4580 vivis.

651 4612 949 4664 Benedictio
981 4613 1046 4664 ad
1074 4614 1346 4679 pOpulum.

259 4679 516 4752 Benedic,
569 4683 835 4753 Domine,
886 4684 1034 4740 hanc
1083 4681 1364 4741 familiam
1413 4687 1592 4754 tuam,
1640 4702 1815 4758 quam

195 4772 460 4841 plasmare
481 4776 758 4849 dignatus
777 4795 840 4833 es
855 4795 924 4834 ex
942 4795 1126 4848 coeno,
1150 4781 1210 4834 et
1229 4779 1500 4851 deinceps
1527 4777 1721 4853 350
1741 4779 1817 4834 vi-

195 4865 402 4925 viﬁcare
425 4885 537 4943 per
567 4871 857 4927 lavacrum
882 4889 895 4928 :
919 4875 1147 4945 presta,
1169 4875 1232 4928 ut
1259 4887 1402 4944 quos
1429 4873 1683 4945 perdidit
1699 4872 1816 4928 vita

195 4973 287 5029 per
311 4967 570 5035 gustum,
599 4981 760 5021 mors
799 4965 1054 5022 reddidit
1091 4982 1197 5038 per
1230 4967 1572 5039 patibulum,
1605 4965 1816 5022 merita

199 5053 505 5123 gloriﬁcent
549 5075 653 5131 per
690 5059 1072 5122 adventum'l'.
1100 5062 1174 5116 Ut
1207 5078 1326 5117 non
1355 5059 1414 5116 in
1441 5059 1525 5116 eis
1560 5060 1817 5116 inveniat

196 5146 409 5207 dolosus
441 5152 628 5209 hostis
668 5170 772 5226 per
812 5171 912 5210 eos
955 5154 1112 5226 quod
1146 5155 1354 5228 capiat,
1398 5154 1592 5210 divina
1633 5154 1816 5226 pietas

198 5244 336 5312 quod
379 5247 648 5318 repellat,
695 5247 866 5302 ultrix
911 5247 1152 5304 ﬂamma
1191 5248 1346 5322 quod
1393 5249 1589 5304 saeviat
1602 5247 1657 5312 -ιε,
1701 5248 1814 5304 Sed

197 5351 310 5392 cum
345 5339 607 5395 terribile
651 5341 791 5396 illud
823 5341 1027 5412 judicii
1066 5342 1297 5415 tempus
1333 5341 1650 5410 advenerit,
1677 5342 1815 5397 tuba

199 5437 492 5488 evocentur
511 5433 589 5488 ad
603 5435 827 5504 celum,
847 5434 1073 5490 meritis
1092 5435 1375 5492 ducantur
1388 5437 1463 5492 ad
1482 5435 1812 5509 premium,

199 5524 437 5592 palmam
463 5525 751 5600 accipiant
773 5531 904 5601 post
931 5529 1310 5602 triumphum.
1341 5529 1507 5596 Quod
1537 5534 1728 5602 prest.

703 5621 826 5673 Post
847 5623 1293 5674 communionem.

260 5693 517 5770 Acceptis
533 5693 580 5766 ',
615 5695 914 5768 carissimi,
945 5695 1297 5772 spiritalibus
1327 5695 1489 5768 cibis,
1519 5701 1582 5756 et
1605 5699 1814 5758 Christi

263 5818 284 5848 '
308 5819 436 5878 Hec
466 5823 530 5878 et
557 5837 800 5898 sequens
829 5824 1015 5884 oratio
1045 5827 1230 5883 exstat
1250 5841 1441 5899 supra,
1464 5842 1627 5884 num.
1655 5827 1740 5885 14.

1914 3239 2016 3296 bili
2059 3239 2173 3296 ﬁde
2211 3240 2274 3296 in
2315 3241 2742 3297 confessionem
2781 3241 2864 3304 tui
2903 3241 3158 3298 nominis
3197 3247 3542 3316 perseveret.

1913 3335 2024 3389 Per
2047 3333 2360 3390 Dominum
2385 3338 2670 3390 nostrum.

1987 3426 2171 3502 351
2209 3428 2452 3484 Oremus
2481 3432 2542 3483 et
2564 3445 2668 3500 pro
2695 3426 3032 3483 beatissimo
3057 3444 3208 3500 papa
3234 3431 3452 3497 nostro,
3486 3432 3550 3484 ut

1915 3522 2066 3578 Deus
2095 3521 2484 3594 omnipotens,
2514 3521 2614 3594 qui
2640 3520 2817 3592 elegit
2841 3537 2976 3576 eum
3000 3521 3061 3574 in
3093 3520 3298 3576 ordine
3325 3521 3544 3594 episco-

1914 3617 2102 3689 patus,
2127 3615 2345 3670 salvum
2373 3618 2432 3670 et
2449 3614 2802 3670 incolumem
2823 3612 3108 3669 custodiat
3131 3615 3395 3671 Ecclesie
3421 3633 3548 3672 san-

1915 3713 2020 3767 cte
2051 3710 2126 3766 ad
2152 3706 2480 3782 regendum
2506 3708 2786 3782 populum
2813 3711 3076 3763 sanctum
3102 3707 3226 3764 Dei.
3331 3719 3337 3724 ·

1985 3876 2366 3951 Omnipotens
2395 3797 2948 3950 εθηιρὶῐὲξιῗὲὶὸἒυε,
2977 3875 3140 3948 cujus
3159 3878 3376 3934 eterna
3401 3873 3550 3950 judi-

1914 3970 2001 4028 cio
2028 3970 2294 4028 universa
2322 3971 2658 4039 fundantur,
2689 3969 2910 4042 respice
2945 3969 3226 4042 propitius
3251 3971 3326 4027 ad
3351 3988 3550 4044 preces

1915 4067 2160 4135 nostras,
2211 4069 2269 4122 et
2313 4067 2561 4123 electum
2607 4063 2773 4120 nobis
2821 4063 3142 4119 antistitem
3188 4067 3288 4120 tua
3334 4065 3547 4137 pietate

1914 4175 2216 4227 conserva;
2245 4162 2309 4214 ut
2333 4156 2656 4216 Christiana
2679 4157 2862 4229 plebs,
2891 4173 3019 4228 que
3061 4155 3161 4212 tali
3193 4157 3549 4228 gubernatur

1914 4256 2168 4321 auctore,
2201 4252 2304 4306 sub
2323 4254 2486 4308 tanto
2513 4250 2784 4323 pontiﬁce
2811 4247 3167 4306 credulitatis
3187 4267 3304 4306 sue
3325 4250 3548 4306 meritis

1913 4349 2214 4418 augeatur.
2247 4347 2374 4400 Per.

1985 4439 2226 4494 Oremus
2273 4441 2332 4493 et
2376 4455 2482 4510 pro
2528 4435 2796 4494 omnibus
2839 4434 3142 4509 episcopis,
3177 4437 3545 4510 presbyteris,

1829 4526 1888 4600 D
1911 4528 2266 4600 diaconibus,
2297 4530 2552 4603 acolytis,
2582 4527 2894 4597 exorcistis,
2920 4529 3248 4599 lectoribus,
3277 4531 3545 4601 ostiariis,

1915 4625 2356 4693 confessoribus,
2393 4623 2730 4698 virginibus,
2766 4623 2971 4692 viduis,
3013 4626 3071 4679 et
3104 4638 3208 4697 pro
3255 4625 3419 4682 omni
3445 4644 3549 4700 po-

1914 4724 2050 4795 pulo
2078 4723 2275 4776 sancto
2301 4719 2422 4775 Dei.

2607 4789 2868 4847 Oremus.

1985 4871 2368 4944 Omnipotens
2384 4870 2736 4943 sempiterno
2750 4872 2922 4938 Deus,
2945 4869 3107 4942 cujus
3126 4871 3341 4942 Spiritu
3361 4875 3548 4930 totum

1914 4981 2122 5038 corpus
2146 4965 2410 5022 Ecclesie
2440 4965 2829 5020 sanctiﬁcatur
2854 4967 2913 5020 et
2945 4963 3185 5036 regitur,
3214 4967 3421 5022 exaudi
3445 4983 3552 5024 nos

1913 5076 2020 5133 pro
2043 5060 2322 5116 universis
2353 5055 2653 5116 ordinibus
2677 5059 3084 5130 supplicantes,
3115 5061 3180 5112 ut
3207 5059 3408 5132 gratie
3440 5064 3552 5119 tne

1916 5170 2159 5210 munere
2195 5153 2268 5210 ab
2308 5153 2578 5211 omnibus
2615 5151 2717 5207 tibi
2755 5151 3028 5224 gradibus
3053 5151 3304 5208 ﬁdeliter
3337 5155 3548 5213 servia-

1915 5249 2026 5304 tur.
2053 5248 2164 5304 Per
2191 5247 2525 5304 Dominum.
2700 5228 2718 5251 ’

1986 5343 2229 5403 Oremus
2253 5344 2313 5396 et
2336 5357 2441 5413 pro
2482 5337 2983 5396 Christianissimis
3016 5337 3269 5413 regibus,
3303 5345 3366 5398 ut
3403 5343 3553 5400 Deus

1915 5439 1975 5492 et
2014 5436 2296 5492 Dominus
2321 5437 2519 5489 noster
2549 5431 2806 5488 subditas
2845 5431 2958 5488 illis
2985 5433 3162 5490 faciat
3184 5450 3390 5492 omnes
3417 5437 3551 5493 bar-

1912 5529 2083 5586 baras
2114 5529 2381 5585 nationes
2402 5527 2477 5583 ad
2501 5527 2762 5583 nostram
2786 5529 3130 5600 perpetuam
3161 5545 3387 5602 pacem.
3421 5530 3548 5587 Per.

1987 5699 2369 5774 Omnipotens
2393 5616 2940 5776 sempitggglgzus,
2959 5701 3020 5757 in
3040 5698 3200 5770 cujus
3217 5711 3398 5753 manu
3414 5703 3556 5764 sunt
