4054 6188
467 313 566 368 359

1259 307 1588 362 APPENDIX
1627 307 1712 360 AD
1749 305 1970 363 OPERA
2007 305 2238 366 SANCTl
2277 309 2576 368 GERMANI
2614 311 3038 369 PARISIENSIS.

3733 321 3832 372 360

468 428 728 483 omnium
752 431 1078 497 temporum
1106 425 1433 493 potestates,
1465 425 1520 474 et
1545 420 1738 474 omnia
1751 421 1884 491 jura
1901 438 2104 494 regno-
2125 435 2182 508 Α
2201 425 2428 480 laudem
2455 427 2511 479 et
2541 425 2778 496 gloriam
2814 425 3075 481 nominis
3103 425 3206 480 tui.
3248 426 3354 482 Per
3386 425 3690 481 Dominum
3729 443 3832 482 no-

467 539 619 592 rum,
649 520 863 592 reSpice
905 515 1180 588 prOpitius
1217 513 1286 568 ad
1327 515 1650 568 Romanum
1676 513 1961 587 benignus
1988 517 2096 570 im-

467 615 712 688 perium,
756 618 820 666 ut
848 612 1061 681 'gentes
1111 623 1239 679 quae
1285 607 1344 662 in
1390 623 1490 662 sua
1526 607 1746 664 feritate
1788 609 2096 680 conﬁdunt,

469 708 734 782 potentiae
759 711 868 760 tuae
899 703 1128 758 dextera
1151 701 1613 772 conpremantur.

543 803 777 856 Oremus
809 801 865 852 et
899 812 1002 868 pro
1045 794 1464 850 catechumenis
1505 796 1745 864 nostris;
1777 799 1844 850 ut
1871 795 2016 850 Deus
2046 799 2102 850 et

469 895 735 951 Dominus
761 895 951 945 noster
979 889 1266 961 adaperiat
1294 905 1458 944 aures
1485 889 1928 960 praecordiorum
1955 890 2101 961 ipso-

465 1005 616 1054 rum,
641 987 994 1058 januamque
1021 982 1441 1052 misericordias,
1469 987 1535 1038 ut
1561 999 1666 1055 per
1691 984 1980 1038 lavacrum
2005 1001 2096 1040 re-

469 1079 846 1155 generationis
895 1081 1120 1149 accepta
1167 1077 1498 1131 remissione
1543 1077 1801 1132 omnium
1839 1081 2097 1149 peccato-

467 1193 619 1245 rum,
656 1179 712 1230 et
757 1172 866 1246 ipsi
907 1171 1266 1226 inveniantur
1313 1171 1374 1225 in
1422 1171 1642 1226 Christo
1687 1173 1818 1226 Jesu
1861 1171 2099 1226 Domino

467 1275 682 1326 nostro.

1152 1337 1410 1390 Oremus.

540 1433 908 1504 omnipotens
927 1429 1270 1501 sempiterne
1303 1430 1464 1498 Deus,
1490 1429 1588 1500 qui
1614 1429 1918 1484 Ecclesiam
1943 1435 2100 1484 tuam

471 1545 614 1585 nova
642 1541 866 1596 semper
899 1524 1054 1595 prole
1081 1522 1389 1592 foecundas,
1422 1538 1568 1593 auge
1595 1521 1768 1578 ﬁdem
1794 1527 1851 1578 et
1877 1523 2098 1578 intelle-

471 1627 626 1678 ctum
656 1617 1074 1675 catechumenis
1115 1616 1340 1685 nostris,
1369 1620 1435 1670 ut
1471 1616 1654 1670 renati
1694 1615 1848 1672 fonte
1890 1616 2098 1688 baptis-

470 1716 655 1784 matis,
688 1711 1000 1784 adoptionis
1028 1716 1142 1766 tuze
1177 1709 1306 1764 filiis
1341 1709 1748 1781 adgregentur.
1779 1711 1884 1766 Per
1909 1710 2099 1765 Domi-

469 1825 610 1867 num
619 1851 631 1863 .

541 1905 796 1966 Oremus,
827 1895 1172 1953 dilectissimi
1215 1897 1399 1965 nobis,
1431 1898 1608 1952 Deum
1649 1898 1873 1952 Patrem
1912 1897 2100 1952 omni-

469 2001 789 2070 potentem,
835 1995 900 2047 ut
947 1990 1162 2045 cunctis
1209 1991 1488 2045 mundum
1537 1995 1750 2062 purget
1795 1991 2099 2062 erroribus,

469 2091 698 2148 morbos
745 2085 980 2154 auferat,
1018 2083 1229 2138 famem
1273 2084 1533 2156 depellat,
1572 2085 1791 2156 aperiat
1833 2101 2100 2154 carceres,

467 2185 654 2242 vincla
681 2180 978 2247 dissoluat;
1002 2177 1499 2249 peregrinantibus
1525 2177 1794 2248 reditum,
1816 2179 2106 2233 inﬁrman-

467 2279 618 2334 tibus
647 2275 968 2344 sanitatem,
999 2271 1398 2343 navigantibus
1434 2275 1664 2343 portum
1693 2271 1889 2327 salutis
1913 2272 2100 2328 indul-

473 2375 621 2445 geat.

1165 2437 1424 2492 Oremus.

543 2534 915 2605 Omnipotens
957 2533 1014 2586 et
1053 2529 1372 2584 misericors
1415 2529 1578 2597 Deus,
1608 2532 1942 2585 maestorum
1969 2547 2103 2586 con-

471 2629 670 2686 solatio
694 2625 1072 2682 laborantium
1101 2623 1399 2691 fortitudo,
1430 2625 1766 2695 perveniant
1790 2625 1860 2679 ad
1889 2628 1944 2680 te
1973 2641 2104 2696 pre-

471 2741 562 2780 ces
586 2724 654 2778 de
682 2735 1040 2794 quacumque
1067 2717 1432 2774 tribulatione
1473 2718 1863 2786 clamantium,
1891 2723 1958 2774 ut
1983 2735 2105 2772 om-

470 2835 572 2874 nes
611 2816 717 2871 sibi
756 2815 816 2870 in
859 2811 1282 2868 necessitatibus
1325 2811 1447 2866 suis
1475 2811 1920 2867 misericordiam
1951 2817 2108 2868 tuam

475 2911 758 2982 gaudeant
779 2907 1042 2963 adfuisse.
1070 2908 1177 2961 Per
1208 2905 1533 2960 Dominum.

2121 1821 2177 1892 B

2199 523 2380 574 strum
2405 520 2594 574 Jesum
2615 519 2903 575 Christum
2932 520 3136 576 Filium
3167 525 3355 592 tuum,
3385 521 3484 594 qui
3509 521 3644 576 vivit
3671 525 3728 578 et
3755 537 3835 576 re-

2201 617 2338 686 gnat
2366 611 2427 667 in
2453 613 2656 668 saecula
2684 614 3044 670 sazculorum.

2289 727 2572 780 XIX.1TEM
2612 737 2950 783 ORATIONES'
2989 743 3042 782 IN
3083 741 3246 783 coam
3285 741 3497 796 DOMINI,
3539 741 3658 781 srva
3697 741 3750 782 IN

2887 814 3143 853 BIDIfANA.

2271 887 2348 940 Da
2375 885 2556 954 nobis,
2587 887 2840 957 Domine,
2869 893 3161 960 perpetuas
3193 887 3598 944 benedictionis
3627 903 3837 978 munus

2200 980 2475 1050 accipere,
2505 995 2610 1050 pro
2638 980 2843 1051 quibus
2873 981 3211 1051 Unigenitus
3241 987 3373 1036 tuus
3413 983 3594 1052 sputis
3619 980 3836 1048 inlitus,

2199 1073 2411 1142 palmas
2433 1073 2646 1144 accepit
2671 1078 2727 1128 et
2751 1074 3037 1144 colaphos.
3067 1076 3192 1129 Per.

2749 1171 3001 1222 Collectio
3029 1171 3278 1235 sequitur.

2272 1245 2526 1322 Respice,
2561 1252 2816 1319 Domine,
2849 1253 3128 1324 propitius
3167 1269 3338 1325 super
3377 1253 3522 1308 hanc
3559 1254 3838 1309 familiam

2199 1349 2376 1412 tuam,
2411 1361 2516 1416 pro
2561 1361 2672 1416 qua
2721 1346 2992 1402 Dominus
3025 1351 3218 1402 noster
3249 1349 3408 1402 Jesus
3442 1347 3698 1403 Christus
3725 1365 3834 1402 non

2200 1437 2475 1493 dubitavit
2507 1438 2770 1492 manibus
2795 1440 2941 1495 tradi
2989 1444 3298 1496 nocentum
3341 1445 3398 1496 et
3435 1440 3615 1496 crucis
3654 1441 3834 1496 subire

2199 1534 2567 1586 tormentum.
2606 1533 2730 1586 Per.

2881 1605 3009 1654 Item
3038 1603 3154 1653 alia.

2271 1682 2435 1748 Deus,
2477 1682 2575 1754 qui
2617 1699 2721 1754 pro
2761 1683 3152 1755 redemptione
3195 1689 3389 1740 nostra
3417 1686 3681 1758 accepisti
3713 1701 3838 1740 san-

2203 1774 2434 1846 guinem
2472 1777 2602 1830 Jesu
2643 1777 2872 1846 Christi,
2913 1778 3061 1832 solve
3090 1794 3262 1849 opera
3297 1778 3524 1846 diaboli,
3553 1785 3610 1834 et
3645 1795 3844 1834 omnes

2200 1868 2431 1940 laqueos
2463 1869 2750 1940 disrumpe
2797 1871 3030 1942 peccati,
3070 1875 3136 1926 ut
3181 1875 3498 1927 creaturam
3535 1889 3842 1944 regenera-

2201 1963 2370 2017 tionis
2395 1962 2554 2018 nulla
2576 1965 2838 2035 polluant
2867 1964 3124 2036 contagia
3149 1965 3461 2021 vetustatis.

2523 2077 2625 2130 XX.
2667 2092 2792 2131 ITEM
2834 2091 3132 2132 ORATIONES
3171 2093 3224 2132 IN
3263 2093 3516 2133 BIDUANA.

2638 2169 2810 2218 Oratio
2839 2169 2905 2218 ad
2930 2169 3172 2218 Secunda
3201 2169 3401 2234 incipit.

2279 2246 2474 2322 353
2501 2250 3036 2318 Commemorantes,
3068 2250 3356 2320 carissimi,
3387 2251 3693 2306 Dominicas
3727 2254 3844 2305 tra-

2205 2342 2430 2398 ditionis
2455 2344 2675 2412 horam,
2703 2361 2816 2416 qua
2839 2344 2982 2400 sicut
3017 2345 3133 2398 ovis
3157 2345 3228 2399 ad
3257 2343 3592 2400 occisionem
3621 2345 3845 2413 ductus,

2205 2439 2262 2491 et
2305 2436 2450 2492 sicut
2494 2454 2676 2509 agnus
2723 2443 2917 2493 tonsus
2961 2438 3398 2494 mansuetudine
3435 2457 3496 2494 os
3533 2455 3704 2494 suum
3731 2454 3846 2493 non

2205 2530 2486 2601 aperiens,
2515 2531 2586 2585 ad
2611 2547 2840 2586 crucem
2865 2548 3038 2603 quam
3065 2549 3168 2604 pro
3197 2532 3356 2587 nobis
3376 2532 3628 2588 ascendit
3651 2532 3848 2587 volun-

2205 2622 2381 2677 tarius
2411 2623 2742 2694 ducebatur,
2771 2629 2828 2680 et
2855 2625 3073 2680 oblatus
3093 2631 3193 2696 est,
3214 2625 3346 2697 quia
3363 2626 3484 2698 ipse
3507 2625 3709 2695 voluit,
3731 2626 3846 2680 ani-

2207 2732 2328 2770 mas
2373 2721 2593 2772 nostras
2637 2718 2860 2774 Christo
2903 2718 3145 2774 Domino
3189 2719 3300 2774 Deo
3339 2719 3433 2791 pio
3478 2719 3844 2774 commende-

2209 2826 2356 2880 mus,
2379 2815 2569 2866 nostra
2593 2816 2820 2883 peccata
2841 2815 3001 2884 Agno
3019 2813 3386 2868 immaculato
3407 2813 3846 2885 (quodammodo

2209 2903 2462 2974 ﬁguralis
2499 2909 2798 2977 tangentes
2833 2907 3033 2962 hostia:
3063 2908 3248 2978 caput)
3283 2907 3383 2962 illo
3427 2907 3647 2963 favente
3677 2907 3846 2979 (quod

547 3000 740 3075 352
769 3001 1010 3055 Oremus
1056 3015 1161 3070 pro
1205 2999 1486 3053 haereticis
1527 3003 1584 3054 et
1615 2999 2018 3068 schismaticis;
2046 3004 2111 3055 ut
2210 2997 2294 3052 sui
2324 3013 2462 3069 pace
2506 2998 2720 3053 dictum
2758 2999 2848 3071 sit)
2876 2999 3253 3072 imponamus,
3282 3004 3347 3055 ut
3379 3005 3598 3055 nostras
3627 3001 3846 3072 iniqui-

471 3095 617 3152 Deus
639 3112 702 3150 ac
728 3093 998 3147 Dominus
1027 3096 1219 3146 noster
1249 3097 1409 3146 eruat
1437 3108 1530 3147 eos
1559 3092 1628 3146 ab
1660 3093 1950 3148 erroribus
1977 3092 2108 3148 uni-

2209 3098 2371 3166 tates,
2415 3111 2553 3167 quas
2596 3093 2688 3149 ille
2729 3111 2848 3149 non
2889 3093 3106 3164 habuit,
3148 3097 3337 3165 portet
3377 3098 3434 3149 et
3475 3095 3698 3166 perdat.
3743 3095 3848 3159 Qui

473 3188 665 3259 versis,
696 3192 752 3241 et
776 3187 844 3240 ad
883 3187 1132 3239 sanctam
1163 3189 1402 3238 matrem
1438 3185 1740 3240 Ecclesiam
1777 3186 2103 3240 catholicam
2127 3189 2182 3264 ρ
2207 3204 2337 3245 cum
2367 3191 2531 3244 Patre
2558 3187 2709 3258 vivit,
2739 3188 3070 3244 dominatur
3097 3193 3153 3243 et
3181 3191 3404 3260 regnat.

474 3287 643 3356 atque
668 3279 1030 3353 apostolicam
1055 3293 1318 3334 revocare
1343 3277 1631 3350 dignetur.
1654 3280 1760 3334 Per
1781 3279 2103 3336 Dominum.

1171 3373 1428 3428 Oremus.

543 3469 909 3542 Omnipotens
953 3466 1295 3538 sempiterna
1342 3467 1506 3537 Deus,
1536 3466 1635 3538 qui
1674 3467 1853 3524 salvas
1889 3483 2104 3540 omnes,

474 3569 531 3623 et
553 3565 842 3622 neminem
885 3563 966 3618 vis
1003 3560 1209 3634 perire,
1242 3559 1459 3632 respice
1495 3561 1566 3615 ad
1590 3561 1806 3616 animas
1835 3561 2108 3617 diabolica

470 3661 668 3716 fraude
709 3659 998 3728 deceptas;
1027 3659 1092 3710 ut
1133 3655 1290 3708 omni
1329 3655 1596 3710 hasretica
1635 3656 1906 3727 pravitate
1933 3656 2103 3728 depo-

475 3755 579 3808 sita
603 3751 949 3822 resipiscant,
983 3753 1039 3804 et
1062 3749 1132 3803 ad
1161 3749 1410 3803 veritatis
1449 3753 1563 3804 tuae
1597 3750 1833 3806 redeant
1871 3749 2105 3806 firmita-

475 3851 613 3902 tem.
643 3847 768 3900 Per.

547 3941 786 3995 Oremus
815 3939 872 3991 et
905 3951 1008 4006 pro
1046 3934 1277 4007 perﬁdis
1319 3934 1542 4004 Judreis,
1576 3939 1638 3990 ut
1663 3936 1808 3991 Deus
1835 3942 1891 3992 et
1917 3936 2104 3991 Domi-

475 4049 583 4091 nus
613 4035 808 4088 noster
847 4029 1064 4084 auferat
1099 4029 1352 4084 velamen
1401 4029 1469 4084 de
1509 4028 1772 4084 cordibus
1797 4047 2018 4102 eorum,
2045 4033 2110 4085 ut

476 4135 533 4188 et
557 4127 667 4201 ipsi
703 4127 1044 4198 cognoscant
1081 4125 1271 4178 Jesum
1309 4122 1594 4179 Christum
1633 4123 1938 4180 Dominum
1976 4141 2105 4180 nos-

475 4229 649 4281 trum.
680 4219 788 4286 Qui
817 4217 952 4274 vivit
975 4219 1031 4274 et
1057 4235 1180 4289 reg.

1165 4312 1421 4366 Oremus.

541 4411 906 4482 Omnipotens
935 4407 1280 4480 sempiterne
1311 4406 1481 4472 Deus,
1504 4403 1604 4476 qui
1625 4402 1796 4459 etiam
1815 4402 2109 4460 Iudaicam

474 4505 774 4580 perﬁdiam
799 4509 898 4558 tua
926 4499 1312 4557 misericordia
1337 4515 1453 4554 non
1480 4497 1727 4570 repellis,
1755 4499 1962 4554 exaudi
1985 4515 2108 4570 prc-

2715 3288 2842 3337 ltem
2871 3286 3036 3336 oratio
3065 3287 3129 3336 ad
3152 3285 3339 3337 Tertia.

2279 3373 2323 3428 Ο
2353 3373 2446 3444 pia
2469 3375 2569 3428 Dei
2595 3373 2706 3429 vivi
2731 3372 3036 3445 Sapientia,
3067 3389 3100 3426 ο
3125 3377 3187 3428 tu
3221 3372 3412 3427 vivum
3437 3371 3638 3426 aeterni
3666 3371 3848 3426 Patris

2207 3467 2306 3522 Dei
2350 3467 2762 3539 sempiternum
2818 3467 3087 3534 Verbum,
3134 3467 3590 3538 sempiternaque
3635 3465 3846 3536 Virtus,

2207 3561 2340 3633 quia
2379 3565 2435 3616 et
2469 3561 2812 3632 sempiterna
2841 3559 3135 3631 nativitas;
3177 3560 3272 3632 qui
3309 3558 3638 3632 sempiterni
3669 3557 3850 3614 Patris

2207 3656 2583 3727 sempiternus
2609 3654 2779 3710 Filius
2809 3655 2908 3710 Dei
2935 3671 2992 3709 es
3014 3659 3068 3709 et
3093 3655 3266 3724 Deus;
3298 3659 3456 3710 extra
3482 3669 3657 3725 quem
3683 3653 3844 3724 nihil,

2209 3755 2264 3805 et
2287 3767 2392 3820 per
2418 3765 2588 3821 quem
2617 3765 2818 3818 omne;
2849 3749 2910 3803 in
2939 3765 3052 3821 quo
3082 3750 3236 3821 quod
3271 3755 3352 3804 est
3386 3752 3634 3818 constat;
3661 3748 3764 3819 qui
3793 3763 3848 3802 es

2209 3843 2353 3898 Deus
2380 3859 2550 3916 super
2569 3861 2691 3914 nos,
2711 3848 2768 3898 et
2787 3843 2961 3898 homo
2983 3847 3217 3915 propter
3237 3861 3368 3914 nos;
3389 3859 3491 3914 pro
3507 3841 3678 3897 nobis
3695 3843 3847 3897 enim

2209 3937 2360 4010 quod
2401 3955 2504 3992 nos
2548 3953 2666 3993 esse
2709 3937 2963 4006 voluisti;
3018 3937 3088 3992 da
3117 3937 3280 3992 nobis
3317 3937 3468 4009 quod
3513 3935 3848 4008 promisisti,

2208 4031 2278 4086 da
2302 4031 2483 4102 nobis,
2516 4031 2768 4103 indignis
2795 4030 2946 4099 licet,
2974 4032 3126 4104 quod
3167 4031 3433 4087 omnibus
3467 4031 3852 4085 communiter

2208 4123 2481 4194 obtulisti,
2509 4123 2829 4196 passionem
2871 4125 3076 4181 scilicet
3113 4129 3292 4192 tuam,
3323 4129 3576 4179 nostram
3613 4139 3740 4178 esse
3777 4121 3848 4176 li-

2207 4218 2503 4284 bertatem,
2533 4221 2590 4273 et
2629 4221 2786 4274 tuam
2830 4223 3074 4274 mortem
3113 4223 3364 4274 nostram
3405 4235 3524 4274 esse
3564 4218 3766 4287 vitam,
3796 4219 3852 4270 et

2207 4317 2364 4367 tuam
2407 4328 2656 4382 crucem,
2682 4315 2933 4368 nostram
2979 4329 3098 4369 esse
3137 4313 3570 4383 redemtionem,
3599 4317 3657 4367 et
3681 4318 3851 4367 tuum

2206 4406 2413 4460 vulnus
2447 4410 2700 4462 nostram
2735 4423 2852 4462 esse
2889 4407 3222 4477 sanitatem;
3245 4411 3312 4462 ut
3351 4411 3541 4462 tecum
3566 4403 3852 4472 cruciﬁxi,

2207 4505 2305 4555 tuo
2333 4499 2481 4556 dono
2524 4515 2746 4556 sursum
2783 4500 3098 4556 exaltemur
3129 4501 3201 4557 ad
3235 4502 3458 4557 Patrem
3485 4505 3676 4557 tuum.
3707 4500 3852 4555 Cum

477 4615 568 4653 ces
593 4603 830 4664 nostras,
859 4613 996 4667 quas
1021 4611 1124 4667 pro
1152 4594 1301 4648 illius
1330 4591 1530 4666 populi
1558 4591 1934 4648 obcaecatione
1961 4592 2108 4648 defe—
2125 4563 2186 4636 D
2209 4611 2322 4666 quo
2348 4594 2547 4650 beatus
2575 4595 2712 4650 vivis
2741 4598 2796 4650 et
2823 4611 3028 4666 regnas
3055 4595 3136 4652 in.

475 4689 685 4760 rimus;
725 4695 790 4744 ut
831 4687 1022 4759 agnita
1066 4688 1318 4743 veritatis
1355 4691 1469 4743 tuae
1514 4688 1660 4755 luce,
1689 4703 1816 4760 quae
1855 4685 2108 4742 Christus

479 4789 583 4852 est,
611 4801 642 4839 a
667 4783 782 4837 suis
811 4779 1056 4836 tenebris
1083 4784 1380 4836 eruantur.
1407 4783 1532 4835 Per.

549 4880 786 4934 Oremus
815 4879 872 4930 et
895 4889 999 4947 pro
1025 4872 1280 4945 paganis,
1310 4877 1376 4928 ut
1401 4874 1548 4928 Deus
1577 4875 1933 4946 omnipotens
1959 4873 2111 4930 aufe-

479 4977 566 5030 rat
593 4973 788 5044 iniqua
815 4969 884 5025 de
911 4966 1172 5024 cordibus
1199 4981 1428 5034 eorum;
1460 4969 1516 5020 et
1541 4965 1747 5022 relictis
1779 4967 1944 5023 idolis
1970 4969 2104 5036 suis,

481 5069 879 5122 convertantur
905 5062 976 5118 ad
995 5063 1172 5118 Deum
1188 5075 1408 5130 verum,
1431 5063 1488 5114 et
1503 5059 1740 5114 unicum
1759 5061 1964 5117 Filium
1987 5063 2110 5134 ejus

475 5161 668 5216 Iesum
693 5159 998 5224 Christum,
1027 5171 1159 5211 cum
1204 5169 1316 5227 quo
1352 5153 1490 5208 vivit
1523 5157 1578 5208 et
1600 5157 1804 5225 regnat
1827 5172 1955 5210 cum
1982 5157 2107 5227 Spi-

478 5253 597 5310 ritu
621 5256 808 5307 sancto
833 5252 893 5306 in
918 5251 1125 5306 saecula
1151 5247 1507 5304 saeculorum.

1173 5344 1432 5399 Oremus.

551 5435 920 5506 Omnipotens
968 5433 1309 5503 sempiterna
1355 5433 1520 5501 Deus,
1563 5429 1662 5502 qui
1707 5445 1822 5484 non
1869 5433 2110 5484 mortem

479 5535 857 5606 peccatorum,
910 5527 1006 5582 sed
1059 5527 1234 5581 vitam
1293 5541 1518 5597 semper
1571 5523 1834 5597 inquiris,
1891 5523 2110 5596 suscipe

477 5625 758 5700 propitius
791 5621 1104 5678 orationem
1140 5621 1420 5688 nostram;
1449 5623 1506 5674 et
1541 5619 1720 5674 libera
1757 5635 1851 5674 eos
1874 5618 1945 5673 ab
1985 5617 2107 5674 ido-

475 5723 662 5779 lorum
691 5719 929 5789 cultura,
969 5719 1026 5772 et
1063 5713 1314 5786 adgrega
1347 5710 1605 5768 Ecclesiae
1647 5718 1762 5770 tua).
1803 5717 2010 5771 sancta:
2041 5713 2113 5768 ad

551 5872 575 5904 ι
597 5860 822 5917 Eaedem
844 5855 1125 5916 orationes
1149 5853 1210 5910 in
1235 5821 1468 5910 Gothico
1495 5851 1568 5908 ad
1597 5851 1798 5908 feriam
1817 5855 1870 5910 6.

2793 4692 2964 4743 Oratio
2993 4693 3058 4743 ad
3086 4694 3254 4744 Sexta.

2275 4777 2493 4838 Christe
2515 4776 2678 4844 Deus,
2700 4777 2926 4834 Adonae
2946 4795 3175 4850 magne,
3197 4794 3300 4834 nos
3319 4781 3508 4834 tecum
3529 4777 3696 4850 quasi
3713 4777 3852 4833 huic

2208 4871 2423 4926 mundo
2448 4869 2736 4942 cruciﬁge,
2766 4875 2832 4926 ut
2858 4872 2973 4927 vita
2997 4875 3096 4927 tua
3132 4872 3193 4927 in
3217 4872 3381 4927 nobis
3407 4872 3508 4940 sit;
3537 4877 3852 4943 nostraque

2207 4969 2435 5036 peccata
2464 4979 2632 5036 super
2659 4967 2713 5020 te
2751 4982 2921 5036 pone,
2948 4971 3016 5022 ut
3040 4983 3104 5021 ea
3131 4966 3452 5038 crucifigas;
3481 4983 3584 5020 nos
3616 4982 3854 5038 quoque

2209 5057 2279 5112 ad
2321 5063 2376 5113 te
2421 5057 2608 5130 ipsum
2645 5058 2826 5130 trahe,
2875 5076 3006 5114 cum
3049 5077 3152 5132 pro
3191 5060 3354 5115 nobis
3395 5060 3674 5114 exaltatus
3713 5076 3774 5116 es
3819 5077 3853 5114 a

2209 5155 2379 5216 terra,
2405 5155 2471 5207 ut
2497 5169 2600 5207 nos
2627 5152 2834 5224 eripias
2859 5154 2928 5208 ab
2955 5153 3212 5210 adultero
3239 5159 3481 5226 tyranno
3508 5171 3522 5208 :
3555 5154 3690 5226 quia
3715 5153 3856 5208 licet

2209 5262 2378 5301 carne
2405 5251 2460 5302 et
2503 5247 2652 5302 vitiis
2689 5247 2908 5302 diabolo
2933 5247 3088 5303 noxii
3113 5265 3328 5317 sumus,
3357 5249 3460 5304 tibi
3484 5253 3699 5318 tamen,
3729 5264 3856 5303 non

2209 5339 2313 5410 illi,
2347 5344 2606 5412 optamus
2631 5341 2868 5412 servire;
2901 5347 2958 5397 et
2987 5343 3090 5398 sub
3119 5347 3216 5398 tuo
3243 5343 3376 5414 jure
3405 5343 3592 5397 vivere
3619 5341 3852 5398 deside-

2209 5449 2423 5505 ramus,
2451 5439 2507 5490 et
2529 5451 2562 5489 a
2587 5439 2643 5490 te
2671 5435 2976 5506 gubernari
3005 5453 3294 5509 rogamus,
3317 5437 3416 5508 qui
3443 5453 3548 5492 nos
3573 5436 3856 5491 mortales

2211 5531 2268 5583 et
2291 5545 2324 5582 a
2352 5532 2534 5586 morte
2572 5528 2790 5584 invasos
2823 5547 2928 5602 per
2969 5536 3214 5587 mortem
3255 5531 3436 5587 crucis
3477 5531 3720 5586 liberare
3747 5545 3856 5584 vo-

2211 5620 2384 5678 luisti.
2410 5625 2516 5678 Pro
2555 5639 2668 5695 quo
2708 5623 2984 5696 singulari
3007 5624 3282 5680 beneﬁcio
3309 5625 3584 5682 hodierna
3607 5624 3712 5680 tibi
3739 5641 3856 5679 no-

2213 5717 2326 5772 stra
2348 5715 2655 5774 famulatur
2681 5717 2933 5790 devotio;
2961 5723 3130 5793 teque
3163 5735 3318 5776 nunc
3355 5719 3525 5778 hodie
3563 5717 3862 5793 supplices
