4054 6188
198 301 277 359 361
1251 299 1338 356 DE
1374 300 1687 357 LITURGIA
1721 301 2094 359 GALLICANA
2131 305 2329 360 LIBER
2367 304 2456 361 IlI.

3421 311 3524 366 362

191 410 483 476 adoramus,
498 404 880 478 imploramus,
904 407 1252 478 invocamus,
1281 411 1347 463 ut
1361 409 1432 464 ad
1457 425 1563 464 nos
1586 427 1787 482 prope-
1807 424 1867 496 Α
1887 412 2180 467 ricorditer
2197 413 2424 484 eripuit,
2453 430 2556 469 nos
2571 413 2692 485 ejus
2708 413 2878 470 Filius
2902 414 2971 470 de
2991 413 3112 471 luto
3134 414 3291 471 faecis
3316 416 3513 488 hujus,

191 519 284 571 res,
299 500 464 556 virtus
475 505 681 554 aeterna
691 501 868 556 Deus:
891 503 1043 574 quod
1060 502 1224 557 nobis
1241 502 1498 574 proﬁciat
1509 507 1610 557 tua
1622 520 1782 574 crux,
1887 505 1980 560 cui
2006 505 2357 576 inhaesimus,
2398 508 2515 562 sola
2538 507 2926 564 misericordia
2963 514 3186 582 tantum
3215 509 3524 566 clamantes

191 595 518 665 triumphans
533 593 741 649 scilicet
759 595 829 650 de
850 596 1065 650 mundo
1086 596 1146 650 in
1171 595 1334 650 nobis
1347 612 1451 668 per
1474 597 1655 652 crucis
1680 598 1790 652 vir-

193 693 347 744 tutem
360 705 376 756 ;
393 692 560 759 atque
576 692 673 742 tua
683 688 862 758 pietas
877 689 1041 744 nobis
1059 689 1203 744 illud
1217 689 1519 761 antiquum
1530 691 1790 747 restituat

187 781 798 850 beneﬁcium,virtutem
811 782 1040 852 scilicet,
1066 787 1122 838 et
1150 783 1388 855 gratiam
1413 797 1426 837 :
1455 783 1554 854 qui
1573 800 1676 856 per
1692 801 1790 856 po-

187 875 394 930 tentiam
421 874 609 928 futura
629 875 934 946 prasterita,
961 893 1065 947 per
1083 876 1442 948 praesentiam
1469 877 1604 932 facis
1629 878 1787 934 simi-

186 969 296 1023 liter
325 967 606 1039 prezlerita
640 969 962 1040 praesentia,
986 970 1177 1040 redde,
1205 974 1272 1025 ut
1293 970 1458 1025 nobis
1484 975 1580 1026 tua
1606 972 1790 1043 passio

187 1059 355 1134 354
381 1061 456 1115 sic
475 1061 731 1116 salutaris
757 1062 850 1128 sit,
879 1063 1037 1134 quasi
1063 1080 1314 1135 praesens
1329 1069 1386 1120 et
1404 1064 1706 1136 hodierna;
1735 1071 1791 1120 et

185 1156 249 1209 sic
271 1154 423 1208 nobis
449 1154 618 1210 hodie
655 1155 749 1209 illa
777 1161 935 1227 gutta
961 1157 1137 1212 sancti
1173 1157 1464 1229 sanguinis
1494 1159 1579 1214 tui
1621 1175 1792 1231 super

186 1253 369 1302 terram
395 1247 529 1302 olim
557 1247 626 1302 de
655 1258 821 1304 cruce
859 1249 1115 1304 stillantis
1159 1250 1230 1305 sit
1275 1252 1445 1318 salus,
1497 1257 1557 1306 ut
1599 1253 1789 1307 omnia

185 1346 326 1396 terra:
351 1344 554 1396 nostra:
579 1341 784 1396 delicta
818 1343 1036 1412 lavans,
1052 1347 1109 1398 et
1133 1345 1385 1416 corporis
1408 1345 1587 1400 nostri
1613 1347 1790 1400 humo

185 1433 572 1504 quodammodo
601 1434 882 1506 immixta,
906 1453 1011 1491 nos
1033 1437 1101 1491 de
1122 1442 1272 1491 terra
1295 1442 1422 1492 tuos
1449 1437 1670 1508 efﬁciat,
1689 1456 1791 1493 nos

186 1544 384 1599 quoque
428 1527 535 1582 tibi
572 1529 736 1599 quasi
777 1546 981 1601 corpus
1015 1529 1168 1584 idem
1215 1531 1560 1586 reconciliati
1586 1531 1786 1603 Capiti.

187 1621 273 1684 Qui
311 1637 508 1692 regnas
549 1639 682 1676 cum
722 1625 887 1678 Patre
936 1639 1159 1696 semper
1205 1628 1261 1679 et
1316 1624 1528 1696 Spiritu
1577 1630 1786 1693 sancto,

189 1731 313 1769 nunc
336 1715 496 1770 nobis
521 1733 764 1788 regnare
791 1716 996 1790 incipe,
1027 1719 1204 1774 Homo
1230 1718 1378 1774 Deus
1403 1718 1620 1775 Christe
1638 1720 1786 1788 Jesu,

189 1809 284 1864 Rex
306 1808 362 1863 in
386 1808 591 1864 saecula
620 1811 981 1866 saeculorum.

737 1913 910 1964 Oratio
935 1913 1000 1964 ad
1026 1915 1193 1965 Nona.
1260 1931 1266 1940 ·

243 1996 280 2050 Ο
301 1997 547 2052 salutaris
572 1998 719 2053 hora
743 1999 1016 2070 passionis
1043 1999 1057 2053 l
1100 2018 1133 2054 ο
1173 2016 1381 2070 magna
1410 1999 1792 2054 maximarum

195 2090 501 2159 gratiarum!
546 2093 708 2147 Nona
730 2093 1024 2163 hodierna,
1052 2093 1302 2148 maxima
1327 2095 1600 2149 horarum
1627 2093 1787 2148 hora.

194 2183 281 2236 Hac
315 2200 455 2238 nunc
501 2191 588 2252 tu,
647 2191 838 2242 noster
890 2186 1092 2242 dilecte
1144 2188 1377 2260 Sponse,
1421 2188 1670 2242 osculare
1723 2187 1792 2242 de

194 2292 345 2347 cruce,
371 2278 498 2334 licet
526 2284 657 2351 post
685 2279 866 2334 crucis
894 2281 1239 2352 trophaaum.
1267 2283 1551 2348 Osculare,
1595 2297 1787 2352 preca-

196 2386 329 2426 mur:
365 2373 609 2428 salutare
637 2379 802 2429 tuum
844 2374 1137 2446 impertire
1180 2375 1363 2444 nobis,
1410 2375 1794 2446 triumphator

195 2463 450 2536 mirabilis,
492 2467 698 2538 auriga
745 2485 1030 2540 supreme.
1067 2469 1213 2524 Deus
1243 2469 1356 2540 pie,
1397 2467 1793 2540 gloriosissime

195 2564 561 2632 propugnator.
607 2565 797 2632 Avete,
843 2563 1043 2633 valete,
1097 2563 1416 2618 invalescite
1465 2567 1523 2618 et
1560 2562 1796 2618 viriliter

195 2651 332 2722 agite,
359 2655 755 2710 confortamini
787 2655 976 2726 dicito,
1007 2656 1240 2728 loquere
1267 2656 1533 2712 cordibus
1560 2655 1790 2726 nostris,

197 2745 434 2816 inspector
481 2748 727 2805 Christe.
770 2753 857 2804 An
895 2750 995 2822 qui
1044 2749 1182 2805 olim
1216 2751 1337 2805 haec
1389 2749 1590 2818 fecisti,
1640 2766 1793 2804 nunc

199 2838 357 2896 eadem
379 2859 490 2898 non
517 2848 684 2916 potes
709 2843 892 2899 facere
911 2844 938 2898 Ἰ
972 2845 1132 2899 Potes
1176 2845 1390 2916 utique,
1428 2847 1626 2915 potes;
1662 2843 1795 2914 quia

197 2934 510 3006 omnipotens
553 2953 654 2992 es:
703 2942 881 3008 potes,
927 2937 1332 3005 amantissime,
1376 2941 1536 3008 potes
1587 2937 1791 3006 facere,

198 3028 317 3097 quod
333 3046 552 3086 nosnou
581 3047 887 3103 possumus
915 3031 1192 3104 cogitare;
1223 3031 1358 3103 quia
1383 3030 1528 3086 nihil
1558 3030 1658 3086 tibi
1683 3030 1792 3084 im—

197 3121 416 3189 possibile
439 3130 538 3193 est,
571 3127 721 3180 Deus
746 3125 1125 3197 omnipotens.
1161 3125 1291 3180 Iesu
1329 3124 1603 3195 osculare,
1637 3140 1792 3196 quaa-

1811 1800 1865 1872 B

1889 603 2066 654 eruat.
2126 601 2444 655 Clamamus
2496 617 2742 674 namque
2793 605 2851 657 et
2904 619 3152 672 oramus,
3201 619 3274 658 ne
3323 610 3523 676 urgeat

1885 691 2093 748 inferni
2133 698 2338 765 puteus
2375 709 2545 765 super
2590 711 2694 750 nos
2741 711 2802 750 os
2843 712 3045 768 suum;
3097 698 3243 753 eruti
3291 697 3359 753 de
3400 697 3520 754 luto

1887 785 2121 858 peccati,
2151 803 2224 841 ne
2251 785 2577 857 inﬁgamur.
2614 789 2740 844 Per.

2442 900 2692 951 Collectio
2716 901 2962 965 sequitur.

1960 995 2194 1050 Domine
2241 995 2461 1050 Christe
2515 997 2664 1064 Jesu,
2708 996 2854 1050 Deus
2894 997 3005 1068 pie,
3059 997 3262 1052 exaudi
3311 1012 3418 1052 nos
3467 1003 3523 1052 et

1888 1092 2115 1160 praesta,
2164 1105 2483 1161 precamur,
2524 1105 2654 1162 quas
2697 1090 2864 1144 corde
2937 1105 3238 1162 rogamus:
3301 1095 3358 1145 et
3414 1091 3521 1145 hoc

1889 1197 2178 1252 rogamus,
2198 1185 2263 1236 ut
2281 1182 2382 1236 tibi
2414 1183 2756 1254 placeamus,
2776 1182 2878 1238 tibi
2897 1183 3214 1238 hesreamus
3235 1183 3355 1238 sine
3376 1183 3520 1254 fine;

1888 1280 1954 1330 ut
2005 1291 2231 1347 semper
2271 1275 2372 1330 tibi
2428 1276 2634 1346 gratias
2677 1292 2931 1348 agamus,
2979 1276 3076 1348 qui
3121 1282 3204 1346 tu,
3261 1277 3518 1346 Domine,

1888 1368 2175 1424 redemisti
2204 1385 2307 1424 nos
2331 1369 2391 1424 in
2420 1375 2693 1424 aeternam
2722 1370 2896 1425 vitam
2947 1369 3016 1424 de
3063 1374 3277 1425 aeterna
3317 1375 3521 1427 morte.

1888 1462 1994 1526 Qui
2061 1462 2395 1518 descendisti
2451 1463 2513 1517 in
2574 1463 2780 1533 lacum,
2834 1467 2900 1518 ut
2956 1479 3024 1518 ex
3063 1463 3259 1518 inferis
3308 1464 3524 1518 vinctos

1891 1555 2176 1624 educeres,
2207 1555 2474 1612 descende
2499 1573 2654 1611 nunc
2673 1572 2920 1629 quoque,
2942 1571 3262 1627 precamur,
3295 1556 3522 1611 visceri-

1888 1648 1994 1702 bus
2019 1653 2132 1703 tuaa
2169 1649 2412 1720 pietatis,
2453 1655 2517 1705 ut
2545 1666 2615 1705 ex
2645 1649 2882 1704 vinculis
2908 1654 3292 1721 peccatorum,
3319 1649 3526 1722 quibds

1891 1742 2276 1814 unusquisque
2297 1743 2728 1814 constringitur,
2747 1759 2850 1796 nos
2877 1743 3152 1798 absolvas.
3182 1744 3309 1798 Per.

1994 1855 2124 1904 Item
2152 1854 2316 1905 oratio
2341 1855 2396 1906 in
2420 1855 2642 1906 Sabbato
2670 1854 2871 1919 requiei
2897 1853 3145 1904 dominici
3170 1854 3421 1918 corporis.

1962 1957 2372 2015 Succumbente
2432 1962 2595 2030 Agno
2665 1963 2856 2013 nostra
2912 1973 3016 2029 pro
3077 1957 3253 2012 salute
3276 1999 3290 2026 ,
3363 1961 3524 2030 Agno

1890 2051 2134 2123 figurato
2163 2051 2280 2123 diu,
2304 2052 2536 2108 demum
2565 2053 2766 2108 eodem
2791 2051 3050 2107 vincente
3079 2050 3278 2120 letum,
3323 2049 3422 2104 illo
3469 2056 3526 2106 et

1890 2145 2073 2201 Leone
2096 2146 2122 2200 J
2129 2145 2235 2200 uda
2252 2146 2492 2217 veriore,
2512 2150 2678 2202 antea
2727 2150 2948 2218 tempus
2979 2143 3271 2216 captivataa
3311 2143 3525 2199 reditus

1890 2239 2132 2295 ﬁdeliter
2193 2239 2420 2296 Adams:
2445 2283 2460 2310 ,
2523 2241 2724 2294 fratres
2784 2237 3092 2307 carissimi,
3160 2241 3523 2308 expectemus

1891 2333 2130 2405 praedm;
2173 2340 2239 2390 ut
2281 2334 2593 2406 compilatis
2629 2333 2795 2388 inferi
2831 2332 3043 2405 spoliis,
3081 2331 3242 2402 cujus
3281 2335 3524 2386 mortem

1892 2424 2484 2492 commemoravimus,
2526 2423 2730 2479 eodem
2763 2421 2986 2494 pietatis
3029 2421 3188 2476 cultu
3222 2420 3372 2475 illius
3395 2436 3526 2475 cum

1893 2517 2007 2572 suis
2035 2534 2356 2590 regressum
2397 2534 2466 2572 ex
2502 2516 2742 2572 mortuis
2789 2516 3092 2587 celebrare,
3137 2515 3234 2570 illo
3281 2514 3522 2583 favente,

1891 2615 2150 2683 tempore
2178 2611 2459 2683 possimus
2484 2611 2776 2666 redeunte.

1958 2787 1963 2792 _
2452 2721 2972 2784 Collectiqsequitur.

1961 2815 2183 2870 Christe
2204 2815 2352 2883 Jesu,
2381 2814 2650 2870 caelorum
2669 2813 2945 2880 conditor,
2973 2813 3138 2883 Deus,
3167 2829 3272 2886 pro
3294 2817 3393 2869 tua
3403 2827 3526 2868 cru-

1895 2908 2058 2964 ciﬁxe
2100 2913 2376 2979 creatura,
2429 2907 2699 2964 ineffabili
2751 2907 2978 2980 pietatis
3025 2912 3376 2963 sacramento
3422 2923 3527 2962 nos

1893 3019 2123 3075 quoque
2172 3003 2285 3058 tuis
2331 3001 2568 3072 redime,
2619 3017 2939 3074 precamur,
2994 3000 3204 3072 jussis:
3277 3001 3527 3056 Salvator

1895 3096 2111 3152 custodi
2152 3113 2275 3167 nos,
2316 3096 2704 3168 parvulorum,
2759 3095 3019 3163 Domine,
3040 3099 3226 3150 custos
3249 3099 3522 3161 tuorum;

199 3176 261 3285 ;.,
291 3176 1792 3292 segnia;"transigas;tisanana
1811 3176 1866 3251 α
1891 3207 2005 3263 quo
2023 3191 2376 3292 φίδξεφφρεέι-
2402 3191 2708 3292 maenas,
2736 3194 2836 3245 ιιιο
2863 3194 2919 3245 ει
2945 3205 3050 3262 per
3071 3193 3128 3244 te
3155 3188 3396 3292 Patriae,
3412 3203 3528 3292 ιξιια

199 3307 400 3380 Patrem,
425 3329 556 3368 cum
580 3330 696 3384 quo
724 3329 950 3384 semper
993 3329 1116 3368 eras
1156 3317 1213 3368 et
1254 3329 1554 3385 permanes
1599 3313 1788 3384 unus),

198 3401 301 3472 quia
323 3405 570 3462 osculum
603 3410 764 3462 tuum
787 3407 952 3462 dulce
975 3411 1097 3476 est;
1125 3411 1181 3462 et
1205 3407 1379 3462 ubera
1399 3411 1498 3462 tua
1520 3405 1650 3462 vino
1673 3407 1794 3462 dul-

199 3494 334 3568 ciora,
357 3499 668 3572 fragrantia
691 3501 922 3573 optimis
946 3501 1288 3573 unguentis;
1321 3504 1379 3556 et
1398 3517 1608 3556 nomen
1627 3504 1792 3556 tuum

201 3603 335 3660 super
359 3593 565 3665 oleum,
593 3611 767 3666 quem
797 3595 1226 3650 adolescentulse
1254 3595 1596 3662 dilexerunt,
1621 3611 1791 3666 quem

1891 3290 2084 3340 sancto
2107 3284 2340 3357 Spiritui
2367 3285 2576 3357 gratias
2599 3299 2769 3355 agere
2803 3299 3251 3356 perseveremus.
3295 3281 3399 3346 Qui
3438 3286 3524 3337 te-

1891 3395 2024 3434 cum
2048 3378 2182 3434 vivit
2206 3382 2264 3434 et
2286 3383 2508 3451 regnat.

2226 3491 2356 3540 Item
2387 3488 2552 3539 oratio
2576 3487 2642 3538 ad
2665 3487 2820 3537 Sexta
2839 3487 2922 3537 die
2949 3487 3193 3538 Sabbato.
3281 3546 3290 3556 λ

1962 3585 2071 3639 Hac
2096 3583 2236 3639 hora
2260 3581 2580 3654 auspicatur
2598 3581 2762 3636 obrui
2793 3581 3086 3654 ferrugine
3111 3579 3271 3636 Titan
3295 3584 3526 3636 sonante

1891 3677 2170 3752 profunda
2189 3681 2504 3732 nonatenus
2530 3680 2764 3749 parente
2793 3674 2938 3730 tuito
2962 3672 3165 3746 stipitis
3198 3675 3259 3729 in
3299 3689 3524 3729 summo

1892 3771 2138 3828 Hebraeis
2158 3787 2519 3844 nequaquam
2537 3769 2806 3842 suspendi
2821 3769 3243 3824 ﬂammivovam
3258 3768 3345 3823 sui
3368 3767 3528 3824 hiare

1891 3866 2031 3922 olim
2054 3883 2169 3922 non
2191 3864 2378 3921 ferens
2402 3865 2629 3935 rimam,
2657 3867 3134 3936 conspectansque
3177 3862 3370 3932 nefas;
3412 3878 3526 3934 quo

1891 3977 2051 4016 versa
2074 3960 2194 4016 vice
2220 3959 2341 4014 orbi
2368 3957 2629 4014 medetur
2651 3975 2757 4032 per
2787 3974 2921 4014 eum
2957 3957 3057 4030 qui
3096 3955 3248 4012 Patri
3287 3954 3531 4011 convivit

1891 4059 2203 4126 regnatque
2240 4057 2370 4108 ante
2417 4052 2618 4109 mundi
2659 4057 2848 4109 ortum
2882 4056 2940 4108 et
2969 4051 3026 4107 in
3056 4050 3261 4107 saecula
3291 4049 3527 4105 seculo-

1891 4163 2042 4204 rum.

200 3684 308 3738 recti
330 3686 590 3760 diligunt,
625 3705 766 3761 quos
787 3689 964 3744 trahis
988 3693 1115 3761 post
1139 3693 1217 3757 te,
1245 3689 1406 3760 cujus
1430 3689 1606 3744 lectus
1635 3688 1790 3744 ﬂori—

200 3773 298 3848 dus,
321 3781 468 3852 cujus
491 3783 842 3854 trophasum,
864 3800 1024 3839 crux.
1049 3782 1154 3848 Qui
1186 3783 1289 3838 hac
1315 3783 1460 3838 hora
1487 3782 1698 3838 rubens
1722 3783 1792 3838 de

201 3868 341 3928 Edam
397 3876 462 3931 de
512 3893 704 3947 cruce,
749 3877 940 3933 tinctis
981 3877 1228 3932 vestibus
1277 3877 1346 3932 de
1398 3877 1586 3947 Bosra,
1639 3877 1789 3931 solus

201 3967 325 4034 quasi
349 3970 589 4026 sulcator
611 3971 802 4043 magni
835 3971 982 4026 illius
1008 3970 1304 4026 torcularis
1329 3971 1402 4026 ad
1419 3970 1580 4026 celos
1604 3987 1793 4026 ascen-

201 4055 335 4129 disti;
379 4064 468 4119 cui
509 4069 821 4120 occurrunt
847 4065 1070 4138 Iangeli,
1099 4064 1449 4136 archangeli,
1495 4063 1787 4120 dicentes:

197 4149 306 4214 Quis
327 4160 404 4210 est
425 4158 548 4229 iste,
580 4158 683 4230 qui
711 4159 962 4215 ascendit
983 4158 1176 4214 tinctis
1201 4159 1447 4214 vestibus
1473 4158 1542 4214 de
1577 4159 1745 4214 Bosra
1764 4159 1792 4213 τ

197 4245 374 4308 Qnibus
395 4256 449 4307 te
477 4224 960 4325 interrogantibus
989 4270 1002 4308 :
1032 4254 1217 4318 Quare
1257 4269 1394 4325 ergo
1437 4252 1675 4307 rubrum
1707 4255 1790 4306 est

2159 4239 2163 4242 '
2283 4226 2456 4277 Oratio
2482 4225 2535 4276 in
2557 4225 2781 4276 Sabbato
2806 4224 2936 4276 hora
2967 4225 3132 4275 Nona.

197 4341 553 4402 vestimentum
596 4347 806 4402 tuum?
849 4346 1221 4419 respondisti:
1266 4346 1536 4401 Torcular
1585 4344 1790 4400 calcavi

1961 4320 2280 4392 ODomine,
2300 4322 2466 4376 Pater
2485 4320 2864 4392 omnipotens,
2883 4319 2980 4391 qui
3001 4318 3182 4374 Adam
3209 4331 3422 4373 novum
3451 4333 3522 4374 ex

195 4433 334 4506 solus,
355 4444 407 4493 et
429 4441 515 4494 vir
539 4440 611 4496 de
639 4441 904 4512 gentibus
929 4407 1046 4496 non
1072 4441 1182 4497 fuit
1209 4457 1458 4496 mecum.
1489 4441 1647 4509 Vere,
1677 4438 1792 4494 Sal-
1890 4431 2131 4512 Pef'so‘m‘
2157 4413 2377 4512 “feris.
2395 4414 2591 4512 Adam_
2616 4415 2994 4512 θῙίξξηθηίθξΠζ
3017 4409 3177 4512 (ξιξ-θδί
3216 4427 3282 4465 ex

198 4502 344 4599 vatur,
381 4548 508 4589 vere
543 4502 789 4589 rubrum
827 4540 916 4590 est
950 4540 1114 4590 tuum
1153 4540 1388 4608 propter
1428 4550 1532 4589 nos
1569 4502 1788 4604 corpus,
1809 4548 1870 4622 D
1891 4507 2088 4622 inferis
2115 4512 2172 4612 ῗί
2185 4504 2868 4622 ξδῗδδίδχρτθωηάίηυθ
2893 4502 3294 4622 IaCi’gbfmm
3334 4509 3527 4622 tam)?

425 4632 510 4683 est
536 4629 816 4700 sanguine
843 4645 989 4684 uva}.
1007 4596 1228 4685 ωηιξη
1259 4596 1412 4684 ὲηίω
1441 4626 1501 4681 in
1523 4626 1652 4682 vim,
1665 4596 1790 4681 ἐιοξ
1809 4596 1868 4622 ³³
1892 4603 2074 4657 solum
2121 4601 2272 4656 inter
2319 4602 2592 4670 mortuos,
2622 4615 2726 4671 pro
2758 4614 2859 4652 sua
2885 4596 3161 4652 exaudisti
3187 4599 3524 4668 reverentia,

201 4709 292 4770 lam
316 4722 482 4791 tuam,
511 4727 569 4777 et
592 4689 831 4794 pallium
859 4728 1024 4778 tuum
1040 4723 1102 4779 in
1128 4722 1407 4795 sanguine
1435 4738 1580 4796 uvas,
1609 4719 1708 4792 qui
1734 4737 1794 4776 es
1894 4695 2100 4798 θιῗιξάί
2126 4712 2249 4798 nos}
2296 4710 2616 4798 Pr‘iﬁ‘fmfr’
2644 4709 2749 4765 per
2775 4689 2995 4798 ίΡδξξωῖ
3031 4696 3094 4746 ut
3322 4710 3526 4798 .confe‘

201 4805 320 4864 Deus
339 4787 520 4885 solus;
554 4787 857 4872 cEuciﬁms
879 4835 985 4889 pro
1013 4817 1194 4887 nobis,
1217 4787 1359 4889 (illos
1385 4787 1790 4887 δηίίῳέρτω,
1892 4791 2040 4864 pulti
2067 4807 2197 4846 cum
2221 4789 2350 4892 Iesu
2378 4787 2516 4892 Filio
2543 4791 2664 4858 tuo,
2693 4803 2796 4842 sua
2820 4787 2934 4842 vita
2957 4787 3378 4892 resuscitatipin
3421 4787 3526 4842 hac

201 4902 423 4962 νωθεϋο
447 4883 618 4965 m'orﬁ
645 4883 913 4981 tradidit;
959 4911 1119 4983 cujus
1151 4883 1382 4966 ﬁll—nere
1422 4883 1679 4964 οωίιίιηξι
1702 4907 1792 4962 in-
1895 4901 2010 4940 sua:
2039 4883 2468 4956 superveniente
2502 4886 2711 4938 sancta:
2738 4883 3164 4938 resurrectionis
3191 4885 3374 4951 nocte,
3402 4897 3526 4936 ma-

202 5009 406 5055 numera
419 5009 780 5074 peccatorum
806 5005 1042 5060 vulnera
1065 5009 1256 5060 sanata
1275 5008 1430 5059 sunt.
1458 5004 1527 5058 Et
1552 5018 1674 5071 nos,
1704 5001 1790 5072 pie

1900 4997 2024 5053 gnte
2069 4976 2456 5034 sollemnitatis
2515 4976 2714 5050 gratia,
2765 4993 2867 5032 suo
2923 4975 3094 5044 dono,
3141 4979 3240 5030 tuo
3299 4991 3527 5047 quoque

203 5070 441 5150 Cruciﬁxe
465 5097 702 5169 Christe,
724 5114 854 5152 cum
879 5099 989 5154 tuis
1006 5098 1241 5166 redime,
1271 5098 1438 5168 salva,
1467 5096 1559 5169 pia
1571 5070 1796 5150 bonitas
1895 5075 2065 5145 bono:
2087 5079 2154 5176 _et
2178 5073 2421 5176 ξΙξίΓξῖυοδ
2445 5070 2620 5128 sane“
2648 5071 2880 5176 θρξιείίίο
2925 5074 2981 5126 εί
3015 5070 3284 5142 ωἵείθνίο
3314 5084 3529 5127 Πισθε-

203 5179 339 5242 Deus.
366 5189 469 5253 Qui
494 5206 697 5264 regnas
734 5208 865 5248 cum
890 5193 1051 5248 Patre
1077 5197 1133 5248 et
1174 5192 1388 5264 Spiritu
1425 5168 1616 5250 sancto
1647 5203 1797 5245 unus
1895 5184 2027 5226 mur
2053 5168 2283 5225 ἃδεοῙνίο
2302 5169 2409 5224 Per
2433 5183 2567 5224 eum
2597 5168 2698 5238 qni
2727 5168 2935 5220 tecum-

204 5273 250 5329 in
270 5284 531 5339 aeternum
555 5291 609 5341 et
633 5286 694 5341 in
724 5287 925 5342 saecula
951 5287 1307 5342 saeculorum.
2440 5277 2691 5329 Collectio
2723 5276 2973 5341 sequitur-

372 5377 495 5433 XXI.
537 5395 832 5437 ORATIONBS
871 5397 999 5437 rosr
1036 5397 1327 5438 LBCTIONES
1365 5400 1602 5440 sanum.
1966 5379 2207 5448 Christe,
2272 5376 2394 5432 fave
2443 5372 2734 5431 desideriis
2781 5375 2837 5428 et
2878 5369 3138 5444 precibus
3192 5369 3419 5443 nostriS,
3473 5377 3533 5429 et

261 5464 432 5543 355
475 5472 656 5529 Deum
680 5475 1150 5547 omnipotentem,
1179 5477 1404 5532 Patrem
1431 5482 1490 5533 et
1515 5478 1722 5533 Filium
1745 5483 1801 5534 et
1897 5478 2103 5548 praesta
2130 5485 2460 5545 prosperam
2484 5468 2632 5524 hanc
2659 5465 3154 5540 supervenientem
3190 5472 3396 5522 sanctae
3423 5468 3526 5520 Pa-

209 5557 446 5630 Spiritum
470 5574 748 5640 sanctum,
768 5569 1152 5626 universitatis
1169 5587 1347 5625 unum
1376 5577 1710 5643 creatorem,
1737 5572 1800 5629 in
1899 5569 2046 5624 schs:
2079 5569 2324 5635 noctem,
2365 5565 2424 5618 in
2454 5579 2569 5635 qua
2602 5566 2790 5618 tecum
2832 5569 3192 5634 resurgentes
3226 5560 3295 5615 de
3323 5564 3526 5626 morte,

211 5649 293 5710 hac
314 5673 513 5732 magna
535 5661 803 5719 Matutine
845 5663 1090 5728 Sabbati,
1126 5664 1402 5720 Dominici
1437 5665 1651 5723 scilicet
1674 5683 1797 5723 cor-
1897 5661 2139 5719 transire
2181 5673 2503 5716 mereamur
2545 5657 2616 5714 ad
2647 5656 2820 5715 vitam
2868 5656 3117 5715 Salvator
3159 5650 3376 5711 mundi.
3419 5651 3529 5715 Qui

214 5749 340 5817 Poris
361 5755 570 5828 requie,
615 5756 818 5813 fratres
848 5757 1145 5829 carissimi,
1197 5758 1477 5832 supplices
1531 5759 1798 5834 deprece-
1898 5754 2058 5814 vivis.

215 5854 330 5914 nur;
357 5852 418 5904 ut
441 5849 540 5922 qui
566 5850 740 5908 Adam
765 5852 835 5909 de
854 5850 1154 5925 profundis
1173 5851 1463 5911 infernalis
1491 5854 1614 5913 limi
1639 5856 1802 5916 mise-

504 5949 774 6020 PATROL.
821 5951 1054 6019 LXXII.
3141 5943 3214 6010 19
