4032 6180
507 298 606 348 363

685 404 832 458 XXII.
877 418 1066 459 INCIPIT
1105 418 1296 457 ORATIO
1337 419 1390 456 IN
1431 418 1667 458 vssrmm
1705 417 1940 458 PASCHB.

576 496 799 551 Domini
831 496 1009 567 gratia
1035 494 1060 523 '
1095 511 1198 566 per
1229 511 1434 566 aquam
1472 499 1528 550 et
1569 501 1825 550 sanctum
1863 496 2136 567 Spiritum

505 590 707 659 renati,
747 595 801 644 et
841 605 944 660 per
980 588 1352 659 multiplicem
1381 593 1632 660 paternae
1661 589 1975 644 dilectionis
1999 608 2133 662 pro-

504 684 774 738 visionem
798 681 1112 736 innumeris
1137 681 1352 752 laqueis
1393 682 1675 752 abstracti,
1716 683 1888 753 hinus
1931 683 2135 740 divinae

505 775 849 848 dignationis
873 779 1161 830 auctorem
1197 774 1500 830 Dominum
1539 775 1766 831 incenso
1801 777 2134 848 vespertinae

503 869 687 940 precis
720 866 1014 936 sacriﬁcio,
1057 873 1112 923 et
1154 867 1214 923 in
1257 869 1462 924 caelesti
1503 869 1695 940 patina
1733 885 1838 940 per
1872 870 2135 941 spiritum

502 964 710 1030 erecto,
739 965 796 1016 et
819 960 954 1032 igne
979 961 1097 1032 illo,
1127 978 1297 1034 quem
1325 962 1441 1033 ipse
1468 962 1527 1018 in
1551 962 1712 1017 nobis
1737 963 1967 1018 accendi
1986 964 2132 1020 desi-

502 1053 679 1120 derat,
721 1053 1074 1108 sollemniter
1113 1059 1315 1125 assato,
1357 1055 1625 1127 precariis
1662 1055 1970 1128 affectibus,
2018 1058 2133 1113 fra-

501 1151 614 1202 tres
639 1147 932 1216 carissimi,
961 1147 1364 1218 deprecemur;
1411 1153 1476 1211 ut
1499 1149 1672 1204 totius
1709 1151 1836 1206 vitae
1873 1151 2132 1222 crimina,

502 1244 560 1295 et
585 1239 848 1295 cotidiani
876 1241 1083 1296 erroris
1107 1242 1378 1311 maculas,
1410 1247 1466 1297 et
1511 1243 1778 1299 humanae
1816 1244 2134 1316 fragilitatis

501 1333 708 1402 debita,
730 1333 788 1388 in
815 1333 976 1388 annis
1005 1334 1339 1405 septimana}
1367 1334 1588 1390 dierum
1638 1337 2030 1409 quadraginta,
2071 1354 2134 1392 ac

501 1426 708 1498 sepulti
749 1427 997 1498 corporis
1045 1428 1133 1482 sui
1184 1428 1424 1484 Sabbato
1475 1429 1638 1484 nobis
1677 1431 1980 1500 concedat;
2030 1447 2136 1486 nos

502 1535 728 1591 quoque
755 1519 814 1574 in
840 1536 1081 1576 numero
1109 1521 1227 1576 veri
1239 1521 1508 1602 Israhelis
1527 1524 1768 1595 Egypto
1811 1525 2005 1595 egredi
2049 1525 2133 1580 fa-

501 1611 646 1682 ciat;
677 1616 733 1667 et
760 1613 1000 1669 inimicis
1028 1615 1324 1686 percussis,
1352 1616 1414 1670 in
1439 1633 1552 1671 una
1579 1617 1820 1672 Ecclesia
1846 1617 2134 1674 catholicae

503 1705 726 1776 domus,
742 1707 950 1762 Pascha
979 1707 1198 1763 Domini
1224 1709 1592 1778 celebrantes,
1615 1711 1763 1782 Agni
1786 1711 2136 1767 immaculati

1293 293 1625 348 APPENDIX
1661 293 1748 347 AD
1783 293 2004 348 OPERA
2041 293 2274 349 SANCTI
2312 295 2610 350 GERMANI
2648 295 3074 352 PARISIENSIS.

2156 416 2214 486 Α
2235 404 2449 475 gloriae,
2482 405 2717 462 introitu
2749 410 2843 461 tuo
2865 405 3073 460 inferni
3099 407 3289 461 fauces
3329 405 3701 489 inluminasti,
3743 411 3856 460 stu-

3757 293 3858 351 364

2233 498 2496 570 pentibus
2523 499 2755 555 inferis:
2801 499 2936 572 quia
2973 499 3124 554 solus
3159 499 3308 555 inter
3347 503 3602 554 mortuos
3636 497 3781 554 liber
3826 516 3856 553 a

2234 609 2460 648 recurso
2489 597 2586 648 tuo
2605 610 2708 666 per
2731 594 2990 649 eamdem
3016 598 3241 650 noctem
3269 593 3617 665 Protoplasto
3643 597 3710 648 ut
3733 609 3856 665 spo-

2234 685 2310 741 lia
2349 687 2638 757 revocasti,
2679 704 2783 759 per
2821 703 2994 760 quem
3034 687 3136 742 tibi
3173 704 3346 758 nunc,
3385 687 3640 756 Domine,
3668 703 3859 742 omnes

2235 781 2411 836 sancti
2449 779 2655 853 gratias
2682 783 2881 853 agunt,
2911 786 2969 838 et
2988 781 3049 837 in
3074 785 3350 854 perpetuo
3385 782 3634 837 exaltant
3655 797 3859 836 nomen

2233 877 2423 930 tuum.
2449 875 2555 939 Qui
2581 891 2713 930 cum
2739 879 2832 930 aet.

2235 1009 2414 1064 XXIII.
2474 1026 2666 1065 INCIPIT
2709 1026 3018 1066 BENEDIC‘I‘IO
3053 1025 3200 1065 cana:
3231 1025 3382 1065 nam
3424 1025 3709 1065 sucusrm
3751 1025 3857 1063 EPI-

2306 1097 2470 1149 SCOPI,
2530 1097 2678 1142 QUAM
2719 1097 2894 1138 ADHUC
2931 1097 3191 1137 DIACONUS
3221 1097 3328 1135 CUI!
3373 1096 3545 1150 ESSET,
3595 1096 3773 1136 EDIDI‘!‘
3802 1097 3858 1135 ET

2305 1168 2512 1207 CECINIT
2535 1168 2826 1208 FELICITER.

2307 1260 2530 1316 Exultat
2563 1260 2684 1332 jam
2731 1260 2986 1332 angelica
3025 1260 3190 1316 turba
3248 1259 3515 1315 caelorum
3534 1277 3550 1330 ;
3613 1259 3860 1315 exultent

2234 1353 2421 1408 divina
2445 1355 2729 1426 mysteria,
2752 1359 2810 1410 et
2831 1371 2935 1426 pro
2961 1354 3105 1409 tanti
3118 1353 3288 1426 Regis
3313 1353 3546 1408 victoria
3560 1353 3699 1408 tuba
3715 1353 3859 1408 into-

2233 1452 2332 1502 net
2361 1447 2642 1503 salutaris.
2674 1448 2926 1504 Gaudeat
2953 1463 3012 1503 se
3036 1447 3209 1502 tantis
3235 1447 3385 1502 illius
3411 1446 3652 1502 inradita
3675 1445 3854 1518 fulgo-

2234 1541 2427 1607 ribus;
2473 1546 2530 1597 et
2567 1541 2765 1596 aeterni
2792 1541 2962 1614 Regis
3001 1541 3298 1614 splendore
3351 1540 3651 1610 illustrata,
3696 1539 3858 1594 totius

2234 1635 2384 1690 orbis
2403 1652 2461 1690 se
2485 1635 2688 1690 sentiat
2710 1635 2960 1691 amisisse
2987 1634 3309 1706 caliginem.
3336 1635 3584 1690 Laetetur
3606 1638 3664 1690 et
3686 1636 3861 1688 mater

2235 1729 2498 1800 Ecclesia,
2529 1729 2671 1784 tanti
2694 1728 2926 1784 luminis
2951 1729 3218 1784 adornata
3246 1727 3504 1800 fulgore;
3557 1731 3616 1782 et
3642 1726 3864 1799 magnis

501 1799 780 1872 sanguine
805 1817 1107 1872 corporum
1131 1807 1461 1857 nostrorum
1489 1803 1742 1875 postibus
1779 1805 2038 1877 aspersis,
2073 1805 2128 1861 in

2236 1822 2576 1895 populorum
2617 1822 2846 1878 vocibus
2871 1822 2995 1877 haec
3035 1821 3164 1877 aula
3215 1799 3468 1877 resultet.
3515 1822 3866 1894 Quapropter

503 1893 662 1948 istius
688 1893 866 1949 noctis
907 1895 1242 1950 venerabilis
1263 1896 1656 1965 sollemnitate,
1675 1903 1956 1954 vastatum
1969 1915 2134 1954 mun-

502 1987 640 2043 dum
666 1992 869 2056 morte,
893 1989 1177 2060 defendat,
1207 1991 1497 2046 orantibus
1522 1991 1706 2047 nobis.
1735 1993 1860 2048 Per.

1051 2083 1302 2132 Collectio
1337 2083 1588 2147 sequitur.

571 2163 789 2219 Christe
807 2165 957 2232 .Iesu,
987 2163 1047 2218 in
1073 2179 1305 2235 vespera
1330 2165 1530 2219 mundi
1554 2165 1940 2238 vespertinum
1969 2166 2132 2222 sacri-

499 2257 694 2314 ﬁcium
719 2274 823 2330 per
841 2274 1067 2313 crucem
1097 2257 1378 2328 effectum,
1401 2258 1635 2330 dignare
1669 2275 1771 2313 nos
1817 2277 1962 2316 nova
2003 2277 2128 2316 cor-

500 2351 626 2424 pori
651 2357 750 2406 tuo
775 2352 896 2408 fore
921 2353 1239 2424 sepulchra.
1273 2352 1380 2418 Qui
1405 2369 1536 2407 cum
1563 2356 1776 2410 aeterno
1804 2355 1966 2410 Patre
1993 2353 2131 2410 vivis

503 2449 560 2502 et
584 2461 806 2518 regnas.

969 2515 1142 2568 Oratio
1167 2516 1233 2566 ad
1261 2516 1574 2568 duodecima
1600 2518 1628 2559 b
1653 2552 1667 2568 .

571 2601 874 2654 Auctorem
900 2598 1061 2666 lucis,
1103 2597 1423 2670 principem
1460 2599 1714 2670 luminis,
1754 2599 2129 2671 inspectorem

499 2692 702 2762 cordis,
719 2691 1069 2748 credentium
1083 2691 1523 2765 redemptorem,
1541 2693 1744 2748 fratres
1757 2691 2126 2764 dilectissimi,

499 2786 714 2842 cunctis
739 2785 1178 2842 confessionibus
1202 2803 1569 2857 veneremur;
1608 2791 1674 2842 ut
1709 2791 1978 2860 vergente
2015 2785 2127 2851 die,

497 2881 648 2936 vocis
697 2881 920 2954 rugitus
968 2880 1250 2949 exaudiat,
1302 2885 1360 2936 et
1409 2881 1840 2953 superveniente
1889 2880 2129 2952 caligine

497 2973 700 3042 noctis,
726 2991 829 3029 nos
857 2974 1090 3028 luminis
1107 2974 1195 3028 sui
1214 2975 1517 3044 splendore
1543 2975 1838 3043 inlustret;
1867 2990 1939 3029 ne
1971 2973 2045 3028 sit
2069 2973 2130 3028 in

498 3066 661 3123 nobis
686 3066 802 3122 ulla
830 3065 1079 3122 tentandi
1103 3067 1456 3139 vexandique
1481 3067 1694 3122 occasio
1721 3067 2083 3122 tenebrarum
2111 3083 2126 3122 :

499 3161 572 3217 sit
609 3165 801 3216 noster
837 3160 1118 3231 defensor,
1165 3160 1266 3232 qui
1303 3165 1388 3216 est
1413 3177 1558 3216 vera:
1587 3160 1728 3216 lucis
1753 3161 2038 3230 indultor;
2064 3163 2204 3250 utC

385 3259 395 3263 ”
499 3271 723 3328 semper
765 3253 940 3310 simus
987 3255 1048 3309 in
1088 3253 1306 3310 lumine
1333 3254 1474 3326 ejus,
1505 3254 1604 3326 qui
1625 3253 1913 3310 Christum
1937 3254 2128 3310 Domi-

497 3365 639 3405 num
667 3347 978 3422 gloriamur
1001 3351 1310 3404 auctorem.
1341 3348 1448 3402 Per
1473 3363 1604 3403 eum
1630 3348 1731 3420 qui
1753 3364 1966 3404 secum.

1047 3440 1298 3491 Collectio
1323 3441 1572 3506 sequitur.

571 3521 761 3598 357
787 3524 942 3595 Rege
966 3540 1086 3593 nos,
1119 3522 1372 3594 Domine,
1401 3539 1506 3594 per
1531 3523 1776 3579 alternas
1804 3527 2129 3596 temporum

497 3620 665 3689 vices,
701 3623 758 3673 et
783 3633 1049 3672 conserva
1085 3633 1188 3671 nos
1226 3632 1330 3688 per
1369 3615 1618 3689 dispares
1657 3617 1880 3673 dierum
1921 3635 1986 3672 ac
2021 3633 2126 3673 no-

499 3713 676 3768 ctium
725 3711 1129 3780 successiones;
1181 3715 1247 3766 ut
1294 3711 1473 3782 adjuti
1523 3716 1847 3767 sanctorum
1897 3716 2128 3767 tuorum

497 3805 778 3878 precibus,
816 3805 916 3876 qui
950 3805 1100 3860 diem
1125 3805 1279 3860 hunc
1327 3821 1432 3876 per
1481 3821 1690 3860 munus
1729 3805 2128 3861 misericordiae

499 3905 614 3955 tuae
634 3899 920 3968 duximus,
949 3903 1178 3954 noctem
1205 3915 1432 3971 quoque
1459 3898 1627 3953 istam
1653 3899 1863 3970 placita
1887 3899 1988 3954 tibi
2012 3898 2129 3959 ani-

499 4009 724 4048 marum
757 3998 814 4048 et
838 4009 1138 4064 corporum
1163 3993 1409 4064 puritate
1434 3993 1727 4048 ducamus.
1755 3995 1879 4050 Per.

1001 4085 1234 4135 Praefatio
1269 4098 1404 4135 certe
1429 4083 1628 4148 incipit.

569 4166 1029 4239 Omnipotentem
1061 4167 1258 4236 Deum,
1286 4165 1488 4222 fratres
1514 4165 1880 4236 dilectissimi,
1908 4169 2124 4240 suppli-

496 4261 636 4316 citer
654 4260 1052 4333 deprecemur;
1085 4263 1148 4314 ut
1169 4258 1408 4318 vinculis
1433 4263 1792 4330 peccatorum
1805 4265 2128 4319 nostrorum

496 4354 556 4410 in
584 4355 766 4410 noctis
783 4353 946 4410 istius
971 4351 1324 4408 solemnitate
1355 4353 1646 4425 disruptis,
1673 4355 2044 4426 procedamus
2067 4357 2128 4413 in

495 4465 630 4504 voce
675 4448 1033 4504 exultationis
1073 4449 1131 4502 et
1169 4447 1552 4516 confessionis,
1603 4464 1775 4503 sonus
1820 4449 2124 4521 epulantis.

2231 1916 2582 1972 adstantibus
2623 1916 2797 1984 vobis,
2839 1916 3041 1970 fratres
3087 1915 3378 1985 carissimi,
3421 1915 3493 1971 ad
3521 1920 3636 1970 tam
3661 1915 3866 1970 miram

2231 2010 2408 2065 sancti
2421 2010 2594 2081 hujus
2618 2008 2852 2064 luminis
2869 2009 3202 2076 claritatem,
3235 2025 3348 2064 una
3374 2025 3620 2078 mecum,
3650 2024 3864 2081 quaeso,

2229 2105 2328 2158 Dei
2353 2102 2758 2175 omnipotentis
2774 2101 3222 2158 misericordiam
3240 2101 3492 2157 invocate
3506 2120 3523 2172 ;
3555 2105 3617 2157 ut
3645 2102 3748 2174 qui
3775 2118 3862 2156 me

2229 2213 2344 2252 non
2374 2197 2516 2252 meis
2537 2181 2754 2252 meritis
2778 2195 2925 2252 intra
2943 2195 3241 2252 levitarum
3267 2211 3573 2252 numerum
3598 2195 3870 2268 dignatus

2230 2294 2313 2346 est
2335 2290 2668 2363 adgregare,
2697 2295 2758 2346 ut
2772 2289 3004 2344 luminis
3027 2289 3116 2344 sui
3145 2289 3329 2362 gratia
3348 2289 3704 2360 infundente,
3721 2289 3869 2344 cerei

2229 2384 2402 2456 hujus
2430 2383 2657 2440 laudem
2688 2383 2925 2456 implere
2954 2383 3263 2456 praecipiat.

2301 2477 2534 2534 Sursum
2559 2477 2746 2533 corda.
2779 2477 2908 2532 Gra.

2787 2577 3100 2629 Contestatio
3133 2592 3292 2630 nunc.

2300 2663 2550 2736 Dignum
2568 2669 2626 2720 et
2635 2664 2858 2735 justum
2879 2668 2980 2720 est.
2999 2665 3138 2719 Vere
3159 2663 3292 2736 quia
3310 2663 3550 2734 dignum
3575 2665 3633 2718 et
3644 2663 3868 2734 justum

2231 2761 2314 2813 est
2333 2757 2670 2813 invisibilem
2690 2757 2871 2813 Deum
2896 2757 3351 2829 omnipotentem
3369 2757 3615 2825 Patrem,
3637 2757 3876 2812 Filium-

2229 2867 2340 2923 que
2376 2851 2749 2924 Unigenitum
2802 2849 2994 2924 358
3036 2850 3339 2906 Dominum
3382 2855 3642 2906 nostrum
3674 2851 3873 2906 Iesum

2227 2944 2516 3000 Christum
2559 2949 2677 3000 toto
2722 2945 2904 3000 cordis
2953 2961 3016 3000 ac
3066 2944 3272 3000 mentis
3331 2943 3534 2999 affectu
3600 2949 3657 2998 et
3725 2944 3878 2999 vocis

2229 3039 2495 3109 mysterio
2521 3054 2843 3110 personare.
2874 3038 3104 3110 Qui'pro
3123 3037 3286 3093 nobis
3321 3042 3533 3092 aeterno
3558 3036 3712 3091 Patri
3739 3037 3874 3093 Adae

2230 3131 2483 3187 debitum
2533 3131 2720 3202 solvit,
2773 3137 2830 3186 et
2881 3131 3084 3188 veteris
3138 3131 3348 3204 piaculi
3401 3131 3728 3186 cautionem
3783 3129 3877 3203 pio

2229 3241 2427 3280 cruore
2457 3225 2706 3282 detersit.
2747 3226 2876 3280 Htec
2913 3229 3046 3280 sunt
3083 3225 3234 3280 enim
3262 3225 3404 3280 festa
3428 3224 3790 3280 Paschalium
3832 3237 3875 3293 ε,

2229 3319 2291 3374 in
2317 3319 2520 3392 quibus
2544 3335 2708 3375 verus
2733 3319 2828 3375 ille
2841 3323 3036 3392 Agnus
3057 3319 3350 3388 occiditur,
3380 3318 3616 3390 ejusque
3635 3317 3878 3391 sanguis

2229 3413 2482 3484 postibus
2507 3418 2895 3484 consecratur;
2928 3413 2988 3468 in
3011 3429 3123 3485 qua
3151 3412 3409 3485 primum
3427 3415 3617 3482 patres
3644 3416 3876 3466 nostros

2227 3505 2369 3562 ﬁlios
2390 3507 2596 3562 Israhel
2613 3507 2855 3562 educens
2875 3508 2945 3564 dc
2965 3507 3227 3579 Egypto,
3259 3505 3518 3562 Rubrum
3543 3521 3704 3560 mare
3728 3504 3877 3560 sicco

2229 3600 2462 3673 vestigio
2500 3599 2738 3656 transire
2773 3601 2976 3657 fecisti.
3015 3601 3144 3655 Haec
3182 3599 3361 3671 igitur
3393 3615 3507 3654 nox
3533 3602 3638 3666 est,
3667 3597 3736 3654 in
3764 3615 3875 3671 qua

2227 3699 2588 3768 peccatorum
2607 3695 2870 3750 tenebras
2895 3696 3172 3750 columnae
3200 3693 3638 3748 inluminatione
3661 3709 3879 3764 purga-

2228 3789 2326 3844 vit.
2356 3790 2484 3844 Haec
2509 3804 2625 3844 nox
2651 3794 2737 3844 est
2765 3805 2892 3862 quat
2914 3788 3082 3844 hodie
3107 3804 3210 3860 per
3231 3786 3560 3842 universum
3582 3787 3876 3842 mundum

2229 3883 2287 3938 in
2323 3883 2545 3939 Christo
2587 3883 2900 3953 credentes,
2944 3900 2977 3937 a
3019 3881 3172 3937 vitiis
3215 3879 3409 3936 saeculi
3446 3885 3788 3952 segregatos
3825 3884 3884 3935 et

2228 3976 2468 4049 caligine
2491 3982 2873 4049 peccatorum,
2901 3975 3089 4032 reddit
3115 3975 3330 4047 gratiae,
3359 3974 3532 4029 sociat
3557 3972 3880 4030 sanctitati.

2227 4072 2356 4126 Haec
2380 4086 2492 4125 nox
2521 4073 2608 4125 est
2629 4069 2689 4125 in
2703 4087 2834 4142 qua,
2867 4070 3164 4126 destructis
3181 4068 3422 4124 vinculis
3459 4067 3686 4138 mortis,
3720 4067 3886 4124 Chri-

2227 4170 2346 4222 stus
2403 4165 2472 4219 ab
2519 4163 2714 4220 inferis
2754 4165 2932 4220 victor
2970 4163 3239 4220 ascendit.
3291 4162 3442 4218 Nihil
3495 4163 3650 4218 enim
3711 4161 3886 4218 nobis

2227 4259 2375 4314 nasci
2404 4258 2639 4331 profuit,
2660 4258 2770 4313 nisi
2791 4258 2997 4314 redimi
3021 4257 3341 4330 profuisset.
3359 4257 3404 4313 Ο
3421 4257 3566 4311 mira
3589 4255 3754 4312 circa
3782 4271 3890 4312 nos

2225 4356 2340 4408 tuae
2359 4353 2583 4426 pietatis
2593 4351 2844 4424 dignatio
2861 4351 2875 4407 !
2893 4369 2924 4406 ο
2937 4349 3344 4407 inaestimabilis
3356 4349 3580 4406 dilectio
3595 4349 3889 4420 caritatis,

2226 4451 2523 4502 utservum
2537 4446 2863 4515 redimeres,
2885 4444 3087 4500 Filium
3103 4443 3384 4500 tradidisti
3403 4443 3418 4498 I
3439 4443 3483 4499 Ο
3505 4446 3658 4498 certe
3681 4460 3892 4500 neces-

495 4542 754 4596 Accensis
776 4541 1152 4597 luminaribus
1168 4543 1239 4598 ad
1257 4523 1756 4598 inluminationem
1779 4547 2050 4614 nostram,
2070 4549 2128 4601 et
2143 4551 2204 4624 D
2225 4540 2437 4596 sarium
2466 4540 2598 4596 Adae
2618 4543 2912 4612 peccatum
2945 4542 3229 4608 nostrum,
3259 4537 3409 4610 quod
3437 4535 3642 4592 Christi
3692 4542 3898 4593 morte

497 4634 753 4690 candoris
775 4633 906 4689 ﬁdei
933 4635 1154 4707 fulgore
1180 4636 1494 4703 rutilantes,
1522 4637 1666 4692 alter
1713 4637 1946 4694 alterius
1979 4655 2124 4711 quo-

497 4743 608 4800 que
634 4727 885 4782 animam
900 4728 1218 4799 inluminet,
1247 4729 1392 4786 sicut
1414 4730 1676 4802 discipuli
1698 4730 1922 4786 Domini
1947 4733 2128 4789 nostri

496 4823 626 4878 Jesu
651 4820 856 4877 Christi
885 4840 899 4876 :
945 4821 1076 4893 quia
1113 4822 1232 4894 ipse
1275 4823 1335 4878 in
1362 4824 1468 4880 hac
1495 4830 1658 4880 nocte
1690 4826 1803 4881 vita
1836 4831 1892 4882 et
1932 4843 2122 4883 resur-

496 4915 670 4972 rectio
697 4915 988 4971 infernum
1012 4915 1394 4988 inluminavit,
1424 4921 1479 4973 et
1502 4923 1690 4990 portas
1737 4937 1910 4978 aereas
1945 4938 2122 4994 pene-

494 5009 682 5079 travit,
723 5015 780 5066 et
805 5015 987 5067 vectes
1021 5009 1234 5066 ferreos
1266 5011 1576 5085 confregit;
1623 5019 1678 5070 et
1717 5031 1870 5071 mors
1911 5017 2126 5074 devicta

497 5109 581 5160 est
609 5104 671 5160 in
696 5105 964 5176 victoria;
995 5109 1052 5161 et
1073 5105 1309 5178 antiqua
1335 5107 1612 5164 sententia
1647 5109 1938 5166 damnavit
1975 5127 2120 5184 eam,

498 5203 562 5254 ut
583 5214 686 5254 nos
715 5199 783 5255 de
802 5204 1078 5272 perpetua
1095 5205 1276 5257 morte
1306 5201 1590 5259 liberaret.
1622 5205 1746 5260 Per.

1041 5293 1292 5346 Collectio
1317 5295 1566 5361 sequitur.

567 5380 687 5434 Non
726 5381 810 5434 est
847 5378 1044 5435 similis
1080 5380 1188 5436 tibi
1224 5381 1285 5438 in
1323 5381 1448 5452 diis,
1495 5381 1752 5449 Domine,
1803 5388 1860 5438 et
1894 5399 2009 5438 non
2041 5387 2125 5440 est

495 5473 806 5530 secundum
833 5490 1006 5547 opera
1017 5477 1135 5546 tua,
1153 5475 1252 5549 qui
1275 5492 1380 5548 per
1396 5493 1666 5549 magnam
1683 5476 2124 5534 misericordiam

494 5571 651 5623 tuam
676 5568 897 5625 salvasti
939 5585 1042 5624 nos
1070 5586 1104 5624 a
1129 5569 1600 5625 descendentibus
1642 5567 1706 5626 in
1746 5571 1960 5627 lacum.
2005 5571 2125 5627 Rex

563 5697 597 5768 ξ
611 5697 751 5768 Ilaec
767 5693 962 5768 oratio
990 5711 1121 5749 cum
1149 5693 1329 5750 tribus
1375 5695 1846 5768 subsequentibus
1885 5699 2126 5756 habetur

493 5767 554 5820 in
579 5765 1054 5848 Missali'Gothico,
1083 5781 1270 5848 supra,
1293 5765 1584 5890 (plagiﬁIOE

563 5833 590 5874 δ
625 5837 748 5890 Ilaec
773 5839 951 5890 oratio
976 5851 1037 5889 In
1061 5835 1260 5890 Missah
1337 5841 1394 5890 ot
1439 5851 1528 5890 Ico
1561 5839 1887 5890 Inscribitm-
1917 5859 1930 5890 :

563 5833 590 5874 δ
625 5837 748 5891 Ilaec
773 5835 951 5890 oratio
976 5833 1266 5890 in’Missali'
1293 5833 1528 5892 Gothico
1561 5837 1887 5897 inscribitur
1917 5859 1930 5897 :
1972 5844 2120 5899 Prae-

2225 4633 2476 4690 deletum
2490 4633 2592 4688 est!
2607 4650 2640 4687 o
2656 4633 2795 4688 felix
2815 4633 2996 4704 culpa,
3013 4649 3142 4704 qua:
3153 4631 3327 4686 talem
3339 4647 3404 4686 ac
3420 4633 3642 4686 tantum
3655 4631 3898 4687 meruit
3945 4680 3954 4685 -

2223 4727 2432 4784 habere
2462 4727 2938 4799 Redemptorem?
2962 4726 3006 4782 Ο
3030 4725 3194 4781 beata
3204 4743 3338 4794 nox,
3360 4741 3490 4797 quae
3510 4724 3627 4778 sola
3653 4725 3901 4781 meruit

2225 4821 2366 4876 scire
2382 4824 2607 4894 tempus
2629 4825 2685 4876 et
2699 4820 2900 4876 horam
2918 4819 2977 4874 in
2993 4835 3106 4891 qua
3123 4818 3456 4875 Christusab
3469 4816 3678 4874 inferis
3691 4835 3902 4874 resur-

2223 4915 2401 4970 rexit!
2430 4915 2561 4970 Haec
2586 4931 2699 4970 nox
2730 4919 2814 4970 est
2841 4914 2912 4970 de
2937 4930 3051 4985 qua
3077 4911 3354 4985 scriptum
3374 4915 3457 4967 est
3483 4928 3498 4967 :
3545 4912 3615 4967 Et
3651 4928 3799 4969 nox
3837 4919 3906 4970 ut

2224 5009 2342 5065 dies
2370 4990 2806 5064 inluminabitur
2824 5003 2850 5078 ;'
2873 5012 2930 5064 et
2961 5025 2976 5062 :
3005 5008 3125 5062 Nox
3152 5005 3508 5062 inluminatio
3545 5004 3610 5062 in
3647 5007 3908 5065 deliciis

2221 5103 2387 5160 meis.
2418 5103 2597 5175 Hujus
2621 5103 2799 5176 igitur
2830 5101 3194 5158 sanctiﬁcatio
3219 5099 3398 5156 noctis
3425 5100 3592 5172 fugat
3628 5103 3908 5172 scelera,

2223 5197 2417 5270 culpas
2453 5196 2621 5265 lavat,
2667 5200 2724 5252 et
2765 5195 2952 5252 reddit
2994 5195 3382 5251 innocentiam
3415 5193 3610 5266 lapsis,
3651 5199 3916 5252 maestis

2221 5291 2519 5348 laetitiam:
2557 5291 2720 5364 fugat
2756 5290 2902 5358 odia,
2935 5289 3290 5345 concordiam
3331 5292 3514 5362 parat,
3569 5292 3627 5344 et
3677 5299 3920 5349 curvat

2221 5383 2484 5458 imperia.
2513 5385 2574 5439 In
2600 5383 2772 5456 hujus
2795 5383 2972 5456 igitur
2995 5383 3174 5439 noctis
3202 5383 3381 5456 gratia
3401 5381 3643 5454 suscipe,
3682 5392 3918 5444 sancte

2221 5479 2405 5547 Pater,
2433 5478 2647 5534 incensi
2673 5478 2846 5550 hujus
2869 5476 3203 5533 sacrificium
3245 5475 3660 5548 vespertinum,
3725 5483 3917 5553 quod

2223 5571 2326 5626 tibi
2347 5572 2409 5627 in
2433 5572 2538 5628 hac
2563 5572 2710 5629 cerei
2736 5571 3016 5628 oblatione
3046 5571 3308 5628 sollemni
3332 5586 3436 5643 per
3459 5569 3922 5632 ministrorum

2221 5701 2360 5769 ratio
2385 5699 2462 5755 ad
2492 5701 2712 5756 initium
2736 5701 2906 5756 noctis
2926 5699 3164 5756 Pascha.

2295 5768 2320 5801 "
2345 5769 2433 5827 Sic
2452 5771 2512 5828 in
2535 5771 2740 5829 Missali
2765 5770 2998 5830 Gothico
3019 5788 3038 5842 ;
3065 5769 3208 5841 aliis,
3232 5770 3542 5844 paschalia.
