4054 6188
228 277 301 326 365

1235 257 1320 312 DE
1360 257 1667 311 LI'l'lIltGIA
1705 256 2074 310 GALLICANA
2113 255 2308 309 LIBER
2349 253 2435 308 lll.

3402 257 3501 306 366

227 389 406 433 tuorum
427 387 608 427 manus
636 369 705 424 de
729 368 993 440 operibus
1011 383 1185 438 apum
1212 371 1567 422 sacrosancta
1591 367 1779 420 reddit
1800 379 1857 451 Α
1880 367 2049 438 inque
2075 367 2262 436 ipsum
2307 370 2515 418 nostra;
2541 364 2612 418 sit
2641 361 3047 433 deprecationis
3083 363 3351 433 ascensio,
3380 380 3497 417 ina-

223 467 430 526 Ecclesia.
457 463 551 520 Sed
564 464 685 534 jam
711 461 990 516 columnas
1010 461 1181 531 hujus
1201 461 1483 532 praeconia
1493 461 1774 529 novimus,

224 579 357 635 quam
379 561 430 613 in
451 560 656 612 honore
677 557 775 610 Dei
795 556 1034 610 rutilans
1049 554 1200 626 ignis
1227 555 1510 624 accendit;
1537 555 1637 626 qui
1651 554 1781 609 licet

221 655 384 710 divisus
407 653 459 705 in
486 655 685 721 partes,
734 649 977 703 mutuati
1021 648 1252 702 luminis
1288 648 1627 703 detrimenta
1662 664 1778 702 non

221 748 357 813 novit,
383 745 546 799 Alitur
573 743 917 814 liquantibus
943 741 1102 809 ceris,
1155 758 1329 812 quam
1368 742 1428 795 in
1470 742 1782 796 substantia

216 841 427 912 pretiosae
465 837 627 907 hujus
672 836 948 907 lampadis
993 835 1112 907 apis
1161 840 1342 890 mater
1386 836 1598 890 eduxit.
1648 835 1782 906 Apis

216 933 372 988 ceteris
393 947 508 1004 quae
532 930 782 1000 subjecta
807 934 938 984 sunt
967 929 1189 983 homini
1217 929 1598 984 animantibus
1629 933 1782 983 ante-

216 1027 368 1081 cellit:
399 1041 517 1079 cum
556 1024 626 1078 sit
670 1023 848 1078 nimia
891 1024 1149 1094 corporis
1187 1023 1480 1094 parvitate,
1521 1023 1782 1094 ingentes

213 1121 388 1174 animos
408 1122 636 1188 angusto
663 1120 848 1172 versat
871 1117 931 1171 in
950 1122 1178 1187 pectore
1210 1134 1223 1171 :
1257 1117 1470 1172 viribus
1495 1117 1779 1171 imbecilla

214 1214 287 1267 sed
304 1213 442 1266 fortis
464 1211 711 1282 ingenio.
743 1213 891 1280 Haec,
934 1211 1223 1281 explorata
1270 1217 1597 1282 temporum
1642 1210 1778 1276 vice,

212 1306 578 1362 cumcanitiem
605 1306 872 1377 pruinosa
913 1305 1165 1375 hyberna
1205 1305 1514 1376 posuerint,
1566 1311 1622 1360 et
1663 1306 1781 1376 gla-

213 1402 320 1455 ciale
349 1401 549 1455 senium
584 1399 742 1452 verni
776 1399 1049 1469 temporis
1096 1399 1389 1454 moderata
1429 1399 1780 1469 deterserint,

211 1495 358 1548 statim
387 1493 692 1565 prodeundi
719 1493 789 1547 ad
818 1493 1068 1549 laborem
1095 1510 1229 1547 cura
1259 1493 1532 1563 succedit,
1565 1493 1780 1564 disper-

211 1605 358 1660 sasque
379 1604 472 1658 per
495 1604 681 1658 agros,
711 1587 924 1641 libratis
948 1587 1250 1659 paululum
1278 1587 1569 1658 pinnibus,
1598 1587 1781 1641 cruri-

209 1683 286 1736 bus
305 1682 569 1753 suspensis
593 1681 860 1736 insedunt
889 1699 902 1734 :
950 1687 1108 1752 parte
1147 1698 1242 1735 ore
1283 1681 1473 1751 legere
1509 1682 1780 1750 floscolos,

211 1780 406 1830 oneratae
433 1775 764 1830 victualibus
795 1775 930 1842 suis,
953 1776 1022 1829 ad
1057 1780 1236 1830 castra
1269 1780 1552 1844 remeant;
1591 1775 1783 1846 ibique
1803 1757 1860 1828 Β

210 1869 304 1922 alia
349 1869 716 1924 inaestimabili
753 1867 946 1941 359
966 1873 1084 1923 arte
1111 1869 1337 1924 cellulas
1357 1869 1539 1924 tenaci
1562 1869 1782 1940 glutino

212 1963 478 2033 instruunt;
521 1964 648 2017 aliae
681 1963 955 2034 liquantia
992 1963 1163 2017 mella
1198 1963 1442 2033 stipant;
1493 1964 1617 2018 alia:
1656 1979 1781 2018 ver-

210 2061 306 2111 tunt
331 2056 478 2110 flores
506 2057 564 2111 in
593 2073 817 2126 ceram;
849 2057 972 2111 alia:
1009 2074 1106 2111 ore
1135 2062 1300 2111 natos
1339 2058 1565 2128 tingunt
1591 2076 1606 2127 ;
1659 2055 1784 2112 alia:

211 2149 404 2204 collectis
442 2168 470 2205 e
513 2151 665 2205 foliis
703 2155 895 2205 nectar
937 2150 1254 2205 includunt.
1293 2151 1335 2205 Ο
1375 2167 1506 2206 vere
1532 2151 1694 2205 beata
1731 2156 1787 2206 et

209 2242 431 2298 mirabilis
472 2244 626 2316 apis!
675 2245 833 2315 cujus
871 2261 1213 2299 nec-sexum
1251 2244 1486 2299 masculi
1555 2244 1783 2315 violant,

209 2339 318 2390 fetus
340 2355 443 2392 non
467 2344 755 2410 quassant,
785 2355 889 2393 nec
935 2338 1035 2392 lilii
1075 2340 1374 2393 destruunt
1426 2339 1736 2393 castitatem
1769 2355 1782 2394 :

208 2430 314 2484 sicut
334 2437 510 2487 sancta
541 2432 801 2503 concepit
824 2433 983 2504 virgo
1011 2433 1200 2502 Maria,
1242 2433 1400 2503 virgo
1440 2433 1680 2504 peperit,
1733 2437 1789 2486 et

206 2525 330 2594 virgo
353 2527 678 2596 permansit.
709 2527 752 2580 Ο
778 2543 908 2581 vere
933 2527 1094 2581 beata
1117 2543 1250 2597 nox,
1283 2543 1412 2598 qua:
1460 2526 1789 2598 exspoliavit

207 2618 467 2691 .l-Igyptios,
517 2621 718 2676 ditavit
745 2621 1037 2676 Hebraeos!
1105 2637 1215 2674 nox
1264 2621 1325 2674 in
1377 2637 1492 2691 qua
1547 2621 1789 2674 terrenis

208 2713 402 2768 celestia
423 2716 770 2787 junguntur.
798 2716 1034 2769 Oramus
1069 2719 1144 2783 te,
1192 2715 1446 2784 Domine,
1498 2719 1562 2770 ut
1597 2731 1790 2770 cereus

205 2805 282 2860 iste
326 2807 377 2862 in
419 2810 634 2864 honore
670 2808 916 2863 nominis
959 2807 1045 2862 tui
1089 2813 1466 2878 consecratus,
1499 2809 1570 2862 ad
1613 2808 1791 2863 noctis

206 2899 342 2970 hujus
385 2903 684 2974 caliginem
724 2902 1124 2958 destruendam
1162 2902 1488 2958 indeliciens
1527 2919 1788 2974 perseve-

206 2996 369 3061 ret;in
401 2998 634 3052 odorem
669 2996 954 3051 suavitatis
996 3000 1274 3068 acceptus,
1325 2997 1582 3068 supernis
1621 2996 1789 3051 lumi-

206 3088 394 3144 naribus
413 3092 737 3146 misceatur.
768 3091 1048 3144 Flammas
1074 3090 1196 3160 ejus
1222 3090 1442 3145 Lucifer
1477 3091 1791 3146 matutinus

205 3179 446 3254 inveniat;
474 3186 595 3255 ille,
626 3185 878 3257 inquam,
905 3183 1144 3251 Lucifer,
1180 3185 1279 3256 qui
1305 3185 1484 3240 nescit
1509 3202 1790 3256 occasum;

205 3274 276 3329 ille
297 3278 381 3348 qui
401 3296 694 3351 regressus
711 3278 780 3333 ab
808 3278 1024 3348 inferis,
1060 3278 1312 3333 humano
1341 3279 1532 3350 generi
1562 3295 1795 3334 serenus

203 3367 390 3427 inluxit.
409 3375 718 3429 Precamur
742 3389 877 3443 ergo
901 3377 975 3442 te,
1019 3371 1273 3442 Domine,
1301 3379 1367 3428 ut
1409 3390 1515 3428 nos
1553 3373 1796 3428 famulos

205 3466 318 3531 tuos,
362 3483 590 3524 omnem
638 3468 872 3534 clerum,
911 3472 966 3521 et
1015 3466 1440 3522 devotissimum
1495 3468 1793 3539 populum,

204 3557 356 3627 quiete
381 3566 707 3634 temporum
731 3577 1010 3632 concessa,
1042 3561 1100 3616 in
1129 3561 1217 3616 his
1260 3561 1615 3633 paschalibus
1656 3578 1794 3616 con-

203 3665 386 3709 servare
406 3656 681 3728 digneris.
713 3658 838 3711 Per.

725 3749 973 3800 Collectio
997 3749 1246 3814 sequitur.

1879 464 2047 515 nente
2072 459 2130 513 in
2161 476 2226 514 eo
2247 463 2302 513 et
2328 475 2458 512 cum
2487 456 2687 512 eodem
2719 456 3022 510 divinitatis
3049 457 3243 527 gloria.
3271 459 3394 512 Per.

2441 550 2688 600 Collectio
2707 550 2953 613 sequitur.

1949 637 2202 708 Respice,
2232 636 2485 705 Domine,
2517 635 2818 691 Ecclesiam
2844 641 3002 690 tuam
3027 652 3155 707 qua
3177 636 3505 692 admirabile

1879 747 2088 786 nomen
2114 736 2280 786 tuum
2306 735 2421 784 toto
2445 735 2727 784 terrarum
2759 731 2894 785 orbe
2931 730 3301 801 concelebrat,
3331 735 3388 785 et
3412 748 3504 786 su-

1880 843 1983 896 per
2009 824 2286 896 populum
2313 821 2504 896 360
2532 828 2696 878 tuum
2720 825 2938 879 vultum
2966 829 3077 878 tuas
3105 823 3326 894 pietatis
3355 824 3504 879 inlu-

1882 921 2054 975 mina.
2083 921 2208 974 Per.

2382 991 2481 1038 Pro
2520 988 2764 1038 Ecclesia:
2795 987 3005 1037 unitate.

1954 1077 2129 1130 Deum
2171 1077 2412 1143 Patrem,
2451 1074 2724 1129 carissimi
2764 1075 2985 1143 fratres,
3022 1090 3136 1128 uno
3175 1072 3375 1144 spiritu
3408 1074 3505 1128 de—

1883 1191 2201 1246 precemur,
2230 1179 2295 1229 ut
2315 1190 2510 1228 omnes
2536 1173 2667 1228 ﬁdei
2687 1172 2978 1228 catholicae
3009 1171 3246 1226 vinculis
3268 1171 3508 1242 inligati,

1883 1285 2067 1323 unum
2094 1268 2402 1322 sentiamus
2429 1267 2489 1320 in
2515 1267 2756 1322 Christo.

2430 1359 2677 1410 Collectio
2711 1359 2960 1423 sequitur.

1957 1449 2122 1517 Deus,
2153 1447 2250 1519 qui
2281 1463 2424 1502 unus
2453 1451 2510 1501 et
2531 1463 2694 1501 verus
2725 1462 2802 1515 es,
2850 1451 2902 1500 te
2934 1443 3209 1515 supplices
3246 1444 3509 1514 depreca-

1884 1558 2035 1611 mur,
2065 1547 2127 1596 ut
2152 1541 2212 1596 in
2239 1541 2500 1595 omnibus
2524 1541 2731 1612 placita
2760 1539 2862 1594 tibi
2887 1555 3112 1609 semper
3136 1537 3272 1592 ﬁdes
3316 1538 3507 1593 catho-

1885 1636 1989 1690 lica
2014 1640 2352 1707 perseveret.
2383 1637 2487 1690 Per
2505 1635 2810 1688 Dominum
2835 1638 3117 1688 nostrum.

2233 1731 2332 1777 Pro
2367 1727 2725 1777 sacerdotibus
2760 1730 2813 1775 et
2840 1726 2983 1775 omni
3011 1727 3170 1774 clero.

1956 1815 2134 1869 Deum
2161 1818 2438 1879 nostrum,
2469 1811 2742 1866 carissimi
2768 1812 2967 1867 fratres
2999 1811 3279 1884 supplices
3318 1812 3514 1882 depre-

1885 1928 2108 1978 cemur;
2135 1917 2199 1966 ut
2224 1911 2535 1966 sacerdotes
2555 1925 2703 1979 suos,
2720 1927 2863 1981 quos
2889 1909 3219 1964 ceremonia:
3238 1908 3512 1980 religione

1885 2006 2152 2074 devinxit,
2183 2005 2324 2059 sacri
2350 2005 2607 2075 mysterii
2639 2009 2926 2076 compotes
2960 2007 3208 2076 praestet,
3255 2019 3511 2057 omnem-

1886 2117 1997 2172 que
2041 2101 2256 2154 clerum
2302 2099 2441 2153 citra
2479 2099 2706 2169 culpam
2750 2098 2990 2168 alicujus
3039 2097 3274 2153 macula:
3318 2097 3515 2168 jubeat

1886 2209 2238 2265 permanere.
2269 2194 2377 2248 Per
2404 2192 2727 2246 Dominum.

2439 2285 2688 2336 Collectio
2721 2285 2966 2349 sequitur.

1941 2372 2414 2449 ,Supplicantibus
2441 2371 2642 2426 domus
2693 2376 2807 2427 tuae
2842 2370 3227 2426 sacerdotibus
3261 2386 3325 2425 ac
3355 2370 3521 2425 mini-

1888 2472 2036 2541 stris,
2079 2473 2223 2528 Deus
2262 2470 2520 2526 omnium
2561 2470 2922 2542 dignitatum,
2960 2469 3239 2542 perpetim
3278 2469 3518 2542 gratiam

1887 2565 2171 2634 benignus
2195 2566 2448 2623 infunde.
2472 2569 2668 2622 Praest.
2698 2566 2797 2619 sal.

2405 2661 2506 2709 Pro
2539 2659 2749 2723 regibus
2773 2660 2824 2707 et
2847 2671 2996 2720 pace.

1961 2725 2191 2817 Apicem
2230 2745 2486 2799 omnium
2525 2747 2868 2815 potestatum
2905 2747 2959 2796 et
3000 2741 3518 2812 supereminentem

1891 2839 2332 2896 dominationem
2358 2839 2663 2893 Dominum
2677 2837 3066 2909 deprecemur,
3099 2841 3162 2891 ut
3187 2852 3390 2908 regum
3417 2853 3518 2892 no-

1892 2938 2138 2988 strorum
2163 2934 2472 2989 exercitum
2495 2932 2571 2987 ita
2591 2949 2692 2987 sua
2717 2931 2922 2986 virtute
2944 2930 3308 2998 conroboret;
3343 2936 3405 2986 ut
3418 2947 3521 3002 per

1894 3028 2116 3084 eosdem
2148 3028 2411 3100 gentibus
2441 3027 2676 3082 subditis
2702 3026 2791 3081 vel
2815 3025 3046 3097 fugatis,
3080 3026 3196 3081 Deo
3223 3025 3349 3081 vivo
3371 3025 3522 3097 jugi-

1814 3140 1868 3213 ρ
1893 3127 1979 3178 ter
2003 3123 2327 3178 serviamus.
2351 3125 2457 3177 Per
2480 3121 2778 3176 Dominum
2807 3123 3087 3175 nostrum.

2434 3224 2683 3275 Collectio
2711 3222 2960 3286 sequitur.

1966 3310 2198 3382 Respice
2225 3311 2468 3365 famulos
2498 3315 2642 3380 tuos,
2677 3309 2936 3378 Domine,
2964 3307 3170 3380 quibus
3203 3307 3354 3362 orbis
3381 3307 3527 3379 regi-

1897 3423 2048 3477 men,
2078 3409 2134 3462 et
2161 3421 2352 3460 rerum
2381 3404 2628 3459 habenas
2652 3402 2873 3472 dedisti,
2901 3407 2959 3457 et
2982 3405 3186 3472 praesta
3205 3406 3264 3455 ut
3287 3406 3384 3456 tua
3411 3402 3524 3456 vir-

1897 3505 2016 3555 tute
2043 3499 2271 3566 muniti,
2301 3498 2577 3570 populum
2603 3502 2769 3551 tuum
2793 3511 3015 3550 summa
3034 3494 3299 3549 felicitate
3329 3495 3522 3574 defen-

1899 3595 2063 3662 dant;
2091 3598 2156 3648 ut
2178 3610 2314 3664 pace
2338 3592 2502 3648 nobis
2529 3591 2741 3662 ubique
2770 3606 3050 3660 concessa,
3078 3589 3182 3644 tibi
3223 3573 3422 3644 diebus
3464 3606 3526 3644 ac

1901 3688 2155 3744 noctibus
2180 3687 2502 3742 serviamus.

2491 3783 2592 3830 Pro
2617 3779 2922 3843 virginibus.

256 3831 434 3889 Sancte
461 3835 727 3904 Domine,
755 3836 1114 3907 omnipotens
1134 3837 1300 3906 Deus,
1329 3833 1428 3907 qui
1448 3836 1519 3890 ad
1549 3840 1799 3890 nostram

203 3930 706 4000 contemplationem
732 3931 1098 3985 tenebrarum
1139 3931 1261 3984 haec
1291 3931 1350 3984 in
1393 3930 1594 3985 mundi
1632 3930 1802 4000 hujus

202 4017 400 4076 obscuro
427 4024 738 4079 luminaria
761 4019 972 4079 micare
995 4024 1230 4096 jussisti,
1249 4029 1452 4095 praesta
1477 4029 1541 4078 ut
1570 4024 1708 4079 dum
1733 4024 1805 4078 ad

199 4110 334 4168 illum
352 4119 685 4174 aeternitatis
713 4119 864 4172 diem
895 4123 951 4173 et
985 4118 1270 4188 Unigeniti
1302 4119 1386 4173 tui
1435 4135 1804 4190 properamus

197 4220 460 4266 occursum
505 4215 581 4268 ad
624 4214 769 4268 hanc
807 4213 1055 4280 interim,
1099 4229 1273 4284 quam
1309 4212 1556 4267 tenebris
1597 4211 1805 4268 nostris

195 4308 519 4377 praaparasti,
549 4309 867 4378 lucernam,
890 4308 1027 4362 dum
1073 4323 1187 4361 nox
1231 4307 1337 4361 ista
1377 4311 1803 4383 transcurritur,

196 4395 295 4450 sine
328 4408 688 4470 peccatorum
720 4401 1054 4458 offendicula
1080 4402 1456 4458 ambulemus.
1485 4405 1589 4458 Per
1614 4405 1804 4461 Domi-

194 4503 311 4546 num
339 4501 623 4552 nostrum.
1823 4517 1882 4588 D

543 4594 800 4645 Collectio
832 4599 950 4659 post
980 4594 1229 4660 hymnum
1265 4596 1422 4645 cerei.

250 4673 382 4733 Deus
408 4682 696 4753 templum
721 4681 872 4752 ignis
891 4682 1105 4752 aeterni,
1140 4682 1280 4736 Deus
1302 4698 1448 4736 verae
1473 4683 1614 4737 lucis
1640 4684 1803 4739 babi-

193 4769 438 4843 taculum,
471 4777 625 4830 Deus
661 4777 820 4831 sedes
860 4780 1149 4847 perpetuae
1193 4776 1456 4847 caritatis,
1502 4782 1628 4831 vota
1682 4779 1805 4848 tibi,

195 4857 426 4938 Domine,
451 4871 752 4925 sollemnia
778 4870 890 4924 diei
916 4870 1420 4925 consummationis
1437 4875 1492 4926 et
1510 4873 1688 4926 noctis
1718 4873 1805 4927 in-

192 4956 484 5018 choationis
513 4965 900 5031 celebramus;
935 4981 997 5019 ac
1024 4964 1331 5019 luminibus
1374 4966 1561 5020 altaris
1596 4967 1680 5021 tui
1717 4967 1807 5022 in-

193 5054 368 5124 censis,
397 5058 788 5129 corporalium
814 5058 1009 5114 lumen
1036 5058 1352 5127 offerentes,
1371 5063 1435 5114 ut
1457 5061 1683 5115 famulis
1699 5062 1812 5116 tuis

193 5159 369 5204 verum
399 5167 466 5206 ac
497 5169 755 5224 perenne
781 5153 976 5208 lumen
1006 5153 1264 5225 largiaris
1290 5170 1535 5209 oramus.
1568 5156 1690 5210 Per.

1971 3871 2155 3925 Unum
2197 3867 2440 3938 Virginis
2479 3867 2680 3921 Filium
2725 3866 3114 3937 deprecemur,
3162 3870 3226 3920 ut
3264 3865 3531 3922 omnibus

1903 3963 2169 4019 castitatis
2195 3979 2390 4028 amore
2438 3961 2810 4033 ﬂagrantibus
2846 3959 3280 4032 perseverantiae
3315 3962 3531 4032 palmas

1902 4057 2208 4130 impertiat.
2237 4059 2342 4112 Per
2370 4055 2691 4111 Dominum.

2456 4149 2706 4199 Collectio
2732 4148 2979 4212 sequitur.

1977 4236 2194 4304 Sancte,
2224 4236 2579 4306 omnipotens
2606 4235 2773 4304 Deus,
2815 4250 2939 4288 eam
2982 4231 3316 4303 virginitatis
3352 4234 3529 4288 culto-

1905 4330 2061 4385 ribus
2088 4329 2329 4399 gloriam
2355 4329 2557 4396 tribue,
2608 4344 2780 4399 quam
2831 4327 2999 4397 Virgo
3045 4329 3226 4380 mater
3264 4325 3528 4383 obtinuit.

1906 4423 2012 4490 Qui
2037 4440 2167 4478 cum
2197 4425 2376 4478 Patre.

2385 4517 2484 4564 Pro
2507 4513 2676 4563 viduis
2713 4516 2764 4562 et
2789 4513 3058 4577 orphanis.

1980 4606 2179 4674 Deum,
2210 4600 2606 4658 necessitatum
2623 4598 3392 4672 omniumconsideratorem,
3423 4603 3530 4657 Do-

1909 4701 2130 4755 minum
2159 4697 2528 4770 postulemus,
2558 4700 2624 4750 ut
2646 4693 2829 4749 viduis
2863 4695 3243 4768 orphanisque
3283 4695 3531 4752 clemen-

1908 4796 2001 4850 tiae
2029 4809 2143 4849 suae
2173 4806 2328 4846 more
2355 4788 2664 4844 subveniat.
2697 4790 2819 4844 Per.

2438 4892 2685 4942 Collectio
2711 4891 2960 4956 sequitur.

1979 4981 2259 5054 Religiosa
2302 4979 2571 5034 viduitate
2611 4979 2907 5050 potientes,
2953 4979 3137 5050 adque
3173 4977 3352 5034 orbati
3402 4996 3534 5052 par-

1911 5077 2046 5147 vuli,
2077 5077 2230 5131 nullo
2268 5091 2326 5130 se
2353 5073 2618 5147 praesidio
2655 5073 2971 5140 destitutos,
3023 5077 3078 5127 te
3119 5073 3353 5130 Domine
3384 5076 3540 5148 adju-

1912 5175 2097 5241 vante,
2118 5187 2270 5226 nunc
2299 5169 2564 5226 sentiant.

2460 5263 2558 5312 Pro
2591 5260 2974 5325 aegrotantibus.

1985 5351 2270 5408 Medicinae
2291 5349 2522 5404 caelestis
2545 5352 2834 5402 auctorem
2862 5348 3189 5418 Dominum,
3217 5350 3418 5406 fratres
3447 5367 3536 5406 ca-

1915 5445 2141 5515 rissimi,
2173 5462 2238 5500 ea
2263 5460 2374 5515 qua
2411 5442 2680 5513 competit
2713 5443 3116 5514 supplicatione
3152 5461 3440 5518 rogemus,
3480 5448 3542 5496 ut

1916 5545 2071 5596 actus
2097 5539 2416 5593 animorum
2436 5543 2780 5606 nostrorum,
2805 5554 3218 5611 corporumque
3244 5540 3541 5610 languores

1917 5633 2140 5691 virtutis
2167 5649 2282 5688 suae
2310 5631 2479 5687 verbo
2505 5647 2700 5686 sanare
2730 5630 3019 5704 dignetur.
3046 5635 3170 5688 Per.

2456 5725 2706 5775 Collectio
2740 5727 2988 5790 sequitur.

1993 5811 2174 5888 391
2211 5813 2438 5870 Infirma
2467 5810 2806 5884 aegritudine
2845 5808 3246 5880 laborantibus,
3285 5810 3546 5886 omnipo-

221 5257 376 5318 XXIV.
421 5279 702 5341 manuum
747 5281 1046 5320 ORATIONES
1083 5283 1140 5321 1N
1181 5283 1383 5322 V'lGllJA
1423 5283 1636 5323 nscas:
1676 5284 1775 5323 PRO

672 5353 1066 5392 SOLLEHNITATE
1103 5355 1322 5394 SANCTA.

254 5430 396 5487 Inter
433 5435 630 5506 prima
652 5435 1002 5491 celebrandae
1029 5443 1235 5492 sancta}
1263 5439 1489 5493 Pascha:
1519 5437 1815 5492 sollemnia

193 5530 434 5582 votorum
449 5529 868 5585 contestatione
881 5536 937 5585 et
954 5532 1264 5603 gratiarum
1288 5533 1507 5588 actione
1527 5549 1816 5587 sumamus

198 5621 508 5691 exordium;
540 5627 610 5678 ut
632 5641 858 5696 passum
888 5631 944 5682 et
962 5626 1318 5682 immolatum
1343 5644 1447 5701 pro
1465 5626 1630 5683 nobis
1656 5626 1814 5684 Chri-

199 5718 325 5772 stum
354 5719 677 5784 credentes,
709 5720 880 5776 sacris
895 5721 1174 5794 mysteriis
1194 5723 1367 5778 ﬁdem
1390 5722 1819 5779 concinentibus

201 5812 547 5871 exultationis
576 5815 864 5888 plausibus
907 5819 1307 5889 praeferamus;
1358 5835 1419 5874 ac
1458 5836 1560 5892 per
1610 5819 1816 5892 ipsum,
