4054 6188
485 345 492 352 -
531 309 630 368 36Ἷ
1326 309 1652 365 API’ENDIX
1693 311 1780 364 AD
1815 302 2036 366 OPERA
2074 309 2304 367 SANCTI
2343 311 2645 368 GERMANI
2684 313 3108 368 PARISIENSIS.
3789 312 3902 368 368

530 423 676 486 tens,
718 423 927 474 zeteme
973 419 1137 484 Deus,
1186 421 1420 488 paterna
1465 416 1828 472 miseratione
1865 433 2148 474 succurre.
2175 419 2454 504 Afratres
2479 419 2771 489 carissimi,
2801 420 2900 492 qui
2927 422 3260 474 ornamenta
3285 421 3505 474 natura
3555 419 3762 474 amissa
3791 435 3902 490 per

530 515 654 568 Per.
2252 514 2476 584 culpam
2504 514 2769 585 dignatus
2793 519 2877 568 est
2904 529 3163 584 reparare
3191 529 3296 583 per
3321 514 3580 583 gratiam,
3607 513 3712 566 sub
3739 529 3901 568 reve-

2250 607 2430 661 rendo
2461 607 2715 677 mysterii
2755 606 3051 678 praesentis
3093 606 3278 659 ofticio
3316 606 3646 676 suppliciter
3687 622 3897 662 exore-

2252 716 2401 769 mus,
2434 704 2498 754 ut
2519 701 2679 770 aquis
2705 701 2794 754 his
2825 699 3093 754 virtutem
3146 698 3520 766 transfundat,
3568 700 3629 752 in
3674 699 3901 754 animas

2249 792 2670 847 benedictiones
2717 792 3000 861 infundat,
3029 795 3084 846 et
3108 791 3179 846 ad
3206 791 3598 862 peragendum
3623 795 3891 846 sacratis-

2251 885 2408 940 sima:
2427 886 2874 956 regenerationis
2899 885 3162 940 eﬂ‘ectum
3189 885 3490 956 praesentia
3517 885 3684 940 trina!
3717 885 3892 957 Maje-

2249 979 2404 1034 statis
2430 979 2659 1034 adsistat
2679 995 2692 1034 :
2715 979 3035 1051 confringat
3061 983 3118 1033 et
3135 982 3387 1033 conterat
3401 994 3573 1050 super
3593 979 3694 1033 has
3713 995 3897 1051 aquas

2249 1079 2421 1144 caput
2444 1073 2733 1142 draconis;
2764 1077 2830 1128 ut
2859 1074 2964 1128 sub
2985 1072 3152 1127 undis
3170 1072 3386 1127 fecibus
3404 1073 3781 1128 transactione
3810 1089 3896 1128 se-

652 611 749 659 Pro
787 605 1020 672 captivis,
1054 591 1136 656 vel
1169 607 1254 671 qui
1285 607 1337 656 in
1371 608 1668 658 carceribus
1702 609 2016 660 detinentur.

600 697 800 763 Deum,
841 693 938 764 qui
986 697 1208 746 mmstas
1254 693 1438 748 clades
1476 695 1744 765 'dissolvit,
1785 695 2152 750 unianimiter

529 789 912 859 deprecemur,
955 789 1016 839 ut
1045 802 1240 840 omnes
1277 787 1613 858 captivitatis
1638 789 1782 859 jugo
1835 789 2147 860 depressos,

525 881 662 936 etin
691 895 980 934 carcerum
1007 883 1165 950 septa
1191 879 1463 951 detrusos,
1495 881 1624 952 pius
1661 897 1887 954 semper
1925 881 2149 937 miseri-

522 972 726 1027 cordias
752 971 986 1044 largitor
1009 972 1276 1028 absolvat.
1300 975 1424 1029 Per.

1200 1065 1467 1116 Collectio.

591 1153 740 1207 Deus
764 1150 1020 1206 omnium
1044 1150 1425 1206 laborantium
1455 1151 1676 1224 insigne
1702 1153 2054 1224 praesidium,
2086 1153 2150 1208 li-

517 1247 654 1302 bera
680 1261 901 1300 carcere
926 1244 1158 1311 clausos,
1187 1249 1356 1316 atque
1385 1245 1650 1316 captivos,
1693 1263 1786 1301 eos
1829 1246 2148 1318 praesertim

519 1342 618 1414 qui
643 1356 811 1412 opem
837 1341 950 1392 tua:
976 1337 1201 1410 pietatis
1226 1337 1552 1409 implorant.

1031 1437 1129 1484 Pro
1157 1436 1624 1500 peregrinantibus.

588 1523 966 1579 Habitatorem
995 1521 1138 1591 caeli,
1165 1522 1656 1594 inspectoremque
1681 1523 1940 1578 omnium
1967 1522 2149 1594 regio-

515 1611 683 1688 num,
710 1615 1012 1670 Dominum
1032 1631 1134 1686 pro
1152 1615 1646 1686 peregrinantibus
1675 1615 2039 1671 unianimiter
2055 1616 2149 1671 de-

513 1727 834 1784 precemur,
865 1714 928 1764 ut
953 1708 1031 1762 eis
1058 1725 1160 1779 pro
1205 1725 1321 1763 sua:
1364 1708 1587 1780 pietatis
1624 1709 1923 1765 clementia
1965 1713 2148 1765 matu-

513 1822 644 1860 rum
669 1804 915 1860 reditum
938 1802 1232 1874 largiatur.
1261 1804 1387 1857 Per.

1204 1895 1473 1945 Collectio.

585 1983 927 2038 Salvatorem
951 1981 1230 2048 omnium,
1268 1980 1362 2052 qui
1387 1998 1446 2036 es
1466 1981 1552 2036 via
1578 1986 1634 2037 et
1671 1981 1874 2037 veritas
1915 1986 1971 2036 et
2012 1982 2142 2052 vita,

507 2075 901 2132 itinerantibus
951 2075 1286 2147 angelorum
1338 2074 1566 2146 ducem,
1617 2092 1964 2148 quaesumus,
2015 2075 2146 2146 pius

511 2171 691 2240 Pater,
723 2169 1000 2226 adtribue.
1023 2170 1150 2224 Per.

903 2291 912 2301 ε
945 2263 1044 2312 Pro
1070 2259 1419 2326 eleemosynis
1442 2260 1704 2323 largitore.

581 2352 882 2403 Auctorem
905 2347 1042 2402 boni
1071 2347 1280 2418 operis,
1325 2351 1382 2400 et
1405 2346 1796 2401 fidelissimum
1833 2346 2139 2402 retributo-

507 2457 654 2509 rem,
692 2441 997 2495 Dominum
1022 2441 1410 2511 deprecemur,
1453 2445 1516 2494 ut
1565 2456 1760 2495 omnes
1799 2439 1897 2511 qui
1947 2440 2140 2512 plenas

506 2535 898 2606 indigentibus
925 2550 1127 2588 manus
1163 2533 1444 2605 aperiunt,
1477 2537 1532 2588 et
1576 2533 1670 2588 hic
1702 2533 2138 2605 multiplicatum

507 2629 594 2684 sui
621 2629 806 2701 operis
831 2629 1079 2684 fructum
1109 2628 1352 2699 capiant,
1405 2631 1462 2682 et
1491 2627 1549 2682 in
1597 2628 1855 2684 futurum
1899 2627 2136 2699 gloriam

506 2727 924 2796 consequantur
947 2727 1239 2778 aeternam.
1261 2723 1386 2776 Per.

1189 2814 1460 2864 Collectio.

576 2901 829 2974 Respice,
860 2900 1122 2967 Domine,
1155 2917 1354 2955 eorum
1377 2900 1589 2954 viscera
1616 2899 2006 2955 benedictione
2035 2916 2136 2955 caa-

503 2995 651 3064 lesti,
679 2995 777 3066 qui
802 2997 856 3049 te
883 3009 1200 3066 pauperum
1222 2998 1389 3064 pastu
1418 2993 1699 3048 reficiunt.
1733 2995 1857 3048 Per.

1058 3090 1158 3139 Pro
1186 3089 1574 3152 paenitentibus.

2249 1171 2400 1220 creta
2423 1166 2872 1238 chirographum
2902 1166 3206 1238 pristinum
3235 1170 3556 1232 evacuetur,
3581 1172 3636 1222 et
3661 1167 3889 1222 debito-

2247 1259 2406 1314 ribus
2432 1276 2564 1315 cum
2601 1259 2820 1315 Christo
2861 1277 2963 1331 per
3003 1259 3352 1331 baptismum
3391 1259 3753 1330 consepultis,
3808 1261 3888 1314 ita

2247 1353 2341 1408 hic
2366 1357 2571 1424 agatur
2603 1354 2803 1408 mortis
2829 1353 3088 1422 imitatio,
3120 1358 3185 1408 ut
3230 1352 3451 1407 salvatis
3495 1353 3726 1424 perditis
3765 1353 3886 1407 sola

2246 1463 2305 1501 se
2334 1447 2537 1502 sentiat
2559 1446 2618 1501 in
2646 1447 2812 1502 terris
2837 1446 3176 1518 perditione.
3215 1448 3322 1500 Per
3349 1447 3412 1500 D.

2794 1539 3041 1590 Collectio
3069 1538 3319 1603 sequitur.

2317 1625 2685 1696 Omnipotens
2725 1625 3068 1696 sempiterne
3095 1626 3261 1694 Deus,
3288 1624 3480 1679 adesto
3508 1640 3734 1696 magnae
3759 1625 3884 1697 pie-

2245 1718 2373 1773 tatis
2397 1723 2511 1773 tuae
2532 1718 2831 1790 mysteriis,
2860 1718 3053 1773 adesto
3081 1717 3443 1773 sacramentis
3465 1735 3482 1786 ;
3515 1723 3570 1772 et
3589 1717 3661 1772 ad
3685 1735 3890 1774 crean-

2163 1799 2220 1872 B
2245 1811 2346 1867 dos
2369 1828 2543 1867 novos
2566 1813 2824 1884 p0pulos,
2853 1828 2995 1883 quos
3019 1811 3122 1866 tibi
3149 1811 3274 1866 fons
3304 1811 3655 1882 baptismatis
3679 1817 3886 1884 partu-

2245 1905 2338 1975 rit,
2369 1906 2633 1977 spiritum
2659 1906 2975 1977 adoptionis
2999 1905 3213 1975 emitte,
3241 1909 3308 1960 ut
3331 1904 3483 1977 quod
3525 1910 3735 1960 nostra:
3782 1906 3889 1960 hu-

2245 1999 2496 2054 militatis
2513 1999 2836 2071 gerendum
2858 2002 2942 2053 est
2966 1999 3303 2069 ministerio,
3331 2003 3443 2054 tua:
3471 1998 3697 2054 virtutis
3723 2015 3884 2053 com-

2244 2093 2469 2165 pleatur
2497 2093 2720 2149 effectu.
2746 2094 2854 2147 Per
2879 2093 3206 2148 Dominum.

2697 2185 3034 2236 Exorcismus
3069 2199 3216 2249 aque
3247 2185 3418 2235 fontis.

2313 2272 2580 2326 Exorcizo
2607 2275 2682 2341 te,
2713 2272 2840 2326 fons
2878 2288 3039 2343 aqua:
3065 2271 3364 2342 perennis;
3411 2287 3513 2343 per
3537 2271 3720 2325 Deum
3747 2287 3880 2326 san-

2240 2369 2416 2435 ctum,
2449 2371 2506 2421 et
2533 2368 2711 2421 Deum
2734 2382 2954 2435 verum,
2978 2365 3077 2436 qui
3105 2371 3159 2420 te
3185 2365 3246 2420 in
3285 2364 3565 2436 principio
3611 2364 3686 2418 ab
3723 2365 3884 2419 arida

2239 2459 2535 2529 separavit,
2576 2462 2633 2513 et
2670 2459 2730 2513 in
2775 2463 3022 2530 quatuor
3065 2458 3398 2513 ﬂuminibus
3440 2463 3655 2512 terram
3690 2457 3882 2529 rigare

2236 2553 2525 2624 praecepit.
2560 2552 2643 2608 Sis
2679 2569 2826 2624 aqua
2861 2557 3072 2619 sancta,
3118 2568 3264 2624 aqua
3291 2551 3606 2618 benedicta,
3639 2551 3880 2606 abluens

2236 2646 2454 2715 sordes,
2506 2650 2562 2700 et
2611 2646 2900 2702 dimittens
2939 2651 3165 2718 peccata
3199 2663 3213 2701 :
3253 2645 3313 2700 in
3339 2645 3493 2700 illius
3542 2650 3598 2700 te
3640 2644 3878 2700 nomine

2236 2739 2521 2794 exorcidio
2550 2739 2650 2811 qui
2676 2740 2830 2795 dedit
2854 2739 3144 2811 discipulis
3169 2739 3287 2794 suis
3316 2755 3526 2794 novum
3552 2755 3877 2793 sacramen-

2235 2837 2361 2888 tum
2392 2833 2617 2888 dicens:
2660 2835 2737 2888 Ite
2763 2833 2823 2888 in
2854 2834 3137 2904 gentibus,
3161 2833 3505 2904 baptizantes
3529 2849 3623 2887 eos
3675 2833 3738 2887 in
3772 2849 3877 2887 no-

2233 2927 2389 2982 mine
2416 2927 2596 2982 Patris
2621 2933 2677 2984 et
2701 2927 2827 2982 Filii
2855 2931 2912 2982 et
2938 2927 3177 2999 Spiritus
3203 2927 3402 2982 sancti.
3425 2927 3546 2980 Fiat
3569 2941 3748 2992 nunc,
3768 2927 3878 2980 Do-

2233 3020 2410 3089 mine,
2462 3038 2607 3092 aqua
2654 3026 2844 3076 sancta
2887 3021 3232 3076 exorcidiata
3264 3020 3334 3074 ad
3372 3020 3682 3091 expiandos
3734 3019 3878 3074 ﬁlios

2235 3114 2358 3168 Dei.
2401 3115 2509 3170 Per
2546 3116 2768 3169 Patrem
2816 3119 2873 3169 et
2927 3113 3130 3169 Filium
3166 3114 3287 3184 ejus
3335 3114 3525 3169 Iesum
3582 3113 3876 3168 Christum

575 3177 824 3282 S‘ime
852 3175 1078 3282 piefatis
1106 3175 1434 3282 Dofninum’
1595 3191 1730 3282 non,
1748 3176 1867 3280 vn,”
1891 3179 2132 3282 m_°rtcm
2153 3175 2208 3249 Ο
2235 3208 2397 3263 Dom.
2420 3213 2679 3262 nostrum
2709 3209 2808 3279 qui
2840 3212 3111 3282 venturus
3155 3175 3238 3262 est
3279 3223 3412 3262 cum
3440 3205 3651 3279 Spiritu
3681 3213 3873 3262 sancto

503 3270 871 3326 morientium
924 3269 1233 3324 dummodo
1273 3273 1638 3324 renascantur
1683 3273 1738 3324 et
1783 3269 1990 3339 vivant,
2031 3287 2135 3341 pro

500 3364 905 3436 paznitentibus
925 3362 1232 3418 Dominum
1258 3363 1649 3434 deprecemur,
1680 3367 1745 3417 ut
1771 3362 1988 3418 indulta
2013 3380 2136 3418 suo-

501 3475 728 3526 rum...,
747 3457 1095 3514 remissionis
1116 3474 1231 3512 suae.
1247 3456 1663 3528 plenitudinem
1685 3456 1984 3528 largiatur.
2007 3460 2132 3514 Per.

1051 3559 1301 3610 Collectio
1327 3559 1578 3623 sequitur.

575 3646 800 3715 Tribue,
831 3646 1086 3712 Domine,
1133 3661 1372 3700 munere
1408 3646 1579 3701 fontis
1623 3646 1806 3702 exutis
1855 3651 1921 3702 ut
1957 3647 2135 3702 fidelis

501 3739 846 3811 paenitentiae
869 3738 1123 3810 praemiis
1147 3739 1358 3794 iterum
1388 3738 1726 3809 glorientur.
1758 3741 1881 3796 Per.

1104 3832 1204 3882 Pro
1229 3831 1522 3896 necphytis.

577 3918 683 3971 Pro
706 3915 1123 3987 negligentibus
1149 3916 1436 3987 tardisque
1463 3915 1686 3971 Domini
1711 3917 1887 3972 nostri
1913 3919 2134 3974 cultori-

503 4011 630 4082 bus,
656 4009 712 4066 id
743 4014 827 4066 est
853 4009 1176 4080 neOphytis,
1207 4009 1512 4064 Dominum
1541 4011 1932 4082 deprecemur,
1965 4017 2028 4068 ut
2055 4012 2134 4068 eis

465 4145 476 4170 ι
505 4104 849 4162 desiderium
877 4104 1052 4159 beatae
1079 4107 1135 4158 et
1159 4107 1449 4175 perpetuae
1479 4105 1924 4176 regenerationis
1949 4106 2134 4171 infun-

503 4199 617 4256 dat.

1180 4267 1448 4318 Collectio.

575 4359 743 4425 Deus,
770 4355 870 4428 qui
895 4371 1118 4426 semper
1139 4353 1288 4408 bona
1319 4354 1454 4409 facis
1500 4353 1754 4409 invenire
1795 4359 2130 4427 quaerentes,

502 4457 710 4525 praesta
736 4455 799 4506 ut
812 4465 1009 4506 eorum
1029 4448 1350 4504 rudimenta
1367 4453 1634 4521 tyronum
1656 4449 1974 4504 mercedem
1995 4465 2132 4505 con-

505 4545 772 4600 summati
797 4544 982 4616 operis
1007 4547 1447 4616 consequantur.
1475 4544 1582 4598 Per
1610 4543 1936 4598 Dominum.

1039 4651 1138 4700 Pro
1163 4649 1599 4714 competentibus.

577 4736 882 4792 Dominum
921 4735 1228 4805 majestatis
1253 4752 1500 4807 oremus,
1533 4741 1596 4791 ut
1619 4735 1768 4792 cervi
1794 4752 1951 4791 more
1978 4735 2133 4791 fonte

498 4833 621 4908 jam
647 4831 910 4904 proximo
933 4827 1208 4897 sitientes,
1236 4845 1371 4884 mox
1399 4830 1471 4885 ad
1511 4830 1746 4886 caelestis
1780 4831 1985 4902 palmae
2018 4830 2134 4885 lau-

504 4945 661 4986 ream
685 4927 1122 4998 consequantur.
1150 4923 1274 4977 Per.

1180 5013 1444 5064 Collectio.

575 5108 784 5166 Sitiunt
821 5105 894 5161 ad
932 5108 986 5159 te
1031 5103 1208 5158 Deum
1246 5100 1438 5156 vivum
1489 5099 1682 5175 362
1716 5107 1970 5176 tuorum,
2019 5105 2130 5161 Do-

507 5199 680 5268 mine,
720 5198 884 5253 corda
933 5193 1306 5262 famulorum;
1349 5192 1569 5265 suscipe
1605 5194 1894 5266 cupientes
1933 5197 2133 5252 saeculo

506 5295 673 5365 mori,
702 5297 764 5348 ut
788 5291 914 5360 tibi,
944 5287 1200 5358 Domine,
1233 5292 1636 5356 renascantur;
1685 5287 1756 5342 da
1793 5295 2134 5359 praesentem

505 5387 828 5464 petentibus
847 5383 1109 5458 gratiam,
1130 5383 1304 5438 vitam
1325 5382 1568 5438 credulis
1587 5381 1820 5438 daturus
1839 5387 2130 5440 aeternam.

502 5487 631 5543 Per.
893 5549 1038 5604 XXV.
1082 5564 1214 5604 opus
1251 5564 1322 5603 an
1358 5565 1747 5607 BAPTIZANDUI.

817 5641 1053 5696 Praefatio
1093 5645 1369 5704 antequam
1416 5641 1816 5695 exorcidietur’.

574 5741 847 5795 Autorem
874 5749 940 5787 ac
964 5727 1346 5804 reparatorem
1375 5734 1632 5784 nostrum
1662 5731 2129 5804 omnipotentem,

575 5867 599 5903 ⁸
625 5864 701 5920 Ita
726 5859 938 5936 passim
959 5857 1124 5930 infra,
1157 5856 1446 5920 exorcidio,
1473 5859 1578 5912 etc.

2226 3300 2484 3372 judicare
2511 3301 2794 3356 mundum
2819 3318 2923 3373 per
2946 3301 3162 3374 ignem.

2544 3398 2778 3449 Praefatio
2807 3399 2873 3448 ad
2908 3397 3332 3450 benedicendum
3369 3398 3556 3449 fontes.

2305 3484 2608 3540 Dominum
2657 3485 3066 3540 immortalium
3101 3501 3411 3540 munerum
3444 3489 3501 3540 et
3539 3483 3868 3540 salutarium

2235 3578 2568 3650 gratiarum,
2615 3580 2818 3634 fratres
2866 3579 3235 3648 dilectissimi,
3295 3579 3557 3634 concordi
3593 3585 3791 3635 mente
3818 3583 3868 3633 et

2232 3670 2441 3727 humili
2463 3673 2714 3728 oratione
2740 3689 3072 3744 poscamus;
3104 3677 3166 3728 ut
3189 3689 3292 3745 per
3330 3673 3596 3743 Verbum,
3631 3673 3861 3744 Sapien-

2233 3765 2393 3836 tiam,
2425 3771 2482 3822 et
2509 3768 2787 3822 Virtutem
2818 3784 2979 3822 suam
3025 3767 3328 3822 Dominum
3373 3773 3633 3822 nostrum
3673 3767 3861 3822 Jesum

2231 3859 2520 3916 Christum
2546 3861 2751 3916 Filium
2778 3877 2966 3928 suum,
3007 3861 3370 3916 concurrenti
3404 3861 3475 3916 ad
3517 3861 3863 3932 baptismum

2233 3954 2540 4009 salutarem
2579 3955 2732 4026 plebi
2775 3941 2904 4010 suae.
2936 3955 3177 4027 gratiam
3225 3971 3386 4010 nova:
3423 3955 3866 4026 regenerationis

2232 4047 2529 4119 indulgeat
2549 4065 2562 4116 ;
2583 4052 2751 4120 atque
2770 4065 3022 4104 accessus
3043 4049 3175 4104 hinc
3194 4049 3421 4120 penitus
3447 4048 3721 4120 maligna:
3740 4065 3866 4103 con-

2231 4140 2477 4212 tagionis
2499 4146 2779 4212 avertens,
2808 4141 3003 4216 363
3031 4143 3291 4198 infundat
3312 4143 3466 4198 vitali
3489 4143 3711 4197 lavacro
3738 4143 3864 4214 Spi-

2232 4235 2408 4290 ritum
2433 4253 2598 4292 suum
2622 4240 2912 4305 sanctum;
2939 4241 3005 4293 ut
3028 4237 3167 4293 dum
3189 4237 3382 4294 sitiens
3423 4238 3597 4292 ﬁdem
3623 4237 3866 4309 populus

2233 4347 2410 4402 aquas
2462 4331 2720 4386 salutaris
2758 4331 3109 4403 ingreditur;
3155 4349 3284 4388 vere
3320 4332 3403 4402 (ut
3446 4331 3718 4403 scriptum
3763 4332 3863 4401 est)

2232 4441 2334 4496 per
2353 4441 2560 4497 aquam
2585 4429 2641 4480 et
2665 4425 2937 4496 Spiritum
2965 4431 3220 4481 sanctum
3246 4430 3600 4491 renascatur;
3639 4430 3696 4480 et
3735 4441 3866 4480 con-

2234 4519 2487 4590 sepultus
2514 4518 2574 4574 in
2603 4519 2822 4573 lavacro
2864 4519 3229 4591 Redemptori
3270 4537 3391 4588 suo,
3439 4519 3500 4573 in
3535 4518 3862 4572 similitudi-

2233 4627 2366 4666 nem
2407 4612 2548 4666 sacri
2597 4611 2885 4684 divinique
2919 4614 3191 4685 mysterii,
3247 4614 3337 4668 cui
3377 4613 3727 4668 conmoritur
3765 4627 3868 4684 per

2232 4704 2602 4777 baptismum,
2642 4705 2828 4762 eidem
2851 4711 3219 4779 conresurgat
3245 4709 3305 4762 in
3333 4723 3533 4779 regno.
3560 4707 3685 4762 Per.

2794 4804 3094 4855 Benedictio
3115 4804 3291 4856 fontis.

2304 4887 2565 4959 Benedic,
2594 4889 2850 4958 Domine,
2882 4891 3029 4946 hanc
3071 4907 3278 4963 aquam
3324 4889 3600 4960 salutaris,
3647 4893 3703 4945 et
3745 4907 3872 4946 san-

2233 4981 2414 5037 ctiﬁca
2437 4999 2582 5054 eam,
2614 4984 2974 5056 omnipotens
2999 4985 3260 5056 Trinitas,
3289 4985 3388 5058 qui
3412 4985 3733 5040 humanum
3765 5002 3869 5056 ge-

2232 5092 2341 5131 nus
2367 5077 2610 5134 formare
2638 5094 2940 5151 creareque
2958 5078 3208 5152 jussisti;
3237 5080 3448 5153 quique
3476 5079 3647 5135 etiam
3663 5079 3872 5135 dedisti

2233 5171 2394 5226 nobis
2420 5188 2523 5242 per
2547 5172 2632 5228 tui
2670 5172 3022 5244 baptismatis
3045 5174 3380 5245 mysterium
3405 5174 3646 5246 gratiam
3697 5190 3870 5229 rena-

2235 5265 2444 5335 scendi,
2463 5266 2678 5338 respice
2697 5265 2977 5339 propitius
2995 5285 3166 5340 super
3185 5268 3344 5324 istius
3363 5285 3525 5340 aquae
3547 5271 3876 5323 creaturam

2233 5357 2526 5431 religionis
2577 5360 2844 5431 mysterio
2891 5367 3271 5434 procuratam,
3329 5362 3638 5434 spiritalem
3698 5367 3874 5417 tuam

2233 5453 2685 5510 benedictionem
2713 5455 3013 5526 perfunde,
3041 5462 3106 5512 ut
3129 5457 3201 5512 sit
3224 5456 3324 5527 eis,
3352 5456 3452 5529 qui
3478 5457 3538 5512 in
3564 5471 3629 5511 ea
3672 5455 3874 5529 baptio

2233 5548 2395 5604 zandi
2423 5551 2576 5618 sunt,
2604 5549 2731 5605 fons
2759 5567 2922 5622 aquae
2961 5549 3217 5606 salutaris
3252 5551 3314 5606 in
3348 5550 3678 5606 remissione
3717 5557 3879 5608 vete.

2232 5658 2364 5697 rum
2417 5642 2722 5698 criminum
2775 5644 2868 5716 (te,
2919 5645 3175 5714 Domine,
3233 5645 3533 5718 largiente)
3575 5645 3636 5700 in
3689 5646 3873 5702 vitam

2234 5740 2526 5794 aeternam.
2553 5739 2659 5794 Per
2682 5739 2746 5795 D.
