4054 6188
196 332 275 395 369

702 441 1017 497 Contestatio
1038 443 1214 497 fontis.

239 531 468 606 Dignum
493 535 548 587 et
568 531 787 603 justum
814 535 920 588 est.
948 534 1088 587 Vere
1113 547 1342 605 aequum
1368 535 1424 587 et
1444 531 1665 603 justum
1690 536 1777 587 est

185 645 262 684 nos
284 626 379 682 tibi
398 626 600 697 gratias
620 642 811 698 agere,
834 627 1070 683 Domine
1098 628 1245 682 Deus
1279 631 1509 694 aeterne,
1551 626 1649 698 qui
1684 642 1774 680 so-

181 724 246 777 lus
280 721 440 775 habes
482 720 979 790 inmortalitatem;
1023 737 1266 792 eamque
1293 737 1367 775 ne
1407 720 1560 774 solus
1597 720 1772 791 possi-

179 817 300 884 deas,
325 815 482 869 nobis
509 830 731 887 quoque
767 820 1032 871 renovata
1058 819 1220 870 aetate
1238 814 1521 883 tribuisti;
1554 814 1654 886 qui
1672 814 1776 869 hu-

180 924 316 964 mano
340 908 529 979 generi
556 909 818 964 amissam
848 925 952 979 per
976 902 1488 981 transgressio’nem
1516 907 1775 980 pristinas

177 1002 376 1073 originis
423 1003 759 1073 dignitatem
803 1004 1110 1058 reformare
1153 1003 1211 1058 in
1238 1002 1438 1059 melius
1477 1006 1593 1057 tam
1641 1018 1771 1073 pre-

177 1097 288 1151 tioso
304 1112 467 1167 quam
484 1096 632 1151 felici
648 1096 1001 1168 baptismatis
1019 1112 1255 1151 munere
1267 1096 1510 1150 voluisti.
1530 1095 1769 1166 Adsiste,

175 1205 483 1262 quaesumus,
522 1190 592 1245 ad
625 1191 1039 1245 invocationem
1071 1190 1321 1244 nominis
1353 1189 1463 1244 tui:
1492 1189 1774 1245 sanctiﬁca

172 1284 349 1339 fontem
373 1283 545 1353 hunc,
579 1283 950 1339 sanctiﬁcator
980 1284 1203 1355 generis
1244 1282 1522 1351 humani;
1548 1283 1646 1338 ﬁat
1691 1283 1774 1338 lo-

171 1395 245 1432 cus
266 1377 358 1431 iste
386 1378 610 1449 dignus,
638 1378 698 1432 in
754 1395 926 1449 quem
980 1378 1218 1449 Spiritus
1266 1381 1488 1432 sanctus
1535 1376 1767 1446 inﬂuat;

173 1471 433 1541 sepeliatur
457 1471 550 1526 hic
569 1471 682 1527 illic
712 1472 891 1527 Adam
915 1475 1095 1539 vetus,
1126 1475 1387 1542 resurgat
1407 1487 1618 1539 novus;
1651 1487 1771 1525 mo-

174 1565 317 1618 riatur
341 1581 501 1619 omne
532 1566 688 1636 quod
734 1565 919 1620 carnis
966 1569 1068 1635 est,
1115 1569 1379 1635 resurgat
1415 1580 1582 1618 omne
1618 1564 1770 1635 quod

173 1657 385 1728 spiritus;
424 1662 707 1713 exuantur
745 1659 1036 1714 sordentes
1074 1658 1243 1727 vitiis,
1289 1661 1346 1711 et
1386 1657 1628 1712 discissis
1657 1656 1767 1712 cri-

173 1752 397 1821 minibus,
441 1752 682 1807 amictus
706 1752 1018 1824 splendoris
1047 1756 1105 1807 et
1130 1750 1568 1805 immortalitatis
1595 1750 1764 1805 indu-

172 1848 325 1900 menta
346 1850 659 1901 sumantur.
694 1846 1045 1917 Quicumque
1068 1845 1127 1899 in
1157 1845 1377 1901 Christo
1397 1843 1765 1915 batipzabun-
1789 1827 1844 1899 Β

174 1944 257 2006 tur,
284 1939 511 1993 induant
534 1939 843 1995 Christum.
882 1938 1231 2011 Quicumque
1266 1938 1358 1993 hic
1395 1938 1767 1992 renunciave-

174 2032 259 2086 rint
281 2032 506 2100 diabolo,
540 2033 615 2087 da
642 2034 723 2087 eis
744 2033 1097 2104 triumphare
1124 2032 1192 2087 de
1219 2032 1451 2086 mundo.
1480 2030 1583 2096 Qui
1612 2033 1665 2085 te
1710 2030 1768 2086 in

174 2126 249 2179 hoc
290 2125 399 2180 loco
439 2126 804 2195 invocaverit,
851 2131 914 2181 tu
967 2143 1099 2181 eum
1138 2141 1442 2197 cognoscas
1480 2124 1538 2179 in
1564 2140 1763 2195 regno.

173 2219 235 2272 Sic
256 2219 304 2272 in
322 2219 420 2273 hoc
444 2219 604 2274 fonte
625 2220 1033 2291 extinguantur
1052 2219 1310 2288 crimina,
1334 2234 1406 2272 ne
1424 2221 1725 2288 resurgant
1746 2235 1764 2287 ;

173 2313 228 2365 sic
248 2312 524 2367 invalescat
548 2329 714 2385 aquae
740 2313 904 2368 istius
929 2311 1287 2381 beneficium,
1303 2317 1367 2367 ut
1393 2311 1593 2366 aeterni
1614 2311 1765 2381 ignis

172 2406 432 2477 restinguat
486 2406 839 2461 incendium.
880 2407 1031 2462 Mitte
1081 2406 1254 2460 fontis
1308 2405 1577 2460 altaribus
1627 2405 1758 2474 tuis,

172 2515 280 2568 quos
313 2500 495 2554 altaria
535 2499 733 2571 regnis
768 2500 884 2554 tuis
920 2500 1169 2555 mittant.
1204 2500 1376 2553 Totus
1417 2498 1509 2552 hic
1553 2497 1763 2552 horror

172 2592 324 2646 mortis
355 2592 615 2648 intereat.
649 2593 1000 2664 Quicumque
1026 2592 1117 2647 hic
1157 2596 1290 2647 tuus
1342 2607 1462 2646 esse
1504 2591 1756 2662 coeperit,

173 2689 270 2739 tuus
290 2702 394 2741 esse
418 2703 532 2741 non
569 2686 810 2741 desinat.
837 2687 1190 2758 Quicumque
1215 2685 1306 2739 hic
1334 2701 1391 2738 se
1429 2683 1532 2738 sibi
1578 2700 1755 2755 nega-

169 2779 294 2848 verit,
333 2784 381 2833 te
424 2779 773 2849 lucrifaciat;
802 2783 859 2834 et
884 2796 988 2851 per
1013 2778 1394 2834 ministerium
1417 2781 1675 2831 nostrum
1703 2780 1757 2832 et

170 2872 444 2941 mysterium
472 2877 646 2928 tuum
673 2877 1024 2928 consecratus
1079 2873 1182 2928 tibi
1220 2872 1483 2944 populus,
1532 2869 1758 2925 internis

167 2964 216 3016 ad
238 2969 283 3020 te
306 2967 541 3037 praemiis
568 2971 948 3022 consecretur.
996 2968 1102 3022 Per
1148 2966 1454 3022 Dominum
1497 2968 1756 3019 nostrum

170 3058 320 3112 Iesum
343 3060 647 3115 Christum.

222 3154 377 3208 Postea
400 3156 539 3221 facis
572 3158 683 3209 tres
712 3168 889 3209 cruces
914 3168 1078 3225 super
1099 3170 1299 3225 aquam
1319 3153 1385 3208 de
1417 3153 1669 3215 chrisma,
1705 3157 1756 3207 et
1774 3194 1830 3268 Ο

168 3244 272 3299 dicis
292 3265 306 3300 :

220 3337 355 3409 Deus,
383 3341 451 3395 ad
475 3356 656 3412 quem
680 3339 948 3407 fsitientes
988 3339 1218 3408 anima',
1263 3338 1603 3411 bibendique
1640 3338 1749 3393 im-

169 3432 466 3488 mortalitatis
488 3450 691 3489 amore
716 3434 1008 3503 festinant,
1031 3434 1101 3488 da
1124 3432 1205 3488 eis
1233 3432 1456 3487 famulis
1484 3431 1596 3486 tuis
1624 3448 1752 3503 sup-

167 3523 447 3591 plicantibus
491 3527 750 3582 invenire
799 3544 1009 3581 munus
1062 3524 1255 3600 364
1294 3526 1442 3597 quod
1488 3525 1746 3596 cupiunt,

167 3616 351 3688 adipisci
378 3621 620 3691 gratiam
645 3637 814 3693 quam
839 3624 1170 3689 merentur;
1199 3618 1596 3690 ingrediantur
1619 3619 1745 3673 fon-

166 3713 251 3765 tem
271 3715 700 3785 regenerationis
727 3719 1035 3783 auctorem,
1066 3714 1126 3768 in
1152 3730 1263 3785 quo
1294 3712 1572 3768 letiferam
1590 3712 1747 3766 illam

168 3803 293 3871 primi
315 3809 551 3878 parentis
573 3808 869 3877 offensam,
888 3811 1103 3862 mutata
1128 3806 1188 3861 in
1213 3822 1426 3885 novum
1445 3805 1741 3861 hominem

167 3896 339 3953 caducis
364 3903 539 3956 carnis
572 3901 898 3971 fragilitate,
930 3901 1234 3971 deponant.
1264 3901 1370 3954 Per
1400 3899 1559 3953 Dom.

212 3992 530 4064 Interrogatio
563 4011 579 4049 :
608 3994 742 4059 Quis
763 3994 973 4048 dicitur
990 3994 1018 4048 ?
1040 3992 1104 4057 Β).
1139 3992 1242 4047 llli.

211 4082 565 4142 Abrenuncias
588 4088 829 4155 Satanae,
859 4085 1082 4158 pompis
1108 4084 1320 4154 saeculi,
1352 4087 1410 4139 et
1435 4084 1739 4156 voluptati-

163 4170 239 4228 bus
262 4177 402 4248 ejus?
426 4181 489 4245 κ).
520 4180 904 4235 Abrenuncio.

210 4268 372 4325 Credis
412 4275 639 4329 Patrem
684 4277 741 4328 et
802 4273 1006 4327 Filium
1053 4278 1109 4329 et
1154 4271 1425 4343 Spiritum
1486 4274 1743 4326 sanctum

163 4360 294 4416 unius
313 4380 420 4420 esse
445 4367 675 4421 virtutis
693 4368 720 4421 Τ
747 4367 809 4431 R}.
838 4367 1036 4421 Credo.

213 4457 348 4512 Dicis.
376 4460 568 4514 Credis
602 4462 824 4514 Patrem
852 4465 909 4514 et
952 4459 1156 4514 Filium
1195 4463 1253 4513 et
1297 4457 1569 4529 Spiritum
1611 4474 1739 4513 san-

161 4550 279 4601 ctum
304 4551 546 4621 ejusdem
573 4568 691 4607 esse
717 4552 1012 4624 potestatis
1038 4554 1065 4607 ?
1092 4561 1154 4624 κ).
1181 4551 1379 4607 Credo.

211 4639 373 4696 Credis
394 4645 618 4699 Patrem
644 4648 701 4699 et
736 4644 942 4699 Filium
969 4648 1025 4699 et
1048 4644 1323 4716 Spiritum
1350 4646 1607 4698 sanctum
1633 4643 1737 4698 tri-

1760 4565 1819 4637 D

162 4744 227 4782 na
263 4735 487 4791 veritatis
541 4736 783 4808 [Persam
829 4737 1111 4810 unitatis],
1153 4753 1262 4792 una
1303 4740 1567 4791 manente
1612 4737 1740 4791 sub-

159 4828 336 4896 stantia,
363 4829 539 4886 Denm
569 4847 687 4887 esse
710 4831 1026 4903 perfectum
1050 4832 1079 4885 ?
1107 4830 1169 4894 ιι).
1199 4831 1398 4887 Credo.

206 4920 345 4975 Dicis.
366 4924 592 4995 Baptizo
620 4928 677 4979 te
694 4926 721 4980 Τ
750 4923 814 4987 R}.
846 4926 982 4995 Bap.

210 5010 401 5081 Baptizo
427 5020 482 5071 te
509 5018 832 5085 credentem
868 5018 927 5072 in
951 5017 1182 5073 nomine
1218 5017 1396 5073 Patris
1432 5023 1488 5073 et
1522 5018 1644 5073 Filii
1686 5024 1743 5074 et

158 5098 348 5170 Spiritus
375 5111 568 5181 sancti,
611 5116 671 5166 ut
699 5112 906 5166 habeas
930 5111 1105 5166 vitam
1141 5116 1412 5167 aeternam
1444 5111 1505 5166 in
1539 5113 1742 5167 saecula

160 5198 466 5258 seculorum.

684 5273 876 5323 Infusio
911 5273 1167 5324 cbrismse.

208 5335 347 5408 Deus,
370 5344 534 5397 Pater
562 5344 783 5403 Domini
806 5346 985 5400 nostri
1010 5347 1139 5400 Jesu
1164 5345 1388 5415 Christi,
1427 5346 1526 5417 qui
1556 5349 1613 5401 te
1651 5361 1740 5401 re-

160 5435 399 5488 Reneravit
420 5452 491 5490 ex
512 5452 657 5508 aqua
682 5442 739 5493 et
762 5439 973 5510 Spiritu
1000 5442 1211 5508 sancto,
1247 5438 1457 5510 quique
1501 5437 1603 5493 tibi
1642 5439 1735 5493 de-

159 5518 219 5574 dit
238 5527 608 5584 remissionem
636 5536 1012 5603 peccatorum,
1041 5532 1159 5603 ipse
1190 5536 1245 5588 te
1270 5533 1411 5588 lenit
1435 5532 1741 5588 chrismate

159 5627 234 5668 suo
259 5625 455 5691 sancto,
486 5628 554 5678 ut
578 5624 781 5680 habeas
807 5625 979 5681 vitam
1012 5630 1284 5682 aeternam
1309 5626 1369 5681 in
1395 5625 1600 5681 saecula
1644 5642 1744 5680 see-

162 5706 386 5769 cIllorum.

164 5831 483 5966 nu'lnllgshoc
524 5842 634 5901 ritu
678 5843 804 5902 vide
856 5848 1046 5902 notata
1090 5845 1151 5902 in
1215 5843 1416 5903 Missali
1479 5846 1740 5919 Gothico,

1232 336 1319 393 DE
1356 332 1670 392 LITURGIA
1705 331 2079 391 GALLICANA
2116 336 2314 395 LIBER
2350 338 2439 394 Ill.

1793 453 1855 527 Α

3362 308 3365 315 ’
3411 334 3511 396 37o

1952 522 1955 525 γ
2383 448 2462 501 Λᾶ
2495 448 2656 515 pedes
2678 449 2705 482 ⁸
2730 448 2995 502 lavandos.

1950 533 2221 590 Dominus
2247 542 2302 591 et
2329 536 2579 593 Salvator
2605 541 2795 593 noster
2818 539 2975 593 Jesus
3000 534 3253 593 Christus
3278 542 3506 610 aposto-

1875 627 1945 682 lis
1972 628 2086 682 suis
2125 630 2294 700 pedes
2320 630 2486 700 lavit;
2518 648 2622 702 ego
2650 631 2750 685 tibi
2781 632 2950 702 pedes
2978 632 3124 702 lavo,
3150 636 3214 687 ut
3241 636 3299 687 et
3324 636 3389 687 tu
3415 633 3501 689 fa-

1876 720 1987 775 cias
2024 722 2343 793 hospitibus
2368 727 2425 779 et
2451 724 2764 797 peregrinis
2790 726 2889 797 qui
2910 726 2979 780 ad
3007 729 3062 780 te
3088 727 3364 782 venerint.
3396 730 3509 784 Hoc

1877 814 1923 868 si
1948 814 2163 886 feceris,
2193 816 2428 873 habebis
2453 818 2626 873 vitam
2648 822 2919 873 aeternam
2949 818 3010 873 in
3040 820 3243 876 saecula
3269 823 3503 878 saeculo-

1875 925 2024 964 rum.
2054 912 2252 965 Amen.

2446 983 2566 1031 Post
2588 981 2924 1045 baptismum.

1945 1089 2109 1155 Deus,
2138 1088 2210 1143 ad
2238 1104 2409 1160 quem
2434 1087 2650 1141 scubias
2675 1087 2702 1127 ι)
2727 1087 2929 1142 veteris
2956 1088 3214 1144 homines
3234 1089 3501 1160 infundit,

1873 1184 1929 1236 et
1956 1181 2236 1253 depositas
2259 1182 2491 1236 novellae
2522 1181 2724 1236 sobolis
2753 1197 3004 1253 propago
3031 1182 3335 1253 descendit,
3365 1184 3504 1239 dum

1871 1275 1930 1329 in
1956 1292 2163 1330 novam
2194 1279 2576 1346 aeternampue
2596 1274 2969 1329 substantiam
2988 1274 3325 1330 salutaribus
3344 1277 3505 1349 aquis

1872 1369 2117 1424 eluirnur
2141 1373 2196 1424 et
2221 1369 2526 1438 nascimur,
2559 1384 2823 1423 conserva
2848 1368 2908 1422 in
2938 1385 3040 1423 nos
3064 1368 3149 1422 tui
3183 1369 3361 1424 laticis
3393 1387 3503 1441 pu—

1869 1478 2001 1517 rum
2020 1463 2321 1535 liquorem,
2348 1465 2411 1517 ut
2426 1478 2673 1534 nequam
2691 1461 3098 1533 superinduere
3124 1462 3372 1516 maculas
3389 1480 3505 1519 non

1868 1556 2051 1611 valeat
2076 1556 2340 1611 inimicus
2363 1574 2380 1626 ;
2408 1572 2514 1611 nec
2541 1556 2831 1612 auferatur
2848 1558 3013 1612 Pater
3040 1572 3073 1611 a
3091 1555 3240 1626 ﬁliis,
3268 1570 3373 1613 nec
3398 1557 3502 1611 Pa-

1871 1649 1942 1704 tri
1965 1650 2328 1705 subtrahatur
2352 1650 2655 1705 hereditas.

2201 1790 2373 1845 XXVI.
2405 1804 2562 1845 ursss
2603 1806 2657 1845 rrv
2695 1805 2895 1845 VIGILIA
2933 1806 3162 1845 ΡΑεειυε.

2550 1890 2803 1941 Praefatio.

1940 1975 2309 2048 Omnipotens
2348 1976 2690 2048 sempiterna
2732 1978 2894 2045 Deus,
2925 1976 3021 2048 qui
3065 1977 3211 2032 hanc
3248 1979 3500 2035 sacratis-

1868 2070 2070 2124 simam
2101 2074 2326 2125 noctem
2354 2086 2457 2141 per
2486 2070 2747 2125 universa
2770 2070 2973 2124 mundi
3000 2070 3179 2141 spatia
3207 2071 3384 2143 gloria
3405 2072 3500 2127 do-

1866 2163 2093 2218 minicze
2136 2162 2580 2218 Resurrectionis
2625 2163 2908 2231 inlustras,
2947 2179 3214 2218 conserva
3246 2164 3306 2219 in
3352 2181 3497 2220 nova

1865 2256 2094 2312 familiae
2120 2260 2233 2311 tum
2259 2256 2533 2329 progenie
2549 2255 2997 2312 sanctiﬁcationis
3012 2256 3306 2327 Spiritum,
3321 2274 3495 2329 quem

1864 2350 2086 2418 dedisti,
2130 2356 2191 2405 ut
2232 2366 2468 2421 corpore
2510 2353 2567 2405 et
2600 2353 2792 2405 mente
2833 2350 3104 2419 renovati,
3149 2366 3351 2421 puram
3391 2350 3494 2406 tibi

1862 2444 2113 2498 animam
2155 2448 2212 2500 et
2249 2460 2459 2516 purum
2508 2446 2702 2515 pectus
2746 2459 2970 2515 semper
3017 2443 3340 2501 exhibeant.
3387 2445 3493 2501 Per

1862 2537 2020 2593 Dom.

2542 2608 2810 2659 Collectio.

1930 2712 2092 2789 Deus,
2145 2710 2245 2783 qui
2285 2712 2432 2765 hanc
2469 2711 2905 2766 sacratissimam
2958 2715 3187 2767 noctem
3229 2713 3490 2784 gloriosae

1860 2803 2156 2859 dominica:
2192 2803 2615 2859 resurrectionis
2659 2804 2945 2873 inlustras,
2991 2805 3233 2860 concede
3277 2806 3488 2877 populo

1858 2903 1973 2967 tuo,
2025 2897 2313 2970 originalis
2360 2897 2551 2952 delicti
2576 2896 2766 2970 365
2803 2914 2994 2953 errore
3036 2898 3327 2966 mundata,
3360 2903 3488 2970 post

1856 2992 2297 3047 sacratissimum
2341 2991 2557 3046 fontem
2594 2994 2802 3045 terram
2837 2995 2951 3047 tuas
2986 2991 3369 3063 promissionis
3403 2993 3487 3047 in-

1852 3090 2023 3155 trare,
2066 3090 2127 3141 ut
2178 3085 2362 3141 dulcia
2407 3086 2896 3140 Sacramentorum
2940 3089 3173 3142 tuorum
3214 3086 3485 3142 alimenta

1853 3180 2185 3252 percipiant.

2320 3248 2571 3299 Collectio
2621 3252 2740 3313 post
2783 3250 3014 3301 nomina.

1921 3353 2137 3409 Auditis
2159 3353 2488 3407 nominibus
2506 3351 2865 3423 oﬂ‘erent‘nm,
2883 3354 3086 3413 fratres
3104 3354 3476 3425 dilectissimi,

1850 3448 2298 3518 omnipotentem
2344 3447 2524 3500 Deum
2570 3446 2972 3516 supplicamus,
2997 3448 3079 3514 tut
3123 3463 3295 3517 super
3333 3449 3479 3502 hanc

1850 3540 2193 3597 oblationem
2219 3540 2499 3593 caelestem
2521 3538 2759 3609 gratiam
2775 3555 2936 3592 suam
2967 3539 3141 3593 divini
3168 3539 3320 3593 illius
3351 3540 3480 3594 odo-

1849 3634 1925 3688 ris
1952 3633 2230 3700 infundat,
2253 3649 2423 3704 quam
2442 3632 2501 3686 in
2518 3632 3049 3687 commemoratione
3068 3632 3365 3687 dominica:
3394 3651 3478 3689 re-

1848 3726 2209 3782 surrectionis
2248 3725 2566 3792 offerimus;
2598 3729 2660 3779 ut
2682 3724 2930 3796 acceptio
2966 3724 3251 3781 benedicti
3274 3743 3473 3799 corpo-

1846 3820 1923 3875 ris
1970 3826 2027 3875 et
2060 3820 2200 3874 sacri
2251 3819 2437 3891 poculi
2475 3819 2767 3891 praelibata
2819 3819 3145 3874 communio
3198 3820 3474 3876 defunctis

1845 3914 2153 3986 opituletur
2193 3913 2265 3968 ad
2308 3912 2587 3986 requiem,
2631 3911 2947 3968 viventibus
2986 3913 3243 3986 proficiat
3295 3915 3363 3970 ad
3392 3932 3475 3971 sa-

1842 4008 2039 4064 lutem.

2343 4076 2591 4128 Collectio
2630 4076 2695 4127 ad
2736 4090 2940 4141 pacem.

1912 4182 2160 4253 Suscipe,
2194 4182 2451 4253 Domine,
2483 4197 2677 4253 preces
2713 4181 2907 4253 populi
2948 4182 3033 4237 tui
3072 4199 3200 4236 cum
3242 4183 3473 4239 oblatio-

1842 4274 2008 4330 nibus
2040 4276 2373 4346 hostiarum,
2409 4278 2472 4329 ut
2513 4274 2869 4329 Paschalibus
2908 4274 3127 4329 initiata
3169 4277 3469 4347 mysteriis,

1841 4369 1913 4423 ad
1948 4370 2275 4424 aeternitatis
2324 4370 2490 4425 nobis
2523 4367 2824 4435 medelam,
2870 4369 2922 4421 te
2975 4373 3262 4439 Operante,
3302 4370 3472 4440 proti-

1843 4463 2023 4532 ciant;
2063 4467 2128 4517 ut
2173 4462 2233 4517 in
2282 4462 2443 4517 nobis
2485 4462 2591 4516 hoc
2624 4459 3025 4531 recipientibus
3054 4461 3466 4534 holocaustum,

1842 4573 2039 4629 pacem
2067 4573 2239 4627 quam
2266 4555 2327 4610 in
2352 4554 2511 4609 labiis
2537 4552 2898 4625 proferimus,
2934 4553 2994 4609 in
3028 4554 3243 4611 intimis
3288 4559 3472 4613 tenea-

1840 4667 1967 4705 mus
1996 4648 2318 4705 visceribns.
2350 4650 2457 4704 Per
2482 4648 2642 4704 Dom.

2397 4769 2709 4820 Contestatio
2737 4784 2900 4821 nunc.

1913 4876 2050 4929 Vere
2075 4873 2316 4945 dignum
2348 4876 2405 4928 et
2424 4872 2646 4944 justum
2672 4879 2774 4944 est,
2802 4879 2858 4930 te
2883 4875 3114 4947 quidem
3140 4878 3294 4932 omni
3321 4882 3467 4934 tem-

1842 4984 1996 5039 pore,
2029 4968 2124 5022 sed
2151 4967 2211 5021 in
2237 4967 2341 5021 hac
2365 4966 2725 5038 potissimum
2754 4972 2918 5024 nocte
2946 4969 3243 5041 gloriosius
3268 4973 3471 5043 prazdi-

1841 5078 1985 5131 care,
2018 5077 2149 5115 cum
2172 5060 2381 5115 Pascha
2402 5065 2661 5117 nostrum
2702 5062 3029 5117 immolatus
3078 5067 3162 5118 est
3196 5064 3465 5121 Christus.

1844 5156 1965 5227 Ipse
2014 5155 2166 5209 enim
2220 5170 2395 5210 verus
2451 5160 2535 5210 est
2582 5159 2776 5227 Agnus
2830 5155 2929 5227 qui
2971 5155 3200 5211 abstulit
3246 5164 3472 5229 peccata

1842 5248 2063 5304 mundi.
2108 5249 2214 5313 Qui
2239 5252 2481 5305 mortem
2505 5252 2758 5303 nostram
2781 5249 3076 5304 moriendo
3104 5251 3383 5308 destruxit
3416 5259 3473 5310 et

1841 5342 2013 5396 vitam
2073 5342 2421 5414 resurgendo
2478 5342 2775 5412 reparavit.
2830 5343 3163 5414 Propterea,
3228 5347 3471 5417 profusis

1842 5436 2195 5508 paschalibus
2218 5435 2451 5508 gaudiis,
2469 5440 2619 5489 totus
2639 5435 2697 5490 in
2733 5436 2867 5491 orbe
2898 5442 3181 5493 terrarum
3220 5441 3469 5495 mundus

1842 5530 2082 5599 exultat;
2113 5530 2210 5584 sed
2236 5534 2291 5583 et
2316 5544 2577 5600 supernas
2601 5528 2839 5585 virtutes
2866 5533 3035 5603 atque
3054 5532 3325 5604 angelica:
3343 5549 3471 5587 con-

1843 5623 2041 5677 cinunt
2080 5626 2381 5694 potestates
2434 5623 2715 5695 hymnum
2756 5624 2949 5696 glorise
2995 5628 3129 5695 tuae,
3181 5626 3301 5680 sine
3354 5626 3465 5679 tine

1786 5706 1801 5719 ’
1843 5716 2092 5772 dicentes
2122 5735 2136 5772 :
2175 5716 2429 5787 Sanctus,
2458 5716 2710 5788 Sanctus,
2740 5717 2970 5774 Sanctus
2992 5716 3285 5774 Dominus.

1915 5841 1943 5881 ι)
1966 5840 2056 5896 Sic
2079 5841 2384 5914 legendum
2412 5843 2633 5898 videtur
2656 5859 2668 5897 :
2716 5847 2873 5906 Deus,
2903 5844 2977 5899 ad
3002 5856 3155 5913 quem
3176 5842 3353 5899 scabie
3379 5858 3467 5900 ve-

1849 5914 1974 5972 teris
2002 5914 2230 5973 hominis
2259 5917 2322 5988 in.
2338 5918 2488 5987 fonte
2508 5914 2773 5987 deposita.
2805 5919 2911 5972 etc.
