3982 6190
452 329 546 382 37f

997 431 1296 484 Benedictio
1324 433 1522 496 populi.

525 515 786 588 Benedic,
815 515 1069 584 Domine,
1099 514 1306 586 populo
1327 513 1438 584 isti,
1463 530 1636 586 quem
1663 514 1921 570 liberavit
1947 514 2082 570 effu-

453 615 536 670 sio
556 611 866 684 sanguinis,
899 627 968 664 ne
997 610 1290 664 damnaret
1314 608 1558 663 conditio
1609 609 1910 664 servitutis.
1954 609 2082 674 Qui-

455 709 561 764 bus
613 705 809 762 mortis
859 707 970 759 tua:
1015 703 1128 757 vita
1173 701 1446 772 redditur,
1501 719 1818 774 numquam
1869 701 2086 758 inimici

454 801 629 858 hostis
653 797 922 870 decipulis
947 797 1307 850 includantur
1329 814 1343 864 ;
1375 801 1430 852 et
1457 813 1598 868 quos
1623 796 1887 868 dignatus
1914 813 1972 852 es
1993 813 2084 852 re-

457 895 670 950 dimere
709 909 811 964 per
843 891 1141 962 justitiam,
1187 907 1546 961 nequaquam
1597 891 1792 960 praedo
1837 889 2088 962 perﬁdus

453 988 705 1042 obtineat
727 1003 829 1058 per
843 986 1087 1040 ruinam.
1102 987 1437 1038 Permaneat
1463 984 1524 1038 in
1543 984 1622 1038 eis
1652 983 1910 1038 secundae
1935 1001 2085 1055 prae-

457 1081 709 1152 rogativa
747 1083 965 1136 natura:
1001 1096 1102 1152 per
1137 1079 1504 1150 baptismum,
1551 1095 1720 1150 quam
1767 1077 2092 1148 perdiderat

455 1175 627 1248 primi
671 1173 920 1230 hominis
953 1174 1322 1246 przesumptio
1367 1189 1470 1244 per
1511 1172 1799 1227 delictum.
1853 1171 2090 1242 Fulgere

459 1285 683 1341 semper
711 1269 875 1324 faciat
903 1267 1012 1322 vivi
1041 1268 1212 1322 fontis
1239 1267 1396 1322 unda
1431 1283 1570 1337 quos
1605 1265 1802 1332 abluit,
1830 1267 2092 1336 protegat

458 1363 694 1428 cmlestis
721 1362 898 1434 gratia
925 1379 1066 1433 quos
1091 1361 1337 1416 redimit.
1366 1362 1432 1414 Et
1457 1360 1600 1414 sicut
1639 1360 1696 1414 in
1743 1358 1941 1413 diebus
1984 1359 2092 1412 Do-

459 1458 680 1512 minicis
701 1457 1030 1528 mysterium
1055 1455 1308 1511 divinum
1335 1453 1628 1522 excolitur,
1653 1453 1731 1508 ita
1755 1453 1814 1506 in
1835 1451 2094 1507 omnium

459 1552 782 1624 pectoribus
825 1550 1091 1622 splendor
1129 1549 1214 1604 tui
1258 1548 1490 1603 luminis
1523 1551 1902 1603 conservetur.
1935 1545 2092 1611 Quod

461 1648 731 1716 praestare
757 1644 1043 1715 dignetur,
1071 1643 1170 1715 qui
1195 1659 1326 1697 cum
1355 1645 1447 1697 aet.

834 1736 1082 1786 Collectio
1115 1739 1232 1798 post
1265 1733 1709 1784 communionem.

535 1808 839 1878 lmpleatur
881 1807 940 1862 in
981 1807 1166 1876 nobis,
1210 1823 1556 1878 quaesumus,
1603 1803 1860 1874 Domine,
1899 1805 2090 1860 Sacra-
2115 1816 2171 1888 B

465 1901 640 1956 menti
685 1901 964 1972 paschalis
1006 1903 1194 1955 sancta
1227 1899 1442 1968 libatio,
1489 1915 1702 1970 nosque
1753 1899 1820 1970 de
1855 1897 2096 1952 terrenis

463 1993 752 2051 affectibus
775 1995 844 2049 ad
875 1995 1092 2049 caeleste
1119 1993 1418 2048 transferat
1437 1993 1782 2048 institutum.
1811 1993 1936 2047 Per.

1019 2087 1268 2136 Collectio
1293 2085 1542 2150 sequitur.

529 2160 834 2226 Exuberet,
887 2175 1228 2232 qumsumus,
1262 2158 1520 2226 Domine,
1573 2155 1855 2212 mentibus
1893 2155 2100 2211 nostris

465 2254 739 2326 paschalis
767 2253 948 2326 gratia
975 2251 1344 2322 Sacramenti,
1375 2255 1440 2307 ut
1481 2249 1643 2306 donis
1687 2249 1800 2304 suis
1841 2248 1962 2321 ipsa
1998 2265 2100 2304 nos

467 2347 670 2419 dignos
699 2347 921 2403 efficiat.

597 2456 792 2510 XXVII.
835 2471 1028 2509 INCIPIT
1071 2469 1226 2508 HISSA
1271 2469 1324 2506 IN
1361 2469 1448 2506 una
1489 2467 1690 2508 smcro
1734 2465 1966 2506 nscas.

1159 2531 1414 2582 Praefatio.

541 2609 733 2684 366
759 2612 926 2678 Deus,
955 2609 1054 2680 qui
1079 2625 1182 2680 per
1205 2606 1570 2677 Unigenitum
1597 2611 1762 2662 tuum
1776 2606 2103 2662 aeternitatis

467 2705 628 2760 nobis
667 2704 905 2770 aditum,
951 2702 1168 2758 devicta
1207 2705 1411 2770 morte,
1461 2701 1742 2769 reserasti,
1783 2701 1854 2756 da
1909 2700 2092 2755 nobis.

471 2815 819 2871 quaesumus,
867 2801 932 2852 ut
959 2796 1058 2868 qui
1083 2794 1533 2850 Resurrectionis
1559 2793 1857 2849 dominicae
1883 2793 2106 2848 sollem-

469 2893 566 2948 nia
585 2893 842 2959 colimus,
873 2906 980 2962 per
997 2889 1415 2944 innovationem
1445 2887 1530 2943 tui
1569 2887 1810 2959 Spiritus
1850 2904 1883 2940 a
1921 2891 2104 2942 morte

470 2987 676 3040 animae
703 2999 1088 3054 resurgamus.
1115 2985 1238 3037 Per.

1023 3073 1272 3124 Collectio
1305 3073 1554 3136 sequitur.

545 3149 707 3214 Deus,
737 3145 838 3218 qui
863 3162 965 3200 nos
991 3145 1439 3200 Resurrectionis
1465 3143 1762 3198 dominica:
1789 3159 1978 3198 annua
1993 3143 2104 3198 sol-

474 3241 766 3297 lemnitate
793 3237 1060 3305 laetiﬁcas,
1089 3239 1332 3292 concede
1359 3237 1635 3309 propitius
1665 3241 1729 3290 ut
1755 3253 1860 3308 per
1883 3241 2104 3308 tempo-

475 3335 615 3388 ralia
659 3334 799 3388 festa
841 3349 970 3404 qua:
1003 3332 1224 3404 agimus
1249 3330 1542 3402 pervenire
1567 3331 1638 3384 ad
1669 3329 1870 3400 gaudia
1899 3334 2110 3386 aeterna

477 3443 818 3484 mereamur.
847 3428 954 3481 Per
979 3426 1302 3480 Dominum.

957 3519 1208 3569 Collectio
1241 3519 1360 3582 post
1382 3516 1610 3568 nomina.

545 3593 896 3660 Quaesumus,
946 3590 1200 3659 Domine,
1235 3590 1356 3660 jam
1397 3607 1514 3646 non
1560 3594 1857 3644 teneamur
1883 3589 2110 3644 obnoxii

478 3685 856 3740 damnationis
885 3684 1152 3738 humanae
1191 3683 1506 3754 sententim,
1538 3684 1698 3756 cujus
1733 3699 1836 3737 nos
1872 3681 2109 3738 vinculis

479 3779 602 3833 haec
631 3777 816 3832 Hostia
845 3777 1119 3849 paschalis
1146 3777 1402 3832 absolvit.

1008 3869 1256 3918 Collectio
1281 3869 1344 3918 ad
1375 3881 1576 3932 pacem.

551 3949 918 4020 Omnipotens
958 3949 1300 4018 sempiterne
1353 3949 1518 4016 Deus,
1572 3949 1670 4020 qui
1725 3965 2028 4022 resurgens
2081 3967 2112 4004 a

483 4042 744 4110 mortuis,
773 4041 1029 4113 passione
1050 4046 1280 4110 cassata,
1309 4041 1688 4113 potentiorem
1713 4047 1767 4097 te
1803 4043 1913 4097 tuis
1941 4043 2108 4098 disci-

481 4137 629 4210 pulis
672 4135 982 4204 reddidisti,
1019 4135 1262 4189 concede
1309 4134 1586 4206 prepitius
1631 4140 1694 4189 ut
1737 4152 1836 4190 nos
1888 4152 2115 4208 quoque

483 4229 752 4300 Majestati
777 4233 891 4283 tua:
916 4228 1022 4282 hoc
1052 4227 1312 4298 paschale
1340 4225 1678 4282 sacriﬁcium
1705 4228 1762 4281 in
1789 4227 1952 4282 bonis
1977 4246 2112 4300 ope-

481 4324 634 4378 ribus
677 4323 879 4378 efficiat
921 4321 1318 4394 promptiores,
1366 4325 1421 4376 ct
1466 4321 1704 4393 gratiam
1753 4325 1868 4376 tute
1895 4321 2116 4394 pietatis

483 4417 763 4490 adquirat.

1044 4485 1356 4536 Contestatio
1385 4499 1546 4536 nunc.

1235 326 1566 382 APPE-NDIX
1605 325 1691 380 AD
1727 325 1946 381 ΟΡΕΒΑ
1986 327 2218 382 SANCTI
2257 325 2554 384 GERMANI
2595 329 3016 384 PARISIENSIS.

2128 3187 2182 3260 C

3711 333 3822 387 3'72

2103 446 2162 520 Α
2179 437 2514 511 propitiatus
2559 438 2792 508 adsiste;
2833 443 2898 494 ut
2946 437 3205 510 praesidio
3229 441 3344 494 tua;
3367 437 3588 510 pietatis
3611 439 3815 512 adiuti,

2185 537 2242 588 et
2267 533 2566 604 praesentia
2591 533 2808 604 possint
2835 533 3010 588 vitare
3039 533 3384 601 discrimina,
3435 537 3491 588 et
3531 533 3602 588 ad
3647 537 3814 590 aeter-

2185 644 2318 682 nam
2349 627 2640 700 pervenire
2667 643 2959 682 coronam.
2985 627 3146 692 Quod
3174 631 3444 698 praestare
3471 626 3760 698 dignetur.

2699 739 2822 789 Post
2843 738 3286 788 communionem.

2258 835 2533 905 Concede,
2564 851 2911 907 quaesumus,
2940 829 3300 906 omnipotens
3319 837 3480 904 Deus,
3509 839 3574 890 ut
3591 835 3821 906 pascha—

2187 929 2254 984 lis
2283 929 2551 1001 perfectio
2577 929 2922 984 Sacramenti
2975 929 3258 985 mentibus
3299 929 3505 984 nostris
3551 930 3822 986 continua

2188 1027 2528 1096 perseveret.
2553 1025 2658 1078 Per
2683 1023 3008 1078 Dominum.

2745 1133 2994 1185 Collectio
3022 1134 3270 1198 sequitur.

2261 1220 2428 1292 Digni
2453 1235 2554 1274 nos
2583 1219 2662 1274 tui
2683 1219 2950 1288 nominis,
2981 1236 3331 1292 quaesumus,
3355 1221 3614 1290 Domine,
3643 1221 3826 1276 famu-

2189 1313 2271 1370 los
2299 1319 2425 1368 tuos
2465 1314 2728 1369 salutaris
2751 1313 2905 1368 cibus
2949 1319 3004 1368 et
3041 1330 3198 1368 sacer
3243 1319 3410 1386 potus
3445 1314 3722 1386 instituat,
3769 1319 3827 1370 et

2192 1407 2644 1462 renovationibus
2669 1407 3004 1461 conditionis
3039 1408 3330 1477 humanm,
3357 1425 3528 1480 quam
3549 1409 3818 1480 mysterio

2192 1501 2459 1568 continet,
2490 1499 2678 1574 367
2709 1501 2768 1555 in
2794 1501 2996 1555 nostris
3015 1499 3232 1572 jugiter
3257 1501 3508 1557 sensibus
3531 1506 3793 1574 Operetur
3811 1541 3826 1556 .

2193 1597 2297 1650 Per
2320 1593 2644 1650 Dominum.

2634 1717 2848 1771 XXVIII.
2891 1731 3044 1772 msss
3085 1731 3382 1772 essemus.

2875 1813 3130 1864 Praefatio.

2271 1897 2436 1963 Deus,
2483 1893 2580 1964 qui
2617 1894 2968 1964 paschalium
3009 1893 3174 1948 nobis
3220 1895 3472 1950 remedia
3515 1895 3832 1966 contulisti,

2198 1987 2474 2060 populum
2490 1992 2656 2042 tuum
2682 1987 2888 2042 caelesti
2910 1988 3056 2042 dono
3081 2004 3446 2060 prosequere,
3465 1993 3532 2044 ut
3545 1990 3678 2044 inde
3704 1995 3837 2061 post

2199 2083 2258 2137 in
2285 2085 2626 2154 perpetuum
2649 2081 2909 2153 gaudeat,
2925 2081 3074 2137 unde
3101 2098 3252 2138 nunc
3271 2083 3659 2154 temporaliter
3675 2085 3838 2139 exul-

2201 2179 2298 2232 tat.
2329 2177 2435 2232 Per
2462 2174 2787 2231 Dominum.

2751 2285 3005 2336 Collectio
3029 2285 3282 2350 sequitur.

2271 2375 2433 2442 Deus,
2463 2372 2562 2445 qui
2588 2388 2784 2428 omnes
2805 2372 2865 2426 in
2889 2372 3109 2428 Christo
3138 2375 3361 2428 renatos
3393 2389 3572 2444 genus
3601 2373 3838 2446 regium

2203 2471 2259 2524 et
2301 2467 2638 2522 sacerdotale
2687 2465 2887 2548 fecisti,
2941 2467 3012 2520 da
3069 2466 3232 2522 nobis
3275 2472 3332 2523 et
3380 2468 3520 2522 velle
3569 2471 3624 2522 et
3667 2485 3839 2539 posse

2203 2561 2354 2634 quod
2387 2560 2666 2632 praecipis,
2707 2565 2772 2614 ut
2795 2560 3002 2631 popqu
3027 2564 3123 2615 tuo
3148 2561 3218 2615 ad
3243 2561 3616 2618 aeternitatem
3643 2567 3840 2618 vocato

2203 2671 2320 2710 una
2353 2654 2425 2708 sit
2465 2653 2601 2709 fides
2625 2653 2901 2721 cordium,
2933 2659 2990 2710 et
3020 2654 3200 2726 pietas
3235 2655 3542 2712 actionum.
3579 2658 3687 2712 Per
3731 2657 3844 2712 Do-

2203 2748 2449 2803 minum.

2687 2817 2938 2868 Collectio
2965 2821 3084 2882 post
3111 2818 3342 2869 nomine.

2276 2903 2577 2974 Sacriﬁcia,
2609 2903 2866 2974 Domine,
2909 2904 3260 2975 paschalibus
3307 2905 3524 2976 gaudiis
3571 2905 3844 2960 immola-

2209 3013 2355 3064 mus,
2385 2998 2588 3068 quibus
2613 2997 2856 3052 Ecclesia
2881 3001 2976 3052 tua
3004 2997 3337 3053 mirabiliter
3361 3002 3418 3053 et
3442 2999 3762 3054 renascitur
3787 3005 3848 3055 et

2205 3089 2474 3145 nutritur.
2501 3093 2608 3146 Per
2633 3093 2798 3146 Dom.

2357 3265 2372 3274 ‘
2705 3197 2954 3250 Collectio
2979 3199 3046 3249 ad
3079 3213 3284 3263 pacem.

2279 3283 2568 3338 Paschales
2589 3284 2801 3338 hostias
2821 3285 3198 3352 immolantes,
3213 3301 3559 3357 quaesumus,
3579 3287 3844 3356 Domine,

2207 3380 2272 3431 ut
2297 3377 2448 3448 quod
2476 3377 2902 3448 frequentamus
2944 3382 3092 3448 actu,
3129 3379 3680 3450 comprehendamus
3715 3381 3852 3436 aﬂ'e-

2209 3473 2322 3526 ctu.
2353 3471 2458 3526 Per
2483 3471 2812 3526 Dominum.

2859 3551 3188 3602 Contestatio.

2281 3637 2420 3691 Vere
2439 3635 2676 3707 dignum
2706 3641 2762 3690 et
2777 3636 2998 3708 justum
3026 3639 3128 3704 est,
3151 3641 3205 3691 te
3235 3637 3466 3708 quidem
3509 3639 3668 3693 omni
3711 3645 3852 3695 tem-

2211 3745 2366 3800 pore,
2415 3729 2510 3783 sed
2553 3729 2614 3783 in
2665 3729 2770 3784 hoc
2815 3729 3119 3801 praecipue,
3167 3731 3423 3800 Domine,
3468 3731 3562 3787 die
3587 3731 3848 3800 laudare,

2210 3823 2560 3891 benedicere,
2622 3825 2678 3877 et
2725 3823 3051 3894 praedicare,
3105 3825 3254 3895 quod
3303 3825 3512 3880 Pascha
3581 3831 3852 3881 nostrum

2211 3915 2534 3970 immolatus
2564 3921 2646 3970 est
2661 3917 2938 3971 Christus.
2967 3917 3071 3971 Per
3091 3934 3261 3989 quem
3289 3919 3346 3972 in
3373 3923 3646 3974 aeternam
3675 3921 3854 3976 vitam

2213 4009 2313 4063 ﬁlii
2341 4009 2480 4063 lucis
2505 4009 2786 4080 oriuntur,
2814 4009 3072 4064 ﬁdelibus
3115 4011 3278 4083 regni
3319 4012 3556 4066 caelestis
3591 4014 3748 4069 atria
3773 4032 3860 4070 re-

2215 4105 2490 4170 serantur,
2522 4107 2578 4157 et
2605 4104 2782 4158 beatas
2807 4103 2950 4176 legis
2977 4105 3315 4160 commercio
3364 4105 3568 4160 divinis
3595 4107 3862 4162 humana

2214 4199 2527 4264 mutantur,
2574 4196 2706 4266 quia
2731 4201 3054 4252 nostrorum
3081 4199 3338 4253 omnium
3367 4199 3488 4252 Vita
3515 4203 3840 4256 resurrexit

2214 4289 2392 4352 Quem
2432 4287 2490 4341 in
2531 4290 2880 4360 susceptione
2927 4293 3281 4347 mortalitatis
3327 4295 3502 4348 Deum
3543 4293 3868 4364 majestatis

2215 4381 2590 4454 agnoscimus,
2613 4387 2668 4438 et
2687 4383 2747 4436 in
2772 4383 3074 4439 divinitatis
3089 4385 3265 4456 gloria
3282 4387 3461 4441 Deum
3485 4391 3541 4440 et
3555 4386 3866 4444 hominem

2215 4475 2567 4531 conﬁtemur.
2611 4475 2716 4540 Qui
2755 4481 3002 4532 mortem
3031 4481 3281 4533 nostram
3307 4479 3604 4534 moriendo
3633 4479 3870 4535 destru-

557 4562 696 4614 Vere
725 4559 966 4630 diguum
993 4561 1050 4614 et
1069 4559 1290 4630 justum
1321 4563 1423 4626 est,
1453 4563 1508 4614 te
1535 4558 1764 4630 quidem
1791 4559 1948 4614 omni
1975 4555 2192 4628 tem-1)
2217 4570 2316 4638 xit,
2363 4573 2419 4624 et
2455 4569 2627 4624 vitam
2677 4571 3024 4641 resurgendo
3065 4571 3309 4627 restituit
3365 4575 3520 4628 Iesus
3569 4573 3866 4630 Christus.

485 4669 641 4724 pore,
668 4652 766 4707 sed
795 4652 854 4705 in
881 4653 988 4705 hoc
1017 4652 1302 4722 praecipue
1331 4652 1441 4721 die,
1485 4668 1598 4723 quo
1637 4657 1734 4706 tua
1763 4651 2119 4707 Resurrectio

490 4745 826 4812 celebratur,
860 4744 1016 4798 omni
1055 4745 1355 4800 festivitate
1397 4745 1645 4814 laudare,
1700 4745 2036 4801 benedicere
2065 4749 2122 4800 et

487 4837 794 4911 prmdicare
814 4837 964 4908 quod
983 4837 1192 4890 Pascha
1215 4841 1474 4892 nostrum
1501 4838 1825 4894 immolatus
1849 4844 1934 4894 est
1956 4839 2116 4894 Chri-

487 4939 624 4988 stus.
661 4934 768 4986 Per
813 4947 986 5002 quem
1031 4933 1272 5001 potestas
1321 4931 1592 4986 diabolica
1617 4931 1834 5000 cecidit,
1879 4937 2122 4988 tartarea

487 5025 692 5082 inferni
733 5029 866 5080 sunt
891 5024 1112 5078 vincula
1143 5023 1404 5094 resoluta,
1434 5025 1882 5097 chirographum
1907 5029 1992 5082 est
2015 5043 2117 5080 an-

485 5121 659 5190 tiqua:
707 5117 1184 5189 praevaricationis
1237 5117 1586 5188 extinctum,
1633 5119 1857 5174 aculeus
1922 5119 2121 5174 mortis

487 5213 756 5280 obtritus;
785 5228 888 5266 nos
914 5227 1138 5282 quoque
1165 5211 1234 5266 de
1261 5211 1542 5267 servitutis
1558 5212 1700 5284 jugo
1721 5212 2121 5268 dominationis

489 5305 764 5376 Egyptiae
809 5321 913 5376 per
959 5305 1234 5376 spiritales
1273 5322 1445 5376 aquas
1473 5305 1735 5374 educens,
1763 5306 2120 5378 triumphans

489 5397 796 5454 resurrexit
819 5397 879 5452 in
913 5399 1172 5469 gloriam,
1202 5403 1258 5454 et
1280 5399 1524 5454 libertati
1555 5416 1676 5467 nos,
1717 5398 2121 5454 misericordiae

491 5497 601 5546 tuae
631 5507 886 5562 munere,
919 5491 1166 5548 donavit.
1207 5493 1315 5548 Per
1341 5509 1514 5564 quem
1547 5493 1888 5565 Majestatem
1941 5497 2116 5547 tuam.

1048 5585 1346 5636 Benedictio
1373 5586 1572 5650 populi.

559 5667 726 5732 Deus,
770 5667 868 5738 qui
911 5665 1356 5738 chirographum
1382 5683 1494 5738 quo
1523 5667 1857 5723 tenebamur
1887 5665 2118 5722 obnoxii

491 5759 720 5828 pretiosi
751 5758 1042 5828 sanguinis
1073 5759 1342 5812 effusione
1389 5759 1608 5828 delesti,
1659 5761 1918 5816 omnium
1969 5761 2028 5815 in
2065 5763 2120 5814 te

491 5849 838 5920 sperantium
849 5849 1111 5922 precibus
1123 5867 1329 5920 annue,
1349 5867 1376 5904 c
1385 5855 1618 5906 unctoru
1625 5869 1682 5908 ni
1695 5853 2120 5909 necessitatibus

2219 4665 2324 4718 Per
2345 4662 2648 4718 Dominum
2679 4665 2954 4718 nostrum.

2765 4773 3066 4823 Benedictio
3108 4775 3303 4838 populi.

2291 4861 2516 4928 Praesta,
2561 4857 2815 4928 Domine,
2867 4875 3214 4930 quzesumus,
3261 4859 3490 4914 famulis
3541 4863 3660 4916 tuis
3725 4865 3874 4919 tales

2218 4951 2341 5006 ﬁeri
2365 4955 2479 5006 tum
2507 4952 2702 5022 gratias
2729 4951 3010 5022 largitate,
3038 4957 3104 5007 ut
3127 4953 3274 5007 bona
3305 4957 3401 5008 tua
3431 4957 3488 5008 et
3513 4953 3878 5012 fiducialiter

2219 5045 2539 5115 implorent,
2568 5049 2624 5100 et
2652 5045 2770 5100 sine
2795 5045 3120 5101 difﬁcultate
3163 5051 3410 5100 sumant.
3455 5049 3542 5102 ‘Da
3589 5048 3702 5119 eis,
3761 5051 3876 5106 Do-

2221 5137 2396 5206 mine,
2425 5154 2666 5210 reguum
2686 5143 2846 5194 tuum
2865 5138 3259 5210 justitiamque
3288 5155 3513 5211 semper
3535 5141 3878 5212 inquirere,

2219 5235 2284 5286 ut
2308 5231 2514 5302 quibus
2557 5231 2810 5303 indigere
2861 5249 2954 5287 eos
2995 5233 3288 5304 perspicis,
3334 5233 3646 5288 clementer
3693 5237 3882 5292 facias

2221 5325 2528 5380 abundare.
2566 5324 2790 5393 Tribue,
2837 5342 3184 5396 quaesumus,
3209 5330 3275 5380 ut
3299 5326 3405 5397 piis
3433 5328 3712 5382 sectando
3741 5347 3882 5400 quae

2221 5423 2318 5472 tua
2346 5421 2496 5486 sunt,
2523 5417 2782 5472 universa
2807 5417 2914 5472 illis
2941 5419 3202 5473 salutaria
3227 5419 3640 5478 condonentur.
3705 5423 3886 5488 Quod

2221 5527 2360 5582 Ipse.
2741 5579 2862 5629 Post
2901 5581 3340 5631 communionem.

2289 5665 2512 5734 Adesto,
2541 5665 2796 5734 Domine,
2825 5682 3171 5736 quaesumus,
3201 5671 3406 5722 nostra).
3449 5667 3892 5741 redemptionis
3925 5709 3927 5712 -

2221 5757 2529 5826 effectibus,
2553 5763 2616 5814 ut
2643 5775 2782 5830 quos
2807 5760 3171 5815 sacramentis
3196 5761 3526 5816 aeternitatis
3577 5761 3886 5832 instituis,
3923 5829 3925 5843 Ι

2221 5851 2418 5910 iisdem
2449 5855 2710 5925 protegas
2737 5853 3038 5926 dignanter
3063 5854 3352 5928 aptandas.
3387 5855 3492 5912 Per
3521 5855 3888 5914 Dominum.
