3982 6190
205 286 281 340 373
1220 277 1305 334 DE
1342 277 1654 337 LITURGIA
1691 279 2062 338 GALLICANA
2099 280 2296 338 LIBER
2333 281 2423 338 Ill.

1399 404 1851 478 ',_A

691 382 942 437 Collectio
968 381 1218 450 sequitur.

248 472 476 540 Puriﬂca,
505 470 755 539 Domine,
783 487 1132 544 quaesumus,
1167 477 1387 528 mentes
1425 477 1643 528 nostras
1667 473 1766 529 be-

196 570 383 641 nignus,
410 572 463 623 et
488 583 697 624 renova
722 566 1037 622 caelestibus
1063 567 1457 637 sacramentis,
1481 572 1548 622 ut
1573 583 1767 622 conse-

195 667 393 734 quenter
409 667 462 716 et
475 678 776 732 corporum
806 677 1053 732 praesens
1078 660 1290 732 pariter
1315 665 1372 716 et
1397 661 1656 718 futurum
1687 678 1772 716 ca-

193 757 376 831 piamus
399 756 687 810 auxilium.
715 757 840 810 Per.

392 863 553 919 XXIX.
581 878 705 916 lrnu
747 876 904 916 IISSA
945 878 1002 915 ιιι
1039 876 1192 915 FERIA
1235 877 1535 917 PASCHALIS.

828 954 1083 1004 Praefatio.

247 1039 417 1114 368
453 1041 614 1110 Deus,
647 1040 745 1111 qui
776 1040 1118 1112 multiplicas
1147 1039 1453 1095 Ecclesiam
1494 1046 1653 1096 tuam
1681 1057 1771 1095 so—

189 1135 286 1189 bole
311 1133 740 1203 renascentium,
768 1133 935 1188 facias
967 1150 1092 1189 eam
1128 1135 1374 1204 gaudere
1403 1135 1680 1206 pr0pitius
1705 1135 1776 1191 de

188 1245 383 1283 suorum
409 1223 749 1300 profectibus
778 1227 1048 1282 filiorum.
1077 1231 1184 1284 Per
1209 1228 1534 1283 Dominum.

827 1323 953 1370 Item
971 1321 1086 1371 alia.

241 1408 382 1474 Deus,
409 1406 504 1478 qui
533 1410 786 1461 nostram
811 1405 1066 1461 Iustitiam
1095 1407 1154 1460 in
1183 1411 1350 1461 tuo...
1381 1411 1588 1478 prassta
1617 1405 1778 1460 timo-

185 1516 299 1567 rem,
315 1506 371 1554 ut
394 1500 451 1554 in
477 1499 592 1554 tuis
621 1499 914 1570 vigilantes
941 1500 1244 1570 mandatis,
1271 1501 1492 1571 placere
1515 1500 1620 1555 tibi
1644 1516 1774 1572 pos-

187 1594 349 1648 simus.
375 1596 478 1649 Per
507 1593 835 1648 Dominum.

735 1686 985 1736 Collectio
1015 1699 1176 1736 nunc.

3401 287 3502 344 374

2363 417 2366 422 -
2464 389 2635 442 Oratio
2666 403 2906 456 sequens.

1941 479 2140 532 Annua
2168 477 2351 544 nobis,
2373 494 2720 549 quaesumus,
2750 479 3006 549 Domine,
3040 484 3104 536 ut
3129 481 3502 553 quemadmo-

1871 566 2009 642 dum
2033 567 2297 638 mysteria
2327 568 2752 623 resurrectionis
2782 567 3007 623 Domini
3042 571 3216 624 nostri
3240 573 3371 626 Jesu
3398 573 3499 627 sol-

1870 660 2077 716 lemnia
2102 660 2358 730 colimus,
2387 661 2464 716 ita
2488 666 2544 716 et
2567 661 2626 716 in
2652 662 2894 716 adventu
2922 663 3042 733 ejus
3082 665 3327 735 gaudere
3371 683 3500 722 cum

1873 754 2086 810 Sanctis
2108 755 2372 810 omnibus
2394 771 2734 811 mereamur.
2757 759 2863 811 Per
2889 756 3212 812 Dominum.

2474 857 2722 907 Collectio
2753 871 2911 907 nunc.

1944 946 2138 1015 Agnus
2164 943 2282 1012 Dei,
2315 943 2413 1014 qui
2443 943 2588 998 tollis
2619 949 2912 1014 peccatum
2951 943 3172 1014 mundi,
3202 945 3417 1017 respice
3444 948 3503 1002 in

1874 1042 2020 1105 tuos,
2047 1041 2103 1091 et
2130 1037 2397 1092 miserere
2425 1036 2604 1107 nobis,
2636 1037 2813 1091 factus
2837 1038 2954 1108 ipse
2983 1038 3169 1093 hostia
3195 1039 3291 1110 qui
3321 1040 3506 1095 Sacer-

1875 1132 1994 1199 dos,
2023 1131 2141 1202 ipse
2158 1131 2460 1203 praemium
2487 1131 2584 1202 qui
2609 1132 2934 1201 redemptor
2959 1149 2972 1184 :
2999 1149 3031 1185 a
3057 1133 3217 1188 malis
3243 1133 3505 1189 omnibus

1875 1241 2020 1296 quos
2045 1225 2352 1295 redemisti,
2386 1225 2620 1294 custodi,
2657 1225 2897 1279 salvator
2926 1226 3145 1280 mundi.

2560 1329 2688 1376 Item
2703 1327 2818 1377 alia.

1949 1413 2272 1482 Subjectum
2300 1412 2400 1467 tibi
2428 1413 2729 1484 populum,
2760 1413 3020 1483 Domine,
3047 1414 3372 1486 propitiatio
3404 1433 3506 1471 cae-

1877 1507 2028 1562 lestis
2057 1506 2392 1577 ampliﬁcet;
2423 1510 2478 1562 et
2506 1507 2618 1562 tuis
2647 1524 2871 1580 semper
2895 1507 3061 1564 faciat
3099 1511 3308 1565 servire
3342 1527 3505 1565 man-

1880 1600 2041 1655 datis.
2070 1601 2176 1654 Per
2205 1600 2527 1655 Dominum.

2362 1702 2651 1752 Immolatio
2670 1717 2810 1753 nunc
2833 1704 3020 1754 missae.

238 1775 441 1841 Praesta,
491 1788 845 1843 quaesumus,
893 1772 1251 1844 omnipotens
1301 1773 1468 1838 Deus,
1524 1776 1589 1826 ut
1635 1787 1776 1843 quos

1950 1789 2197 1860 Dignum
2232 1792 2289 1843 et
2321 1788 2541 1858 justum
2568 1793 2650 1843 est
2686 1805 2786 1843 nos
2827 1789 2928 1843 tibi
2968 1805 3193 1862 semper
3226 1791 3423 1848 laudes
3457 1797 3514 1848 et

187 1882 301 1937 aqua
321 1866 560 1936 suscepit
583 1866 654 1920 ad
678 1865 1005 1935 abluendos,
1029 1871 1085 1921 et
1114 1865 1530 1937 regenerandos
1558 1865 1780 1920 muniat

188 1962 468 2030 etjrenatos.

617 2028 863 2080 Collectio
889 2042 1047 2092 super
1071 2042 1307 2078 munera.

235 2115 452 2187 Suscipe,
485 2115 744 2183 Domine,
774 2130 1014 2168 munera
1038 2114 1258 2168 nomini
1286 2117 1381 2168 tuo
1416 2113 1618 2183 oblata,
1648 2130 1778 2186 quas

187 2209 228 2262 in
262 2208 367 2262 Filii
409 2208 490 2263 tui
527 2208 962 2264 Resurrectione
1002 2207 1416 2278 triumphantis
1465 2206 1524 2262 in
1576 2207 1774 2278 gloria,

185 2301 489 2368 universalis,
521 2302 649 2372 ejus
669 2301 908 2372 quaesita
930 2301 1229 2371 sanguine,
1256 2300 1421 2356 offert
1438 2300 1704 2356 Ecclesia.

816 2398 1126 2448 Immolatio.

234 2485 454 2556 Dignum
483 2490 547 2540 et
564 2485 784 2555 justum
811 2488 893 2539 est
920 2500 1022 2538 nos
1048 2483 1152 2539 tibi
1182 2485 1392 2555 gratias
1429 2499 1622 2555 agere,
1652 2500 1777 2538 om-

185 2579 400 2648 nipotens
423 2577 777 2649 sempiterne
810 2579 978 2646 Deus,
1007 2593 1110 2649 per
1134 2579 1325 2631 Jesum
1357 2577 1645 2632 Christum
1686 2578 1776 2631 Fi-

185 2672 293 2727 lium
312 2677 486 2741 tuum,
510 2671 822 2726 Dominum
843 2676 1122 2726 nostrum.
1144 2673 1250 2725 Per
1271 2687 1443 2742 quem
1461 2671 1780 2726 humanum

186 2782 325 2836 genus
347 2767 654 2833 viviﬁcans,
682 2765 893 2819 Pascha
919 2764 1089 2818 etiam
1116 2780 1218 2835 per
1256 2766 1481 2834 Moysen
1510 2768 1565 2818 et
1592 2767 1778 2819 Aaron

181 2860 381 2914 famulos
424 2865 560 2915 tuos
593 2858 1153 2930 agni-immolatione
1189 2857 1408 2928 jussisti
1434 2858 1718 2913 celebrare
1760 2877 1774 2914 :

181 2950 618 3021 consequentibus
642 2948 996 3019 temporibus
1021 2964 1198 3018 usque
1223 2948 1294 3002 ad
1327 2947 1633 3002 adventum
1667 2949 1778 3002 Do-

184 3041 292 3097 mini
320 3044 484 3099 nostri
515 3045 651 3098 Jesu
679 3041 886 3097 Christi
912 3041 1032 3113 (qui
1061 3041 1206 3096 sicut
1246 3041 1317 3095 ad
1359 3040 1647 3095 victimam
1682 3042 1782 3096 du-

182 3141 277 3190 ctus
293 3140 382 3208 est)
408 3137 675 3192 eamdem
703 3134 1170 3190 consuetudinem
1195 3135 1256 3188 in
1282 3135 1561 3188 memoria
1589 3135 1781 3189 obser-
1804 3143 1859 3217 ρ

181 3243 282 3283 vare
320 3229 662 3301 przecepisti.
714 3231 833 3300 Ipse
880 3232 964 3282 est
997 3231 1192 3298 Agnus
1239 3227 1638 3282 immaculatus
1685 3228 1783 3299 qui

178 3322 345 3389 prioris
364 3323 565 3395 populi
591 3322 781 3393 prima
798 3321 1009 3376 Pascha
1030 3321 1087 3375 in
1114 3322 1354 3392 Egypto
1373 3321 1557 3376 fuerat
1582 3321 1780 3376 immo-

179 3412 310 3469 latus.
343 3417 454 3486 Ipse
482 3419 577 3472 est
603 3415 758 3470 Aries
788 3416 845 3469 in
875 3415 1084 3469 vertice
1131 3416 1340 3469 montis
1367 3415 1569 3470 excelsi
1593 3415 1662 3469 de
1689 3431 1782 3470 ve-

179 3523 257 3575 pre
288 3510 556 3578 prolatus,
601 3508 874 3563 sacriﬁcio
927 3508 1257 3563 destinatus.
1295 3510 1415 3579 Ipse
1460 3512 1544 3563 est
1568 3508 1784 3562 Vitulus

180 3600 431 3671 saginatus
460 3601 571 3674 qui
608 3602 670 3656 in
704 3601 1065 3656 tabernaculo
1092 3601 1269 3673 patris
1326 3601 1504 3656 nostri
1543 3601 1783 3655 Abrahae

179 3699 375 3764 propter
401 3695 662 3767 hospites
687 3699 770 3749 est
794 3695 1136 3749 victimatus.
1167 3695 1340 3766 Cujus
1381 3694 1702 3766 passionem
1729 3698 1785 3750 et

179 3789 618 3844 resurrectionem
644 3787 1013 3856 celebramus,
1047 3788 1206 3858 cujus
1234 3792 1290 3843 et
1314 3788 1620 3842 adventum
1663 3805 1784 3858 spe-

177 3889 353 3930 ramus.
381 3879 448 3931 Et
477 3877 615 3931 ideo
645 3893 775 3930 cum
806 3876 1022 3946 angelis
1053 3881 1108 3931 et
1133 3876 1489 3947 archangelis
1516 3893 1631 3930 non
1661 3892 1779 3931 ces-

179 3983 331 4022 samus
354 3971 600 4025 clamare
629 3970 877 4025 dicentes
905 3987 918 4023 :
951 3971 1206 4039 Sanctus,
1237 3970 1488 4039 Sanctus,
1518 3971 1780 4038 Sanctus.

707 4065 1006 4115 Benedictio
1026 4065 1223 4129 populi.

232 4150 471 4219 Benedic,
491 4151 858 4222 omnipotens
881 4150 1223 4222 sempiterne
1248 4153 1414 4219 Deus,
1449 4154 1594 4208 hanc
1623 4154 1735 4209 fam
1745 4154 1785 4208 i-

172 4241 281 4297 liam
307 4248 459 4300 tuam
484 4244 882 4300 benedictione
909 4249 1206 4316 perpetua,
1229 4247 1328 4317 qui
1344 4247 1519 4301 vitam
1547 4248 1784 4302 humani

177 4338 387 4405 generis,
408 4355 518 4410 pro
552 4338 714 4392 nobis
742 4338 878 4391 Filio
905 4343 1004 4392 tuo
1030 4339 1326 4406 moriente,
1351 4339 1604 4410 salvasti;
1632 4357 1782 4411 prae-

174 4432 240 4481 sta
267 4434 321 4483 ut
347 4431 403 4485 in
428 4432 541 4486 hac
567 4431 762 4503 populi
791 4431 874 4485 tui
907 4431 1199 4487 devotione
1225 4432 1441 4486 fructus
1491 4435 1786 4503 proveniat

174 4522 504 4588 gaudiorum.
525 4524 705 4590 Quod.

520 4621 772 4672 Collectio
807 4626 924 4685 post
948 4623 1391 4673 communionem.

231 4703 662 4762 Immortalitatis
712 4706 1041 4762 alimoniam
1082 4708 1386 4778 consecuti,
1435 4725 1780 4780 quaesumus,

173 4795 403 4866 Domine,
431 4805 500 4855 ut
525 4801 678 4872 quod
721 4817 818 4856 ore
854 4800 1212 4872 percepimus
1253 4807 1444 4857 mente
1483 4807 1780 4858 sectemur.

173 4889 260 4944 Per
280 4893 611 4948 Dominum.

719 4963 964 5014 Collectio
981 4963 1226 5026 sequitur.

230 5047 589 5119 Repleamur,
609 5049 867 5118 Domine,
899 5047 1082 5119 gratia
1103 5049 1358 5104 muneris
1386 5050 1553 5120 sacri,
1577 5055 1640 5105 ut
1658 5067 1787 5122 quae

173 5143 322 5206 gustu
362 5158 639 5212 corporeo
684 5141 870 5195 dulcia
909 5143 1160 5197 venerati
1208 5143 1612 5215 contingimus,
1658 5143 1784 5198 dul-

171 5230 303 5286 ciora
330 5234 623 5289 mentibus
648 5235 976 5290 sentiamus.
995 5237 1100 5290 Per
1124 5252 1276 5291 eum.

483 5345 626 5398 XXX.
664 5361 815 5399 mssa
857 5361 1137 5401 PASCHALIS
1176 5363 1228 5399 1v
1268 5363 1445 5401 suam.

229 5439 416 5514 369
461 5443 628 5512 Deus,
678 5443 776 5514 qui
819 5444 1097 5514 pepulum
1141 5448 1304 5498 tuum
1347 5461 1502 5499 sacro
1550 5443 1789 5499 Iordane

172 5531 392 5590 [lumine
432 5539 736 5605 transacto,
777 5540 988 5590 terram
1030 5541 1144 5591 tua:
1186 5537 1362 5592 fecisti
1403 5537 1789 5609 promissionis

171 5624 384 5696 intrare,
417 5628 683 5696 concede,
711 5645 1056 5701 quaesumus,
1087 5635 1154 5685 ut
1179 5635 1234 5685 et
1277 5647 1379 5686 nos
1421 5648 1647 5704 quoque
1675 5633 1787 5688 Ma-

166 5718 367 5788 jestatis
397 5727 516 5775 tua).
558 5723 798 5777 revelato
827 5724 1113 5794 mysterio,
1154 5725 1341 5780 divina
1366 5741 1590 5799 semper
1615 5727 1787 5782 bene-

177 5812 638 5887 liciaﬁsentiamus.
670 5817 775 5872 Per
803 5816 1127 5875 Dominum.

1881 1883 2086 1955 gratias
2112 1898 2301 1952 agere,
2334 1881 2689 1953 omnipotens
2726 1883 3068 1953 sempiterne
3099 1885 3264 1956 Deus,
3293 1904 3396 1957 per
3422 1889 3509 1943 Je-

1879 1993 2004 2031 sum
2030 1975 2316 2031 Christum
2347 1975 2549 2030 Filium
2575 1980 2741 2030 tuum
2766 1976 3068 2031 Dominum
3097 1984 3376 2035 nostrum.
3409 1982 3513 2045 Qui

1879 2068 2024 2122 sicut
2059 2066 2175 2119 ovis
2200 2067 2269 2120 ad
2299 2065 2637 2120 occisionem
2663 2082 2768 2137 pro
2806 2067 2966 2122 nobis
2991 2069 3191 2124 ductus
3223 2074 3327 2140 est,
3357 2075 3413 2126 et
3449 2078 3516 2127 ut

1877 2176 2060 2231 agnus
2088 2175 2277 2213 coram
2296 2159 2586 2225 tondente,
2617 2158 2694 2213 sic
2713 2175 2829 2214 non
2855 2161 3078 2231 aperuit
3103 2180 3164 2217 os
3193 2180 3382 2219 suum.
3417 2164 3514 2219 Hic

1878 2255 2032 2310 enim
2061 2258 2144 2308 est
2172 2255 2367 2324 Agnus
2402 2252 2522 2321 Dei,
2555 2252 2882 2324 unigenitus
2910 2254 3080 2309 Filius
3108 2260 3258 2326 tuus,
3286 2259 3385 2328 qui
3411 2259 3518 2313 tol-

1879 2347 1946 2402 lit
1967 2351 2262 2418 peccatum
2277 2346 2510 2413 mundi;
2545 2346 2644 2417 qui
2671 2363 2728 2402 se
2748 2363 2854 2418 pro
2874 2348 3040 2402 nobis
3063 2348 3352 2406 offerendo
3394 2369 3513 2406 non

1880 2440 2105 2507 desinit,
2125 2457 2341 2511 nosque
2366 2440 2519 2510 apud
2546 2445 2601 2495 te
2632 2445 2906 2511 perpetua
2929 2442 3290 2498 advocatione
3318 2445 3511 2500 defen-

1879 2535 1962 2589 dit
1988 2551 2002 2589 :
2035 2534 2166 2605 quia
2191 2550 2510 2605 numquam
2531 2534 3144 2600 moriturimmolatus,
3169 2538 3265 2592 sed
3291 2554 3518 2612 semper

1879 2629 2013 2683 vivit
2045 2628 2277 2682 occisus.
2325 2627 2536 2681 Pascha
2579 2628 2733 2683 enim
2769 2633 3030 2683 nostrum
3072 2630 3394 2686 immolatus
3431 2639 3520 2689 est

1879 2723 2168 2789 Christus;
2199 2725 2263 2776 ut
2282 2721 2404 2791 jam
2444 2737 2558 2774 non
2587 2721 2648 2774 in
2685 2721 2965 2776 fermento
3000 2724 3196 2786 veteri,
3241 2741 3427 2796 neque
3456 2727 3515 2781 in

1880 2815 2196 2870 carnalium
2222 2813 2496 2885 sanguine
2524 2814 2901 2883 victimarum,
2935 2815 3032 2870 sed
3066 2815 3126 2870 in
3155 2817 3363 2888 azymis
3408 2818 3516 2873 sin-

1880 2910 2122 2964 ceritatis
2153 2912 2209 2962 et
2233 2907 2484 2978 corporis
2513 2907 2759 2963 veritatis
2794 2908 3174 2964 immolemus.
3203 2912 3308 2965 Per
3349 2912 3512 2967 Chri-

1881 3007 2031 3058 stum
2079 3001 2382 3056 Dominum
2442 3005 2721 3057 nostrum.
2772 3004 2877 3056 Per
2941 3019 3113 3074 quem
3174 3004 3517 3075 Majestatem

1885 3101 2039 3152 tuam
2068 3096 2320 3150 laudant.

2431 3165 2732 3215 Benedictio
2766 3164 2968 3229 pepuli.

1953 3251 2136 3306 Faciat
2159 3268 2255 3305 vos
2280 3251 2424 3306 Deus
2451 3267 2611 3305 veros
2649 3267 2768 3305 esse
2805 3250 2946 3305 ﬁlios
2985 3252 3279 3323 Ecclesiae;
3320 3255 3513 3309 multi-

1882 3345 2053 3416 plicet
2081 3361 2176 3398 vos
2196 3345 2254 3398 in
2276 3344 2482 3399 timore
2506 3361 2626 3409 suo,
2660 3348 2718 3398 et
2743 3344 3031 3400 abundare
3059 3345 3229 3400 faciat
3253 3347 3323 3400 ab
3351 3348 3518 3402 uber-

1882 3442 1994 3493 tate
2022 3439 2284 3492 caelorum
2312 3437 2373 3491 in
2402 3437 2559 3491 omni
2596 3437 2942 3492 abundantia
2983 3439 3254 3493 sanitatis.
3288 3441 3519 3511 Repleat

1883 3547 1979 3585 vos
2005 3530 2266 3586 omnibus
2293 3530 2454 3584 bonis
2484 3520 2763 3584 terrarum
2792 3534 3124 3599 vestrarum,
3175 3532 3350 3602 copia,
3392 3533 3513 3587 fru-

1883 3629 2098 3691 mento,
2131 3623 2262 3678 vino
2293 3623 2527 3694 repleat,
2558 3626 2614 3677 et
2650 3622 2775 3676 oleo
2803 3623 3110 3678 sanctitatis
3148 3623 3394 3680 laetiﬁcet
3419 3643 3517 3680 vos

1882 3719 1943 3773 in
1981 3717 2130 3786 filiis,
2163 3716 2438 3772 exhilaret
2465 3715 2526 3770 in
2561 3715 2811 3784 familiis,
2858 3720 2915 3771 et
2949 3716 3238 3773 abundare
3263 3717 3430 3773 faciat
3457 3719 3517 3774 in

1883 3807 2096 3862 amicis.
2129 3809 2234 3861 Per
2258 3807 2418 3860 Dom.

2413 3903 2532 3953 Post
2551 3903 2989 3954 communionem.

1953 3991 2225 4064 Spiritum
2251 3990 2434 4060 nobis,
2461 3989 2719 4059 Domine,
2748 3995 2862 4044 tum
2893 3989 3140 4044 caritatis
3167 3991 3421 4064 infunde,
3455 4001 3520 4051 ut

1884 4103 2027 4160 quos
2076 4102 2189 4140 uno
2243 4083 2448 4140 caelesti
2481 4100 2626 4154 pane
2663 4082 2895 4152 satiasti,
2944 4099 3060 4138 una
3100 4084 3268 4140 facias
3311 4088 3518 4159 pietate

1884 4181 2205 4236 concordes.
2232 4181 2340 4233 Per
2364 4179 2524 4232 Dom.

2299 4308 2466 4363 XXXI.
2500 4323 2622 4362 ιτειι
2665 4320 2820 4360 MISSA
2861 4321 2891 4355 v
2927 4319 3104 4359 manu.

1957 4421 2170 4495 3'70.
2200 4423 2324 4487 Fac,
2356 4420 2674 4474 misericors
2693 4420 2857 4487 Deus,
2887 4423 2953 4472 ut
2980 4418 3131 4488 quod
3156 4419 3518 4489 paschalibus

1797 4517 1857 4588 D
1881 4517 2227 4572 celebramus
2256 4513 2452 4568 ofﬁciis
2474 4512 2830 4567 fructiferum
2861 4511 3025 4565 nobis
3062 4511 3217 4566 omni
3263 4515 3518 4584 tempore

1885 4609 2211 4666 sentiamus.
2240 4610 2346 4663 Per
2378 4608 2540 4661 Dom.

2489 4701 2617 4748 Item
2646 4697 2909 4748 collectio.

1957 4785 2412 4843 Benedictionem
2449 4789 2627 4855 tuam,
2663 4799 3008 4856 quaesumus,
3055 4783 3313 4851 Domine,
3347 4801 3518 4840 sacrae

1885 4881 2034 4954 plebi
2061 4880 2288 4952 copiosa
2302 4879 2511 4952 pietate
2535 4879 2771 4951 largire,
2798 4894 2928 4949 quae
2954 4893 3056 4948 per
3081 4880 3241 4932 tuam
3262 4877 3364 4932 tibi
3397 4895 3520 4950 gra-

1886 4977 2022 5031 tiam
2048 4990 2275 5046 semper
2297 4974 2566 5030 reddatur
2589 4977 2838 5044 accepta.

2431 5077 2562 5125 Item
2584 5074 2685 5124 alia
2712 5071 2974 5123 collectio.

1958 5163 2126 5231 Deus,
2156 5161 2255 5233 qui
2280 5160 2554 5232 populum
2579 5164 2696 5214 tuae
2743 5157 2928 5212 fecisti
2954 5156 3361 5228 redemptionis
3384 5177 3518 5232 par-

1889 5254 2137 5326 ticipem,
2169 5255 2410 5309 concede
2450 5253 2633 5322 nobis,
2663 5267 3006 5324 quaesumus,
3034 5256 3100 5307 ut
3138 5257 3196 5307 et
3239 5270 3519 5310 resurrec-

1888 5349 2061 5403 tionis
2088 5348 2384 5402 dominicae
2426 5347 2484 5400 in
2524 5350 2799 5416 perpetuo
2836 5345 3170 5417 gratuletur.
3213 5349 3320 5403 Per
3359 5350 3516 5403 Dom.

2448 5446 2696 5496 Collectio
2712 5447 2958 5510 sequitur.

1965 5534 2180 5589 Famuli
2216 5533 2318 5602 tui,
2364 5531 2624 5602 Domine,
2670 5532 2768 5604 qui
2805 5533 2875 5588 ad
2914 5537 3070 5589 tuam
3121 5538 3252 5589 sunt
3282 5535 3520 5606 gratiam

1892 5628 2091 5694 vocati,
2131 5632 2227 5681 tuo
2256 5626 2642 5682 indesinenter
2669 5632 3040 5700 protegantur
3075 5627 3304 5695 auxilio,
3335 5631 3397 5681 ut
3421 5627 3519 5698 qui

1894 5721 2081 5776 divino
2111 5725 2243 5776 sunt
2265 5721 2548 5793 baptismo
2578 5723 2892 5793 regenerati
2921 5733 3232 5791 numquam
3256 5735 3288 5772 a
3314 5720 3399 5776 tui
3429 5737 3518 5776 re-

1897 5815 1993 5888 gni
2018 5815 2265 5889 potentia
2291 5815 2507 5892 possint
2536 5815 2722 5873 evelli.
2756 5817 2859 5870 Per
2886 5815 3045 5869 Dom.
