3982 6190
410 253 509 310 373

975 361 1264 414 Immolatio
1305 375 1462 412 nunc.

475 456 724 530 Dignum
752 463 806 513 ct
824 457 1044 528 justum
1073 461 1157 512 est
1181 473 1284 511 nos
1314 457 1414 511 tibi
1446 455 1654 528 gratias
1679 471 1870 527 agere,
1907 471 2036 510 san-

406 557 492 608 cte
517 555 700 619 Pater,
730 551 1106 622 omnipotens,
1131 557 1340 606 aeterne
1358 551 1520 620 Deus,
1547 567 1648 621 per
1662 551 1854 605 .lesum
1881 549 2036 604 Chri-

405 651 556 702 stum
606 646 812 700 Filium
851 650 1014 700 tuum
1060 644 1362 698 Dominum
1405 649 1684 710 nostrum,
1717 661 1886 714 quem
1931 659 2036 715 pro

409 742 576 796 nobis
620 741 882 794 omnibus
911 739 1058 794 tradi
1093 739 1332 794 hostiam
1378 738 1621 792 voluisti.
1649 737 1692 792 Ο
1721 738 1865 791 mira
1891 737 2036 791 circa

407 853 510 890 nos
537 834 760 906 pietatis
781 839 893 887 tua:
921 833 1199 904 dignatio!
1231 833 1274 888 Ο
1303 832 1600 886 ineffabilis
1627 831 1854 886 dilectio
1886 831 2030 884 cari-

405 929 552 994 tatis,
587 933 646 982 ut
671 944 859 982 servos
887 927 1210 995 redimeres,
1245 926 1446 980 Filium
1475 925 1788 980 tradidisti!
1821 925 1863 978 Ο
1883 927 2035 978 certe

405 1022 786 1078 necessarium
819 1022 950 1076 Ade:
977 1025 1290 1092 peccatum,
1319 1020 1470 1092 quod
1497 1019 1706 1074 Christi
1734 1023 1916 1072 morte
1943 1003 2036 1072 de-

409 1119 586 1171 letum
615 1116 729 1170 est!
757 1115 799 1170 Ο
825 1115 1048 1170 fidelem
1081 1115 1303 1184 [Forsan
1357 1113 1599 1182 felicem]
1628 1113 1874 1182 culpam,
1904 1129 2034 1182 quae

401 1211 576 1264 talem
595 1227 657 1264 ac
673 1213 891 1263 tantum
909 1209 1119 1262 meruit
1137 1208 1342 1262 habere
1365 1207 1802 1276 Redemptorem
1829 1206 1841 1258 !
1863 1207 2032 1260 Num-

406 1321 577 1375 quam
629 1303 783 1357 enim
823 1307 1034 1374 quanta
1074 1301 1220 1355 circa
1259 1317 1359 1355 nos
1397 1300 1622 1371 pietatis
1667 1301 1775 1352 tuae
1814 1299 2035 1353 dilectio

407 1403 569 1466 esset,
593 1412 1046 1468 agnosceremus,
1075 1395 1184 1449 nisi
1213 1411 1278 1448 ex
1309 1399 1490 1449 morte
1521 1394 1668 1448 unici
1690 1398 1746 1447 et
1771 1393 2036 1447 coaaterni

405 1492 530 1546 Filii
558 1492 644 1546 tui
673 1490 898 1544 Domini
937 1505 998 1542 ac
1037 1489 1136 1543 Dei
1161 1489 1338 1543 nostri
1373 1489 1500 1542 Jesu
1532 1485 1737 1542 Christi
1774 1486 2036 1556 probare-

405 1584 762 1639 mus-Vincit
791 1582 1064 1636 malitiam
1093 1582 1304 1636 diaboli
1333 1583 1510 1652 pietas
1531 1585 1644 1636 tua:
1667 1579 2032 1650 dignationis;

402 1678 536 1750 quia
551 1676 650 1732 ubi
664 1675 966 1730 abundavit
983 1679 1298 1746 peccatum,
1323 1673 1801 1744 superabundavit
1828 1677 1885 1727 et
1913 1689 2036 1742 gra-

1203 255 1536 310 APPENDIX
1574 255 1660 308 AD
1697 253 1919 308 OPERA
1955 253 2190 310 SANCTI
2227 253 2524 310 GERMANI
2565 255 2987 311 PARISIENSIS.

2011 377 2024 388 '
2059 371 2119 446 Α
2140 365 2350 416 aeterne
2379 361 2544 431 Deus,
2575 363 2694 418 Rex
2719 363 2996 432 omnium,
3027 363 3408 419 sanctiﬁcator
3432 365 3490 419 et
3515 364 3780 422 conditor

3671 261 3775 314 376

2140 456 2362 526 generis
2403 456 2662 510 humani.
2703 457 2807 521 Qui
2853 457 2992 511 Filio
3037 461 3224 512 tecum
3263 462 3478 512 aeterna
3519 460 3776 516 claritate

2139 553 2431 620 regnante,
2464 567 2594 604 cum
2633 551 2701 605 de
2737 550 2906 604 nullis
2941 552 3292 606 exstantibus
3337 557 3536 606 cuncta
3575 559 3776 624 protu-

2137 644 2314 713 lisses,
2343 645 2636 698 hominem
2667 644 2854 698 limosi
2873 645 3118 716 pulveris
3145 644 3322 699 initiis
3349 645 3680 701 inchoatum
3705 649 3778 702 ad

2137 737 2382 808 speciem
2411 738 2494 792 tui
2519 739 2736 793 decoris
2775 739 3056 806 animasti,
3095 755 3340 810 eumque
3382 739 3608 793 credula
3649 757 3776 811 per-

2137 831 2395 886 suasione
2423 831 2722 902 deceptum
2755 849 3016 903 reparare
3045 831 3268 886 voluisti
3291 850 3306 900 ;
3337 833 3609 902 spiritalis
3635 851 3770 904 gra-

2135 925 2228 978 tiae
2251 929 2460 979 aeterna
2485 925 2750 996 suffragia
2771 925 2932 980 mitte
2956 925 3120 980 nobis
3147 941 3247 996 per
3265 926 3459 979 Jesum
3479 926 3772 982 Christum

2139 1019 2338 1072 Filium
2381 1021 2546 1072 tuum
2589 1019 2894 1073 Dominum
2935 1025 3214 1073 nostrum.
3253 1017 3360 1081 Qui
3395 1023 3657 1074 mortuus
3689 1025 3778 1074 est

2135 1117 2368 1182 propter
2393 1117 2620 1183 peccata
2647 1115 2856 1181 nostra,
2885 1117 2942 1166 et
2971 1112 3280 1167 resurrexit
3303 1112 3774 1183 propterjustiti-

2136 1205 2414 1260 cntionem
2439 1211 2710 1260 nostram.
2739 1209 3039 1276 Propterea
3057 1223 3187 1260 cum
3215 1205 3434 1276 angelis
3453 1209 3510 1260 et
3535 1206 3782 1260 archan-

2138 1299 2275 1370 gelis
2301 1315 2416 1354 non
2447 1315 2730 1354 cessamus
2757 1300 3016 1354 clamare.

2683 1392 2982 1442 Benedictio
3011 1392 3210 1455 populi.

2207 1473 2504 1527 Benedicat
2529 1490 2627 1528 vos
2657 1473 2950 1539 Dominus,
2981 1478 3037 1527 et
3063 1471 3344 1528 custodiat
3383 1489 3628 1544 semper.
3667 1475 3770 1528 Os-

2136 1565 2328 1620 tendat
2353 1566 2620 1620 Dominus
2661 1567 2862 1621 faciam
2891 1583 3051 1621 suam
3078 1583 3251 1636 super
3275 1583 3390 1634 vos,
3419 1572 3474 1622 et
3497 1567 3774 1622 miserea-

2137 1662 2230 1712 tur
2255 1659 2442 1713 vestri.
2483 1659 2782 1714 Convcrtat
2809 1659 3079 1714 Dominus
3109 1660 3330 1714 vultum
3357 1676 3526 1715 suum
3548 1660 3622 1714 ad
3649 1677 3774 1730 vos,

401 1745 496 1826 tia.
529 1771 634 1826 Sed
663 1771 787 1840 plus
823 1745 997 1822 nobis
1021 1773 1116 1822 tua
1147 1767 1532 1822 misericordia
1573 1766 1818 1820 reddidit
1861 1782 2034 1836 quam
2053 1745 2109 1815 B
2135 1755 2192 1806 9t
2217 1752 2308 1806 det
2339 1751 2490 1806 V'Obis
2517 1769 2732 1822 Paccm-
2759 1755 2864 1808 Per
2893 1752 3214 1808 Dominum-

405 1864 626 1918 invidus
655 1863 914 1916 inimicus
940 1862 1270 1916 abstulerat.
1303 1861 1398 1915 Ille
1439 1860 1766 1932 paradisum
1809 1859 2031 1928 invidit,

399 1962 460 2012 tu
477 1958 642 2011 czelos
670 1955 920 2023 donasti;
951 1956 1044 2008 ille
1069 1960 1314 2009 mortem
1333 1954 1706 2024 temporalem
1733 1953 1946 2018 intulit,
1969 1957 2032 2006 tu

398 2052 572 2105 vitam
597 2053 928 2121 perpetuam
965 2049 1233 2102 tribuisti.
1263 2050 1566 2118 Propterea
1605 2046 1850 2117 profusis
1891 2062 2031 2116 gau-

395 2144 520 2212 diis,
553 2148 702 2198 totus
733 2143 790 2196 in
816 2143 951 2196 orbe
981 2145 1262 2195 terrarum
1291 2141 1540 2194 mundus
1567 2139 1804 2194 exultat.
1839 2139 1946 2194 Sed
1975 2142 2033 2192 et

397 2249 662 2304 supernae
697 2231 1004 2286 concinunt
1040 2233 1346 2286 Potestates
1375 2229 1657 2300 hymnum
1689 2228 1884 2300 gloria:
1919 2233 2034 2282 tua:

399 2321 516 2376 sine
543 2321 654 2376 fine
681 2321 952 2376 dicentes.

953 2429 1251 2480 Benedictio
1285 2429 1483 2493 populi.

469 2516 726 2582 Benedic,
755 2516 1011 2584 Domine,
1043 2516 1146 2570 hos
1173 2516 1408 2586 populos
1439 2519 1584 2584 tuos,
1618 2513 1890 2586 respectui
1933 2517 2031 2567 tuo

395 2629 453 2666 se
481 2610 716 2681 supplici
747 2611 1004 2664 oratione
1031 2613 1346 2663 curvantes.
1375 2610 1476 2663 Fac
1510 2611 1641 2662 ante
1667 2611 2032 2679 conspectum

395 2709 556 2758 tuum
583 2720 712 2757 cum
731 2703 960 2774 justitia
978 2703 1196 2770 vivere;
1225 2702 1270 2755 si
1299 2718 1456 2756 secus
1483 2701 1726 2772 egerint,
1752 2701 2028 2770 judicare.

389 2797 592 2852 Tribue
623 2797 721 2866 eis,
753 2797 1005 2865 Domine,
1056 2797 1112 2849 in
1153 2795 1268 2850 fide
1313 2795 1725 2860 credulitatem,
1757 2795 1817 2848 in
1839 2793 2032 2847 labore

391 2891 680 2958 virtutem,
707 2890 764 2944 in
792 2890 996 2944 affectu
1027 2889 1406 2955 devotionem,
1436 2889 1494 2942 in
1532 2893 1658 2942 actu
1687 2887 2031 2958 prosperita-

391 2988 529 3050 tem,
551 2983 612 3036 in
634 2983 782 3037 victu
803 2982 1229 3050 abundantiam,
1259 2982 1316 3034 in
1347 2997 1482 3052 pace
1507 2971 1787 3048 lietitiam,
1816 2981 1877 3033 in
1904 2995 2032 3034 con-

393 3075 705 3130 versatione
733 3075 994 3146 gratiam,
1025 3074 1084 3127 in
1108 3074 1412 3128 luctatione
1441 3073 1752 3128 victoriam.
1783 3074 1889 3127 Per
1917 3074 2026 3127 Do-

399 3185 642 3223 minum.

624 3313 816 3367 XXXII.
861 3329 984 3366 iri-zu
1027 3327 1180 3366 HISSA
1221 3326 1500 3365 PASCHALIS
1541 3325 1594 3364 v1
1637 3325 1814 3363 ream.

465 3427 647 3501 371
687 3429 852 3492 Deus,
879 3427 974 3498 qui
993 3443 1092 3498 per
1121 3427 1486 3498 [Tnigenitum
1507 3431 1674 3480 tuum
1704 3425 2030 3480 mternitatis

390 3523 552 3578 nobis
593 3522 830 3588 aditum,
877 3521 1094 3575 devicta
1145 3525 1347 3586 morte,
1395 3519 1684 3589 reserasti,
1725 3519 1792 3573 da
1839 3519 2025 3586 nobis,

389 3632 736 3688 quaesumus,
777 3618 840 3668 ut
865 3615 962 3684 qui
991 3613 1434 3668 Resurrectionis
1465 3612 1767 3668 Dominicee
1808 3612 2030 3666 sollem-

390 3710 486 3762 nia
515 3708 770 3776 colimus,
809 3723 914 3778 per
949 3707 1360 3762 invocationem
1397 3707 1480 3761 tui
1517 3707 1759 3778 Spiritus
1786 3723 1819 3760 a
1843 3708 2027 3760 morte

389 3802 596 3856 anima:
629 3817 1010 3870 resurgamus.
1033 3802 1138 3854 Per
1163 3801 1322 3855 Dom.

986 3911 1118 3958 Item
1163 3909 1422 3959 collectio.

469 3997 632 4064 Deus,
689 4011 792 4066 per
843 4009 1018 4066 quem
1065 3993 1228 4048 nobis
1275 3994 1591 4066 redemptio
1639 3997 1940 4065 praestatur
1974 3999 2030 4048 et

391 4089 637 4160 adOptio,
668 4089 822 4159 erige
865 4089 936 4142 ad
973 4093 1027 4142 te
1067 4091 1298 4142 tuorum
1334 4088 1508 4142 corda
1550 4087 1922 4154 credentium,
1965 4091 2030 4141 ut

394 4199 588 4238 omnes
634 4181 953 4253 regenerati
999 4197 1154 4236 sacro
1197 4181 1550 4252 baptismate,
1598 4180 2030 4250 adprehendunt

395 4281 581 4332 mente
609 4277 760 4348 quod
788 4275 1074 4346 mysteriis
1105 4277 1496 4346 susceperunt.
1527 4275 1652 4328 Per.

935 4387 1064 4435 Item
1093 4385 1193 4436 alia
1217 4385 1476 4436 collectio.

2651 1846 2768 1896 Post
2801 1846 3247 1896 communionem.

2205 1928 2410 1980 Praesta
2445 1925 2624 1995 nobis,
2654 1927 3016 1997 omnipotens
3057 1928 3225 1994 Deus,
3273 1931 3335 1982 ut
3370 1927 3768 1982 viviﬁcationis

2137 2022 2248 2072 tuae
2287 2019 2530 2090 gratiam
2568 2024 2992 2091 consequentes,
3033 2020 3091 2074 in
3139 2025 3238 2074 tuo
3277 2036 3500 2092 semper
3527 2037 3778 2076 munere

2135 2113 2466 2182 gloriemur.
2499 2115 2621 2167 Per.

2811 2183 3080 2234 Collectio.

2205 2265 2580 2334 Sacramenta,
2603 2281 2729 2335 qua:
2759 2264 3122 2335 sumpsimus,
3153 2263 3410 2332 Domine,
3455 2269 3512 2318 et
3551 2265 3780 2336 spirita-

2135 2357 2280 2412 libus
2309 2375 2410 2412 nos
2435 2357 2666 2429 expient
2691 2357 2994 2428 alimentis,
3017 2361 3072 2414 et
3097 2357 3479 2430 corporalibus
3497 2361 3780 2414 tueantur

2133 2451 2376 2506 auxiliis.
2407 2453 2513 2506 Per
2539 2453 2698 2506 Dom.

2131 2573 2347 2626 XXXIII.
2391 2587 2548 2627 MISSA
2589 2587 2941 2627 MATUTINALIS
2979 2587 3074 2627 pan
3113 2572 3334 2628 τοτα·
3373 2589 3620 2630 pascas!
3665 2591 3778 2630 Ριιο

2275 2659 2529 2698 ΡΔιινυιιε
2569 2659 2662 2705 QUI
2699 2659 2888 2700 BENATI
2931 2659 3084 2712 SL'NT,
3125 2659 3338 2700 MATURE
3375 2661 3620 2700 DICENDA.

2203 2739 2396 2812 372
2425 2741 2593 2808 Deus,
2625 2741 2724 2812 qui
2749 2737 3136 2796 credentes'in
3179 2745 3234 2796 te
3281 2743 3520 2814 populos
3565 2745 3778 2815 gratias

2131 2837 2243 2890 tuas
2265 2833 2522 2904 largitate
2556 2833 2920 2905 multiplicas,
2969 2835 3182 2906 respice
3223 2837 3504 2907 propitius
3539 2837 3610 2892 ad
3639 2838 3768 2892 ele-

2130 2926 2376 2980 ctionem
2405 2931 2581 2996 tuam,
2620 2931 2684 2982 ut
2710 2927 2809 2998 qui
2839 2943 2992 2981 sacro
3020 2927 3355 2998 baptismate
3381 2933 3514 2984 sunt
3551 2931 3768 2999 renati,

2129 3020 2292 3091 regni
2317 3019 2553 3074 caelestis
2591 3025 2917 3076 mereantur
2955 3020 3274 3077 introitum.
3315 3025 3421 3079 Per
3455 3023 3776 3080 Dominum

2051 3117 2105 3190 C
2129 3123 2406 3173 nostrum.

2189 3211 2366 3260 Oratio
2399 3225 2556 3275 super
2581 3225 2797 3262 munera
2831 3212 2884 3262 in
2911 3213 2994 3263 die
3029 3213 3236 3263 Sabbati
3262 3214 3440 3264 exitab
3471 3215 3690 3266 Pascha.

2199 3293 2424 3360 Adesto,
2455 3293 2715 3362 Domine,
2747 3294 3248 3365 supplicationibus
3271 3295 3496 3364 nostris,
3529 3301 3588 3350 et
3613 3295 3778 3350 obla-

2129 3381 2308 3437 tiones
2333 3383 2681 3436 famulorum
2709 3387 2959 3452 tuorum,
2987 3399 3127 3454 quas
3149 3383 3252 3438 tibi
3272 3383 3580 3450 offerimus,
3613 3385 3780 3442 diem

2129 3481 2450 3530 octavarum
2473 3492 2705 3530 suarum
2744 3475 3087 3547 spiritalium
3133 3477 3478 3532 celebrantes
3505 3479 3636 3547 (quo
3681 3479 3786 3536 die

2130 3585 2226 3624 eos
2263 3586 2417 3624 sacro
2441 3570 2596 3624 fonte
2625 3569 2974 3640 baptismatis
3001 3571 3218 3626 renasci
3245 3571 3484 3642 jussisti)
3523 3571 3782 3642 placitus

2130 3680 2191 3718 ac
2219 3663 2504 3734 benignus
2529 3663 2784 3718 adsume.

2627 3755 2914 3806 Immolatio
2933 3755 3016 3806 die
3036 3756 3261 3808 Sabbati.

2203 3841 2340 3892 Vere
2366 3838 2607 3909 dignum
2628 3841 2684 3892 et
2699 3837 2922 3908 justum
2951 3843 3034 3892 est
3057 3857 3070 3893 :
3095 3839 3228 3910 quia
3255 3855 3419 3894 verus
3437 3839 3530 3894 ille
3561 3841 3772 3910 Agnus

2129 3932 2226 4002 qui
2251 3948 2354 4002 pro
2391 3931 2552 3986 nobis
2581 3935 2664 3984 est
2701 3931 3046 4001 immolatus,
3081 3932 3180 4003 qui
3217 3937 3458 3988 mortem
3499 3938 3778 3990 nostram

2129 4024 2423 4078 moriendo
2460 4023 2758 4092 destruxit,
2801 4029 2858 4079 et
2897 4024 3071 4080 vitam
3115 4029 3367 4079 nostram
3407 4029 3778 4098 resurgendo

2129 4117 2408 4188 reparavit
2429 4119 2589 4172 Jesus
2617 4119 2870 4173 Christus
2903 4118 3170 4172 Dominus
3194 4121 3406 4174 noster.
3432 4119 3534 4174 Cui
3563 4137 3783 4178 omnes

2129 4211 2316 4282 angeli
2342 4215 2510 4283 atque
2535 4211 2864 4282 archangeli
2883 4211 3196 4266 incessabili
3223 4229 3358 4268 voce
3381 4213 3778 4284 proclamant,

2129 4305 2374 4360 dicentes
2407 4321 2420 4360 :
2454 4305 2709 4360 Sanctus.

2677 4397 2981 4448 Benedictio
3011 4399 3206 4462 populi.

458 4481 759 4549 Conﬁrma,
793 4481 1050 4550 Domine,
1079 4481 1320 4536 famulos
1343 4485 1488 4548 tuos,
1517 4497 1657 4553 quos
1685 4497 1752 4534 ex
1801 4493 1947 4549 aqua
1974 4481 2030 4532 et
2047 4487 2106 4558 D
2198 4479 2498 4535 Benedicat
2523 4496 2620 4534 vos
2639 4479 2783 4534 Deus
2799 4481 2961 4534 Pater
2982 4479 3358 4550 omnipotens,
3389 4481 3488 4552 qui
3515 4480 3572 4534 in
3597 4483 3788 4552 prin-

389 4573 596 4644 Spiritu
617 4577 808 4627 sancto
833 4573 1110 4644 propitius
1139 4574 1445 4644 redemisti,
1473 4579 1540 4630 ut
1565 4579 1810 4629 veterem
1851 4571 2030 4626 homi-

387 4683 522 4720 nem
547 4682 676 4719 cum
707 4666 819 4719 suis
845 4667 1157 4722 actionibus
1177 4669 1543 4738 deponentes,
1591 4667 1648 4722 in
1687 4665 1864 4738 ipsius
1890 4680 2025 4718 con-

387 4757 702 4813 versatione
731 4757 1007 4826 vivamus,
1059 4761 1128 4814 ad
1172 4761 1334 4831 cujus
1361 4761 1730 4816 substantiam
1775 4773 1877 4830 per
1908 4757 2028 4811 hinc

387 4851 678 4907 Paschalia
703 4852 972 4923 mysteria
997 4853 1348 4908 transtulisti.
1385 4855 1508 4908 Per.

1075 4963 1340 5014 Collectio.

457 5048 730 5116 Concede,
771 5065 1120 5124 quaesumus,
1167 5049 1523 5121 omnipotens
1571 5051 1734 5120 Deus,
1783 5059 1846 5108 ut
1887 5055 2024 5110 festa

387 5140 688 5210 Paschalia,
711 5159 840 5213 quae
865 5143 1154 5198 devotione
1183 5143 1442 5214 colimus,
1481 5144 1732 5201 moribus
1758 5163 2022 5220 exsequa-

389 5249 539 5288 mur.
569 5235 694 5288 Per.

1041 5308 1346 5358 Immolalio.

457 5397 700 5470 Dignum
727 5403 782 5455 et
802 5401 1026 5472 justum
1055 5408 1154 5458 est.
1183 5405 1319 5458 Vere
1347 5403 1587 5475 dignum
1617 5409 1672 5458 et
1692 5403 1912 5474 justum
1939 5409 2021 5460 est

381 5508 482 5546 nos
523 5492 626 5546 tibi
680 5493 888 5564 gratias
937 5511 1126 5567 agere,
1185 5501 1376 5552 sancte
1422 5498 1605 5568 Pater,
1640 5497 2016 5570 omnipotens,

451 5631 711 5710 '_Si_milis
753 5633 1030 5710 etiam_in
1061 5635 1325 5710 _Gothico:
1373 5637 1559 5710 Hodie
1591 5655 1815 5710 quoque
1868 5641 2016 5710 apud

381 5701 756 5781 M‘ediolanum
781 5711 900 5781 tota
925 5705 1152 5760 Pascha:
1177 5701 1744 5778 hebdomadajniissa
1755 5727 1859 5781 pro
1887 5701 2017 5767 neo-

381 5771 568 5840 phytis
603 5773 936 5828 celebratur.

2130 4573 2272 4644 cipio
2295 4579 2494 4628 cuncta
2522 4573 2748 4628 creavit.
2779 4573 3078 4629 Benedicat
3103 4591 3202 4628 vos
3231 4574 3417 4642 Filius,
3452 4574 3552 4645 qui
3571 4573 3644 4629 de
3677 4595 3792 4632 su-

2127 4683 2306 4738 perna
2333 4667 2462 4722 sede
2486 4683 2591 4738 pro
2629 4667 2792 4720 nobis
2825 4667 3100 4722 salvandis
3126 4667 3434 4722 descendit.
3465 4669 3800 4728 Benedicat

2127 4777 2219 4814 ves
2246 4760 2483 4832 Spiritus
2521 4763 2762 4830 sanctus,
2795 4761 2893 4832 qui
2937 4761 2996 4814 in
3045 4761 3310 4815 columba
3343 4761 3604 4816 Iordanis
3661 4763 3796 4820 ﬂu-

2125 4854 2280 4908 vium
2319 4853 2378 4907 in
2427 4853 2646 4908 Christo
2687 4854 2982 4926 requievit.
3017 4855 3136 4925 Ipse
3176 4871 3272 4907 vos
3313 4854 3372 4908 in
3399 4853 3684 4911 Trinitate
3715 4876 3800 4914 ac

2125 4947 2344 5002 Unitate
2387 4947 2712 5014 sanctificet,
2769 4963 2940 5019 quem
2987 4964 3186 5002 omnes
3223 4951 3418 5019 gentes
3465 4955 3800 5019 expectant

2122 5045 2424 5096 venturum
2447 5041 2698 5095 Judicem
2738 5041 2808 5096 ad
2835 5041 3230 5112 judicandum.
3261 5041 3418 5105 Quod
3457 5043 3578 5112 ipse
3607 5059 3798 5114 pra:-

2123 5138 2270 5190 stare
2297 5134 2582 5206 dignetur.

2495 5227 2745 5277 Collectio
2779 5231 2896 5291 post
2927 5227 3372 5278 communionem.

2190 5311 2419 5378 Praesta,
2452 5323 2796 5380 quaesumus,
2827 5309 3080 5376 Domine,
3113 5313 3178 5364 ut
3203 5313 3392 5363 sancta
3415 5325 3520 5364 nos
3547 5313 3650 5365 tua
3685 5331 3806 5371 ex-

2121 5403 2297 5472 pient,
2327 5402 2638 5474 dignosque
2666 5418 2893 5473 semper
2919 5419 3018 5456 sua
3043 5402 3402 5474 perceptione
3439 5403 3798 5474 perﬁciant.

2119 5497 2225 5552 Per
2245 5496 2572 5552 Dominum.

2189 5639 2216 5716 β
2249 5639 2304 5692 Id
2331 5645 2412 5694 est
2440 5643 2680 5716 ereunte
2707 5641 2936 5716 Pascha,
2967 5639 3176 5696 scilicet
3195 5641 3455 5712 Sabbato,
3479 5657 3610 5716 quae
3643 5645 3806 5702 dies

2119 5715 2308 5766 octava
2337 5715 2456 5768 erat
2483 5711 2767 5783 baptismi.
3287 5757 3290 5760 .
