3982 6190
447 275 550 333 3'79

1234 267 1566 326 APPENDIX
1601 267 1689 322 AD
1725 265 1948 324 OPERA
1986 265 2218 324 SANCTI
2255 265 2552 324 GERMANI
2592 263 3016 323 PARISIENSIS.

3697 263 3804 322 380

441 387 628 458 petum
657 381 860 440 mortis
881 379 1135 454 eripuisti
1159 379 1398 447 casibus,
1431 377 1648 452 gaudiis
1675 375 1842 433 facias
1861 377 2071 450 sempi-
2095 395 2154 470 Α
2176 378 2449 451 apostolo,
2481 379 2713 435 conlatis
2738 377 2982 434 clavibus
3007 375 3172 450 regni
3191 375 3444 448 caelestis,
3473 375 3696 433 animas
3733 375 3806 433 li-

440 477 617 534 ternis
643 476 879 550 perfrui.
903 477 1026 530 Per.

994 566 1240 617 Collectio
1273 565 1523 629 sequitur.

514 659 679 726 Deus,
706 655 766 710 in
793 653 952 724 cujus
977 652 1280 724 praecipuis
1305 650 1660 707 mirabilibus
1701 655 1785 706 est
1825 650 2074 704 humana

443 749 740 822 reparatio,
773 747 922 802 solve
951 761 1120 816 Opera
1165 745 1392 814 diaboli,
1431 749 1490 800 et
1527 743 1817 800 mortifera
1865 743 2076 815 peccati

442 843 662 897 vincula
687 840 998 910 disrumpe,
1031 843 1096 894 ut
1121 839 1404 894 destructa
1429 837 1800 910 malignitate,
1831 853 1960 909 quae
1980 853 2077 891 no-

441 935 578 1004 cuit,
591 934 776 990 vincat
799 932 1186 988 misericordia
1205 949 1331 1004 quae
1349 931 1606 988 redemit.
1625 933 1732 987 Per
1751 930 2072 986 Dominum.

931 1028 1182 1080 Collectio
1206 1033 1326 1094 post
1345 1027 1575 1080 nomina.

513 1116 989 1184 Benedictionem,
1019 1115 1280 1184 Domine,
1307 1115 1470 1170 nobis
1499 1114 1750 1170 conferat
1773 1113 2078 1168 salutarem

443 1227 602 1266 sacra
626 1225 850 1282 semper
883 1209 1108 1278 oblatio,
1135 1214 1202 1264 ut
1220 1209 1374 1280 quod
1400 1208 1520 1280 agit
1551 1207 1841 1280 mysterio,
1869 1207 2078 1262 virtute

441 1304 715 1376 perﬁciat.

1000 1371 1246 1422 Collectio
1277 1371 1524 1436 sequitur.

519 1460 681 1527 Deus,
710 1457 808 1528 qui
825 1473 926 1511 nos
951 1473 1052 1528 per
1083 1457 1256 1528 hujus
1281 1455 1534 1511 sacriﬁcii
1562 1455 1880 1511 veneranda
1918 1471 2072 1508 com-

445 1552 674 1618 mercia,
701 1551 872 1606 unius
897 1567 1136 1606 summa:
1165 1550 1476 1606 Divinitatis
1493 1549 1794 1622 participes
1819 1548 2070 1616 effecisti,

445 1649 671 1718 praesta,
701 1660 1046 1716 quaesumus,
1073 1648 1138 1699 ut
1156 1643 1298 1698 sicut
1321 1647 1482 1698 tuam
1506 1643 1901 1715 cognoscimus
1927 1641 2072 1696 veri-

445 1743 640 1807 tatem,
673 1737 751 1792 sic
777 1753 902 1792 eam
932 1737 1118 1808 dignis
1143 1737 1400 1791 moribus
1427 1737 1825 1808 adsequamur.
1859 1737 1980 1790 Per.

1011 1833 1332 1884 Contestatio
1354 1847 1512 1884 nunc.

517 1923 656 1975 Vere
683 1919 924 1992 dignum
961 1923 1017 1974 et
1047 1919 1270 1989 justum
1306 1923 1457 1974 est...
1495 1934 1600 1990 per
1645 1917 1928 1974 Christum
1973 1917 2082 1971 Do-

447 2013 668 2068 minum
695 2017 976 2068 nostrum.
1003 2011 1110 2076 Qui
1147 2011 1414 2066 humanis
1439 2011 1738 2066 miseratus
1777 2009 2083 2079 erroribus,

447 2121 548 2178 per
578 2105 866 2178 Virginem
896 2104 1052 2160 nasci
1081 2103 1345 2176 dignatus
1374 2109 1489 2174 est;
1521 2109 1577 2160 et
1615 2120 1717 2175 per
1763 2103 2086 2175 passionem

447 2200 652 2254 mortis
683 2215 716 2254 a
743 2203 1018 2270 perpetua
1043 2215 1146 2252 nos
1193 2201 1376 2253 morte
1417 2197 1696 2264 liberavit,
1735 2213 1800 2250 ac
1839 2211 2086 2250 resurre-

449 2293 632 2348 ctione
660 2309 762 2346 sua
787 2296 1061 2348 aiternam
1089 2291 1252 2347 nobis
1279 2290 1520 2348 contulit
1541 2291 1738 2346 vitam.
1757 2290 1938 2354 Quem
1957 2289 2082 2343 lau-

450 2385 588 2440 dant
615 2385 823 2458 angeli.

533 2503 772 2557 XXXVII.
813 2517 936 2556 IrEII
979 2503 1132 2557 mssa
1171 2515 1302 2555 posr
1341 2515 1546 2556 nscas
1583 2515 1718 2556 ANTE
1755 2515 1988 2554 asansa

1157 2587 1374 2627 DOMINI.

521 2663 716 2739 3'76
757 2668 919 2736 Deus,
965 2665 1062 2736 qui
1091 2665 1198 2719 hoc
1229 2664 1392 2718 nobis
1417 2663 1636 2720 confers
1664 2663 1846 2736 gratia
1876 2667 1994 2732 tua,
2023 2666 2086 2718 ut

441 2758 582 2829 justi
609 2775 678 2814 ex
708 2759 918 2830 impiis,
949 2763 1005 2814 et
1023 2759 1173 2813 beati
1195 2757 1512 2812 efficiamur
1533 2773 1603 2812 ex
1624 2757 1865 2826 miseris,
1894 2757 2084 2810 adesto

447 2853 562 2907 tuis
607 2853 892 2924 operibus,
947 2852 1060 2906 tuis
1103 2852 1294 2906 adesto
1349 2851 1716 2920 muneribus;
1763 2853 1830 2904 ut
1879 2850 2086 2920 quibus

449 2945 596 2999 inest
619 2945 748 3000 fidei
763 2945 1111 3016 justiticatio,
1148 2961 1262 2998 non
1285 2944 1428 2999 desit
1457 2942 1887 3015 perseverantiae
1919 2942 2082 2997 forti-

451 3037 607 3093 tudo.
638 3039 761 3093 Per.

1139 3105 1406 3156 Collectio.

525 3195 688 3262 Deus,
713 3192 816 3264 qui
841 3207 900 3246 es
925 3191 1246 3247 misericors
1269 3191 1331 3246 in
1359 3191 1645 3263 operibus,
1667 3191 1852 3262 justus
1897 3191 1956 3246 in
1985 3191 2082 3262 ju-

451 3285 631 3356 diciis,
663 3285 855 3358 largus
875 3285 936 3340 in
967 3285 1148 3354 donis,
1177 3285 1490 3356 multiplica
1515 3301 1685 3356 super
1727 3301 1830 3340 nos
1865 3284 2087 3339 miseri-

451 3379 700 3434 cordiam
724 3383 882 3434 tuam
913 3396 925 3434 :
959 3383 1014 3434 et
1041 3379 1176 3450 quia
1203 3383 1262 3433 tu
1289 3379 1450 3432 nobis
1495 3395 1554 3432 es
1591 3378 1872 3433 bonorum
1924 3394 2090 3432 causa

451 3473 808 3539 meritorum,
836 3472 1052 3528 custodi
1076 3472 1228 3544 quod
1254 3472 1480 3541 tribuis,
1528 3475 1592 3527 ut
1637 3471 1887 3528 invenias
1936 3471 2086 3543 quod

451 3583 705 3622 corones.
737 3569 862 3622 Per.

934 3635 1186 3686 Collectio
1221 3639 1338 3700 post
1373 3635 1603 3685 nomina.

523 3723 750 3788 Praesta,
780 3721 1034 3787 Domine,
1059 3737 1404 3792 quaesumus,
1435 3719 1676 3788 veritati,
1707 3723 1771 3774 ut
1805 3720 1957 3775 illius
1996 3739 2083 3775 sa-

452 3813 584 3867 lutis
613 3813 903 3884 capiamus
928 3813 1208 3880 eﬂ'ectum,
1240 3813 1400 3884 cujus
1427 3829 1532 3884 per
1554 3813 1678 3866 haec
1706 3815 1972 3884 mysteria
1997 3815 2084 3886 pi-

457 3923 601 3976 gnus
629 3905 948 3978 accipimus.
981 3908 1107 3961 Per.

1142 3997 1408 4048 Collectio.

525 4083 778 4156 Respice,
805 4084 1059 4154 Domine,
1082 4082 1360 4154 propitius
1387 4083 1458 4136 ad
1481 4097 1718 4138 munera
1747 4099 1874 4154 qua:
1903 4101 2084 4138 sacra-

455 4193 599 4248 mus,
645 4182 710 4232 ut
744 4181 800 4232 et
831 4177 934 4232 tibi
979 4181 1136 4249 grata
1167 4177 1296 4244 sint,
1337 4179 1392 4232 et
1431 4173 1697 4231 salutaria
1717 4192 1941 4249 semper
1965 4177 2084 4232 exi-

455 4273 622 4326 stant.
651 4273 755 4326 Per
779 4273 942 4326 Dom.

1009 4339 1324 4390 Contestatio
1357 4352 1516 4389 nunc.

525 4427 662 4482 Vere
687 4426 928 4498 dignum
954 4429 1010 4481 et
1027 4426 1250 4497 justum
1269 4429 1372 4494 est,
1393 4425 1592 4480 devoto
1621 4441 1856 4480 munere
1884 4429 2080 4497 postu-

2104 3131 2158 3204 C

2175 473 2344 545 gandi
2372 473 2554 546 adque
2580 473 2828 528 solvendi
2864 471 3217 544 pontificium
3256 470 3553 540 tradidisti,
3595 471 3808 528 exaudi

2171 567 2450 639 propitius
2477 584 2668 639 preces
2691 571 2910 622 nostras
2937 566 2996 620 in
3023 565 3112 621 die
3137 565 3342 637 jejunii
3379 565 3581 636 hujus;
3626 569 3682 620 et
3725 565 3811 622 in-

2173 661 2506 716 tercessione
2543 661 2683 732 ejus,
2723 677 3066 732 quaesumus,
3121 663 3186 714 ut
3226 677 3256 714 a
3301 663 3658 731 peccatorum
3711 675 3810 715 no-

2176 757 2422 809 strorum
2447 753 2683 810 nexibus
2711 753 3040 810 liberemur.
3067 753 3313 808 Salvator
3335 752 3555 808 mundi.

2603 855 2774 905 Oratio
2803 854 2856 905 in
2882 857 3062 905 sancto
3089 854 3370 918 Stephano.

2247 943 2484 1008 Praesta,
2550 957 2910 1012 quaesumus,
2967 939 3322 1011 omnipotens
3373 941 3430 993 et
3491 938 3816 995 misericors

2177 1035 2341 1102 Deus,
2365 1039 2428 1088 ut
2455 1034 2750 1104 fragilitati
2765 1038 2970 1089 nostrae
2995 1033 3232 1088 adﬂictas
3261 1033 3320 1087 in
3345 1032 3544 1088 diebus
3571 1033 3814 1088 istorum

2171 1127 2522 1198 jejuniorum
2547 1127 2882 1199 magnificus
2895 1127 3064 1182 levita
3079 1127 3275 1182 beatus
3301 1126 3618 1198 Stephanus
3643 1127 3812 1182 auxi-

2178 1220 2320 1274 lium
2341 1221 2766 1275 interventionis
2791 1220 3074 1289 exhibeat,
3104 1220 3223 1291 qui,
3251 1219 3498 1274 imitator
3513 1220 3816 1276 dominicas

2179 1313 2461 1384 passionis
2501 1319 2556 1368 et
2581 1313 2826 1386 pietatis,
2851 1313 3071 1385 primus
3101 1313 3156 1367 in
3179 1329 3374 1368 cruore
3403 1313 3660 1385 martyrii
3685 1314 3810 1368 eni-

2181 1406 2327 1476 tuit;
2370 1411 2426 1462 et
2465 1423 2688 1478 semper
2726 1405 2797 1462 sit
2832 1405 3115 1478 perfectus
3147 1404 3501 1478 suffragator,
3535 1410 3725 1480 atque,
3755 1409 3810 1462 te

2179 1500 2536 1569 concedente,
2567 1503 2865 1571 promptus
2890 1499 3132 1570 adjutor.
3163 1499 3270 1553 Per
3298 1499 3620 1554 Dominum.

2553 1603 2680 1651 Item
2716 1599 2880 1650 oratio
2909 1601 2964 1649 in
2990 1603 3168 1650 sancto
3198 1601 3438 1650 Martino.

2249 1685 2478 1758 Porrige
2505 1686 2795 1741 dexteram
2807 1691 2984 1756 tuam,
3003 1701 3348 1756 quaesumus,
3379 1686 3630 1756 Domine,
3659 1685 3822 1758 plebi

2097 1764 2154 1835 B
2177 1782 2289 1834 tum
2317 1779 2375 1834 in
2401 1780 2488 1834 die
2516 1780 2866 1851 jejuniorum
2893 1796 3126 1834 suorum
3175 1785 3334 1834 tuam
3370 1779 3820 1835 misericordiam

2183 1873 2506 1942 postulanti,
2547 1877 2608 1928 ut
2647 1873 3028 1928 intercedente
3057 1873 3220 1928 beato
3261 1873 3516 1940 Martino,
3567 1877 3822 1928 terrores

2181 1965 2544 2021 imminentes
2572 1966 2953 2035 declinemus;
2987 1970 3042 2020 et
3067 1965 3260 2020 solatia
3297 1965 3426 2020 vitae
3479 1965 3826 2021 immortalis

2183 2058 2544 2130 accipiamus,
2593 2063 2648 2114 et
2687 2057 2874 2131 3'77
2925 2057 3268 2129 sempiterna
3309 2057 3512 2130 gaudia
3563 2075 3826 2132 compre-

2185 2151 2517 2208 hendamus.
2546 2153 2652 2207 Per
2681 2152 3004 2206 Dominum.

2618 2257 2792 2307 Oratio
2817 2257 2872 2308 in
2897 2259 3078 2307 sancto
3097 2256 3366 2322 Gregorio.

2257 2343 2625 2414 Omnipotens
2648 2343 2990 2414 sempiterne
3018 2342 3380 2413 Deus,jejuni
3409 2342 3478 2397 de
3505 2342 3616 2396 tuis
3641 2343 3828 2398 etiam

2183 2436 2344 2492 donis
2375 2437 2581 2504 satiati,
2611 2437 2698 2491 vel
2723 2435 2972 2508 qualibet
2994 2436 3367 2491 maceratione
3407 2437 3666 2506 confecti,
3711 2437 3828 2492 Ma-

2176 2530 2438 2601 jestatem
2463 2535 2622 2584 tuam
2669 2530 2948 2601 supplices
2991 2545 3308 2598 exoramus,
3354 2533 3420 2584 ut
3459 2529 3710 2601 expulsis
3749 2531 3826 2585 de

2183 2622 2448 2677 cordibus
2475 2623 2684 2677 nostris
2707 2628 3066 2694 peccatorum
3091 2621 3356 2690 tenebris,
3379 2623 3437 2676 in
3465 2623 3554 2678 die
3584 2623 3824 2693 jejunii,

2183 2715 2562 2770 intercedente
2606 2731 2828 2770 summo
2877 2715 3124 2770 antistite
3155 2719 3346 2770 nostro
3407 2719 3464 2770 et
3495 2715 3828 2770 divinorum

2183 2809 2580 2880 mysteriorum
2607 2825 2808 2880 capace
2837 2809 3124 2879 Gregorio,
3148 2809 3218 2862 ad
3247 2825 3438 2863 veram
3457 2809 3664 2875 lucem,
3681 2825 3826 2880 quas

2183 2902 2434 2956 Christus
2485 2907 2584 2972 est,
2645 2919 2745 2958 nos
2795 2902 2964 2958 facias
3008 2901 3324 2974 pervenire.
3365 2903 3472 2956 Per
3513 2902 3830 2958 Dominum

2183 3000 2459 3050 nostrum.

2433 3095 2562 3143 Item
2590 3093 2930 3143 collectiones
2953 3093 3008 3143 in
3029 3107 3133 3158 quo
3159 3093 3278 3144 loco
3297 3093 3540 3144 volueris.

2257 3181 2612 3247 Quaesumus,
2647 3178 2880 3252 Domine
2909 3179 3054 3233 Deus
3079 3183 3290 3248 noster,
3320 3179 3454 3234 vitia
3481 3179 3668 3234 carnis
3704 3179 3826 3250 Spi-

2187 3272 2328 3326 ritus
2355 3271 2560 3326 virtute
2581 3271 2923 3342 constringe,
2951 3275 3036 3341 ut,
3063 3271 3466 3327 interveniente
3493 3271 3574 3326 ill.
3605 3271 3668 3326 in
3715 3273 3830 3327 hoc

2179 3365 2418 3436 jejunio,
2445 3367 2635 3418 nostra
2653 3364 2714 3418 in
2737 3363 3042 3420 virtutibus
3065 3365 3351 3420 reﬁciatur
3377 3365 3698 3420 infirmitas.

2737 3469 2986 3520 Collectio
3009 3471 3264 3534 sequitur.

2257 3556 2585 3628 Propitiare,
2637 3555 2891 3626 Domine,
2937 3556 3468 3627 supplicationibus;
3507 3561 3564 3611 et
3611 3572 3722 3611 nos
3765 3557 3826 3612 in

2180 3649 2382 3721 jejunii
2412 3649 2568 3705 cultu
2594 3655 2871 3716 vacantes,
2919 3649 3208 3704 obtinente
3243 3650 3406 3705 beato
3431 3649 3510 3704 ill.
3559 3649 3830 3721 pervigili

2187 3744 2556 3814 protectione,
2600 3743 2850 3812 custodi;
2897 3749 2962 3797 ut
3009 3743 3218 3798 nullius
3265 3743 3514 3798 animam
3563 3743 3828 3798 diabolus

2189 3835 2438 3907 perfidia:
2471 3837 2584 3891 telo
2609 3837 2888 3906 vulneret,
2915 3836 3126 3891 nullius
3151 3840 3402 3892 mentem
3426 3853 3646 3892 veneno
3673 3837 3830 3892 falsi-

2187 3929 2314 3984 tatis
2339 3930 2571 3985 occidat.

2399 4041 2607 4096 XXXIX.
2653 4057 2850 4096 INCIPIT
2889 4055 3050 4097 MISSA
3089 4057 3142 4094 1N
3185 4055 3591 4095 nocmoxmus.

2255 4140 2522 4194 Mcmores
2548 4141 2852 4194 caelestium
2880 4144 3313 4210 praeceptorum,
3357 4145 3586 4210 peccata
3626 4145 3834 4194 nostra

2187 4249 2374 4286 coram
2404 4233 2640 4286 Domino
2667 4233 2992 4300 deﬂeamus,
3025 4237 3270 4287 serentes
3297 4232 3357 4286 in
3383 4233 3644 4304 lacrymis
3683 4234 3834 4305 quid

2187 4331 2464 4380 metamus
2503 4325 2563 4380 in
2603 4326 2819 4398 gaudiis
2847 4343 2858 4380 :
2889 4327 3065 4380 simus
3091 4327 3152 4380 in
3178 4326 3428 4380 oratione
3457 4325 3702 4396 solliciti,
3729 4327 3830 4398 je—

2179 4419 2354 4489 juniis
2375 4420 2642 4491 prompti,
2665 4419 2724 4473 in
2745 4419 3117 4491 eleemosynis
3136 4419 3414 4488 liberales,
3437 4423 3502 4474 ut
3521 4421 3834 4492 promissa:

453 4519 654 4588 lantes,
685 4495 1049 4590 ut‘tempora,
1068 4521 1274 4592 quibus
1299 4523 1430 4591 post
1451 4495 1941 4575 Resurrectionein
1968 4519 2080 4574 Do-
2102 4495 2160 4567 D
2183 4513 2569 4568 retributionis
2605 4513 2842 4584 gloriam
2863 4514 3062 4569 devota
3089 4511 3198 4568 ﬁde
3229 4517 3286 4568 et
3310 4513 3597 4568 fructuosa
3621 4531 3838 4587 opera-

455 4610 644 4665 minus
668 4617 858 4666 noster
884 4613 1044 4667 Jesus
1068 4613 1321 4668 Christus
1347 4627 1478 4668 cum
1503 4611 1790 4683 discipulis
1818 4613 1931 4667 suis
1957 4629 2082 4667 cor-

453 4704 724 4774 poraliter
751 4705 1042 4770 habitavit,
1069 4706 1162 4776 pia
1181 4705 1472 4760 devotione
1489 4709 1812 4760 tractemus.
1842 4707 2021 4770 Quem
2041 4707 2080 4761 l.

505 4829 767 4884 XXXVIII.
807 4845 1074 4885 INCIPIUNT
1113 4844 1496 4884 COLLECTIONES
1539 4847 1594 4884 IN
1633 4847 2012 4886 nocarromaus

713 4915 812 4955 PER
851 4917 1074 4956 DIVERSA
1113 4915 1250 4954 LOCA
1285 4915 1608 4955 SANCTORUM
1651 4917 1818 4957 NUNC.

1011 4993 1068 5042 In
1101 4995 1280 5042 sancto
1305 4992 1456 5041 Petro
1477 4992 1521 5040 ⁸.

525 5078 890 5150 Omnipotens
947 5077 1290 5150 sempiterna
1341 5079 1489 5132 Deus
1512 5121 1526 5148 ,
1583 5079 1683 5150 qui
1721 5079 1883 5135 beato
1923 5081 2085 5134 Petro

524 5219 548 5248 ⁸
588 5222 812 5293 Easdem
845 5222 960 5278 fere
994 5221 1280 5288 stationes,
1307 5221 1672 5293 eaedemque
1697 5221 1976 5276 orationes
2027 5221 2086 5276 in

454 5292 656 5364 Missali
696 5293 948 5348 Gothico.
999 5294 1154 5348 Unde
1193 5291 1454 5364 colligere
1493 5291 1623 5347 licet
1661 5291 1762 5346 has
1796 5293 2085 5364 orationes

452 5363 621 5418 fuisse
649 5379 1024 5446 ‘communes,
1075 5381 1192 5444 non
1235 5363 1359 5444 loci.
1383 5363 1622 5434 alicujus
1651 5363 1968 5433 peculiaris,
2015 5363 2084 5416 ad

452 5451 624 5506 quem
649 5434 772 5489 haec
795 5435 1028 5490 Missalia
1051 5435 1450 5506 pertinuerint.

457 5579 465 5586 _
509 5508 558 5586 ,ξ
594 5507 671 5560 Ita
693 5507 881 5586 etiam
917 5507 1214 5586 jejunium.
1239 5507 1300 5559 in
1339 5505 1590 5586 gothico,
1635 5520 1824 5586 supra,
1856 5504 1930 5586 in
1982 5503 2087 5586 h'oc

453 5575 658 5632 triduo.
693 5577 828 5632 Vide
868 5574 1154 5630 sermones
1203 5579 1314 5628 tres
1351 5575 1578 5645 Cmsarii
1625 5574 1870 5645 episcopi
1905 5575 2088 5628 Arela—

453 5646 622 5699 tensis
663 5647 723 5702 in
771 5645 1080 5717 appendice
1131 5659 1273 5696 nova
1323 5644 1462 5717 torni
1511 5645 1552 5695 V
1574 5644 1762 5717 novae
1813 5644 2088 5717 editionis

454 5717 628 5792 sancti
658 5713 956 5792 Augustini
985 5729 1017 5791 a
1045 5727 1303 5792 sermone
1341 5715 1459 5778 I73,
1489 5713 1588 5782 qui
1627 5714 1866 5792 primus
1897 5719 1978 5768 est
2001 5715 2088 5792 _d_e

455 5733 628 5768 sancu
658 5733 956 5840 Augusum
1045 5733 1303 5792 sermone
1341 5733 1358 5763 l
1383 5733 1459 5778 Id,
1489 5733 1588 5782 qm
1627 5733 1848 5792 PI'IIIIUS
1897 5733 1978 5768 OSI
2021 5733 2088 5768 ue

455 5783 686 5854 Litania,
795 5785 812 5838 i
830 5785 1048 5856 jejuma
1075 5782 1341 5836 dicuntur
1367 5795 1675 5836 necessaria
1717 5805 1744 5830 α
1777 5785 1958 5838 tribus
2001 5784 2090 5839 his

2183 4606 2334 4662 tione
2361 4622 2704 4661 mereamur.
2733 4608 2837 4660 Per
2863 4607 3021 4660 Dom.

2708 4713 2956 4764 Collectio
2973 4713 3220 4777 sequitur.

2259 4799 2423 4868 Deus,
2459 4799 2554 4871 qui
2591 4798 2848 4853 Ninivitis
2873 4815 2976 4870 pro
3005 4797 3246 4869 peccatis
3275 4797 3388 4852 suis
3427 4797 3844 4869 jejunantibus

2183 4891 2505 4963 pepercisti,
2547 4895 2601 4947 te
2632 4891 2910 4963 supplices
2941 4892 3331 4963 deprecamur,
3365 4895 3428 4946 ut
3465 4897 3522 4946 et
3555 4893 3724 4948 nobis
3773 4895 3848 4950 in

2185 4985 2290 5040 hoc
2327 4985 2546 5056 jejunio
2565 4987 2592 5026 δ
2631 4989 2956 5040 nostrorum
2987 4984 3402 5056 indulgentiam
3449 5001 3554 5056 per
3595 4985 3850 5044 solitam

2186 5079 2632 5134 misericordiam
2658 5077 2933 5150 largiaris.
2961 5080 3086 5132 Per.

2189 5221 2406 5291 diebus,

2229 5221 2406 5291 iebus,
2447 5237 2588 5345 (Eros
2615 5221 2950 5292 regulariter
2975 5221 3036 5276 in
3061 5225 3175 5276 toto
3205 5221 3418 5276 mundo
3447 5223 3696 5279 celebrat
3721 5227 3856 5282 Ec-

2221 5292 2378 5345 lesia.
2401 5313 2428 5342 »
2509 5309 2572 5345 oc
2597 5292 2657 5345 in
2682 5308 2940 5345 sermone
2983 5292 3120 5345 item
3153 5293 3425 5345 Caesarius
3459 5295 3856 5345 reprehendit

2190 5309 2378 5346 (318513.
2401 5313 2428 5342 )>

2509 5309 2572 5346 oc
2597 5292 2940 5364 inisermone
2983 5292 3120 5348 item
3153 5293 3425 5348 Caesarius
3459 5295 3864 5364 reprehendit

2187 5379 2280 5416 eos
2312 5363 2410 5434 qui
2445 5363 2516 5416 ad
2559 5363 2814 5434 Ecclesiae
2861 5369 3167 5418 conventus
3201 5364 3318 5418 istis
3361 5363 3560 5418 diebus
3605 5385 3634 5416 II
3665 5371 3864 5426 tarde

2186 5433 2438 5514 veniunt,
2462 5433 2689 5513 etprius
2714 5449 2893 5514 quam.
2912 5435 3176 5514 mysteria
3185 5435 3595 5514 compleantur
3621 5437 3858 5496 absce-

2187 5504 2358 5576 dunt;
2389 5504 2532 5576 etin
2557 5503 2676 5574 ipsa
2703 5505 2934 5576 ecclesia
2963 5503 3154 5560 otiosis
3179 5503 3384 5560 fabulis
3411 5511 3696 5576 vacantes,
3727 5527 3872 5568 nec

2189 5575 2294 5644 ipsi
2332 5574 2598 5648 psallunt,
2643 5591 2748 5628 nec
2785 5575 2922 5629 alios
2959 5577 3220 5648 psallere,
3269 5577 3356 5631 vel
3397 5574 3880 5648 orareipermit-

2187 5649 2334 5698 tunt.
2383 5665 2409 5695 ι)
2449 5647 2516 5720 _Et
2529 5645 2608 5720 _in
2635 5661 2892 5720 sermone
2917 5645 3174 5718 sequenti
3191 5647 3465 5720 hortatur
3489 5645 3740 5720 Fideles,
3779 5663 3868 5712 ut

2189 5729 2259 5794 n_e
2287 5729 2344 5768 se
2377 5736 2404 5762 ‹‹
2433 5715 2502 5769 de
2529 5715 2784 5796 Ecclesia:
2815 5715 3091 5776 conventu
3121 5717 3458 5774 subtrahant
3483 5717 3544 5774 in
3589 5737 3692 5777 sex
3721 5715 3866 5782 Ho~

2189 5799 2264 5840 τις
2289 5805 2316 5832 υ
2347 5800 2626 5842 εεηοηιοιδ
2635 5827 2648 5844 ο
