  <div class='ocr_page' id='page_1' title='image "/cluster/home/n/w/nwhite01/storage/ocr_20150623/72/hvd.32044054758768/197.png"; bbox 0 0 3982 6190; ppageno 0'>
   <div class='ocr_carea' id='block_1_1' title="bbox 389 247 490 314">
    <p class='ocr_par' dir='ltr' id='par_1_1' title="bbox 389 247 490 314">
     <span class='ocr_line' id='line_1_1' title="bbox 389 247 490 314; baseline -0.02 0"><span class='ocrx_word' id='word_1_1' title='bbox 389 247 490 314; x_wconf 72' lang='lat'>383</span> 
     </span>
    </p>
   </div>
   <div class='ocr_carea' id='block_1_2' title="bbox 1177 221 2961 313">
    <p class='ocr_par' dir='ltr' id='par_1_2' title="bbox 1177 221 2961 313">
     <span class='ocr_line' id='line_1_2' title="bbox 1177 221 2961 313; baseline -0.002 -1"><span class='ocrx_word' id='word_1_2' title='bbox 1177 257 1510 313; x_wconf 65' lang='lat' dir='ltr'>.tppnvmx</span> <span class='ocrx_word' id='word_1_3' title='bbox 1547 257 1632 312; x_wconf 79' lang='lat' dir='ltr'><strong>AD</strong></span> <span class='ocrx_word' id='word_1_4' title='bbox 1669 255 1892 312; x_wconf 65' lang='lat' dir='ltr'>orem</span> <span class='ocrx_word' id='word_1_5' title='bbox 1929 253 2162 310; x_wconf 54' lang='lat' dir='ltr'>sucu</span> <span class='ocrx_word' id='word_1_6' title='bbox 2197 221 2498 310; x_wconf 68' lang='lat' dir='ltr'>aeuum</span> <span class='ocrx_word' id='word_1_7' title='bbox 2537 253 2961 310; x_wconf 74' lang='lat' dir='ltr'>PARISIENSIS.</span> 
     </span>
    </p>
   </div>
   <div class='ocr_carea' id='block_1_3' title="bbox 3647 243 3754 310">
    <p class='ocr_par' dir='ltr' id='par_1_3' title="bbox 3647 243 3754 310">
     <span class='ocr_line' id='line_1_3' title="bbox 3647 243 3754 310; baseline -0.019 0"><span class='ocrx_word' id='word_1_8' title='bbox 3647 243 3754 310; x_wconf 66' lang='lat' dir='ltr'>ssi</span> 
     </span>
    </p>
   </div>
   <div class='ocr_carea' id='block_1_4' title="bbox 392 359 3760 450">
    <p class='ocr_par' dir='ltr' id='par_1_4' title="bbox 392 359 3760 450">
     <span class='ocr_line' id='line_1_4' title="bbox 392 359 3760 450; baseline -0.001 -30"><span class='ocrx_word' id='word_1_9' title='bbox 392 364 634 421; x_wconf 87' lang='lat' dir='ltr'>aliorum</span> <span class='ocrx_word' id='word_1_10' title='bbox 701 361 1104 437; x_wconf 80' lang='lat' dir='ltr'>Opinationem,</span> <span class='ocrx_word' id='word_1_11' title='bbox 1155 363 1517 420; x_wconf 79' lang='lat' dir='ltr'>Ambrosium</span> <span class='ocrx_word' id='word_1_12' title='bbox 1571 363 1902 435; x_wconf 77' lang='lat' dir='ltr'>psalmodiae</span> <span class='ocrx_word' id='word_1_13' title='bbox 1953 363 2014 418; x_wconf 91' lang='lat' dir='ltr'>in</span> <span class='ocrx_word' id='word_1_14' title='bbox 2034 375 2094 450; x_wconf 77' lang='grc' dir='ltr'><strong>Α</strong></span> <span class='ocrx_word' id='word_1_15' title='bbox 2113 365 2202 417; x_wconf 90' lang='lat' dir='ltr'>tus</span> <span class='ocrx_word' id='word_1_16' title='bbox 2232 361 2514 434; x_wconf 81' lang='lat' dir='ltr'>originem</span> <span class='ocrx_word' id='word_1_17' title='bbox 2555 362 2794 433; x_wconf 87' lang='lat' dir='ltr'>Ignatio,</span> <span class='ocrx_word' id='word_1_18' title='bbox 2823 361 2988 418; x_wconf 89' lang='lat' dir='ltr'>tertio</span> <span class='ocrx_word' id='word_1_19' title='bbox 3015 363 3142 434; x_wconf 87' lang='lat' dir='ltr'>post</span> <span class='ocrx_word' id='word_1_20' title='bbox 3175 359 3404 418; x_wconf 90' lang='lat' dir='ltr'>Petrum</span> <span class='ocrx_word' id='word_1_21' title='bbox 3439 359 3760 418; x_wconf 59' lang='lat' dir='ltr'>Antiochia</span> 
     </span>
    </p>
   </div>
   <div class='ocr_carea' id='block_1_5' title="bbox 390 457 2012 528">
    <p class='ocr_par' dir='ltr' id='par_1_5' title="bbox 390 457 2012 528">
     <span class='ocr_line' id='line_1_5' title="bbox 390 457 2012 528; baseline 0 -15"><span class='ocrx_word' id='word_1_22' title='bbox 390 459 822 515; x_wconf 84' lang='lat' dir='ltr'>occidentalibus</span> <span class='ocrx_word' id='word_1_23' title='bbox 873 459 1128 514; x_wconf 89' lang='lat' dir='ltr'>Ecclesiis</span> <span class='ocrx_word' id='word_1_24' title='bbox 1177 457 1430 528; x_wconf 89' lang='lat' dir='ltr'>primum</span> <span class='ocrx_word' id='word_1_25' title='bbox 1475 457 1856 514; x_wconf 80' lang='lat' dir='ltr'>institutorem</span> <span class='ocrx_word' id='word_1_26' title='bbox 1897 475 2012 514; x_wconf 90' lang='lat' dir='ltr'>non</span> 
     </span>
    </p>
   </div>
   <div class='ocr_carea' id='block_1_6' title="bbox 388 551 2010 624">
    <p class='ocr_par' dir='ltr' id='par_1_6' title="bbox 388 551 2010 624">
     <span class='ocr_line' id='line_1_6' title="bbox 388 551 2010 624; baseline -0.001 -16"><span class='ocrx_word' id='word_1_27' title='bbox 388 552 578 622; x_wconf 87' lang='lat' dir='ltr'>fuisse,</span> <span class='ocrx_word' id='word_1_28' title='bbox 626 553 776 624; x_wconf 89' lang='lat' dir='ltr'>quod</span> <span class='ocrx_word' id='word_1_29' title='bbox 817 569 886 606; x_wconf 79' lang='lat' dir='ltr'>ex</span> <span class='ocrx_word' id='word_1_30' title='bbox 927 551 1229 622; x_wconf 79' lang='lat' dir='ltr'>Augustini</span> <span class='ocrx_word' id='word_1_31' title='bbox 1264 551 1717 608; x_wconf 89' lang='lat' dir='ltr'>Confessionibus</span> <span class='ocrx_word' id='word_1_32' title='bbox 1747 553 1830 606; x_wconf 86' lang='lat' dir='ltr'>illi</span> <span class='ocrx_word' id='word_1_33' title='bbox 1855 553 2010 607; x_wconf 92' lang='lat' dir='ltr'>colli-</span> 
     </span>
    </p>
   </div>
   <div class='ocr_carea' id='block_1_7' title="bbox 391 645 2058 717">
    <p class='ocr_par' dir='ltr' id='par_1_7' title="bbox 391 645 2058 717">
     <span class='ocr_line' id='line_1_7' title="bbox 391 645 2058 717; baseline -0.001 -16"><span class='ocrx_word' id='word_1_34' title='bbox 391 648 630 717; x_wconf 87' lang='lat' dir='ltr'>gebant;</span> <span class='ocrx_word' id='word_1_35' title='bbox 667 646 762 700; x_wconf 88' lang='lat' dir='ltr'>sed</span> <span class='ocrx_word' id='word_1_36' title='bbox 805 645 864 698; x_wconf 89' lang='lat' dir='ltr'>in</span> <span class='ocrx_word' id='word_1_37' title='bbox 903 649 1124 698; x_wconf 87' lang='lat' dir='ltr'>tantum</span> <span class='ocrx_word' id='word_1_38' title='bbox 1163 661 1406 714; x_wconf 84' lang='lat' dir='ltr'>curasse,</span> <span class='ocrx_word' id='word_1_39' title='bbox 1447 649 1512 699; x_wconf 92' lang='lat' dir='ltr'>ut</span> <span class='ocrx_word' id='word_1_40' title='bbox 1547 645 1858 700; x_wconf 88' lang='lat' dir='ltr'>secundum</span> <span class='ocrx_word' id='word_1_41' title='bbox 1887 663 2010 702; x_wconf 89' lang='lat' dir='ltr'>mo-</span> <span class='ocrx_word' id='word_1_42' title='bbox 2053 703 2058 710; x_wconf 95' lang='lat'><em>_</em></span> 
     </span>
    </p>
   </div>
   <div class='ocr_carea' id='block_1_8' title="bbox 389 737 2011 810">
    <p class='ocr_par' dir='ltr' id='par_1_8' title="bbox 389 737 2011 810">
     <span class='ocr_line' id='line_1_8' title="bbox 389 737 2011 810; baseline -0.001 -16"><span class='ocrx_word' id='word_1_43' title='bbox 389 755 512 794; x_wconf 86' lang='lat' dir='ltr'>rem</span> <span class='ocrx_word' id='word_1_44' title='bbox 537 742 764 794; x_wconf 88' lang='lat' dir='ltr'>Patrum</span> <span class='ocrx_word' id='word_1_45' title='bbox 803 737 1164 791; x_wconf 76' lang='lat' dir='ltr'>orientalium</span> <span class='ocrx_word' id='word_1_46' title='bbox 1199 739 1402 809; x_wconf 85' lang='lat' dir='ltr'>psalmi</span> <span class='ocrx_word' id='word_1_47' title='bbox 1430 743 1598 810; x_wconf 90' lang='lat' dir='ltr'>atque</span> <span class='ocrx_word' id='word_1_48' title='bbox 1625 739 1824 810; x_wconf 81' lang='lat' dir='ltr'>hymni</span> <span class='ocrx_word' id='word_1_49' title='bbox 1849 757 1882 794; x_wconf 89' lang='lat' dir='ltr'>a</span> <span class='ocrx_word' id='word_1_50' title='bbox 1909 756 2011 810; x_wconf 91' lang='lat' dir='ltr'>po-</span> 
     </span>
    </p>
   </div>
   <div class='ocr_carea' id='block_1_9' title="bbox 387 832 2010 904">
    <p class='ocr_par' dir='ltr' id='par_1_9' title="bbox 387 832 2010 904">
     <span class='ocr_line' id='line_1_9' title="bbox 387 832 2010 904; baseline 0.001 -19"><span class='ocrx_word' id='word_1_51' title='bbox 387 833 523 903; x_wconf 85' lang='lat' dir='ltr'>pulo</span> <span class='ocrx_word' id='word_1_52' title='bbox 549 832 718 885; x_wconf 90' lang='lat' dir='ltr'>etiam</span> <span class='ocrx_word' id='word_1_53' title='bbox 745 835 1100 900; x_wconf 82' lang='lat' dir='ltr'>canerentur,</span> <span class='ocrx_word' id='word_1_54' title='bbox 1124 848 1254 886; x_wconf 89' lang='lat' dir='ltr'>cum</span> <span class='ocrx_word' id='word_1_55' title='bbox 1279 837 1444 886; x_wconf 84' lang='lat' dir='ltr'>antea</span> <span class='ocrx_word' id='word_1_56' title='bbox 1467 849 1500 886; x_wconf 90' lang='lat' dir='ltr'>a</span> <span class='ocrx_word' id='word_1_57' title='bbox 1523 833 1759 904; x_wconf 87' lang='lat' dir='ltr'>singulis</span> <span class='ocrx_word' id='word_1_58' title='bbox 1777 834 2010 904; x_wconf 81' lang='lat' dir='ltr'>singuli,</span> 
     </span>
    </p>
   </div>
   <div class='ocr_carea' id='block_1_10' title="bbox 388 925 2008 996">
    <p class='ocr_par' dir='ltr' id='par_1_10' title="bbox 388 925 2008 996">
     <span class='ocr_line' id='line_1_10' title="bbox 388 925 2008 996; baseline 0.001 -18"><span class='ocrx_word' id='word_1_59' title='bbox 388 926 473 980; x_wconf 89' lang='lat' dir='ltr'>vel</span> <span class='ocrx_word' id='word_1_60' title='bbox 503 929 652 978; x_wconf 88' lang='lat' dir='ltr'>certe</span> <span class='ocrx_word' id='word_1_61' title='bbox 675 941 707 978; x_wconf 90' lang='lat' dir='ltr'>a</span> <span class='ocrx_word' id='word_1_62' title='bbox 733 925 862 980; x_wconf 89' lang='lat' dir='ltr'>solis</span> <span class='ocrx_word' id='word_1_63' title='bbox 887 925 1100 979; x_wconf 86' lang='lat' dir='ltr'>clericis</span> <span class='ocrx_word' id='word_1_64' title='bbox 1127 925 1278 996; x_wconf 89' lang='lat' dir='ltr'>apud</span> <span class='ocrx_word' id='word_1_65' title='bbox 1305 926 1466 980; x_wconf 89' lang='lat' dir='ltr'>Italos</span> <span class='ocrx_word' id='word_1_66' title='bbox 1493 926 1712 980; x_wconf 86' lang='lat' dir='ltr'>recitati</span> <span class='ocrx_word' id='word_1_67' title='bbox 1749 925 2008 981; x_wconf 85' lang='lat' dir='ltr'>fuissent.</span> 
     </span>
    </p>
   </div>
   <div class='ocr_carea' id='block_1_11' title="bbox 386 1018 2012 1091">
    <p class='ocr_par' dir='ltr' id='par_1_11' title="bbox 386 1018 2012 1091">
     <span class='ocr_line' id='line_1_11' title="bbox 386 1018 2012 1091; baseline 0.001 -19"><span class='ocrx_word' id='word_1_68' title='bbox 386 1018 624 1084; x_wconf 84' lang='lat' dir='ltr'>Quintus</span> <span class='ocrx_word' id='word_1_69' title='bbox 648 1019 891 1089; x_wconf 85' lang='lat' dir='ltr'>denique</span> <span class='ocrx_word' id='word_1_70' title='bbox 919 1035 1115 1072; x_wconf 87' lang='lat' dir='ltr'>cursus</span> <span class='ocrx_word' id='word_1_71' title='bbox 1157 1023 1240 1072; x_wconf 90' lang='lat' dir='ltr'>est</span> <span class='ocrx_word' id='word_1_72' title='bbox 1283 1019 1462 1074; x_wconf 87' lang='lat' dir='ltr'>sancti</span> <span class='ocrx_word' id='word_1_73' title='bbox 1499 1019 1802 1088; x_wconf 86' lang='lat' dir='ltr'>Benedicti,</span> <span class='ocrx_word' id='word_1_74' title='bbox 1840 1037 2012 1091; x_wconf 88' lang='lat' dir='ltr'>quem</span> 
     </span>
    </p>
   </div>
   <div class='ocr_carea' id='block_1_12' title="bbox 384 1112 2012 1182">
    <p class='ocr_par' dir='ltr' id='par_1_12' title="bbox 384 1112 2012 1182">
     <span class='ocr_line' id='line_1_12' title="bbox 384 1112 2012 1182; baseline 0.002 -18"><span class='ocrx_word' id='word_1_75' title='bbox 384 1129 416 1164; x_wconf 89' lang='lat' dir='ltr'>a</span> <span class='ocrx_word' id='word_1_76' title='bbox 441 1129 606 1165; x_wconf 84' lang='lat' dir='ltr'>cursu</span> <span class='ocrx_word' id='word_1_77' title='bbox 637 1113 887 1166; x_wconf 82' lang='lat' dir='ltr'>Romano</span> <span class='ocrx_word' id='word_1_78' title='bbox 917 1129 1118 1182; x_wconf 88' lang='lat' dir='ltr'>parum</span> <span class='ocrx_word' id='word_1_79' title='bbox 1146 1112 1484 1182; x_wconf 88' lang='lat' dir='ltr'>discrepasse</span> <span class='ocrx_word' id='word_1_80' title='bbox 1511 1113 1682 1168; x_wconf 87' lang='lat' dir='ltr'>tradit</span> <span class='ocrx_word' id='word_1_81' title='bbox 1711 1114 2012 1168; x_wconf 88' lang='lat' dir='ltr'>vetustissi-</span> 
     </span>
    </p>
   </div>
   <div class='ocr_carea' id='block_1_13' title="bbox 387 1205 2014 1277">
    <p class='ocr_par' dir='ltr' id='par_1_13' title="bbox 387 1205 2014 1277">
     <span class='ocr_line' id='line_1_13' title="bbox 387 1205 2014 1277; baseline 0 -17"><span class='ocrx_word' id='word_1_82' title='bbox 387 1222 514 1260; x_wconf 89' lang='lat' dir='ltr'>mus</span> <span class='ocrx_word' id='word_1_83' title='bbox 541 1205 632 1260; x_wconf 91' lang='lat' dir='ltr'>ille</span> <span class='ocrx_word' id='word_1_84' title='bbox 661 1206 916 1276; x_wconf 85' lang='lat' dir='ltr'>scriptor,</span> <span class='ocrx_word' id='word_1_85' title='bbox 941 1205 1100 1275; x_wconf 90' lang='lat' dir='ltr'>cujus</span> <span class='ocrx_word' id='word_1_86' title='bbox 1125 1205 1376 1261; x_wconf 88' lang='lat' dir='ltr'>libellum</span> <span class='ocrx_word' id='word_1_87' title='bbox 1416 1207 1788 1277; x_wconf 89' lang='lat' dir='ltr'>Spelmannus</span> <span class='ocrx_word' id='word_1_88' title='bbox 1837 1207 2014 1262; x_wconf 84' lang='lat' dir='ltr'>edidit</span> 
     </span>
    </p>
   </div>
   <div class='ocr_carea' id='block_1_14' title="bbox 385 1299 2009 1372">
    <p class='ocr_par' dir='ltr' id='par_1_14' title="bbox 385 1299 2009 1372">
     <span class='ocr_line' id='line_1_14' title="bbox 385 1299 2009 1372; baseline 0.001 -19"><span class='ocrx_word' id='word_1_89' title='bbox 385 1300 444 1356; x_wconf 89' lang='lat' dir='ltr'>in</span> <span class='ocrx_word' id='word_1_90' title='bbox 470 1304 623 1354; x_wconf 90' lang='lat' dir='ltr'>tomo</span> <span class='ocrx_word' id='word_1_91' title='bbox 647 1301 667 1352; x_wconf 85' lang='grc' dir='ltr'><strong>Ι</strong></span> <span class='ocrx_word' id='word_1_92' title='bbox 694 1299 910 1370; x_wconf 52' lang='lat' dir='ltr'>Anglia!</span> <span class='ocrx_word' id='word_1_93' title='bbox 951 1299 1344 1368; x_wconf 89' lang='lat' dir='ltr'>Conciliorum,</span> <span class='ocrx_word' id='word_1_94' title='bbox 1377 1317 1506 1370; x_wconf 88' lang='lat' dir='ltr'>pag.</span> <span class='ocrx_word' id='word_1_95' title='bbox 1549 1304 1668 1355; x_wconf 80' lang='grc'>176.</span> <span class='ocrx_word' id='word_1_96' title='bbox 1705 1301 1822 1370; x_wconf 85' lang='lat' dir='ltr'>Hic,</span> <span class='ocrx_word' id='word_1_97' title='bbox 1855 1301 2009 1372; x_wconf 90' lang='lat' dir='ltr'>quis-</span> 
     </span>
    </p>
   </div>
   <div class='ocr_carea' id='block_1_15' title="bbox 383 1393 2010 1465">
    <p class='ocr_par' dir='ltr' id='par_1_15' title="bbox 383 1393 2010 1465">
     <span class='ocr_line' id='line_1_15' title="bbox 383 1393 2010 1465; baseline 0.001 -19"><span class='ocrx_word' id='word_1_98' title='bbox 383 1393 509 1465; x_wconf 89' lang='lat' dir='ltr'>quis</span> <span class='ocrx_word' id='word_1_99' title='bbox 536 1393 628 1448; x_wconf 90' lang='lat' dir='ltr'>ille</span> <span class='ocrx_word' id='word_1_100' title='bbox 656 1395 757 1460; x_wconf 85' lang='lat' dir='ltr'>est,</span> <span class='ocrx_word' id='word_1_101' title='bbox 787 1410 981 1446; x_wconf 86' lang='lat' dir='ltr'>cursus</span> <span class='ocrx_word' id='word_1_102' title='bbox 1018 1393 1382 1447; x_wconf 88' lang='lat' dir='ltr'>ecclesisticos</span> <span class='ocrx_word' id='word_1_103' title='bbox 1421 1409 1552 1448; x_wconf 89' lang='lat' dir='ltr'>cum</span> <span class='ocrx_word' id='word_1_104' title='bbox 1591 1393 1846 1464; x_wconf 89' lang='lat' dir='ltr'>Liturgia</span> <span class='ocrx_word' id='word_1_105' title='bbox 1876 1410 2010 1447; x_wconf 89' lang='lat' dir='ltr'>con-</span> 
     </span>
    </p>
   </div>
   <div class='ocr_carea' id='block_1_16' title="bbox 383 1486 2012 1556">
    <p class='ocr_par' dir='ltr' id='par_1_16' title="bbox 383 1486 2012 1556">
     <span class='ocr_line' id='line_1_16' title="bbox 383 1486 2012 1556; baseline 0.001 -16"><span class='ocrx_word' id='word_1_106' title='bbox 383 1487 620 1542; x_wconf 88' lang='lat' dir='ltr'>fundere</span> <span class='ocrx_word' id='word_1_107' title='bbox 645 1486 886 1540; x_wconf 90' lang='lat' dir='ltr'>videtur.</span> <span class='ocrx_word' id='word_1_108' title='bbox 915 1487 1056 1540; x_wconf 75' lang='lat' dir='ltr'>Nam</span> <span class='ocrx_word' id='word_1_109' title='bbox 1085 1503 1259 1556; x_wconf 80' lang='lat' dir='ltr'>agens</span> <span class='ocrx_word' id='word_1_110' title='bbox 1287 1487 1354 1540; x_wconf 87' lang='lat' dir='ltr'>de</span> <span class='ocrx_word' id='word_1_111' title='bbox 1400 1503 1568 1540; x_wconf 87' lang='lat' dir='ltr'>cursu</span> <span class='ocrx_word' id='word_1_112' title='bbox 1610 1503 1713 1556; x_wconf 91' lang='lat' dir='ltr'>per</span> <span class='ocrx_word' id='word_1_113' title='bbox 1756 1491 2012 1542; x_wconf 88' lang='lat' dir='ltr'>sanctum</span> 
     </span>
    </p>
   </div>
   <div class='ocr_carea' id='block_1_17' title="bbox 385 1579 2008 1650">
    <p class='ocr_par' dir='ltr' id='par_1_17' title="bbox 385 1579 2008 1650">
     <span class='ocr_line' id='line_1_17' title="bbox 385 1579 2008 1650; baseline 0.001 -16"><span class='ocrx_word' id='word_1_114' title='bbox 385 1581 633 1634; x_wconf 85' lang='lat' dir='ltr'>Marcum</span> <span class='ocrx_word' id='word_1_115' title='bbox 677 1579 952 1645; x_wconf 89' lang='lat' dir='ltr'>instituto,</span> <span class='ocrx_word' id='word_1_116' title='bbox 985 1579 1064 1632; x_wconf 89' lang='lat' dir='ltr'>ita</span> <span class='ocrx_word' id='word_1_117' title='bbox 1103 1580 1266 1634; x_wconf 92' lang='lat' dir='ltr'>illum</span> <span class='ocrx_word' id='word_1_118' title='bbox 1303 1579 1584 1648; x_wconf 86' lang='lat' dir='ltr'>describit,</span> <span class='ocrx_word' id='word_1_119' title='bbox 1613 1583 1678 1634; x_wconf 93' lang='lat' dir='ltr'>ut</span> <span class='ocrx_word' id='word_1_120' title='bbox 1708 1599 1734 1630; x_wconf 73' lang='grc' dir='ltr'>ι(</span> <span class='ocrx_word' id='word_1_121' title='bbox 1757 1581 2008 1650; x_wconf 83' lang='lat' dir='ltr'>Sanctus,</span> 
     </span>
    </p>
   </div>
   <div class='ocr_carea' id='block_1_18' title="bbox 385 1673 2014 1743">
    <p class='ocr_par' dir='ltr' id='par_1_18' title="bbox 385 1673 2014 1743">
     <span class='ocr_line' id='line_1_18' title="bbox 385 1673 2014 1743; baseline 0.002 -17"><span class='ocrx_word' id='word_1_122' title='bbox 385 1673 470 1726; x_wconf 85' lang='lat' dir='ltr'>vel</span> <span class='ocrx_word' id='word_1_123' title='bbox 497 1675 680 1730; x_wconf 73' lang='lat' dir='ltr'>Gloria.</span> <span class='ocrx_word' id='word_1_124' title='bbox 707 1677 763 1726; x_wconf 81' lang='lat' dir='ltr'>in</span> <span class='ocrx_word' id='word_1_125' title='bbox 807 1673 1044 1736; x_wconf 54' lang='grc' dir='ltr'>θεοειδὴς,</span> <span class='ocrx_word' id='word_1_126' title='bbox 1073 1674 1158 1728; x_wconf 93' lang='lat' dir='ltr'>vel</span> <span class='ocrx_word' id='word_1_127' title='bbox 1197 1673 1513 1727; x_wconf 89' lang='lat' dir='ltr'>orationem</span> <span class='ocrx_word' id='word_1_128' title='bbox 1558 1673 1928 1743; x_wconf 88' lang='lat' dir='ltr'>Dominicam,</span> <span class='ocrx_word' id='word_1_129' title='bbox 1957 1679 2014 1729; x_wconf 92' lang='lat' dir='ltr'>et</span> 
     </span>
    </p>
   </div>
   <div class='ocr_carea' id='block_1_19' title="bbox 2113 455 3758 527">
    <p class='ocr_par' dir='ltr' id='par_1_19' title="bbox 2113 455 3758 527">
     <span class='ocr_line' id='line_1_19' title="bbox 2113 455 3758 527; baseline 0.002 -19"><span class='ocrx_word' id='word_1_130' title='bbox 2113 455 2172 510; x_wconf 91' lang='lat' dir='ltr'>in</span> <span class='ocrx_word' id='word_1_131' title='bbox 2199 455 2356 526; x_wconf 84' lang='lat' dir='ltr'>Syria</span> <span class='ocrx_word' id='word_1_132' title='bbox 2399 455 2680 527; x_wconf 89' lang='lat' dir='ltr'>episcopo,</span> <span class='ocrx_word' id='word_1_133' title='bbox 2723 455 2925 511; x_wconf 86' lang='lat' dir='ltr'>tribuit</span> <span class='ocrx_word' id='word_1_134' title='bbox 2953 455 3012 510; x_wconf 93' lang='lat' dir='ltr'>in</span> <span class='ocrx_word' id='word_1_135' title='bbox 3053 456 3152 512; x_wconf 89' lang='lat' dir='ltr'>lib.</span> <span class='ocrx_word' id='word_1_136' title='bbox 3183 471 3260 524; x_wconf 85' lang='lat' dir='ltr'>v1,</span> <span class='ocrx_word' id='word_1_137' title='bbox 3307 473 3428 527; x_wconf 87' lang='lat' dir='ltr'>cap.</span> <span class='ocrx_word' id='word_1_138' title='bbox 3467 459 3519 512; x_wconf 88' lang='lat'>8.</span> <span class='ocrx_word' id='word_1_139' title='bbox 3551 456 3758 512; x_wconf 85' lang='lat' dir='ltr'>Scribit</span> 
     </span>
    </p>
   </div>
   <div class='ocr_carea' id='block_1_20' title="bbox 2114 549 3758 622">
    <p class='ocr_par' dir='ltr' id='par_1_20' title="bbox 2114 549 3758 622">
     <span class='ocr_line' id='line_1_20' title="bbox 2114 549 3758 622; baseline 0 -18"><span class='ocrx_word' id='word_1_140' title='bbox 2114 550 2323 620; x_wconf 82' lang='lat' dir='ltr'>quippe</span> <span class='ocrx_word' id='word_1_141' title='bbox 2356 569 2384 600; x_wconf 86' lang='grc'><strong>‹‹</strong></span> <span class='ocrx_word' id='word_1_142' title='bbox 2401 549 2684 620; x_wconf 89' lang='lat' dir='ltr'>lgnatium</span> <span class='ocrx_word' id='word_1_143' title='bbox 2711 549 2908 604; x_wconf 88' lang='lat' dir='ltr'>vidisse</span> <span class='ocrx_word' id='word_1_144' title='bbox 2935 549 3240 620; x_wconf 86' lang='lat' dir='ltr'>aliquando</span> <span class='ocrx_word' id='word_1_145' title='bbox 3269 550 3500 621; x_wconf 82' lang='lat' dir='ltr'>angelos</span> <span class='ocrx_word' id='word_1_146' title='bbox 3525 551 3758 622; x_wconf 71' lang='lat' dir='ltr'>hymnis</span> 
     </span>
    </p>
   </div>
   <div class='ocr_carea' id='block_1_21' title="bbox 2113 643 3762 700">
    <p class='ocr_par' dir='ltr' id='par_1_21' title="bbox 2113 643 3762 700">
     <span class='ocr_line' id='line_1_21' title="bbox 2113 643 3762 700; baseline 0.002 -4"><span class='ocrx_word' id='word_1_147' title='bbox 2113 643 2434 698; x_wconf 84' lang='lat' dir='ltr'>alternatim</span> <span class='ocrx_word' id='word_1_148' title='bbox 2461 643 2767 698; x_wconf 87' lang='lat' dir='ltr'>decantatis</span> <span class='ocrx_word' id='word_1_149' title='bbox 2819 649 3069 700; x_wconf 83' lang='lat' dir='ltr'>sanctam</span> <span class='ocrx_word' id='word_1_150' title='bbox 3095 644 3428 698; x_wconf 87' lang='lat' dir='ltr'>Trinitatem</span> <span class='ocrx_word' id='word_1_151' title='bbox 3471 645 3762 700; x_wconf 72' lang='lat' dir='ltr'>celebran~</span> 
     </span>
    </p>
   </div>
   <div class='ocr_carea' id='block_1_22' title="bbox 2113 737 3758 808">
    <p class='ocr_par' dir='ltr' id='par_1_22' title="bbox 2113 737 3758 808">
     <span class='ocr_line' id='line_1_22' title="bbox 2113 737 3758 808; baseline 0.002 -18"><span class='ocrx_word' id='word_1_152' title='bbox 2113 741 2228 805; x_wconf 91' lang='lat' dir='ltr'>tes;</span> <span class='ocrx_word' id='word_1_153' title='bbox 2259 737 2502 808; x_wconf 88' lang='lat' dir='ltr'>indeque</span> <span class='ocrx_word' id='word_1_154' title='bbox 2531 737 2768 792; x_wconf 85' lang='lat' dir='ltr'>canendi</span> <span class='ocrx_word' id='word_1_155' title='bbox 2798 737 3096 804; x_wconf 89' lang='lat' dir='ltr'>rationem,</span> <span class='ocrx_word' id='word_1_156' title='bbox 3129 755 3300 808; x_wconf 89' lang='lat' dir='ltr'>quam</span> <span class='ocrx_word' id='word_1_157' title='bbox 3327 739 3388 792; x_wconf 89' lang='lat' dir='ltr'>in</span> <span class='ocrx_word' id='word_1_158' title='bbox 3413 739 3510 792; x_wconf 88' lang='lat' dir='ltr'>illa</span> <span class='ocrx_word' id='word_1_159' title='bbox 3535 739 3758 794; x_wconf 78' lang='lat' dir='ltr'>visione</span> 
     </span>
    </p>
   </div>
   <div class='ocr_carea' id='block_1_23' title="bbox 2113 829 3758 900">
    <p class='ocr_par' dir='ltr' id='par_1_23' title="bbox 2113 829 3758 900">
     <span class='ocr_line' id='line_1_23' title="bbox 2113 829 3758 900; baseline 0.002 -16"><span class='ocrx_word' id='word_1_160' title='bbox 2113 829 2638 898; x_wconf 55' lang='lat' dir='ltr'>animadverterat,</span> <span class='ocrx_word' id='word_1_161' title='bbox 2663 831 2908 886; x_wconf 70' lang='lat' dir='ltr'>ecclesia:</span> <span class='ocrx_word' id='word_1_162' title='bbox 2987 831 3348 886; x_wconf 86' lang='lat' dir='ltr'>Antiochensi</span> <span class='ocrx_word' id='word_1_163' title='bbox 3421 831 3758 900; x_wconf 85' lang='lat' dir='ltr'>tradidisse;</span> 
     </span>
    </p>
   </div>
   <div class='ocr_carea' id='block_1_24' title="bbox 2114 924 3764 996">
    <p class='ocr_par' dir='ltr' id='par_1_24' title="bbox 2114 924 3764 996">
     <span class='ocr_line' id='line_1_24' title="bbox 2114 924 3764 996; baseline -0.001 -16"><span class='ocrx_word' id='word_1_164' title='bbox 2114 924 2262 980; x_wconf 83' lang='lat' dir='ltr'>unde</span> <span class='ocrx_word' id='word_1_165' title='bbox 2287 924 2392 978; x_wconf 88' lang='lat' dir='ltr'>ista</span> <span class='ocrx_word' id='word_1_166' title='bbox 2419 924 2646 979; x_wconf 89' lang='lat' dir='ltr'>traditio</span> <span class='ocrx_word' id='word_1_167' title='bbox 2673 924 2744 978; x_wconf 90' lang='lat' dir='ltr'>ad</span> <span class='ocrx_word' id='word_1_168' title='bbox 2773 941 2972 980; x_wconf 91' lang='lat' dir='ltr'>omnes</span> <span class='ocrx_word' id='word_1_169' title='bbox 2991 929 3186 996; x_wconf 89' lang='lat' dir='ltr'>postea</span> <span class='ocrx_word' id='word_1_170' title='bbox 3213 925 3484 979; x_wconf 76' lang='lat' dir='ltr'>Ecclesiae</span> <span class='ocrx_word' id='word_1_171' title='bbox 3501 941 3764 996; x_wconf 88' lang='lat' dir='ltr'>permea-</span> 
     </span>
    </p>
   </div>
   <div class='ocr_carea' id='block_1_25' title="bbox 2113 1019 3764 1074">
    <p class='ocr_par' dir='ltr' id='par_1_25' title="bbox 2113 1019 3764 1074">
     <span class='ocr_line' id='line_1_25' title="bbox 2113 1019 3764 1074; baseline 0.001 -2"><span class='ocrx_word' id='word_1_172' title='bbox 2113 1019 2327 1074; x_wconf 79' lang='lat' dir='ltr'>verit.»</span> <span class='ocrx_word' id='word_1_173' title='bbox 2386 1019 2538 1072; x_wconf 88' lang='lat' dir='ltr'>Idem</span> <span class='ocrx_word' id='word_1_174' title='bbox 2580 1023 2776 1073; x_wconf 87' lang='lat' dir='ltr'>auctor</span> <span class='ocrx_word' id='word_1_175' title='bbox 2817 1019 3014 1073; x_wconf 90' lang='lat' dir='ltr'>eodem</span> <span class='ocrx_word' id='word_1_176' title='bbox 3065 1019 3124 1072; x_wconf 87' lang='lat' dir='ltr'>in</span> <span class='ocrx_word' id='word_1_177' title='bbox 3176 1019 3296 1072; x_wconf 93' lang='lat' dir='ltr'>loco</span> <span class='ocrx_word' id='word_1_178' title='bbox 3351 1024 3764 1074; x_wconf 84' lang='lat' dir='ltr'>commemorat</span> 
     </span>
    </p>
   </div>
   <div class='ocr_carea' id='block_1_26' title="bbox 2111 1112 3764 1183">
    <p class='ocr_par' dir='ltr' id='par_1_26' title="bbox 2111 1112 3764 1183">
     <span class='ocr_line' id='line_1_26' title="bbox 2111 1112 3764 1183; baseline 0.001 -17"><span class='ocrx_word' id='word_1_179' title='bbox 2111 1113 2262 1166; x_wconf 89' lang='lat' dir='ltr'>hunc</span> <span class='ocrx_word' id='word_1_180' title='bbox 2289 1112 2464 1166; x_wconf 85' lang='lat' dir='ltr'>ritum</span> <span class='ocrx_word' id='word_1_181' title='bbox 2489 1129 2522 1166; x_wconf 90' lang='lat' dir='ltr'>a</span> <span class='ocrx_word' id='word_1_182' title='bbox 2549 1117 2737 1166; x_wconf 90' lang='lat' dir='ltr'>sancto</span> <span class='ocrx_word' id='word_1_183' title='bbox 2765 1114 2977 1168; x_wconf 86' lang='lat' dir='ltr'>Joanne</span> <span class='ocrx_word' id='word_1_184' title='bbox 3009 1113 3406 1183; x_wconf 79' lang='lat' dir='ltr'>Chrysostomo</span> <span class='ocrx_word' id='word_1_185' title='bbox 3447 1113 3764 1167; x_wconf 86' lang='lat' dir='ltr'>Constanti-</span> 
     </span>
    </p>
   </div>
   <div class='ocr_carea' id='block_1_27' title="bbox 2111 1205 3758 1276">
    <p class='ocr_par' dir='ltr' id='par_1_27' title="bbox 2111 1205 3758 1276">
     <span class='ocr_line' id='line_1_27' title="bbox 2111 1205 3758 1276; baseline 0 -16"><span class='ocrx_word' id='word_1_186' title='bbox 2111 1205 2306 1276; x_wconf 91' lang='lat' dir='ltr'>nopoli</span> <span class='ocrx_word' id='word_1_187' title='bbox 2331 1205 2503 1258; x_wconf 88' lang='lat' dir='ltr'>fuisse</span> <span class='ocrx_word' id='word_1_188' title='bbox 2531 1205 2852 1260; x_wconf 89' lang='lat' dir='ltr'>institutum</span> <span class='ocrx_word' id='word_1_189' title='bbox 2885 1222 2954 1260; x_wconf 85' lang='lat' dir='ltr'>ex</span> <span class='ocrx_word' id='word_1_190' title='bbox 2985 1205 3344 1260; x_wconf 68' lang='lat' dir='ltr'>aamulationc</span> <span class='ocrx_word' id='word_1_191' title='bbox 3389 1207 3758 1275; x_wconf 84' lang='lat' dir='ltr'>Arianorum,</span> 
     </span>
    </p>
   </div>
   <div class='ocr_carea' id='block_1_28' title="bbox 2116 1297 3762 1370">
    <p class='ocr_par' dir='ltr' id='par_1_28' title="bbox 2116 1297 3762 1370">
     <span class='ocr_line' id='line_1_28' title="bbox 2116 1297 3762 1370; baseline 0.002 -20"><span class='ocrx_word' id='word_1_192' title='bbox 2116 1319 2142 1350; x_wconf 85' lang='lat'><strong>«</strong></span> <span class='ocrx_word' id='word_1_193' title='bbox 2162 1299 2258 1370; x_wconf 84' lang='lat' dir='ltr'>qui</span> <span class='ocrx_word' id='word_1_194' title='bbox 2287 1299 2525 1370; x_wconf 83' lang='lat' dir='ltr'>singulis</span> <span class='ocrx_word' id='word_1_195' title='bbox 2545 1297 2932 1366; x_wconf 85' lang='lat' dir='ltr'>hebdomadis,</span> <span class='ocrx_word' id='word_1_196' title='bbox 2967 1299 3189 1370; x_wconf 87' lang='lat' dir='ltr'>quoties</span> <span class='ocrx_word' id='word_1_197' title='bbox 3229 1299 3356 1354; x_wconf 89' lang='lat' dir='ltr'>festi</span> <span class='ocrx_word' id='word_1_198' title='bbox 3399 1299 3516 1354; x_wconf 90' lang='lat' dir='ltr'>dies</span> <span class='ocrx_word' id='word_1_199' title='bbox 3565 1316 3762 1354; x_wconf 78' lang='lat' dir='ltr'>occur-</span> 
     </span>
    </p>
   </div>
   <div class='ocr_carea' id='block_1_29' title="bbox 2115 1391 3756 1459">
    <p class='ocr_par' dir='ltr' id='par_1_29' title="bbox 2115 1391 3756 1459">
     <span class='ocr_line' id='line_1_29' title="bbox 2115 1391 3756 1459; baseline 0.002 -15"><span class='ocrx_word' id='word_1_200' title='bbox 2115 1391 2327 1459; x_wconf 87' lang='lat' dir='ltr'>rebant,</span> <span class='ocrx_word' id='word_1_201' title='bbox 2371 1391 2428 1444; x_wconf 92' lang='lat' dir='ltr'>id</span> <span class='ocrx_word' id='word_1_202' title='bbox 2459 1395 2541 1445; x_wconf 91' lang='lat' dir='ltr'>est</span> <span class='ocrx_word' id='word_1_203' title='bbox 2583 1391 2824 1445; x_wconf 89' lang='lat' dir='ltr'>Sabbato</span> <span class='ocrx_word' id='word_1_204' title='bbox 2869 1407 2930 1445; x_wconf 89' lang='lat' dir='ltr'>ac</span> <span class='ocrx_word' id='word_1_205' title='bbox 2972 1391 3064 1445; x_wconf 91' lang='lat' dir='ltr'>die</span> <span class='ocrx_word' id='word_1_206' title='bbox 3111 1391 3421 1459; x_wconf 90' lang='lat' dir='ltr'>Dominico,</span> <span class='ocrx_word' id='word_1_207' title='bbox 3465 1393 3526 1446; x_wconf 92' lang='lat' dir='ltr'>in</span> <span class='ocrx_word' id='word_1_208' title='bbox 3571 1409 3756 1448; x_wconf 86' lang='lat' dir='ltr'>unum</span> 
     </span>
    </p>
   </div>
   <div class='ocr_carea' id='block_1_30' title="bbox 2113 1485 3758 1556">
    <p class='ocr_par' dir='ltr' id='par_1_30' title="bbox 2113 1485 3758 1556">
     <span class='ocr_line' id='line_1_30' title="bbox 2113 1485 3758 1556; baseline 0.001 -18"><span class='ocrx_word' id='word_1_209' title='bbox 2113 1485 2460 1555; x_wconf 78' lang='lat' dir='ltr'>congregati,</span> <span class='ocrx_word' id='word_1_210' title='bbox 2483 1485 2724 1555; x_wconf 87' lang='lat' dir='ltr'>hymnos</span> <span class='ocrx_word' id='word_1_211' title='bbox 2751 1489 2880 1555; x_wconf 85' lang='lat' dir='ltr'>apte</span> <span class='ocrx_word' id='word_1_212' title='bbox 2905 1485 2974 1538; x_wconf 87' lang='lat' dir='ltr'>ad</span> <span class='ocrx_word' id='word_1_213' title='bbox 3005 1501 3166 1538; x_wconf 89' lang='lat' dir='ltr'>suam</span> <span class='ocrx_word' id='word_1_214' title='bbox 3193 1485 3458 1540; x_wconf 68' lang='lat' dir='ltr'>hazresim</span> <span class='ocrx_word' id='word_1_215' title='bbox 3483 1486 3758 1556; x_wconf 85' lang='lat' dir='ltr'>composi-</span> 
     </span>
    </p>
   </div>
   <div class='ocr_carea' id='block_1_31' title="bbox 2111 1577 3761 1648">
    <p class='ocr_par' dir='ltr' id='par_1_31' title="bbox 2111 1577 3761 1648">
     <span class='ocr_line' id='line_1_31' title="bbox 2111 1577 3761 1648; baseline 0.001 -16"><span class='ocrx_word' id='word_1_216' title='bbox 2111 1583 2218 1646; x_wconf 90' lang='lat' dir='ltr'>tos,</span> <span class='ocrx_word' id='word_1_217' title='bbox 2239 1577 2564 1632; x_wconf 87' lang='lat' dir='ltr'>alternatim</span> <span class='ocrx_word' id='word_1_218' title='bbox 2584 1579 2688 1631; x_wconf 89' lang='lat' dir='ltr'>sibi</span> <span class='ocrx_word' id='word_1_219' title='bbox 2721 1578 3123 1648; x_wconf 85' lang='lat' dir='ltr'>respondentes</span> <span class='ocrx_word' id='word_1_220' title='bbox 3143 1579 3436 1648; x_wconf 87' lang='lat' dir='ltr'>canebant,</span> <span class='ocrx_word' id='word_1_221' title='bbox 3462 1580 3761 1634; x_wconf 89' lang='lat' dir='ltr'>nocturnis</span> 
     </span>
    </p>
   </div>
   <div class='ocr_carea' id='block_1_32' title="bbox 2113 1671 3762 1727">
    <p class='ocr_par' dir='ltr' id='par_1_32' title="bbox 2113 1671 3762 1727">
     <span class='ocr_line' id='line_1_32' title="bbox 2113 1671 3762 1727; baseline 0.002 -3"><span class='ocrx_word' id='word_1_222' title='bbox 2113 1671 2322 1726; x_wconf 88' lang='lat' dir='ltr'>scilicet</span> <span class='ocrx_word' id='word_1_223' title='bbox 2357 1688 2420 1724; x_wconf 90' lang='lat' dir='ltr'>ac</span> <span class='ocrx_word' id='word_1_224' title='bbox 2465 1671 2756 1725; x_wconf 87' lang='lat' dir='ltr'>matutinis</span> <span class='ocrx_word' id='word_1_225' title='bbox 2801 1671 2970 1726; x_wconf 91' lang='lat' dir='ltr'>horis.</span> <span class='ocrx_word' id='word_1_226' title='bbox 3009 1693 3036 1720; x_wconf 85' lang='lat'>»</span> <span class='ocrx_word' id='word_1_227' title='bbox 3085 1673 3243 1726; x_wconf 85' lang='lat' dir='ltr'>Hunc</span> <span class='ocrx_word' id='word_1_228' title='bbox 3285 1689 3415 1726; x_wconf 88' lang='lat' dir='ltr'>vero</span> <span class='ocrx_word' id='word_1_229' title='bbox 3470 1674 3762 1727; x_wconf 90' lang='lat' dir='ltr'>alternum</span> 
     </span>
    </p>
   </div>
   <div class='ocr_carea' id='block_1_33' title="bbox 381 1748 2008 1837">
    <p class='ocr_par' dir='ltr' id='par_1_33' title="bbox 381 1765 2008 1837">
     <span class='ocr_line' id='line_1_33' title="bbox 381 1765 2008 1837; baseline 0.001 -16"><span class='ocrx_word' id='word_1_230' title='bbox 381 1768 583 1836; x_wconf 85' lang='lat' dir='ltr'>Amen,</span> <span class='ocrx_word' id='word_1_231' title='bbox 629 1787 656 1815; x_wconf 82' lang='grc'><strong>››</strong></span> <span class='ocrx_word' id='word_1_232' title='bbox 699 1765 967 1835; x_wconf 87' lang='lat' dir='ltr'>universi,</span> <span class='ocrx_word' id='word_1_233' title='bbox 1015 1771 1130 1820; x_wconf 89' lang='lat' dir='ltr'>tam</span> <span class='ocrx_word' id='word_1_234' title='bbox 1177 1765 1276 1820; x_wconf 90' lang='lat' dir='ltr'>viri</span> <span class='ocrx_word' id='word_1_235' title='bbox 1321 1781 1494 1837; x_wconf 89' lang='lat' dir='ltr'>quam</span> <span class='ocrx_word' id='word_1_236' title='bbox 1531 1766 1758 1822; x_wconf 63' lang='lat' dir='ltr'>feminea</span> <span class='ocrx_word' id='word_1_237' title='bbox 1808 1767 2008 1822; x_wconf 88' lang='lat' dir='ltr'>decan-</span> 
     </span>
    </p>
   </div>
   <div class='ocr_carea' id='block_1_34' title="bbox 2114 1748 3760 1837">
    <p class='ocr_par' dir='ltr' id='par_1_34' title="bbox 2115 1764 3760 1837">
     <span class='ocr_line' id='line_1_34' title="bbox 2115 1764 3760 1837; baseline 0.001 -19"><span class='ocrx_word' id='word_1_238' title='bbox 2115 1769 2344 1818; x_wconf 85' lang='lat' dir='ltr'>cantum</span> <span class='ocrx_word' id='word_1_239' title='bbox 2383 1765 2632 1820; x_wconf 85' lang='lat' dir='ltr'>Socrates</span> <span class='ocrx_word' id='word_1_240' title='bbox 2673 1764 3162 1835; x_wconf 89' lang='lat' dir='ltr'>antiphonarium,</span> <span class='ocrx_word' id='word_1_241' title='bbox 3221 1773 3482 1837; x_wconf 74' lang='grc' dir='ltr'>ἀντίφωνον</span> <span class='ocrx_word' id='word_1_242' title='bbox 3511 1773 3760 1836; x_wconf 79' lang='grc' dir='ltr'><strong>ὓμνωδίαν</strong></span> 
     </span>
    </p>
   </div>
   <div class='ocr_carea' id='block_1_35' title="bbox 384 1865 590 1914">
    <p class='ocr_par' dir='ltr' id='par_1_35' title="bbox 384 1865 590 1914">
     <span class='ocr_line' id='line_1_35' title="bbox 384 1865 590 1914; baseline 0 0"><span class='ocrx_word' id='word_1_243' title='bbox 384 1865 590 1914; x_wconf 89' lang='lat' dir='ltr'>tarent.</span> 
     </span>
    </p>
   </div>
   <div class='ocr_carea' id='block_1_36' title="bbox 455 1951 2012 2025">
    <p class='ocr_par' dir='ltr' id='par_1_36' title="bbox 455 1951 2012 2025">
     <span class='ocr_line' id='line_1_36' title="bbox 455 1951 2012 2025; baseline -0.003 -13"><span class='ocrx_word' id='word_1_244' title='bbox 455 1951 648 2025; x_wconf 83' lang='grc'>382</span> <span class='ocrx_word' id='word_1_245' title='bbox 679 1955 730 2007; x_wconf 72' lang='grc'>4.</span> <span class='ocrx_word' id='word_1_246' title='bbox 763 1954 968 2006; x_wconf 90' lang='lat' dir='ltr'>Verum</span> <span class='ocrx_word' id='word_1_247' title='bbox 995 1953 1161 2022; x_wconf 91' lang='lat' dir='ltr'>longe</span> <span class='ocrx_word' id='word_1_248' title='bbox 1190 1953 1488 2022; x_wconf 86' lang='lat' dir='ltr'>diversam,</span> <span class='ocrx_word' id='word_1_249' title='bbox 1517 1957 1572 2008; x_wconf 93' lang='lat' dir='ltr'>et</span> <span class='ocrx_word' id='word_1_250' title='bbox 1590 1955 1822 2024; x_wconf 83' lang='lat' dir='ltr'>quidem</span> <span class='ocrx_word' id='word_1_251' title='bbox 1849 1971 2012 2009; x_wconf 90' lang='lat' dir='ltr'>accu-</span> 
     </span>
    </p>
   </div>
   <div class='ocr_carea' id='block_1_37' title="bbox 381 2045 2014 2117">
    <p class='ocr_par' dir='ltr' id='par_1_37' title="bbox 381 2045 2014 2117">
     <span class='ocr_line' id='line_1_37' title="bbox 381 2045 2014 2117; baseline 0.001 -17"><span class='ocrx_word' id='word_1_252' title='bbox 381 2047 646 2100; x_wconf 89' lang='lat' dir='ltr'>ratiorem</span> <span class='ocrx_word' id='word_1_253' title='bbox 675 2045 1000 2117; x_wconf 73' lang='lat' dir='ltr'>psalmodite</span> <span class='ocrx_word' id='word_1_254' title='bbox 1025 2047 1176 2116; x_wconf 90' lang='lat' dir='ltr'>apud</span> <span class='ocrx_word' id='word_1_255' title='bbox 1203 2046 1514 2100; x_wconf 88' lang='lat' dir='ltr'>Orientales</span> <span class='ocrx_word' id='word_1_256' title='bbox 1544 2048 1824 2102; x_wconf 89' lang='lat' dir='ltr'>rationem</span> <span class='ocrx_word' id='word_1_257' title='bbox 1851 2048 2014 2102; x_wconf 89' lang='lat' dir='ltr'>nobis</span> 
     </span>
    </p>
   </div>
   <div class='ocr_carea' id='block_1_38' title="bbox 379 2139 2012 2208">
    <p class='ocr_par' dir='ltr' id='par_1_38' title="bbox 379 2139 2012 2208">
     <span class='ocr_line' id='line_1_38' title="bbox 379 2139 2012 2208; baseline 0 -14"><span class='ocrx_word' id='word_1_258' title='bbox 379 2139 648 2194; x_wconf 84' lang='lat' dir='ltr'>exhibent</span> <span class='ocrx_word' id='word_1_259' title='bbox 699 2140 1012 2208; x_wconf 88' lang='lat' dir='ltr'>Cassianus,</span> <span class='ocrx_word' id='word_1_260' title='bbox 1060 2139 1312 2194; x_wconf 88' lang='lat' dir='ltr'>Socrates</span> <span class='ocrx_word' id='word_1_261' title='bbox 1361 2145 1416 2194; x_wconf 91' lang='lat' dir='ltr'>et</span> <span class='ocrx_word' id='word_1_262' title='bbox 1453 2140 1846 2195; x_wconf 88' lang='lat' dir='ltr'>Theodoritus.</span> <span class='ocrx_word' id='word_1_263' title='bbox 1879 2143 2012 2196; x_wconf 89' lang='lat' dir='ltr'>Cas-</span> 
     </span>
    </p>
   </div>
   <div class='ocr_carea' id='block_1_39' title="bbox 383 2232 2014 2304">
    <p class='ocr_par' dir='ltr' id='par_1_39' title="bbox 383 2232 2014 2304">
     <span class='ocr_line' id='line_1_39' title="bbox 383 2232 2014 2304; baseline 0.001 -18"><span class='ocrx_word' id='word_1_264' title='bbox 383 2233 570 2286; x_wconf 88' lang='lat' dir='ltr'>sianus</span> <span class='ocrx_word' id='word_1_265' title='bbox 603 2233 834 2304; x_wconf 88' lang='lat' dir='ltr'>quippe,</span> <span class='ocrx_word' id='word_1_266' title='bbox 887 2233 1105 2287; x_wconf 91' lang='lat' dir='ltr'>omissis</span> <span class='ocrx_word' id='word_1_267' title='bbox 1142 2232 1308 2286; x_wconf 90' lang='lat' dir='ltr'>variis</span> <span class='ocrx_word' id='word_1_268' title='bbox 1345 2233 1515 2304; x_wconf 87' lang='lat' dir='ltr'>typis,</span> <span class='ocrx_word' id='word_1_269' title='bbox 1545 2249 1685 2304; x_wconf 91' lang='lat' dir='ltr'>quos</span> <span class='ocrx_word' id='word_1_270' title='bbox 1719 2251 1821 2304; x_wconf 91' lang='lat' dir='ltr'>pro</span> <span class='ocrx_word' id='word_1_271' title='bbox 1858 2235 2014 2288; x_wconf 94' lang='lat' dir='ltr'>loco-</span> 
     </span>
    </p>
   </div>
   <div class='ocr_carea' id='block_1_40' title="bbox 381 2326 2016 2398">
    <p class='ocr_par' dir='ltr' id='par_1_40' title="bbox 381 2326 2016 2398">
     <span class='ocr_line' id='line_1_40' title="bbox 381 2326 2016 2398; baseline 0.002 -20"><span class='ocrx_word' id='word_1_272' title='bbox 381 2342 510 2379; x_wconf 91' lang='lat' dir='ltr'>rum</span> <span class='ocrx_word' id='word_1_273' title='bbox 536 2326 800 2380; x_wconf 87' lang='lat' dir='ltr'>varietate</span> <span class='ocrx_word' id='word_1_274' title='bbox 837 2326 1134 2382; x_wconf 89' lang='lat' dir='ltr'>dissimiles</span> <span class='ocrx_word' id='word_1_275' title='bbox 1170 2326 1342 2380; x_wconf 86' lang='lat' dir='ltr'>fuisse</span> <span class='ocrx_word' id='word_1_276' title='bbox 1391 2327 1547 2394; x_wconf 88' lang='lat' dir='ltr'>dicit,</span> <span class='ocrx_word' id='word_1_277' title='bbox 1576 2327 1688 2380; x_wconf 92' lang='lat' dir='ltr'>duo</span> <span class='ocrx_word' id='word_1_278' title='bbox 1729 2327 2016 2398; x_wconf 72' lang='lat' dir='ltr'>prmcipua</span> 
     </span>
    </p>
   </div>
   <div class='ocr_carea' id='block_1_41' title="bbox 379 2419 2018 2491">
    <p class='ocr_par' dir='ltr' id='par_1_41' title="bbox 379 2419 2018 2491">
     <span class='ocr_line' id='line_1_41' title="bbox 379 2419 2018 2491; baseline 0.001 -19"><span class='ocrx_word' id='word_1_279' title='bbox 379 2419 711 2488; x_wconf 71' lang='lat' dir='ltr'>psalmodize</span> <span class='ocrx_word' id='word_1_280' title='bbox 735 2420 884 2490; x_wconf 90' lang='lat' dir='ltr'>apud</span> <span class='ocrx_word' id='word_1_281' title='bbox 913 2421 1212 2474; x_wconf 88' lang='lat' dir='ltr'>orientales</span> <span class='ocrx_word' id='word_1_282' title='bbox 1239 2421 1548 2474; x_wconf 88' lang='lat' dir='ltr'>monachos</span> <span class='ocrx_word' id='word_1_283' title='bbox 1581 2437 1788 2491; x_wconf 81' lang='lat' dir='ltr'>genera</span> <span class='ocrx_word' id='word_1_284' title='bbox 1813 2421 2018 2474; x_wconf 91' lang='lat' dir='ltr'>descri-</span> 
     </span>
    </p>
   </div>
   <div class='ocr_carea' id='block_1_42' title="bbox 380 2511 2012 2584">
    <p class='ocr_par' dir='ltr' id='par_1_42' title="bbox 380 2511 2012 2584">
     <span class='ocr_line' id='line_1_42' title="bbox 380 2511 2012 2584; baseline 0.002 -19"><span class='ocrx_word' id='word_1_285' title='bbox 380 2511 464 2566; x_wconf 90' lang='lat' dir='ltr'>bit</span> <span class='ocrx_word' id='word_1_286' title='bbox 490 2527 503 2566; x_wconf 91' lang='lat'>:</span> <span class='ocrx_word' id='word_1_287' title='bbox 536 2525 718 2566; x_wconf 89' lang='lat' dir='ltr'>unum</span> <span class='ocrx_word' id='word_1_288' title='bbox 743 2529 940 2568; x_wconf 92' lang='lat' dir='ltr'>eorum</span> <span class='ocrx_word' id='word_1_289' title='bbox 971 2515 1068 2584; x_wconf 89' lang='lat' dir='ltr'>qui</span> <span class='ocrx_word' id='word_1_290' title='bbox 1095 2514 1151 2567; x_wconf 91' lang='lat' dir='ltr'>in</span> <span class='ocrx_word' id='word_1_291' title='bbox 1177 2515 1416 2584; x_wconf 70' lang='lat' dir='ltr'>.Egypto</span> <span class='ocrx_word' id='word_1_292' title='bbox 1453 2518 1509 2568; x_wconf 88' lang='lat' dir='ltr'>et</span> <span class='ocrx_word' id='word_1_293' title='bbox 1543 2513 1843 2582; x_wconf 88' lang='lat' dir='ltr'>Thebaide,</span> <span class='ocrx_word' id='word_1_294' title='bbox 1871 2514 2012 2569; x_wconf 86' lang='lat' dir='ltr'>alte-</span> 
     </span>
    </p>
   </div>
   <div class='ocr_carea' id='block_1_43' title="bbox 381 2607 2015 2677">
    <p class='ocr_par' dir='ltr' id='par_1_43' title="bbox 381 2607 2015 2677">
     <span class='ocr_line' id='line_1_43' title="bbox 381 2607 2015 2677; baseline 0.001 -19"><span class='ocrx_word' id='word_1_295' title='bbox 381 2621 512 2660; x_wconf 87' lang='lat' dir='ltr'>rum</span> <span class='ocrx_word' id='word_1_296' title='bbox 537 2621 734 2660; x_wconf 89' lang='lat' dir='ltr'>eorum</span> <span class='ocrx_word' id='word_1_297' title='bbox 764 2607 862 2677; x_wconf 90' lang='lat' dir='ltr'>qui</span> <span class='ocrx_word' id='word_1_298' title='bbox 899 2607 956 2660; x_wconf 90' lang='lat' dir='ltr'>in</span> <span class='ocrx_word' id='word_1_299' title='bbox 983 2607 1278 2660; x_wconf 65' lang='lat' dir='ltr'>Palaestina</span> <span class='ocrx_word' id='word_1_300' title='bbox 1305 2611 1360 2660; x_wconf 89' lang='lat' dir='ltr'>et</span> <span class='ocrx_word' id='word_1_301' title='bbox 1387 2607 1446 2660; x_wconf 93' lang='lat' dir='ltr'>in</span> <span class='ocrx_word' id='word_1_302' title='bbox 1472 2607 1866 2676; x_wconf 83' lang='lat' dir='ltr'>Mesopotamia</span> <span class='ocrx_word' id='word_1_303' title='bbox 1896 2623 2015 2661; x_wconf 91' lang='lat' dir='ltr'>ver-</span> 
     </span>
    </p>
   </div>
   <div class='ocr_carea' id='block_1_44' title="bbox 383 2699 2012 2770">
    <p class='ocr_par' dir='ltr' id='par_1_44' title="bbox 383 2699 2012 2770">
     <span class='ocr_line' id='line_1_44' title="bbox 383 2699 2012 2770; baseline 0.001 -18"><span class='ocrx_word' id='word_1_304' title='bbox 383 2699 668 2754; x_wconf 87' lang='lat' dir='ltr'>sabantur.</span> <span class='ocrx_word' id='word_1_305' title='bbox 699 2699 793 2754; x_wconf 87' lang='lat' dir='ltr'>His</span> <span class='ocrx_word' id='word_1_306' title='bbox 809 2700 1028 2754; x_wconf 92' lang='lat' dir='ltr'>duobus</span> <span class='ocrx_word' id='word_1_307' title='bbox 1049 2705 1307 2754; x_wconf 81' lang='lat' dir='ltr'>accurate</span> <span class='ocrx_word' id='word_1_308' title='bbox 1333 2701 1680 2770; x_wconf 78' lang='lat' dir='ltr'>exponendis</span> <span class='ocrx_word' id='word_1_309' title='bbox 1701 2701 2012 2755; x_wconf 87' lang='lat' dir='ltr'>secundum</span> 
     </span>
    </p>
   </div>
   <div class='ocr_carea' id='block_1_45' title="bbox 378 2793 1582 2848">
    <p class='ocr_par' dir='ltr' id='par_1_45' title="bbox 378 2793 1582 2848">
     <span class='ocr_line' id='line_1_45' title="bbox 378 2793 1582 2848; baseline 0.002 -3"><span class='ocrx_word' id='word_1_310' title='bbox 378 2809 442 2846; x_wconf 91' lang='lat' dir='ltr'>ac</span> <span class='ocrx_word' id='word_1_311' title='bbox 469 2793 698 2847; x_wconf 88' lang='lat' dir='ltr'>tertium</span> <span class='ocrx_word' id='word_1_312' title='bbox 727 2793 1116 2848; x_wconf 88' lang='lat' dir='ltr'>institutorum</span> <span class='ocrx_word' id='word_1_313' title='bbox 1137 2795 1307 2848; x_wconf 91' lang='lat' dir='ltr'>libros</span> <span class='ocrx_word' id='word_1_314' title='bbox 1325 2793 1582 2848; x_wconf 89' lang='lat' dir='ltr'>insumit.</span> 
     </span>
    </p>
   </div>
   <div class='ocr_carea' id='block_1_46' title="bbox 449 2886 2010 2958">
    <p class='ocr_par' dir='ltr' id='par_1_46' title="bbox 449 2886 2010 2958">
     <span class='ocr_line' id='line_1_46' title="bbox 449 2886 2010 2958; baseline 0.001 -18"><span class='ocrx_word' id='word_1_315' title='bbox 449 2891 502 2940; x_wconf 79' lang='lat'>5.</span> <span class='ocrx_word' id='word_1_316' title='bbox 549 2886 948 2957; x_wconf 65' lang='lat' dir='ltr'>Egyptiorum</span> <span class='ocrx_word' id='word_1_317' title='bbox 995 2892 1160 2958; x_wconf 73' lang='lat' dir='ltr'>typus</span> <span class='ocrx_word' id='word_1_318' title='bbox 1202 2889 1263 2942; x_wconf 93' lang='lat' dir='ltr'>in</span> <span class='ocrx_word' id='word_1_319' title='bbox 1295 2905 1520 2942; x_wconf 90' lang='lat' dir='ltr'>summa</span> <span class='ocrx_word' id='word_1_320' title='bbox 1557 2888 1602 2940; x_wconf 90' lang='lat' dir='ltr'>is</span> <span class='ocrx_word' id='word_1_321' title='bbox 1641 2893 1780 2942; x_wconf 89' lang='lat' dir='ltr'>erat.</span> <span class='ocrx_word' id='word_1_322' title='bbox 1819 2889 2010 2942; x_wconf 87' lang='lat' dir='ltr'>Primo</span> 
     </span>
    </p>
   </div>
   <div class='ocr_carea' id='block_1_47' title="bbox 381 2978 2009 3052">
    <p class='ocr_par' dir='ltr' id='par_1_47' title="bbox 381 2978 2009 3052">
     <span class='ocr_line' id='line_1_47' title="bbox 381 2978 2009 3052; baseline 0.004 -22"><span class='ocrx_word' id='word_1_323' title='bbox 381 2978 598 3032; x_wconf 88' lang='lat' dir='ltr'>duabus</span> <span class='ocrx_word' id='word_1_324' title='bbox 625 2984 846 3033; x_wconf 86' lang='lat' dir='ltr'>tantum</span> <span class='ocrx_word' id='word_1_325' title='bbox 891 2979 1102 3034; x_wconf 84' lang='lat' dir='ltr'>vicibus</span> <span class='ocrx_word' id='word_1_326' title='bbox 1140 2981 1200 3034; x_wconf 89' lang='lat' dir='ltr'>in</span> <span class='ocrx_word' id='word_1_327' title='bbox 1241 2981 1552 3035; x_wconf 90' lang='lat' dir='ltr'>oratorium</span> <span class='ocrx_word' id='word_1_328' title='bbox 1589 2981 2009 3052; x_wconf 86' lang='lat' dir='ltr'>conveniebant,</span> 
     </span>
    </p>
   </div>
   <div class='ocr_carea' id='block_1_48' title="bbox 381 3071 2012 3143">
    <p class='ocr_par' dir='ltr' id='par_1_48' title="bbox 381 3071 2012 3143">
     <span class='ocr_line' id='line_1_48' title="bbox 381 3071 2012 3143; baseline 0.003 -20"><span class='ocrx_word' id='word_1_329' title='bbox 381 3071 598 3140; x_wconf 86' lang='lat' dir='ltr'>vesperi</span> <span class='ocrx_word' id='word_1_330' title='bbox 642 3071 873 3139; x_wconf 89' lang='lat' dir='ltr'>scilicet,</span> <span class='ocrx_word' id='word_1_331' title='bbox 905 3088 968 3126; x_wconf 87' lang='lat' dir='ltr'>ac</span> <span class='ocrx_word' id='word_1_332' title='bbox 999 3072 1190 3126; x_wconf 89' lang='lat' dir='ltr'>media</span> <span class='ocrx_word' id='word_1_333' title='bbox 1225 3077 1407 3142; x_wconf 88' lang='lat' dir='ltr'>nocte,</span> <span class='ocrx_word' id='word_1_334' title='bbox 1437 3078 1494 3128; x_wconf 92' lang='lat' dir='ltr'>et</span> <span class='ocrx_word' id='word_1_335' title='bbox 1527 3072 1765 3143; x_wconf 89' lang='lat' dir='ltr'>singulis</span> <span class='ocrx_word' id='word_1_336' title='bbox 1799 3074 2012 3128; x_wconf 87' lang='lat' dir='ltr'>vicibus</span> 
     </span>
    </p>
   </div>
   <div class='ocr_carea' id='block_1_49' title="bbox 379 3164 2010 3238">
    <p class='ocr_par' dir='ltr' id='par_1_49' title="bbox 379 3164 2010 3238">
     <span class='ocr_line' id='line_1_49' title="bbox 379 3164 2010 3238; baseline 0.004 -22"><span class='ocrx_word' id='word_1_337' title='bbox 379 3165 628 3234; x_wconf 87' lang='lat' dir='ltr'>psalmos</span> <span class='ocrx_word' id='word_1_338' title='bbox 651 3164 938 3220; x_wconf 88' lang='lat' dir='ltr'>duodenos</span> <span class='ocrx_word' id='word_1_339' title='bbox 989 3165 1308 3234; x_wconf 89' lang='lat' dir='ltr'>cantabant,</span> <span class='ocrx_word' id='word_1_340' title='bbox 1341 3167 1463 3220; x_wconf 90' lang='lat' dir='ltr'>aliis</span> <span class='ocrx_word' id='word_1_341' title='bbox 1496 3167 1652 3220; x_wconf 90' lang='lat' dir='ltr'>horis</span> <span class='ocrx_word' id='word_1_342' title='bbox 1679 3167 1922 3238; x_wconf 87' lang='lat' dir='ltr'>psalmos</span> <span class='ocrx_word' id='word_1_343' title='bbox 1949 3169 2010 3223; x_wconf 91' lang='lat' dir='ltr'>in</span> 
     </span>
    </p>
   </div>
   <div class='ocr_carea' id='block_1_50' title="bbox 381 3257 2006 3316">
    <p class='ocr_par' dir='ltr' id='par_1_50' title="bbox 381 3257 2006 3316">
     <span class='ocr_line' id='line_1_50' title="bbox 381 3257 2006 3316; baseline 0.004 -6"><span class='ocrx_word' id='word_1_344' title='bbox 381 3257 596 3311; x_wconf 89' lang='lat' dir='ltr'>cellulis</span> <span class='ocrx_word' id='word_1_345' title='bbox 641 3257 755 3312; x_wconf 91' lang='lat' dir='ltr'>suis</span> <span class='ocrx_word' id='word_1_346' title='bbox 803 3258 953 3312; x_wconf 91' lang='lat' dir='ltr'>inter</span> <span class='ocrx_word' id='word_1_347' title='bbox 989 3259 1360 3313; x_wconf 89' lang='lat' dir='ltr'>laborandum</span> <span class='ocrx_word' id='word_1_348' title='bbox 1413 3259 1647 3314; x_wconf 87' lang='lat' dir='ltr'>recitare</span> <span class='ocrx_word' id='word_1_349' title='bbox 1699 3261 1868 3314; x_wconf 86' lang='lat' dir='ltr'>soliti.</span> <span class='ocrx_word' id='word_1_350' title='bbox 1909 3262 2006 3316; x_wconf 91' lang='lat' dir='ltr'>Se-</span> 
     </span>
    </p>
   </div>
   <div class='ocr_carea' id='block_1_51' title="bbox 379 3350 2010 3422">
    <p class='ocr_par' dir='ltr' id='par_1_51' title="bbox 379 3350 2010 3422">
     <span class='ocr_line' id='line_1_51' title="bbox 379 3350 2010 3422; baseline 0.004 -19"><span class='ocrx_word' id='word_1_351' title='bbox 379 3350 562 3404; x_wconf 90' lang='lat' dir='ltr'>cundo</span> <span class='ocrx_word' id='word_1_352' title='bbox 589 3351 692 3405; x_wconf 91' lang='lat' dir='ltr'>hos</span> <span class='ocrx_word' id='word_1_353' title='bbox 719 3351 1016 3406; x_wconf 90' lang='lat' dir='ltr'>duodecim</span> <span class='ocrx_word' id='word_1_354' title='bbox 1045 3352 1288 3422; x_wconf 88' lang='lat' dir='ltr'>psalmos</span> <span class='ocrx_word' id='word_1_355' title='bbox 1305 3369 1454 3407; x_wconf 91' lang='lat' dir='ltr'>unus</span> <span class='ocrx_word' id='word_1_356' title='bbox 1479 3357 1701 3408; x_wconf 86' lang='lat' dir='ltr'>tantum</span> <span class='ocrx_word' id='word_1_357' title='bbox 1717 3355 1889 3408; x_wconf 90' lang='lat' dir='ltr'>lector</span> <span class='ocrx_word' id='word_1_358' title='bbox 1911 3359 2010 3410; x_wconf 87' lang='lat' dir='ltr'>aut</span> 
     </span>
    </p>
   </div>
   <div class='ocr_carea' id='block_1_52' title="bbox 377 3445 2009 3516">
    <p class='ocr_par' dir='ltr' id='par_1_52' title="bbox 377 3445 2009 3516">
     <span class='ocr_line' id='line_1_52' title="bbox 377 3445 2009 3516; baseline 0.002 -18"><span class='ocrx_word' id='word_1_359' title='bbox 377 3447 590 3514; x_wconf 89' lang='lat' dir='ltr'>cantor,</span> <span class='ocrx_word' id='word_1_360' title='bbox 623 3446 682 3500; x_wconf 90' lang='lat' dir='ltr'>id</span> <span class='ocrx_word' id='word_1_361' title='bbox 709 3451 794 3500; x_wconf 92' lang='lat' dir='ltr'>est</span> <span class='ocrx_word' id='word_1_362' title='bbox 837 3445 1045 3516; x_wconf 87' lang='lat' dir='ltr'>singuli</span> <span class='ocrx_word' id='word_1_363' title='bbox 1085 3446 1358 3516; x_wconf 85' lang='lat' dir='ltr'>singulos,</span> <span class='ocrx_word' id='word_1_364' title='bbox 1389 3447 1478 3501; x_wconf 91' lang='lat' dir='ltr'>vel</span> <span class='ocrx_word' id='word_1_365' title='bbox 1517 3464 1666 3502; x_wconf 91' lang='lat' dir='ltr'>unus</span> <span class='ocrx_word' id='word_1_366' title='bbox 1702 3449 2009 3502; x_wconf 89' lang='lat' dir='ltr'>admodum</span> 
     </span>
    </p>
   </div>
   <div class='ocr_carea' id='block_1_53' title="bbox 377 3539 2008 3606">
    <p class='ocr_par' dir='ltr' id='par_1_53' title="bbox 377 3539 2008 3606">
     <span class='ocr_line' id='line_1_53' title="bbox 377 3539 2008 3606; baseline 0.002 -14"><span class='ocrx_word' id='word_1_367' title='bbox 377 3543 432 3593; x_wconf 91' lang='lat' dir='ltr'>et</span> <span class='ocrx_word' id='word_1_368' title='bbox 462 3539 603 3592; x_wconf 91' lang='lat' dir='ltr'>alter</span> <span class='ocrx_word' id='word_1_369' title='bbox 625 3555 788 3593; x_wconf 88' lang='lat' dir='ltr'>senos</span> <span class='ocrx_word' id='word_1_370' title='bbox 813 3539 870 3592; x_wconf 92' lang='lat' dir='ltr'>in</span> <span class='ocrx_word' id='word_1_371' title='bbox 897 3539 1105 3606; x_wconf 89' lang='lat' dir='ltr'>medio,</span> <span class='ocrx_word' id='word_1_372' title='bbox 1135 3539 1374 3594; x_wconf 88' lang='lat' dir='ltr'>fratrum</span> <span class='ocrx_word' id='word_1_373' title='bbox 1401 3541 1766 3596; x_wconf 85' lang='lat' dir='ltr'>consistentes</span> <span class='ocrx_word' id='word_1_374' title='bbox 1811 3542 2008 3596; x_wconf 81' lang='lat' dir='ltr'>decan-</span> 
     </span>
    </p>
   </div>
   <div class='ocr_carea' id='block_1_54' title="bbox 377 3631 2004 3706">
    <p class='ocr_par' dir='ltr' id='par_1_54' title="bbox 377 3631 2004 3706">
     <span class='ocr_line' id='line_1_54' title="bbox 377 3631 2004 3706; baseline 0.004 -22"><span class='ocrx_word' id='word_1_375' title='bbox 377 3631 594 3698; x_wconf 88' lang='lat' dir='ltr'>tabant,</span> <span class='ocrx_word' id='word_1_376' title='bbox 621 3633 836 3685; x_wconf 76' lang='lat' dir='ltr'>caeteris</span> <span class='ocrx_word' id='word_1_377' title='bbox 875 3633 1198 3686; x_wconf 87' lang='lat' dir='ltr'>sedentibus</span> <span class='ocrx_word' id='word_1_378' title='bbox 1233 3638 1290 3688; x_wconf 89' lang='lat' dir='ltr'>et</span> <span class='ocrx_word' id='word_1_379' title='bbox 1329 3633 1580 3689; x_wconf 89' lang='lat' dir='ltr'>intentis.</span> <span class='ocrx_word' id='word_1_380' title='bbox 1623 3635 1810 3690; x_wconf 87' lang='lat' dir='ltr'>Tertio</span> <span class='ocrx_word' id='word_1_381' title='bbox 1855 3636 2004 3706; x_wconf 88' lang='lat' dir='ltr'>psal-</span> 
     </span>
    </p>
   </div>
   <div class='ocr_carea' id='block_1_55' title="bbox 377 3725 2004 3797">
    <p class='ocr_par' dir='ltr' id='par_1_55' title="bbox 377 3725 2004 3797">
     <span class='ocr_line' id='line_1_55' title="bbox 377 3725 2004 3797; baseline 0.003 -19"><span class='ocrx_word' id='word_1_382' title='bbox 377 3740 517 3792; x_wconf 88' lang='lat' dir='ltr'>mos,</span> <span class='ocrx_word' id='word_1_383' title='bbox 535 3725 850 3794; x_wconf 72' lang='lat' dir='ltr'>praesertim</span> <span class='ocrx_word' id='word_1_384' title='bbox 865 3725 1168 3794; x_wconf 89' lang='lat' dir='ltr'>longiores,</span> <span class='ocrx_word' id='word_1_385' title='bbox 1188 3742 1300 3779; x_wconf 92' lang='lat' dir='ltr'>non</span> <span class='ocrx_word' id='word_1_386' title='bbox 1322 3728 1585 3782; x_wconf 90' lang='lat' dir='ltr'>continue</span> <span class='ocrx_word' id='word_1_387' title='bbox 1603 3731 1658 3782; x_wconf 91' lang='lat' dir='ltr'>et</span> <span class='ocrx_word' id='word_1_388' title='bbox 1676 3745 1785 3782; x_wconf 90' lang='lat' dir='ltr'>uno</span> <span class='ocrx_word' id='word_1_389' title='bbox 1801 3733 2004 3797; x_wconf 88' lang='lat' dir='ltr'>tractu,</span> 
     </span>
    </p>
   </div>
   <div class='ocr_carea' id='block_1_56' title="bbox 377 3816 2004 3891">
    <p class='ocr_par' dir='ltr' id='par_1_56' title="bbox 377 3816 2004 3891">
     <span class='ocr_line' id='line_1_56' title="bbox 377 3816 2004 3891; baseline 0.004 -21"><span class='ocrx_word' id='word_1_390' title='bbox 377 3817 472 3870; x_wconf 92' lang='lat' dir='ltr'>sed</span> <span class='ocrx_word' id='word_1_391' title='bbox 500 3816 863 3871; x_wconf 88' lang='lat' dir='ltr'>meditatione</span> <span class='ocrx_word' id='word_1_392' title='bbox 890 3821 988 3872; x_wconf 90' lang='lat' dir='ltr'>aut</span> <span class='ocrx_word' id='word_1_393' title='bbox 1017 3818 1170 3872; x_wconf 90' lang='lat' dir='ltr'>brevi</span> <span class='ocrx_word' id='word_1_394' title='bbox 1198 3820 1450 3874; x_wconf 88' lang='lat' dir='ltr'>oratione</span> <span class='ocrx_word' id='word_1_395' title='bbox 1479 3820 1808 3891; x_wconf 87' lang='lat' dir='ltr'>interposita</span> <span class='ocrx_word' id='word_1_396' title='bbox 1862 3823 2004 3876; x_wconf 92' lang='lat' dir='ltr'>reci-</span> 
     </span>
    </p>
   </div>
   <div class='ocr_carea' id='block_1_57' title="bbox 377 3909 2004 3980">
    <p class='ocr_par' dir='ltr' id='par_1_57' title="bbox 377 3909 2004 3980">
     <span class='ocr_line' id='line_1_57' title="bbox 377 3909 2004 3980; baseline 0.002 -16"><span class='ocrx_word' id='word_1_397' title='bbox 377 3909 570 3964; x_wconf 80' lang='lat' dir='ltr'>tabant</span> <span class='ocrx_word' id='word_1_398' title='bbox 585 3927 600 3978; x_wconf 92' lang='lat'>;</span> <span class='ocrx_word' id='word_1_399' title='bbox 629 3913 686 3964; x_wconf 89' lang='lat' dir='ltr'>et</span> <span class='ocrx_word' id='word_1_400' title='bbox 711 3911 950 3980; x_wconf 88' lang='lat' dir='ltr'>psalmos</span> <span class='ocrx_word' id='word_1_401' title='bbox 971 3909 1141 3980; x_wconf 90' lang='lat' dir='ltr'>ipsos,</span> <span class='ocrx_word' id='word_1_402' title='bbox 1169 3928 1284 3966; x_wconf 91' lang='lat' dir='ltr'>non</span> <span class='ocrx_word' id='word_1_403' title='bbox 1313 3912 1585 3966; x_wconf 87' lang='lat' dir='ltr'>versiculo</span> <span class='ocrx_word' id='word_1_404' title='bbox 1617 3915 1802 3970; x_wconf 78' lang='lat' dir='ltr'>Gloria</span> <span class='ocrx_word' id='word_1_405' title='bbox 1829 3917 2004 3977; x_wconf 76' lang='lat' dir='ltr'>Patri,</span> 
     </span>
    </p>
   </div>
   <div class='ocr_carea' id='block_1_58' title="bbox 377 4003 2006 4074">
    <p class='ocr_par' dir='ltr' id='par_1_58' title="bbox 377 4003 2006 4074">
     <span class='ocr_line' id='line_1_58' title="bbox 377 4003 2006 4074; baseline 0.004 -18"><span class='ocrx_word' id='word_1_406' title='bbox 377 4003 468 4056; x_wconf 86' lang='lat' dir='ltr'>sed</span> <span class='ocrx_word' id='word_1_407' title='bbox 521 4003 629 4057; x_wconf 88' lang='lat' dir='ltr'>alia</span> <span class='ocrx_word' id='word_1_408' title='bbox 669 4003 822 4057; x_wconf 89' lang='lat' dir='ltr'>brevi</span> <span class='ocrx_word' id='word_1_409' title='bbox 857 4005 1215 4074; x_wconf 89' lang='lat' dir='ltr'>precatione;</span> <span class='ocrx_word' id='word_1_410' title='bbox 1261 4005 1660 4060; x_wconf 88' lang='lat' dir='ltr'>duodecimum</span> <span class='ocrx_word' id='word_1_411' title='bbox 1697 4023 1828 4062; x_wconf 87' lang='lat' dir='ltr'>vero</span> <span class='ocrx_word' id='word_1_412' title='bbox 1871 4025 2006 4063; x_wconf 90' lang='lat' dir='ltr'>voce</span> 
     </span>
    </p>
   </div>
   <div class='ocr_carea' id='block_1_59' title="bbox 373 4097 2006 4170">
    <p class='ocr_par' dir='ltr' id='par_1_59' title="bbox 373 4097 2006 4170">
     <span class='ocr_line' id='line_1_59' title="bbox 373 4097 2006 4170; baseline 0.002 -18"><span class='ocrx_word' id='word_1_413' title='bbox 373 4097 615 4152; x_wconf 82' lang='lat' dir='ltr'>Alleluia</span> <span class='ocrx_word' id='word_1_414' title='bbox 662 4097 1092 4152; x_wconf 88' lang='lat' dir='ltr'>concludebant.</span> <span class='ocrx_word' id='word_1_415' title='bbox 1139 4099 1346 4162; x_wconf 88' lang='lat' dir='ltr'>Quarto</span> <span class='ocrx_word' id='word_1_416' title='bbox 1387 4099 1561 4153; x_wconf 81' lang='lat' dir='ltr'>ﬁnitis</span> <span class='ocrx_word' id='word_1_417' title='bbox 1605 4101 1840 4170; x_wconf 89' lang='lat' dir='ltr'>psalmis</span> <span class='ocrx_word' id='word_1_418' title='bbox 1879 4101 2006 4156; x_wconf 69' lang='lat' dir='ltr'>duas</span> 
     </span>
    </p>
   </div>
   <div class='ocr_carea' id='block_1_60' title="bbox 373 4189 2006 4262">
    <p class='ocr_par' dir='ltr' id='par_1_60' title="bbox 373 4189 2006 4262">
     <span class='ocr_line' id='line_1_60' title="bbox 373 4189 2006 4262; baseline 0.004 -20"><span class='ocrx_word' id='word_1_419' title='bbox 373 4189 636 4244; x_wconf 89' lang='lat' dir='ltr'>lectiones</span> <span class='ocrx_word' id='word_1_420' title='bbox 697 4189 1096 4259; x_wconf 87' lang='lat' dir='ltr'>recitabantur,</span> <span class='ocrx_word' id='word_1_421' title='bbox 1161 4207 1272 4246; x_wconf 89' lang='lat' dir='ltr'>una</span> <span class='ocrx_word' id='word_1_422' title='bbox 1317 4208 1386 4246; x_wconf 83' lang='lat' dir='ltr'>ex</span> <span class='ocrx_word' id='word_1_423' title='bbox 1439 4193 1645 4262; x_wconf 84' lang='lat' dir='ltr'>Veteri,</span> <span class='ocrx_word' id='word_1_424' title='bbox 1705 4193 1882 4248; x_wconf 89' lang='lat' dir='ltr'>altera</span> <span class='ocrx_word' id='word_1_425' title='bbox 1936 4211 2006 4250; x_wconf 81' lang='lat' dir='ltr'>ex</span> 
     </span>
    </p>
   </div>
   <div class='ocr_carea' id='block_1_61' title="bbox 372 4283 2006 4358">
    <p class='ocr_par' dir='ltr' id='par_1_61' title="bbox 372 4283 2006 4358">
     <span class='ocr_line' id='line_1_61' title="bbox 372 4283 2006 4358; baseline 0.003 -22"><span class='ocrx_word' id='word_1_426' title='bbox 372 4285 525 4338; x_wconf 79' lang='lat' dir='ltr'>Novo</span> <span class='ocrx_word' id='word_1_427' title='bbox 548 4285 936 4348; x_wconf 85' lang='lat' dir='ltr'>Testamento;</span> <span class='ocrx_word' id='word_1_428' title='bbox 972 4283 1208 4339; x_wconf 86' lang='lat' dir='ltr'>Sabbato</span> <span class='ocrx_word' id='word_1_429' title='bbox 1234 4301 1302 4339; x_wconf 76' lang='lat' dir='ltr'>ex</span> <span class='ocrx_word' id='word_1_430' title='bbox 1331 4287 1503 4340; x_wconf 82' lang='lat' dir='ltr'>Novo.</span> <span class='ocrx_word' id='word_1_431' title='bbox 1531 4287 1738 4348; x_wconf 88' lang='lat' dir='ltr'>Quinto</span> <span class='ocrx_word' id='word_1_432' title='bbox 1771 4287 1856 4342; x_wconf 90' lang='lat' dir='ltr'>his</span> <span class='ocrx_word' id='word_1_433' title='bbox 1883 4303 2006 4358; x_wconf 89' lang='lat' dir='ltr'>per-</span> 
     </span>
    </p>
   </div>
   <div class='ocr_carea' id='block_1_62' title="bbox 370 4377 2006 4449">
    <p class='ocr_par' dir='ltr' id='par_1_62' title="bbox 370 4377 2006 4449">
     <span class='ocr_line' id='line_1_62' title="bbox 370 4377 2006 4449; baseline 0.003 -19"><span class='ocrx_word' id='word_1_434' title='bbox 370 4377 526 4445; x_wconf 88' lang='lat' dir='ltr'>actis,</span> <span class='ocrx_word' id='word_1_435' title='bbox 549 4393 745 4431; x_wconf 90' lang='lat' dir='ltr'>omnes</span> <span class='ocrx_word' id='word_1_436' title='bbox 773 4377 832 4432; x_wconf 91' lang='lat' dir='ltr'>in</span> <span class='ocrx_word' id='word_1_437' title='bbox 865 4393 1050 4448; x_wconf 88' lang='lat' dir='ltr'>genua</span> <span class='ocrx_word' id='word_1_438' title='bbox 1073 4379 1520 4449; x_wconf 89' lang='lat' dir='ltr'>procumbebant</span> <span class='ocrx_word' id='word_1_439' title='bbox 1547 4397 1560 4433; x_wconf 89' lang='lat'><strong>:</strong></span> <span class='ocrx_word' id='word_1_440' title='bbox 1591 4385 1647 4434; x_wconf 91' lang='lat' dir='ltr'>et</span> <span class='ocrx_word' id='word_1_441' title='bbox 1673 4383 1808 4434; x_wconf 92' lang='lat' dir='ltr'>tunc</span> <span class='ocrx_word' id='word_1_442' title='bbox 1835 4381 2006 4436; x_wconf 90' lang='lat' dir='ltr'>abbas</span> 
     </span>
    </p>
   </div>
   <div class='ocr_carea' id='block_1_63' title="bbox 2113 1857 3764 1930">
    <p class='ocr_par' dir='ltr' id='par_1_63' title="bbox 2113 1857 3764 1930">
     <span class='ocr_line' id='line_1_63' title="bbox 2113 1857 3764 1930; baseline 0.001 -18"><span class='ocrx_word' id='word_1_443' title='bbox 2113 1859 2390 1929; x_wconf 86' lang='lat' dir='ltr'>appellat;</span> <span class='ocrx_word' id='word_1_444' title='bbox 2419 1857 2570 1912; x_wconf 89' lang='lat' dir='ltr'>unde</span> <span class='ocrx_word' id='word_1_445' title='bbox 2609 1857 2957 1928; x_wconf 83' lang='lat' dir='ltr'>antiphonae,</span> <span class='ocrx_word' id='word_1_446' title='bbox 3001 1875 3129 1929; x_wconf 69' lang='lat' dir='ltr'>qua:</span> <span class='ocrx_word' id='word_1_447' title='bbox 3175 1859 3246 1913; x_wconf 90' lang='lat' dir='ltr'>ad</span> <span class='ocrx_word' id='word_1_448' title='bbox 3283 1859 3560 1914; x_wconf 88' lang='lat' dir='ltr'>alternam</span> <span class='ocrx_word' id='word_1_449' title='bbox 3609 1859 3764 1930; x_wconf 88' lang='lat' dir='ltr'>psal-</span> 
     </span>
    </p>
   </div>
   <div class='ocr_carea' id='block_1_64' title="bbox 2118 1951 3682 2021">
    <p class='ocr_par' dir='ltr' id='par_1_64' title="bbox 2118 1951 3682 2021">
     <span class='ocr_line' id='line_1_64' title="bbox 2118 1951 3682 2021; baseline 0.002 -17"><span class='ocrx_word' id='word_1_450' title='bbox 2118 1968 2346 2006; x_wconf 89' lang='lat' dir='ltr'>morum</span> <span class='ocrx_word' id='word_1_451' title='bbox 2371 1955 2601 2004; x_wconf 91' lang='lat' dir='ltr'>cantum</span> <span class='ocrx_word' id='word_1_452' title='bbox 2627 1951 3033 2021; x_wconf 62' lang='lat' dir='ltr'>prazcinuntur,</span> <span class='ocrx_word' id='word_1_453' title='bbox 3064 1967 3274 2006; x_wconf 90' lang='lat' dir='ltr'>nomen</span> <span class='ocrx_word' id='word_1_454' title='bbox 3299 1953 3682 2008; x_wconf 88' lang='lat' dir='ltr'>retinuerunt.</span> 
     </span>
    </p>
   </div>
   <div class='ocr_carea' id='block_1_65' title="bbox 2187 2043 3762 2113">
    <p class='ocr_par' dir='ltr' id='par_1_65' title="bbox 2187 2043 3762 2113">
     <span class='ocr_line' id='line_1_65' title="bbox 2187 2043 3762 2113; baseline 0.001 -14"><span class='ocrx_word' id='word_1_455' title='bbox 2187 2049 2240 2099; x_wconf 87' lang='lat'>7.</span> <span class='ocrx_word' id='word_1_456' title='bbox 2277 2045 2550 2098; x_wconf 83' lang='lat' dir='ltr'>Henricus</span> <span class='ocrx_word' id='word_1_457' title='bbox 2603 2043 2870 2112; x_wconf 84' lang='lat' dir='ltr'>Valesius,</span> <span class='ocrx_word' id='word_1_458' title='bbox 2903 2045 2989 2098; x_wconf 88' lang='lat' dir='ltr'>vir</span> <span class='ocrx_word' id='word_1_459' title='bbox 3031 2045 3126 2113; x_wconf 89' lang='lat' dir='ltr'>cl.,</span> <span class='ocrx_word' id='word_1_460' title='bbox 3173 2045 3232 2099; x_wconf 93' lang='lat' dir='ltr'>in</span> <span class='ocrx_word' id='word_1_461' title='bbox 3285 2047 3642 2101; x_wconf 85' lang='lat' dir='ltr'>annotatione</span> <span class='ocrx_word' id='word_1_462' title='bbox 3687 2048 3762 2102; x_wconf 86' lang='lat' dir='ltr'>ad</span> 
     </span>
    </p>
   </div>
   <div class='ocr_carea' id='block_1_66' title="bbox 2117 2137 3764 2207">
    <p class='ocr_par' dir='ltr' id='par_1_66' title="bbox 2117 2137 3764 2207">
     <span class='ocr_line' id='line_1_66' title="bbox 2117 2137 3764 2207; baseline 0.002 -18"><span class='ocrx_word' id='word_1_463' title='bbox 2117 2137 2267 2190; x_wconf 87' lang='lat' dir='ltr'>hunc</span> <span class='ocrx_word' id='word_1_464' title='bbox 2293 2137 2361 2190; x_wconf 90' lang='lat' dir='ltr'>de</span> <span class='ocrx_word' id='word_1_465' title='bbox 2391 2137 2610 2207; x_wconf 87' lang='lat' dir='ltr'>lgnatio</span> <span class='ocrx_word' id='word_1_466' title='bbox 2637 2137 2844 2204; x_wconf 90' lang='lat' dir='ltr'>locum,</span> <span class='ocrx_word' id='word_1_467' title='bbox 2877 2137 2956 2191; x_wconf 88' lang='lat' dir='ltr'>ait</span> <span class='ocrx_word' id='word_1_468' title='bbox 2979 2153 3035 2191; x_wconf 86' lang='lat' dir='ltr'>se</span> <span class='ocrx_word' id='word_1_469' title='bbox 3063 2137 3280 2192; x_wconf 89' lang='lat' dir='ltr'>nescire</span> <span class='ocrx_word' id='word_1_470' title='bbox 3303 2139 3450 2192; x_wconf 91' lang='lat' dir='ltr'>unde</span> <span class='ocrx_word' id='word_1_471' title='bbox 3475 2139 3596 2192; x_wconf 68' lang='lat' dir='ltr'>haec</span> <span class='ocrx_word' id='word_1_472' title='bbox 3617 2140 3764 2194; x_wconf 84' lang='lat' dir='ltr'>hau-</span> 
     </span>
    </p>
   </div>
   <div class='ocr_carea' id='block_1_67' title="bbox 2115 2229 3768 2303">
    <p class='ocr_par' dir='ltr' id='par_1_67' title="bbox 2115 2229 3768 2303">
     <span class='ocr_line' id='line_1_67' title="bbox 2115 2229 3768 2303; baseline 0.003 -21"><span class='ocrx_word' id='word_1_473' title='bbox 2115 2229 2248 2284; x_wconf 86' lang='lat' dir='ltr'>serit</span> <span class='ocrx_word' id='word_1_474' title='bbox 2292 2230 2562 2284; x_wconf 88' lang='lat' dir='ltr'>Socrates.</span> <span class='ocrx_word' id='word_1_475' title='bbox 2595 2230 2876 2284; x_wconf 87' lang='lat' dir='ltr'>«Constat</span> <span class='ocrx_word' id='word_1_476' title='bbox 2917 2230 3090 2298; x_wconf 87' lang='lat' dir='ltr'>enim,</span> <span class='ocrx_word' id='word_1_477' title='bbox 3128 2231 3332 2302; x_wconf 88' lang='lat' dir='ltr'>inquit,</span> <span class='ocrx_word' id='word_1_478' title='bbox 3377 2232 3590 2303; x_wconf 88' lang='lat' dir='ltr'>primos</span> <span class='ocrx_word' id='word_1_479' title='bbox 3635 2250 3768 2288; x_wconf 88' lang='lat' dir='ltr'>om-</span> 
     </span>
    </p>
   </div>
   <div class='ocr_carea' id='block_1_68' title="bbox 2115 2323 3754 2396">
    <p class='ocr_par' dir='ltr' id='par_1_68' title="bbox 2115 2323 3754 2396">
     <span class='ocr_line' id='line_1_68' title="bbox 2115 2323 3754 2396; baseline 0.003 -20"><span class='ocrx_word' id='word_1_480' title='bbox 2115 2323 2276 2378; x_wconf 89' lang='lat' dir='ltr'>nium</span> <span class='ocrx_word' id='word_1_481' title='bbox 2295 2323 2619 2376; x_wconf 85' lang='lat' dir='ltr'>Flavianum</span> <span class='ocrx_word' id='word_1_482' title='bbox 2650 2339 2714 2377; x_wconf 91' lang='lat' dir='ltr'>ac</span> <span class='ocrx_word' id='word_1_483' title='bbox 2741 2323 3070 2392; x_wconf 89' lang='lat' dir='ltr'>Diodorum,</span> <span class='ocrx_word' id='word_1_484' title='bbox 3101 2331 3372 2396; x_wconf 87' lang='lat' dir='ltr'>regnante</span> <span class='ocrx_word' id='word_1_485' title='bbox 3405 2325 3754 2395; x_wconf 86' lang='lat' dir='ltr'>Constantio,</span> 
     </span>
    </p>
   </div>
   <div class='ocr_carea' id='block_1_69' title="bbox 2117 2417 3766 2486">
    <p class='ocr_par' dir='ltr' id='par_1_69' title="bbox 2117 2417 3766 2486">
     <span class='ocr_line' id='line_1_69' title="bbox 2117 2417 3766 2486; baseline 0.003 -17"><span class='ocrx_word' id='word_1_486' title='bbox 2117 2417 2480 2486; x_wconf 90' lang='lat' dir='ltr'>psallentium</span> <span class='ocrx_word' id='word_1_487' title='bbox 2505 2417 2706 2470; x_wconf 88' lang='lat' dir='ltr'>choros</span> <span class='ocrx_word' id='word_1_488' title='bbox 2734 2417 3044 2470; x_wconf 69' lang='lat' dir='ltr'>Antiochiae</span> <span class='ocrx_word' id='word_1_489' title='bbox 3095 2417 3353 2472; x_wconf 89' lang='lat' dir='ltr'>bifariam</span> <span class='ocrx_word' id='word_1_490' title='bbox 3388 2419 3662 2486; x_wconf 88' lang='lat' dir='ltr'>divisisse,</span> <span class='ocrx_word' id='word_1_491' title='bbox 3705 2426 3766 2474; x_wconf 91' lang='lat' dir='ltr'>et</span> 
     </span>
    </p>
   </div>
   <div class='ocr_carea' id='block_1_70' title="bbox 2117 2508 3766 2582">
    <p class='ocr_par' dir='ltr' id='par_1_70' title="bbox 2117 2508 3766 2582">
     <span class='ocr_line' id='line_1_70' title="bbox 2117 2508 3766 2582; baseline 0.003 -20"><span class='ocrx_word' id='word_1_492' title='bbox 2117 2511 2361 2580; x_wconf 89' lang='lat' dir='ltr'>psalmos</span> <span class='ocrx_word' id='word_1_493' title='bbox 2381 2509 2666 2563; x_wconf 86' lang='lat' dir='ltr'>Davidicos</span> <span class='ocrx_word' id='word_1_494' title='bbox 2696 2508 2888 2582; x_wconf 69' lang='lat'>384</span> <span class='ocrx_word' id='word_1_495' title='bbox 2914 2511 3144 2564; x_wconf 90' lang='lat' dir='ltr'>alternis</span> <span class='ocrx_word' id='word_1_496' title='bbox 3171 2512 3453 2566; x_wconf 90' lang='lat' dir='ltr'>canendos</span> <span class='ocrx_word' id='word_1_497' title='bbox 3483 2513 3564 2566; x_wconf 86' lang='lat' dir='ltr'>eis</span> <span class='ocrx_word' id='word_1_498' title='bbox 3589 2513 3766 2568; x_wconf 88' lang='lat' dir='ltr'>tradi-</span> 
     </span>
    </p>
   </div>
   <div class='ocr_carea' id='block_1_71' title="bbox 2116 2602 3762 2676">
    <p class='ocr_par' dir='ltr' id='par_1_71' title="bbox 2116 2602 3762 2676">
     <span class='ocr_line' id='line_1_71' title="bbox 2116 2602 3762 2676; baseline 0.004 -20"><span class='ocrx_word' id='word_1_499' title='bbox 2116 2602 2301 2671; x_wconf 90' lang='lat' dir='ltr'>disse;</span> <span class='ocrx_word' id='word_1_500' title='bbox 2355 2619 2594 2673; x_wconf 84' lang='lat' dir='ltr'>eamque</span> <span class='ocrx_word' id='word_1_501' title='bbox 2641 2619 2760 2658; x_wconf 87' lang='lat' dir='ltr'>rem</span> <span class='ocrx_word' id='word_1_502' title='bbox 2801 2604 3050 2673; x_wconf 90' lang='lat' dir='ltr'>primum</span> <span class='ocrx_word' id='word_1_503' title='bbox 3093 2605 3384 2659; x_wconf 71' lang='lat' dir='ltr'>Antiochze</span> <span class='ocrx_word' id='word_1_504' title='bbox 3413 2605 3762 2676; x_wconf 86' lang='lat' dir='ltr'>institutam,</span> 
     </span>
    </p>
   </div>
   <div class='ocr_carea' id='block_1_72' title="bbox 2113 2695 3760 2768">
    <p class='ocr_par' dir='ltr' id='par_1_72' title="bbox 2113 2695 3760 2768">
     <span class='ocr_line' id='line_1_72' title="bbox 2113 2695 3760 2768; baseline 0 -20"><span class='ocrx_word' id='word_1_505' title='bbox 2113 2699 2306 2766; x_wconf 90' lang='lat' dir='ltr'>postea</span> <span class='ocrx_word' id='word_1_506' title='bbox 2335 2696 2406 2750; x_wconf 90' lang='lat' dir='ltr'>ad</span> <span class='ocrx_word' id='word_1_507' title='bbox 2431 2695 2677 2767; x_wconf 88' lang='lat' dir='ltr'>reliquas</span> <span class='ocrx_word' id='word_1_508' title='bbox 2707 2696 2874 2750; x_wconf 93' lang='lat' dir='ltr'>totius</span> <span class='ocrx_word' id='word_1_509' title='bbox 2893 2697 3043 2752; x_wconf 91' lang='lat' dir='ltr'>orbis</span> <span class='ocrx_word' id='word_1_510' title='bbox 3065 2698 3324 2752; x_wconf 88' lang='lat' dir='ltr'>ecclesias</span> <span class='ocrx_word' id='word_1_511' title='bbox 3349 2699 3690 2768; x_wconf 87' lang='lat' dir='ltr'>dimanasse,</span> <span class='ocrx_word' id='word_1_512' title='bbox 3729 2723 3760 2750; x_wconf 75' lang='lat'><strong>»</strong></span> 
     </span>
    </p>
   </div>
   <div class='ocr_carea' id='block_1_73' title="bbox 2119 2790 3768 2864">
    <p class='ocr_par' dir='ltr' id='par_1_73' title="bbox 2119 2790 3768 2864">
     <span class='ocr_line' id='line_1_73' title="bbox 2119 2790 3768 2864; baseline 0.004 -21"><span class='ocrx_word' id='word_1_513' title='bbox 2119 2792 2354 2844; x_wconf 86' lang='lat' dir='ltr'>testante</span> <span class='ocrx_word' id='word_1_514' title='bbox 2399 2790 2736 2844; x_wconf 83' lang='lat' dir='ltr'>&#39;l‘heodorito</span> <span class='ocrx_word' id='word_1_515' title='bbox 2779 2790 2838 2843; x_wconf 92' lang='lat' dir='ltr'>in</span> <span class='ocrx_word' id='word_1_516' title='bbox 2877 2790 2978 2844; x_wconf 87' lang='lat' dir='ltr'>lib.</span> <span class='ocrx_word' id='word_1_517' title='bbox 3017 2808 3058 2845; x_wconf 79' lang='grc' dir='ltr'><strong>ιι</strong></span> <span class='ocrx_word' id='word_1_518' title='bbox 3103 2791 3381 2860; x_wconf 63' lang='lat' dir='ltr'>Historiae,</span> <span class='ocrx_word' id='word_1_519' title='bbox 3422 2809 3546 2864; x_wconf 89' lang='lat' dir='ltr'>cap.</span> <span class='ocrx_word' id='word_1_520' title='bbox 3575 2795 3668 2862; x_wconf 74' lang='grc'>24,</span> <span class='ocrx_word' id='word_1_521' title='bbox 3703 2799 3768 2850; x_wconf 85' lang='lat' dir='ltr'>et</span> 
     </span>
    </p>
   </div>
   <div class='ocr_carea' id='block_1_74' title="bbox 2115 2883 3764 2958">
    <p class='ocr_par' dir='ltr' id='par_1_74' title="bbox 2115 2883 3764 2958">
     <span class='ocr_line' id='line_1_74' title="bbox 2115 2883 3764 2958; baseline 0.004 -23"><span class='ocrx_word' id='word_1_522' title='bbox 2115 2885 2242 2937; x_wconf 90' lang='lat' dir='ltr'>ante</span> <span class='ocrx_word' id='word_1_523' title='bbox 2271 2883 2430 2936; x_wconf 92' lang='lat' dir='ltr'>illum</span> <span class='ocrx_word' id='word_1_524' title='bbox 2477 2883 2769 2938; x_wconf 87' lang='lat' dir='ltr'>Theodoro</span> <span class='ocrx_word' id='word_1_525' title='bbox 2819 2885 3226 2955; x_wconf 85' lang='lat' dir='ltr'>Mopsuesteno.</span> <span class='ocrx_word' id='word_1_526' title='bbox 3273 2887 3390 2940; x_wconf 89' lang='lat' dir='ltr'>lmo</span> <span class='ocrx_word' id='word_1_527' title='bbox 3427 2903 3552 2940; x_wconf 86' lang='lat' dir='ltr'>eam</span> <span class='ocrx_word' id='word_1_528' title='bbox 3595 2889 3764 2958; x_wconf 86' lang='lat' dir='ltr'>psal-</span> 
     </span>
    </p>
   </div>
   <div class='ocr_carea' id='block_1_75' title="bbox 2113 2976 3762 3050">
    <p class='ocr_par' dir='ltr' id='par_1_75' title="bbox 2113 2976 3762 3050">
     <span class='ocr_line' id='line_1_75' title="bbox 2113 2976 3762 3050; baseline 0.004 -20"><span class='ocrx_word' id='word_1_529' title='bbox 2113 2976 2318 3030; x_wconf 80' lang='lat' dir='ltr'>modiae</span> <span class='ocrx_word' id='word_1_530' title='bbox 2335 2977 2580 3047; x_wconf 89' lang='lat' dir='ltr'>speciem</span> <span class='ocrx_word' id='word_1_531' title='bbox 2601 2977 2724 3047; x_wconf 85' lang='lat' dir='ltr'>jam</span> <span class='ocrx_word' id='word_1_532' title='bbox 2749 2981 2878 3032; x_wconf 83' lang='lat' dir='ltr'>ante</span> <span class='ocrx_word' id='word_1_533' title='bbox 2905 2978 3234 3033; x_wconf 89' lang='lat' dir='ltr'>Flavianum</span> <span class='ocrx_word' id='word_1_534' title='bbox 3253 2983 3422 3050; x_wconf 85' lang='lat' dir='ltr'>atque</span> <span class='ocrx_word' id='word_1_535' title='bbox 3443 2981 3762 3036; x_wconf 85' lang='lat' dir='ltr'>Diodorum</span> 
     </span>
    </p>
   </div>
   <div class='ocr_carea' id='block_1_76' title="bbox 2113 3069 3762 3144">
    <p class='ocr_par' dir='ltr' id='par_1_76' title="bbox 2113 3069 3762 3144">
     <span class='ocr_line' id='line_1_76' title="bbox 2113 3069 3762 3144; baseline 0.004 -21"><span class='ocrx_word' id='word_1_536' title='bbox 2113 3087 2146 3123; x_wconf 90' lang='lat' dir='ltr'>a</span> <span class='ocrx_word' id='word_1_537' title='bbox 2174 3069 2324 3140; x_wconf 80' lang='lat' dir='ltr'>Syris</span> <span class='ocrx_word' id='word_1_538' title='bbox 2349 3069 2522 3124; x_wconf 89' lang='lat' dir='ltr'>fuisse</span> <span class='ocrx_word' id='word_1_539' title='bbox 2555 3074 2886 3141; x_wconf 82' lang='lat' dir='ltr'>usurpatam</span> <span class='ocrx_word' id='word_1_540' title='bbox 2927 3071 3172 3126; x_wconf 89' lang='lat' dir='ltr'>Valesius</span> <span class='ocrx_word' id='word_1_541' title='bbox 3211 3072 3430 3144; x_wconf 89' lang='lat' dir='ltr'>colligit</span> <span class='ocrx_word' id='word_1_542' title='bbox 3465 3089 3536 3128; x_wconf 77' lang='lat' dir='ltr'>ex</span> <span class='ocrx_word' id='word_1_543' title='bbox 3573 3075 3762 3130; x_wconf 85' lang='lat' dir='ltr'>Theo-</span> 
     </span>
    </p>
   </div>
   <div class='ocr_carea' id='block_1_77' title="bbox 2112 3171 3756 3246">
    <p class='ocr_par' dir='ltr' id='par_1_77' title="bbox 2112 3171 3756 3246">
     <span class='ocr_line' id='line_1_77' title="bbox 2112 3171 3756 3246; baseline 0.004 -20"><span class='ocrx_word' id='word_1_544' title='bbox 2112 3171 2236 3226; x_wconf 92' lang='lat' dir='ltr'>dori</span> <span class='ocrx_word' id='word_1_545' title='bbox 2265 3173 2638 3242; x_wconf 82' lang='lat' dir='ltr'>Mopsuesteni</span> <span class='ocrx_word' id='word_1_546' title='bbox 2659 3173 3006 3244; x_wconf 90' lang='lat' dir='ltr'>fragmento,</span> <span class='ocrx_word' id='word_1_547' title='bbox 3039 3175 3410 3246; x_wconf 76' lang='lat' dir='ltr'>quod-refert</span> <span class='ocrx_word' id='word_1_548' title='bbox 3441 3175 3662 3230; x_wconf 82' lang='lat' dir='ltr'>Nicetas</span> <span class='ocrx_word' id='word_1_549' title='bbox 3691 3177 3756 3232; x_wconf 89' lang='lat' dir='ltr'>in</span> 
     </span>
    </p>
   </div>
   <div class='ocr_carea' id='block_1_78' title="bbox 2108 3271 3762 3344">
    <p class='ocr_par' dir='ltr' id='par_1_78' title="bbox 2108 3271 3762 3344">
     <span class='ocr_line' id='line_1_78' title="bbox 2108 3271 3762 3344; baseline 0.002 -21"><span class='ocrx_word' id='word_1_550' title='bbox 2108 3271 2396 3324; x_wconf 89' lang='lat' dir='ltr'>Thesauro</span> <span class='ocrx_word' id='word_1_551' title='bbox 2425 3271 2756 3325; x_wconf 80' lang='lat' dir='ltr'>orthodoxae</span> <span class='ocrx_word' id='word_1_552' title='bbox 2783 3272 2933 3340; x_wconf 88' lang='lat' dir='ltr'>ﬁdei,</span> <span class='ocrx_word' id='word_1_553' title='bbox 2965 3272 3064 3326; x_wconf 90' lang='lat' dir='ltr'>lib.</span> <span class='ocrx_word' id='word_1_554' title='bbox 3097 3289 3147 3340; x_wconf 89' lang='lat' dir='ltr'>v,</span> <span class='ocrx_word' id='word_1_555' title='bbox 3193 3289 3316 3344; x_wconf 88' lang='lat' dir='ltr'>cap.</span> <span class='ocrx_word' id='word_1_556' title='bbox 3343 3275 3432 3327; x_wconf 89' lang='lat'>30.</span> <span class='ocrx_word' id='word_1_557' title='bbox 3465 3273 3762 3344; x_wconf 87' lang='lat' dir='ltr'>Quidquid</span> 
     </span>
    </p>
   </div>
   <div class='ocr_carea' id='block_1_79' title="bbox 2109 3363 3760 3437">
    <p class='ocr_par' dir='ltr' id='par_1_79' title="bbox 2109 3363 3760 3437">
     <span class='ocr_line' id='line_1_79' title="bbox 2109 3363 3760 3437; baseline 0.003 -21"><span class='ocrx_word' id='word_1_558' title='bbox 2109 3364 2180 3417; x_wconf 92' lang='lat' dir='ltr'>sit</span> <span class='ocrx_word' id='word_1_559' title='bbox 2205 3363 2273 3417; x_wconf 91' lang='lat' dir='ltr'>de</span> <span class='ocrx_word' id='word_1_560' title='bbox 2318 3367 2566 3433; x_wconf 90' lang='lat' dir='ltr'>auctore,</span> <span class='ocrx_word' id='word_1_561' title='bbox 2612 3365 2895 3419; x_wconf 89' lang='lat' dir='ltr'>alternum</span> <span class='ocrx_word' id='word_1_562' title='bbox 2931 3369 3160 3420; x_wconf 90' lang='lat' dir='ltr'>cantum</span> <span class='ocrx_word' id='word_1_563' title='bbox 3193 3371 3448 3436; x_wconf 88' lang='lat' dir='ltr'>tempore</span> <span class='ocrx_word' id='word_1_564' title='bbox 3491 3367 3760 3437; x_wconf 89' lang='lat' dir='ltr'>Gregorii</span> 
     </span>
    </p>
   </div>
   <div class='ocr_carea' id='block_1_80' title="bbox 2108 3456 3762 3530">
    <p class='ocr_par' dir='ltr' id='par_1_80' title="bbox 2108 3456 3762 3530">
     <span class='ocr_line' id='line_1_80' title="bbox 2108 3456 3762 3530; baseline 0.003 -21"><span class='ocrx_word' id='word_1_565' title='bbox 2108 3456 2435 3511; x_wconf 85' lang='lat' dir='ltr'>Nazianzeni</span> <span class='ocrx_word' id='word_1_566' title='bbox 2463 3457 2522 3511; x_wconf 92' lang='lat' dir='ltr'>in</span> <span class='ocrx_word' id='word_1_567' title='bbox 2551 3459 2908 3513; x_wconf 90' lang='lat' dir='ltr'>monasteriis</span> <span class='ocrx_word' id='word_1_568' title='bbox 2937 3459 3235 3530; x_wconf 89' lang='lat' dir='ltr'>utriusque</span> <span class='ocrx_word' id='word_1_569' title='bbox 3259 3475 3423 3513; x_wconf 81' lang='lat' dir='ltr'>sexus</span> <span class='ocrx_word' id='word_1_570' title='bbox 3449 3459 3572 3529; x_wconf 90' lang='lat' dir='ltr'>jam</span> <span class='ocrx_word' id='word_1_571' title='bbox 3599 3475 3762 3514; x_wconf 88' lang='lat' dir='ltr'>rece-</span> 
     </span>
    </p>
   </div>
   <div class='ocr_carea' id='block_1_81' title="bbox 2107 3551 3758 3623">
    <p class='ocr_par' dir='ltr' id='par_1_81' title="bbox 2107 3551 3758 3623">
     <span class='ocr_line' id='line_1_81' title="bbox 2107 3551 3758 3623; baseline 0.002 -20"><span class='ocrx_word' id='word_1_572' title='bbox 2107 3551 2428 3620; x_wconf 88' lang='lat' dir='ltr'>ptissimum</span> <span class='ocrx_word' id='word_1_573' title='bbox 2479 3551 2652 3606; x_wconf 90' lang='lat' dir='ltr'>fuisse</span> <span class='ocrx_word' id='word_1_574' title='bbox 2699 3553 3066 3607; x_wconf 88' lang='lat' dir='ltr'>manifestum</span> <span class='ocrx_word' id='word_1_575' title='bbox 3107 3558 3190 3607; x_wconf 90' lang='lat' dir='ltr'>est</span> <span class='ocrx_word' id='word_1_576' title='bbox 3241 3569 3310 3607; x_wconf 76' lang='lat' dir='ltr'>ex</span> <span class='ocrx_word' id='word_1_577' title='bbox 3355 3552 3598 3606; x_wconf 89' lang='lat' dir='ltr'>iambico</span> <span class='ocrx_word' id='word_1_578' title='bbox 3621 3553 3758 3623; x_wconf 85' lang='lat' dir='ltr'>ejus</span> 
     </span>
    </p>
   </div>
   <div class='ocr_carea' id='block_1_82' title="bbox 2108 3643 3758 3717">
    <p class='ocr_par' dir='ltr' id='par_1_82' title="bbox 2108 3643 3758 3717">
     <span class='ocr_line' id='line_1_82' title="bbox 2108 3643 3758 3717; baseline 0.002 -21"><span class='ocrx_word' id='word_1_579' title='bbox 2108 3643 2356 3698; x_wconf 90' lang='lat' dir='ltr'>carmine</span> <span class='ocrx_word' id='word_1_580' title='bbox 2387 3644 2456 3698; x_wconf 90' lang='lat' dir='ltr'>de</span> <span class='ocrx_word' id='word_1_581' title='bbox 2481 3645 2710 3713; x_wconf 85' lang='lat' dir='ltr'>virtute,</span> <span class='ocrx_word' id='word_1_582' title='bbox 2741 3647 2844 3700; x_wconf 90' lang='lat' dir='ltr'>sub</span> <span class='ocrx_word' id='word_1_583' title='bbox 2873 3647 3069 3714; x_wconf 79' lang='lat' dir='ltr'>finem,</span> <span class='ocrx_word' id='word_1_584' title='bbox 3099 3645 3268 3717; x_wconf 86' lang='lat' dir='ltr'>idque</span> <span class='ocrx_word' id='word_1_585' title='bbox 3291 3645 3555 3700; x_wconf 89' lang='lat' dir='ltr'>omnibus</span> <span class='ocrx_word' id='word_1_586' title='bbox 3577 3647 3758 3700; x_wconf 87' lang='lat' dir='ltr'>notis-</span> 
     </span>
    </p>
   </div>
   <div class='ocr_carea' id='block_1_83' title="bbox 2107 3737 3748 3810">
    <p class='ocr_par' dir='ltr' id='par_1_83' title="bbox 2107 3737 3748 3810">
     <span class='ocr_line' id='line_1_83' title="bbox 2107 3737 3748 3810; baseline 0.003 -21"><span class='ocrx_word' id='word_1_587' title='bbox 2107 3737 2318 3791; x_wconf 89' lang='lat' dir='ltr'>simum</span> <span class='ocrx_word' id='word_1_588' title='bbox 2345 3754 2464 3792; x_wconf 87' lang='lat' dir='ltr'>esse</span> <span class='ocrx_word' id='word_1_589' title='bbox 2494 3737 2647 3792; x_wconf 91' lang='lat' dir='ltr'>dicit.</span> <span class='ocrx_word' id='word_1_590' title='bbox 2681 3740 2886 3793; x_wconf 86' lang='lat' dir='ltr'>Eorum</span> <span class='ocrx_word' id='word_1_591' title='bbox 2929 3740 3168 3794; x_wconf 90' lang='lat' dir='ltr'>chorum</span> <span class='ocrx_word' id='word_1_592' title='bbox 3207 3739 3526 3810; x_wconf 86' lang='lat' dir='ltr'>angelicum</span> <span class='ocrx_word' id='word_1_593' title='bbox 3557 3743 3748 3806; x_wconf 86' lang='lat' dir='ltr'>vocat,</span> 
     </span>
    </p>
   </div>
   <div class='ocr_carea' id='block_1_84' title="bbox 2111 3830 3607 3900">
    <p class='ocr_par' dir='ltr' id='par_1_84' title="bbox 2111 3830 3607 3900">
     <span class='ocr_line' id='line_1_84' title="bbox 2111 3830 3607 3900; baseline 0.001 -17"><span class='ocrx_word' id='word_1_594' title='bbox 2111 3851 2138 3878; x_wconf 86' lang='lat'><strong>«</strong></span> <span class='ocrx_word' id='word_1_595' title='bbox 2171 3830 2268 3900; x_wconf 90' lang='lat' dir='ltr'>qui</span> <span class='ocrx_word' id='word_1_596' title='bbox 2298 3847 2450 3884; x_wconf 91' lang='lat' dir='ltr'>nunc</span> <span class='ocrx_word' id='word_1_597' title='bbox 2477 3830 2668 3900; x_wconf 89' lang='lat' dir='ltr'>simul,</span> <span class='ocrx_word' id='word_1_598' title='bbox 2699 3849 2852 3886; x_wconf 89' lang='lat' dir='ltr'>nunc</span> <span class='ocrx_word' id='word_1_599' title='bbox 2881 3833 3098 3886; x_wconf 90' lang='lat' dir='ltr'>vicibus</span> <span class='ocrx_word' id='word_1_600' title='bbox 3123 3832 3354 3887; x_wconf 87' lang='lat' dir='ltr'>alternis</span> <span class='ocrx_word' id='word_1_601' title='bbox 3381 3832 3546 3886; x_wconf 88' lang='lat' dir='ltr'>canit.</span> <span class='ocrx_word' id='word_1_602' title='bbox 3581 3851 3607 3884; x_wconf 70' lang='grc' dir='ltr'>ι)</span> 
     </span>
    </p>
   </div>
   <div class='ocr_carea' id='block_1_85' title="bbox 2355 3921 3370 3987">
    <p class='ocr_par' dir='ltr' id='par_1_85' title="bbox 2355 3921 3370 3987">
     <span class='ocr_line' id='line_1_85' title="bbox 2355 3921 3370 3987; baseline 0 -17"><span class='ocrx_word' id='word_1_603' title='bbox 2355 3921 2630 3984; x_wconf 79' lang='grc' dir='ltr'>Σύμφωνον,</span> <span class='ocrx_word' id='word_1_604' title='bbox 2655 3923 2912 3987; x_wconf 80' lang='grc' dir='ltr'>ἀντίφωνον</span> <span class='ocrx_word' id='word_1_605' title='bbox 2946 3923 3159 3986; x_wconf 80' lang='grc' dir='ltr'>ἀγγέλων</span> <span class='ocrx_word' id='word_1_606' title='bbox 3185 3923 3370 3972; x_wconf 80' lang='grc' dir='ltr'>στάσιν.</span> 
     </span>
    </p>
   </div>
   <div class='ocr_carea' id='block_1_86' title="bbox 2109 4017 3758 4088">
    <p class='ocr_par' dir='ltr' id='par_1_86' title="bbox 2109 4017 3758 4088">
     <span class='ocr_line' id='line_1_86' title="bbox 2109 4017 3758 4088; baseline 0.002 -18"><span class='ocrx_word' id='word_1_607' title='bbox 2109 4018 2299 4088; x_wconf 87' lang='lat' dir='ltr'>Itaque</span> <span class='ocrx_word' id='word_1_608' title='bbox 2325 4017 2520 4072; x_wconf 88' lang='lat' dir='ltr'>saltem</span> <span class='ocrx_word' id='word_1_609' title='bbox 2547 4017 2680 4073; x_wconf 90' lang='lat' dir='ltr'>inde</span> <span class='ocrx_word' id='word_1_610' title='bbox 2705 4022 2940 4086; x_wconf 91' lang='lat' dir='ltr'>constat,</span> <span class='ocrx_word' id='word_1_611' title='bbox 2971 4035 3087 4074; x_wconf 91' lang='lat' dir='ltr'>uno</span> <span class='ocrx_word' id='word_1_612' title='bbox 3127 4023 3256 4074; x_wconf 89' lang='lat' dir='ltr'>ante</span> <span class='ocrx_word' id='word_1_613' title='bbox 3281 4019 3606 4074; x_wconf 86' lang='lat' dir='ltr'>Cassianum</span> <span class='ocrx_word' id='word_1_614' title='bbox 3639 4037 3758 4074; x_wconf 60' lang='lat' dir='ltr'>sa-</span> 
     </span>
    </p>
   </div>
   <div class='ocr_carea' id='block_1_87' title="bbox 2107 4109 3758 4183">
    <p class='ocr_par' dir='ltr' id='par_1_87' title="bbox 2107 4109 3758 4183">
     <span class='ocr_line' id='line_1_87' title="bbox 2107 4109 3758 4183; baseline 0.001 -19"><span class='ocrx_word' id='word_1_615' title='bbox 2107 4109 2232 4164; x_wconf 92' lang='lat' dir='ltr'>culo</span> <span class='ocrx_word' id='word_1_616' title='bbox 2271 4110 2423 4164; x_wconf 90' lang='lat' dir='ltr'>hunc</span> <span class='ocrx_word' id='word_1_617' title='bbox 2463 4110 2692 4165; x_wconf 89' lang='lat' dir='ltr'>alternis</span> <span class='ocrx_word' id='word_1_618' title='bbox 2728 4111 2966 4166; x_wconf 88' lang='lat' dir='ltr'>canendi</span> <span class='ocrx_word' id='word_1_619' title='bbox 3011 4111 3189 4166; x_wconf 88' lang='lat' dir='ltr'>ritum</span> <span class='ocrx_word' id='word_1_620' title='bbox 3229 4112 3380 4183; x_wconf 91' lang='lat' dir='ltr'>apud</span> <span class='ocrx_word' id='word_1_621' title='bbox 3431 4111 3758 4168; x_wconf 82' lang='lat' dir='ltr'>Orientales</span> 
     </span>
    </p>
   </div>
   <div class='ocr_carea' id='block_1_88' title="bbox 2103 4203 3760 4274">
    <p class='ocr_par' dir='ltr' id='par_1_88' title="bbox 2103 4203 3760 4274">
     <span class='ocr_line' id='line_1_88' title="bbox 2103 4203 3760 4274; baseline 0.004 -18"><span class='ocrx_word' id='word_1_622' title='bbox 2103 4203 2418 4272; x_wconf 89' lang='lat' dir='ltr'>inolevisse,</span> <span class='ocrx_word' id='word_1_623' title='bbox 2447 4204 2546 4274; x_wconf 90' lang='lat' dir='ltr'>qui</span> <span class='ocrx_word' id='word_1_624' title='bbox 2573 4204 2783 4258; x_wconf 90' lang='lat' dir='ltr'>sensim</span> <span class='ocrx_word' id='word_1_625' title='bbox 2811 4204 2942 4260; x_wconf 89' lang='lat' dir='ltr'>inde</span> <span class='ocrx_word' id='word_1_626' title='bbox 2969 4205 3217 4259; x_wconf 88' lang='lat' dir='ltr'>manavit</span> <span class='ocrx_word' id='word_1_627' title='bbox 3242 4205 3312 4260; x_wconf 88' lang='lat' dir='ltr'>ad</span> <span class='ocrx_word' id='word_1_628' title='bbox 3339 4205 3760 4262; x_wconf 80' lang='lat' dir='ltr'>Occidentales.</span> 
     </span>
    </p>
   </div>
   <div class='ocr_carea' id='block_1_89' title="bbox 2105 4295 3752 4369">
    <p class='ocr_par' dir='ltr' id='par_1_89' title="bbox 2105 4295 3752 4369">
     <span class='ocr_line' id='line_1_89' title="bbox 2105 4295 3752 4369; baseline 0.002 -20"><span class='ocrx_word' id='word_1_629' title='bbox 2105 4296 2251 4368; x_wconf 89' lang='lat' dir='ltr'>Lege</span> <span class='ocrx_word' id='word_1_630' title='bbox 2269 4295 2718 4352; x_wconf 89' lang='lat' dir='ltr'>eruditissimum</span> <span class='ocrx_word' id='word_1_631' title='bbox 2747 4298 2808 4352; x_wconf 90' lang='lat' dir='ltr'>in</span> <span class='ocrx_word' id='word_1_632' title='bbox 2833 4297 2932 4352; x_wconf 89' lang='lat' dir='ltr'>lib.</span> <span class='ocrx_word' id='word_1_633' title='bbox 2967 4313 2982 4352; x_wconf 80' lang='lat'>1</span> <span class='ocrx_word' id='word_1_634' title='bbox 3011 4298 3328 4369; x_wconf 68' lang='lat' dir='ltr'>Disciplina:</span> <span class='ocrx_word' id='word_1_635' title='bbox 3357 4297 3752 4353; x_wconf 67' lang='lat' dir='ltr'>ecclesiasticae</span> 
     </span>
    </p>
   </div>
   <div class='ocr_carea' id='block_1_90' title="bbox 2104 4391 2566 4460">
    <p class='ocr_par' dir='ltr' id='par_1_90' title="bbox 2104 4391 2566 4460">
     <span class='ocr_line' id='line_1_90' title="bbox 2104 4391 2566 4460; baseline 0.002 -17"><span class='ocrx_word' id='word_1_636' title='bbox 2104 4405 2266 4460; x_wconf 89' lang='lat' dir='ltr'>capp.</span> <span class='ocrx_word' id='word_1_637' title='bbox 2298 4391 2366 4444; x_wconf 73' lang='grc'>34</span> <span class='ocrx_word' id='word_1_638' title='bbox 2393 4393 2450 4444; x_wconf 91' lang='lat' dir='ltr'>et</span> <span class='ocrx_word' id='word_1_639' title='bbox 2476 4393 2566 4444; x_wconf 87' lang='lat'>35.</span> 
     </span>
    </p>
   </div>
   <div class='ocr_carea' id='block_1_91' title="bbox 372 4473 3762 4556">
    <p class='ocr_par' dir='ltr' id='par_1_91' title="bbox 372 4473 3762 4556">
     <span class='ocr_line' id='line_1_91' title="bbox 372 4473 3762 4556; baseline 0.005 -32"><span class='ocrx_word' id='word_1_640' title='bbox 372 4487 468 4526; x_wconf 91' lang='lat' dir='ltr'>seu</span> <span class='ocrx_word' id='word_1_641' title='bbox 493 4473 828 4542; x_wconf 83' lang='lat' dir='ltr'>praepositus</span> <span class='ocrx_word' id='word_1_642' title='bbox 856 4473 1114 4528; x_wconf 90' lang='lat' dir='ltr'>omnium</span> <span class='ocrx_word' id='word_1_643' title='bbox 1151 4474 1390 4529; x_wconf 88' lang='lat' dir='ltr'>fratrum</span> <span class='ocrx_word' id='word_1_644' title='bbox 1429 4479 1554 4529; x_wconf 89' lang='lat' dir='ltr'>vota</span> <span class='ocrx_word' id='word_1_645' title='bbox 1599 4493 1906 4548; x_wconf 88' lang='lat' dir='ltr'>precesque</span> <span class='ocrx_word' id='word_1_646' title='bbox 1941 4477 1998 4530; x_wconf 91' lang='lat' dir='ltr'>in</span> <span class='ocrx_word' id='word_1_647' title='bbox 2018 4485 2077 4556; x_wconf 88' lang='lat' dir='ltr'><strong>D</strong></span> <span class='ocrx_word' id='word_1_648' title='bbox 2171 4486 2222 4537; x_wconf 91' lang='lat'>8.</span> <span class='ocrx_word' id='word_1_649' title='bbox 2245 4482 2486 4546; x_wconf 86' lang='lat' dir='ltr'>Quinam</span> <span class='ocrx_word' id='word_1_650' title='bbox 2507 4481 2778 4553; x_wconf 83' lang='lat' dir='ltr'>psallendi</span> <span class='ocrx_word' id='word_1_651' title='bbox 2809 4483 3012 4536; x_wconf 89' lang='lat' dir='ltr'>modus</span> <span class='ocrx_word' id='word_1_652' title='bbox 3039 4485 3231 4538; x_wconf 67' lang='lat' dir='ltr'>Romae</span> <span class='ocrx_word' id='word_1_653' title='bbox 3261 4473 3380 4554; x_wconf 54' lang='lat' dir='ltr'>per&#39;</span> <span class='ocrx_word' id='word_1_654' title='bbox 3399 4499 3462 4536; x_wconf 85' lang='lat' dir='ltr'>ea</span> <span class='ocrx_word' id='word_1_655' title='bbox 3489 4489 3762 4556; x_wconf 87' lang='lat' dir='ltr'>tempora</span> 
     </span>
    </p>
   </div>
   <div class='ocr_carea' id='block_1_92' title="bbox 373 4565 2000 4641">
    <p class='ocr_par' dir='ltr' id='par_1_92' title="bbox 373 4565 2000 4641">
     <span class='ocr_line' id='line_1_92' title="bbox 373 4565 2000 4641; baseline 0.005 -25"><span class='ocrx_word' id='word_1_656' title='bbox 373 4579 552 4616; x_wconf 90' lang='lat' dir='ltr'>unum</span> <span class='ocrx_word' id='word_1_657' title='bbox 585 4565 874 4632; x_wconf 88' lang='lat' dir='ltr'>colligens,</span> <span class='ocrx_word' id='word_1_658' title='bbox 919 4566 1142 4636; x_wconf 88' lang='lat' dir='ltr'>publica</span> <span class='ocrx_word' id='word_1_659' title='bbox 1181 4569 1500 4638; x_wconf 88' lang='lat' dir='ltr'>precatione</span> <span class='ocrx_word' id='word_1_660' title='bbox 1537 4569 1854 4638; x_wconf 89' lang='lat' dir='ltr'>(Collectam</span> <span class='ocrx_word' id='word_1_661' title='bbox 1899 4587 2000 4641; x_wconf 89' lang='lat' dir='ltr'>ap-</span> 
     </span>
    </p>
   </div>
   <div class='ocr_carea' id='block_1_93' title="bbox 369 4655 2003 4734">
    <p class='ocr_par' dir='ltr' id='par_1_93' title="bbox 369 4655 2003 4734">
     <span class='ocr_line' id='line_1_93' title="bbox 369 4655 2003 4734; baseline 0.006 -25"><span class='ocrx_word' id='word_1_662' title='bbox 369 4655 660 4726; x_wconf 88' lang='lat' dir='ltr'>pellamus)</span> <span class='ocrx_word' id='word_1_663' title='bbox 689 4656 940 4711; x_wconf 83' lang='lat' dir='ltr'>oflicium</span> <span class='ocrx_word' id='word_1_664' title='bbox 967 4659 1214 4715; x_wconf 81' lang='lat' dir='ltr'>finiebat.</span> <span class='ocrx_word' id='word_1_665' title='bbox 1247 4661 1416 4716; x_wconf 81' lang='lat' dir='ltr'>Sexto</span> <span class='ocrx_word' id='word_1_666' title='bbox 1447 4662 1692 4734; x_wconf 90' lang='lat' dir='ltr'>denique</span> <span class='ocrx_word' id='word_1_667' title='bbox 1715 4665 1923 4718; x_wconf 88' lang='lat' dir='ltr'>reversi</span> <span class='ocrx_word' id='word_1_668' title='bbox 1944 4665 2003 4718; x_wconf 90' lang='lat' dir='ltr'>in</span> 
     </span>
    </p>
   </div>
   <div class='ocr_carea' id='block_1_94' title="bbox 371 4748 2004 4828">
    <p class='ocr_par' dir='ltr' id='par_1_94' title="bbox 371 4748 2004 4828">
     <span class='ocr_line' id='line_1_94' title="bbox 371 4748 2004 4828; baseline 0.007 -27"><span class='ocrx_word' id='word_1_669' title='bbox 371 4748 536 4802; x_wconf 90' lang='lat' dir='ltr'>cellas</span> <span class='ocrx_word' id='word_1_670' title='bbox 561 4765 707 4817; x_wconf 89' lang='lat' dir='ltr'>suas,</span> <span class='ocrx_word' id='word_1_671' title='bbox 739 4749 878 4802; x_wconf 88' lang='lat' dir='ltr'>hora</span> <span class='ocrx_word' id='word_1_672' title='bbox 917 4753 1106 4820; x_wconf 89' lang='lat' dir='ltr'>tertia,</span> <span class='ocrx_word' id='word_1_673' title='bbox 1143 4759 1318 4820; x_wconf 83' lang='lat' dir='ltr'>sexta,</span> <span class='ocrx_word' id='word_1_674' title='bbox 1356 4759 1412 4808; x_wconf 89' lang='lat' dir='ltr'>et</span> <span class='ocrx_word' id='word_1_675' title='bbox 1459 4772 1610 4810; x_wconf 89' lang='lat' dir='ltr'>nona</span> <span class='ocrx_word' id='word_1_676' title='bbox 1635 4761 1825 4812; x_wconf 88' lang='lat' dir='ltr'>ternos</span> <span class='ocrx_word' id='word_1_677' title='bbox 1863 4759 2004 4828; x_wconf 89' lang='lat' dir='ltr'>psal-</span> 
     </span>
    </p>
   </div>
   <div class='ocr_carea' id='block_1_95' title="bbox 371 4842 2006 4918">
    <p class='ocr_par' dir='ltr' id='par_1_95' title="bbox 371 4842 2006 4918">
     <span class='ocr_line' id='line_1_95' title="bbox 371 4842 2006 4918; baseline 0.006 -22"><span class='ocrx_word' id='word_1_678' title='bbox 371 4859 490 4896; x_wconf 89' lang='lat' dir='ltr'>mos</span> <span class='ocrx_word' id='word_1_679' title='bbox 515 4842 664 4897; x_wconf 91' lang='lat' dir='ltr'>inter</span> <span class='ocrx_word' id='word_1_680' title='bbox 683 4843 1034 4913; x_wconf 89' lang='lat' dir='ltr'>operandum</span> <span class='ocrx_word' id='word_1_681' title='bbox 1063 4847 1474 4915; x_wconf 80' lang='lat' dir='ltr'>persolvebant,</span> <span class='ocrx_word' id='word_1_682' title='bbox 1500 4848 1728 4918; x_wconf 87' lang='lat' dir='ltr'>privatis</span> <span class='ocrx_word' id='word_1_683' title='bbox 1755 4850 1824 4906; x_wconf 90' lang='lat' dir='ltr'>de</span> <span class='ocrx_word' id='word_1_684' title='bbox 1845 4855 2006 4906; x_wconf 68' lang='lat' dir='ltr'>caste-</span> 
     </span>
    </p>
   </div>
   <div class='ocr_carea' id='block_1_96' title="bbox 369 4935 2002 5017">
    <p class='ocr_par' dir='ltr' id='par_1_96' title="bbox 369 4935 2002 5017">
     <span class='ocr_line' id='line_1_96' title="bbox 369 4935 2002 5017; baseline 0.007 -27"><span class='ocrx_word' id='word_1_685' title='bbox 369 4953 434 4990; x_wconf 91' lang='lat' dir='ltr'>ro</span> <span class='ocrx_word' id='word_1_686' title='bbox 485 4935 744 5006; x_wconf 86' lang='lat' dir='ltr'>precibus</span> <span class='ocrx_word' id='word_1_687' title='bbox 783 4936 1008 4992; x_wconf 91' lang='lat' dir='ltr'>intenti.</span> <span class='ocrx_word' id='word_1_688' title='bbox 1083 4939 1222 4993; x_wconf 89' lang='lat' dir='ltr'>Illud</span> <span class='ocrx_word' id='word_1_689' title='bbox 1291 4943 1508 4994; x_wconf 83' lang='lat' dir='ltr'>tantum</span> <span class='ocrx_word' id='word_1_690' title='bbox 1561 4942 1756 4997; x_wconf 90' lang='lat' dir='ltr'>diebus</span> <span class='ocrx_word' id='word_1_691' title='bbox 1810 4943 2002 5017; x_wconf 83' lang='lat'>383</span> 
     </span>
    </p>
   </div>
   <div class='ocr_carea' id='block_1_97' title="bbox 369 5029 2004 5106">
    <p class='ocr_par' dir='ltr' id='par_1_97' title="bbox 369 5029 2004 5106">
     <span class='ocr_line' id='line_1_97' title="bbox 369 5029 2004 5106; baseline 0.007 -25"><span class='ocrx_word' id='word_1_692' title='bbox 369 5029 673 5083; x_wconf 89' lang='lat' dir='ltr'>Dominicis</span> <span class='ocrx_word' id='word_1_693' title='bbox 699 5035 755 5084; x_wconf 88' lang='lat' dir='ltr'>et</span> <span class='ocrx_word' id='word_1_694' title='bbox 796 5031 952 5086; x_wconf 89' lang='lat' dir='ltr'>festis</span> <span class='ocrx_word' id='word_1_695' title='bbox 989 5031 1269 5102; x_wconf 87' lang='lat' dir='ltr'>peculiare</span> <span class='ocrx_word' id='word_1_696' title='bbox 1313 5037 1453 5102; x_wconf 90' lang='lat' dir='ltr'>erat,</span> <span class='ocrx_word' id='word_1_697' title='bbox 1487 5035 1638 5106; x_wconf 87' lang='lat' dir='ltr'>quod</span> <span class='ocrx_word' id='word_1_698' title='bbox 1679 5037 1750 5092; x_wconf 88' lang='lat' dir='ltr'>ad</span> <span class='ocrx_word' id='word_1_699' title='bbox 1776 5038 2004 5092; x_wconf 88' lang='lat' dir='ltr'>tertiam</span> 
     </span>
    </p>
   </div>
   <div class='ocr_carea' id='block_1_98' title="bbox 369 5121 2006 5202">
    <p class='ocr_par' dir='ltr' id='par_1_98' title="bbox 369 5121 2006 5202">
     <span class='ocr_line' id='line_1_98' title="bbox 369 5121 2006 5202; baseline 0.007 -28"><span class='ocrx_word' id='word_1_700' title='bbox 369 5121 567 5175; x_wconf 89' lang='lat' dir='ltr'>horam</span> <span class='ocrx_word' id='word_1_701' title='bbox 595 5123 654 5176; x_wconf 92' lang='lat' dir='ltr'>in</span> <span class='ocrx_word' id='word_1_702' title='bbox 683 5125 992 5178; x_wconf 88' lang='lat' dir='ltr'>oratorium</span> <span class='ocrx_word' id='word_1_703' title='bbox 1022 5126 1448 5196; x_wconf 85' lang='lat' dir='ltr'>conveniebant,</span> <span class='ocrx_word' id='word_1_704' title='bbox 1481 5133 1542 5182; x_wconf 91' lang='lat' dir='ltr'>ut</span> <span class='ocrx_word' id='word_1_705' title='bbox 1579 5129 1752 5184; x_wconf 87' lang='lat' dir='ltr'>sacris</span> <span class='ocrx_word' id='word_1_706' title='bbox 1803 5136 2006 5202; x_wconf 83' lang='lat' dir='ltr'>myste-</span> 
     </span>
    </p>
   </div>
   <div class='ocr_carea' id='block_1_99' title="bbox 366 5215 2002 5292">
    <p class='ocr_par' dir='ltr' id='par_1_99' title="bbox 366 5215 2002 5292">
     <span class='ocr_line' id='line_1_99' title="bbox 366 5215 2002 5292; baseline 0.007 -24"><span class='ocrx_word' id='word_1_707' title='bbox 366 5215 464 5268; x_wconf 89' lang='lat' dir='ltr'>riis</span> <span class='ocrx_word' id='word_1_708' title='bbox 491 5215 845 5271; x_wconf 90' lang='lat' dir='ltr'>interessent.</span> <span class='ocrx_word' id='word_1_709' title='bbox 877 5219 942 5272; x_wconf 90' lang='lat' dir='ltr'>Et</span> <span class='ocrx_word' id='word_1_710' title='bbox 963 5219 1008 5271; x_wconf 89' lang='lat' dir='ltr'>is</span> <span class='ocrx_word' id='word_1_711' title='bbox 1033 5219 1264 5289; x_wconf 88' lang='lat' dir='ltr'>quidem</span> <span class='ocrx_word' id='word_1_712' title='bbox 1290 5221 1440 5291; x_wconf 88' lang='lat' dir='ltr'>apud</span> <span class='ocrx_word' id='word_1_713' title='bbox 1469 5223 1760 5292; x_wconf 50' lang='lat' dir='ltr'>.‘Epyptios</span> <span class='ocrx_word' id='word_1_714' title='bbox 1805 5239 2002 5278; x_wconf 89' lang='lat' dir='ltr'>mona-</span> 
     </span>
    </p>
   </div>
   <div class='ocr_carea' id='block_1_100' title="bbox 367 5309 2004 5382">
    <p class='ocr_par' dir='ltr' id='par_1_100' title="bbox 367 5309 2004 5382">
     <span class='ocr_line' id='line_1_100' title="bbox 367 5309 2004 5382; baseline 0.005 -21"><span class='ocrx_word' id='word_1_715' title='bbox 367 5309 502 5362; x_wconf 87' lang='lat' dir='ltr'>chos</span> <span class='ocrx_word' id='word_1_716' title='bbox 523 5309 791 5378; x_wconf 89' lang='lat' dir='ltr'>psallendi</span> <span class='ocrx_word' id='word_1_717' title='bbox 816 5311 956 5364; x_wconf 89' lang='lat' dir='ltr'>ritus</span> <span class='ocrx_word' id='word_1_718' title='bbox 985 5311 1210 5382; x_wconf 86' lang='lat' dir='ltr'>vigebat</span> <span class='ocrx_word' id='word_1_719' title='bbox 1233 5315 1440 5368; x_wconf 57' lang='lat' dir='ltr'>saeculo</span> <span class='ocrx_word' id='word_1_720' title='bbox 1459 5332 1510 5368; x_wconf 90' lang='lat' dir='ltr'>v.</span> <span class='ocrx_word' id='word_1_721' title='bbox 1545 5315 1696 5368; x_wconf 87' lang='lat' dir='ltr'>Idem</span> <span class='ocrx_word' id='word_1_722' title='bbox 1725 5315 1839 5368; x_wconf 85' lang='lat' dir='ltr'>fere</span> <span class='ocrx_word' id='word_1_723' title='bbox 1868 5317 2004 5370; x_wconf 88' lang='lat' dir='ltr'>obti-</span> 
     </span>
    </p>
   </div>
   <div class='ocr_carea' id='block_1_101' title="bbox 369 5401 2006 5478">
    <p class='ocr_par' dir='ltr' id='par_1_101' title="bbox 369 5401 2006 5478">
     <span class='ocr_line' id='line_1_101' title="bbox 369 5401 2006 5478; baseline 0.004 -22"><span class='ocrx_word' id='word_1_724' title='bbox 369 5401 538 5456; x_wconf 88' lang='lat' dir='ltr'>nebat</span> <span class='ocrx_word' id='word_1_725' title='bbox 569 5401 628 5456; x_wconf 90' lang='lat' dir='ltr'>in</span> <span class='ocrx_word' id='word_1_726' title='bbox 671 5403 961 5458; x_wconf 65' lang='lat' dir='ltr'>Palestina:</span> <span class='ocrx_word' id='word_1_727' title='bbox 1005 5410 1060 5460; x_wconf 89' lang='lat' dir='ltr'>et</span> <span class='ocrx_word' id='word_1_728' title='bbox 1096 5407 1508 5478; x_wconf 68' lang='lat' dir='ltr'>MeSOpotamiaz</span> <span class='ocrx_word' id='word_1_729' title='bbox 1549 5407 1838 5476; x_wconf 84' lang='lat' dir='ltr'>ccenobiis,</span> <span class='ocrx_word' id='word_1_730' title='bbox 1894 5409 2006 5462; x_wconf 90' lang='lat' dir='ltr'>nisi</span> 
     </span>
    </p>
   </div>
   <div class='ocr_carea' id='block_1_102' title="bbox 368 5495 2008 5572">
    <p class='ocr_par' dir='ltr' id='par_1_102' title="bbox 368 5495 2008 5572">
     <span class='ocr_line' id='line_1_102' title="bbox 368 5495 2008 5572; baseline 0.005 -25"><span class='ocrx_word' id='word_1_731' title='bbox 368 5495 516 5565; x_wconf 85' lang='lat' dir='ltr'>quod</span> <span class='ocrx_word' id='word_1_732' title='bbox 537 5495 606 5550; x_wconf 89' lang='lat' dir='ltr'>ad</span> <span class='ocrx_word' id='word_1_733' title='bbox 623 5495 870 5566; x_wconf 86' lang='lat' dir='ltr'>singulas</span> <span class='ocrx_word' id='word_1_734' title='bbox 894 5497 1062 5551; x_wconf 90' lang='lat' dir='ltr'>horas</span> <span class='ocrx_word' id='word_1_735' title='bbox 1087 5499 1364 5554; x_wconf 90' lang='lat' dir='ltr'>solemnes</span> <span class='ocrx_word' id='word_1_736' title='bbox 1385 5501 1697 5556; x_wconf 87' lang='lat' dir='ltr'>oratorium</span> <span class='ocrx_word' id='word_1_737' title='bbox 1743 5501 2008 5572; x_wconf 90' lang='lat' dir='ltr'>frequen-</span> 
     </span>
    </p>
   </div>
   <div class='ocr_carea' id='block_1_103' title="bbox 369 5589 2007 5664">
    <p class='ocr_par' dir='ltr' id='par_1_103' title="bbox 369 5589 2007 5664">
     <span class='ocr_line' id='line_1_103' title="bbox 369 5589 2007 5664; baseline 0.006 -24"><span class='ocrx_word' id='word_1_738' title='bbox 369 5589 562 5642; x_wconf 75' lang='lat' dir='ltr'>tabant</span> <span class='ocrx_word' id='word_1_739' title='bbox 600 5593 665 5642; x_wconf 91' lang='lat' dir='ltr'>ut</span> <span class='ocrx_word' id='word_1_740' title='bbox 703 5589 762 5642; x_wconf 90' lang='lat' dir='ltr'>in</span> <span class='ocrx_word' id='word_1_741' title='bbox 805 5589 1032 5660; x_wconf 89' lang='lat' dir='ltr'>publico</span> <span class='ocrx_word' id='word_1_742' title='bbox 1073 5595 1348 5642; x_wconf 90' lang='lat' dir='ltr'>conventu</span> <span class='ocrx_word' id='word_1_743' title='bbox 1391 5595 1580 5645; x_wconf 89' lang='lat' dir='ltr'>ternos</span> <span class='ocrx_word' id='word_1_744' title='bbox 1616 5595 1727 5648; x_wconf 91' lang='lat' dir='ltr'>Deo</span> <span class='ocrx_word' id='word_1_745' title='bbox 1765 5595 2007 5664; x_wconf 90' lang='lat' dir='ltr'>psalmos</span> 
     </span>
    </p>
   </div>
   <div class='ocr_carea' id='block_1_104' title="bbox 375 5679 781 5748">
    <p class='ocr_par' dir='ltr' id='par_1_104' title="bbox 375 5679 781 5748">
     <span class='ocr_line' id='line_1_104' title="bbox 375 5679 781 5748; baseline 0.002 -15"><span class='ocrx_word' id='word_1_746' title='bbox 375 5679 781 5748; x_wconf 85' lang='lat' dir='ltr'>persolverent.</span> 
     </span>
    </p>
   </div>
   <div class='ocr_carea' id='block_1_105' title="bbox 437 5770 2006 5845">
    <p class='ocr_par' dir='ltr' id='par_1_105' title="bbox 437 5770 2006 5845">
     <span class='ocr_line' id='line_1_105' title="bbox 437 5770 2006 5845; baseline 0.01 -23"><span class='ocrx_word' id='word_1_747' title='bbox 437 5773 488 5823; x_wconf 85' lang='lat'>6.</span> <span class='ocrx_word' id='word_1_748' title='bbox 532 5773 578 5826; x_wconf 73' lang='grc' dir='ltr'>Α</span> <span class='ocrx_word' id='word_1_749' title='bbox 601 5771 859 5826; x_wconf 84' lang='lat' dir='ltr'>Cassiano</span> <span class='ocrx_word' id='word_1_750' title='bbox 889 5770 1052 5826; x_wconf 89' lang='lat' dir='ltr'>venio</span> <span class='ocrx_word' id='word_1_751' title='bbox 1079 5770 1152 5825; x_wconf 87' lang='lat' dir='ltr'>ad</span> <span class='ocrx_word' id='word_1_752' title='bbox 1177 5770 1482 5836; x_wconf 80' lang='lat' dir='ltr'>Socratem,</span> <span class='ocrx_word' id='word_1_753' title='bbox 1511 5775 1610 5845; x_wconf 90' lang='lat' dir='ltr'>qui</span> <span class='ocrx_word' id='word_1_754' title='bbox 1634 5778 1840 5834; x_wconf 85' lang='lat' dir='ltr'>alterni</span> <span class='ocrx_word' id='word_1_755' title='bbox 1873 5795 2006 5838; x_wconf 81' lang='lat' dir='ltr'>can-</span> 
     </span>
    </p>
   </div>
   <div class='ocr_carea' id='block_1_106' title="bbox 2105 4575 3760 4650">
    <p class='ocr_par' dir='ltr' id='par_1_106' title="bbox 2105 4575 3760 4650">
     <span class='ocr_line' id='line_1_106' title="bbox 2105 4575 3760 4650; baseline 0.004 -22"><span class='ocrx_word' id='word_1_756' title='bbox 2105 4581 2439 4644; x_wconf 87' lang='lat' dir='ltr'>servaretur,</span> <span class='ocrx_word' id='word_1_757' title='bbox 2461 4592 2576 4630; x_wconf 91' lang='lat' dir='ltr'>non</span> <span class='ocrx_word' id='word_1_758' title='bbox 2600 4575 2762 4630; x_wconf 90' lang='lat' dir='ltr'>facile</span> <span class='ocrx_word' id='word_1_759' title='bbox 2789 4579 2874 4630; x_wconf 89' lang='lat' dir='ltr'>est</span> <span class='ocrx_word' id='word_1_760' title='bbox 2903 4575 3160 4631; x_wconf 80' lang='lat' dir='ltr'>definire.</span> <span class='ocrx_word' id='word_1_761' title='bbox 3191 4577 3246 4632; x_wconf 93' lang='lat' dir='ltr'>Si</span> <span class='ocrx_word' id='word_1_762' title='bbox 3277 4581 3430 4630; x_wconf 88' lang='lat' dir='ltr'>certa</span> <span class='ocrx_word' id='word_1_763' title='bbox 3458 4581 3514 4630; x_wconf 90' lang='lat' dir='ltr'>et</span> <span class='ocrx_word' id='word_1_764' title='bbox 3543 4581 3760 4650; x_wconf 80' lang='lat' dir='ltr'>explo-</span> 
     </span>
    </p>
   </div>
   <div class='ocr_carea' id='block_1_107' title="bbox 2103 4673 3770 4744">
    <p class='ocr_par' dir='ltr' id='par_1_107' title="bbox 2103 4673 3770 4744">
     <span class='ocr_line' id='line_1_107' title="bbox 2103 4673 3770 4744; baseline 0.003 -16"><span class='ocrx_word' id='word_1_765' title='bbox 2103 4677 2224 4728; x_wconf 87' lang='lat' dir='ltr'>rata</span> <span class='ocrx_word' id='word_1_766' title='bbox 2267 4677 2412 4728; x_wconf 89' lang='lat' dir='ltr'>esset</span> <span class='ocrx_word' id='word_1_767' title='bbox 2449 4673 2653 4728; x_wconf 89' lang='lat' dir='ltr'>vetusti</span> <span class='ocrx_word' id='word_1_768' title='bbox 2691 4673 2839 4726; x_wconf 90' lang='lat' dir='ltr'>illius</span> <span class='ocrx_word' id='word_1_769' title='bbox 2886 4675 3038 4744; x_wconf 92' lang='lat' dir='ltr'>apud</span> <span class='ocrx_word' id='word_1_770' title='bbox 3077 4674 3484 4744; x_wconf 84' lang='lat' dir='ltr'>Spelmannum</span> <span class='ocrx_word' id='word_1_771' title='bbox 3509 4679 3770 4734; x_wconf 83' lang='lat' dir='ltr'>auctoris</span> 
     </span>
    </p>
   </div>
   <div class='ocr_carea' id='block_1_108' title="bbox 2105 4771 3770 4842">
    <p class='ocr_par' dir='ltr' id='par_1_108' title="bbox 2105 4771 3770 4842">
     <span class='ocr_line' id='line_1_108' title="bbox 2105 4771 3770 4842; baseline 0.004 -16"><span class='ocrx_word' id='word_1_772' title='bbox 2105 4771 2404 4838; x_wconf 90' lang='lat' dir='ltr'>sententia,</span> <span class='ocrx_word' id='word_1_773' title='bbox 2433 4787 2641 4842; x_wconf 89' lang='lat' dir='ltr'>nempe</span> <span class='ocrx_word' id='word_1_774' title='bbox 2671 4771 2846 4825; x_wconf 89' lang='lat' dir='ltr'>sancti</span> <span class='ocrx_word' id='word_1_775' title='bbox 2869 4771 3158 4826; x_wconf 86' lang='lat' dir='ltr'>Benedicti</span> <span class='ocrx_word' id='word_1_776' title='bbox 3185 4788 3414 4826; x_wconf 88' lang='lat' dir='ltr'>cursum</span> <span class='ocrx_word' id='word_1_777' title='bbox 3440 4789 3472 4826; x_wconf 90' lang='lat' dir='ltr'>a</span> <span class='ocrx_word' id='word_1_778' title='bbox 3499 4775 3770 4832; x_wconf 84' lang='lat' dir='ltr'>Romano</span> 
     </span>
    </p>
   </div>
   <div class='ocr_carea' id='block_1_109' title="bbox 2103 4859 3774 4933">
    <p class='ocr_par' dir='ltr' id='par_1_109' title="bbox 2103 4859 3774 4933">
     <span class='ocr_line' id='line_1_109' title="bbox 2103 4859 3774 4933; baseline 0.004 -19"><span class='ocrx_word' id='word_1_779' title='bbox 2103 4877 2306 4932; x_wconf 90' lang='lat' dir='ltr'>parum</span> <span class='ocrx_word' id='word_1_780' title='bbox 2337 4859 2704 4930; x_wconf 87' lang='lat' dir='ltr'>discrepasse,</span> <span class='ocrx_word' id='word_1_781' title='bbox 2736 4859 2898 4914; x_wconf 87' lang='lat' dir='ltr'>obvia</span> <span class='ocrx_word' id='word_1_782' title='bbox 2925 4865 3071 4914; x_wconf 89' lang='lat' dir='ltr'>esset</span> <span class='ocrx_word' id='word_1_783' title='bbox 3099 4861 3166 4914; x_wconf 88' lang='lat' dir='ltr'>de</span> <span class='ocrx_word' id='word_1_784' title='bbox 3189 4862 3442 4916; x_wconf 82' lang='lat' dir='ltr'>Romano</span> <span class='ocrx_word' id='word_1_785' title='bbox 3467 4863 3774 4933; x_wconf 82' lang='lat' dir='ltr'>conjectu-</span> 
     </span>
    </p>
   </div>
   <div class='ocr_carea' id='block_1_110' title="bbox 2104 4953 3768 5027">
    <p class='ocr_par' dir='ltr' id='par_1_110' title="bbox 2104 4953 3768 5027">
     <span class='ocr_line' id='line_1_110' title="bbox 2104 4953 3768 5027; baseline 0.002 -19"><span class='ocrx_word' id='word_1_786' title='bbox 2104 4971 2188 5024; x_wconf 90' lang='lat' dir='ltr'>ra,</span> <span class='ocrx_word' id='word_1_787' title='bbox 2219 4971 2348 5008; x_wconf 90' lang='lat' dir='ltr'>cum</span> <span class='ocrx_word' id='word_1_788' title='bbox 2383 4953 2810 5008; x_wconf 90' lang='lat' dir='ltr'>Benedictinum</span> <span class='ocrx_word' id='word_1_789' title='bbox 2847 4954 2908 5006; x_wconf 91' lang='lat' dir='ltr'>in</span> <span class='ocrx_word' id='word_1_790' title='bbox 2950 4954 3147 5024; x_wconf 87' lang='lat' dir='ltr'>regula</span> <span class='ocrx_word' id='word_1_791' title='bbox 3185 4959 3376 5010; x_wconf 88' lang='lat' dir='ltr'>nostra</span> <span class='ocrx_word' id='word_1_792' title='bbox 3415 4971 3768 5027; x_wconf 80' lang='lat' dir='ltr'>expressum</span> 
     </span>
    </p>
   </div>
   <div class='ocr_carea' id='block_1_111' title="bbox 2107 5046 3766 5118">
    <p class='ocr_par' dir='ltr' id='par_1_111' title="bbox 2107 5046 3766 5118">
     <span class='ocr_line' id='line_1_111' title="bbox 2107 5046 3766 5118; baseline 0.004 -18"><span class='ocrx_word' id='word_1_793' title='bbox 2107 5047 2434 5101; x_wconf 88' lang='lat' dir='ltr'>habeamus.</span> <span class='ocrx_word' id='word_1_794' title='bbox 2464 5049 2534 5099; x_wconf 81' lang='lat' dir='ltr'>At</span> <span class='ocrx_word' id='word_1_795' title='bbox 2565 5047 2904 5114; x_wconf 88' lang='lat' dir='ltr'>Romanum,</span> <span class='ocrx_word' id='word_1_796' title='bbox 2934 5046 3133 5100; x_wconf 89' lang='lat' dir='ltr'>saltem</span> <span class='ocrx_word' id='word_1_797' title='bbox 3161 5047 3219 5100; x_wconf 92' lang='lat' dir='ltr'>in</span> <span class='ocrx_word' id='word_1_798' title='bbox 3247 5047 3552 5118; x_wconf 90' lang='lat' dir='ltr'>aliquibus,</span> <span class='ocrx_word' id='word_1_799' title='bbox 3585 5050 3658 5104; x_wconf 87' lang='lat' dir='ltr'>ab</span> <span class='ocrx_word' id='word_1_800' title='bbox 3689 5067 3766 5106; x_wconf 86' lang='lat' dir='ltr'>eo</span> 
     </span>
    </p>
   </div>
   <div class='ocr_carea' id='block_1_112' title="bbox 2106 5137 3766 5210">
    <p class='ocr_par' dir='ltr' id='par_1_112' title="bbox 2106 5137 3766 5210">
     <span class='ocr_line' id='line_1_112' title="bbox 2106 5137 3766 5210; baseline 0.001 -15"><span class='ocrx_word' id='word_1_801' title='bbox 2106 5141 2390 5195; x_wconf 89' lang='lat' dir='ltr'>diversum</span> <span class='ocrx_word' id='word_1_802' title='bbox 2423 5138 2592 5194; x_wconf 88' lang='lat' dir='ltr'>fuisse</span> <span class='ocrx_word' id='word_1_803' title='bbox 2631 5139 2764 5192; x_wconf 89' lang='lat' dir='ltr'>hinc</span> <span class='ocrx_word' id='word_1_804' title='bbox 2803 5137 3107 5208; x_wconf 83' lang='lat' dir='ltr'>colligitur,</span> <span class='ocrx_word' id='word_1_805' title='bbox 3139 5139 3290 5210; x_wconf 88' lang='lat' dir='ltr'>quod</span> <span class='ocrx_word' id='word_1_806' title='bbox 3315 5145 3538 5196; x_wconf 89' lang='lat' dir='ltr'>sanctus</span> <span class='ocrx_word' id='word_1_807' title='bbox 3567 5143 3766 5198; x_wconf 83' lang='lat' dir='ltr'>Bene-</span> 
     </span>
    </p>
   </div>
   <div class='ocr_carea' id='block_1_113' title="bbox 2106 5231 3766 5292">
    <p class='ocr_par' dir='ltr' id='par_1_113' title="bbox 2106 5231 3766 5292">
     <span class='ocr_line' id='line_1_113' title="bbox 2106 5231 3766 5292; baseline 0.002 -4"><span class='ocrx_word' id='word_1_808' title='bbox 2106 5234 2287 5288; x_wconf 89' lang='lat' dir='ltr'>dictus</span> <span class='ocrx_word' id='word_1_809' title='bbox 2308 5233 2378 5287; x_wconf 92' lang='lat' dir='ltr'>ad</span> <span class='ocrx_word' id='word_1_810' title='bbox 2407 5231 2626 5286; x_wconf 87' lang='lat' dir='ltr'>feriales</span> <span class='ocrx_word' id='word_1_811' title='bbox 2653 5231 2958 5286; x_wconf 87' lang='lat' dir='ltr'>matutinas</span> <span class='ocrx_word' id='word_1_812' title='bbox 2975 5233 3168 5287; x_wconf 89' lang='lat' dir='ltr'>laudes</span> <span class='ocrx_word' id='word_1_813' title='bbox 3187 5255 3212 5281; x_wconf 75' lang='grc' dir='ltr'>ι(</span> <span class='ocrx_word' id='word_1_814' title='bbox 3229 5234 3514 5288; x_wconf 86' lang='lat' dir='ltr'>canticum</span> <span class='ocrx_word' id='word_1_815' title='bbox 3541 5251 3766 5292; x_wconf 85' lang='lat' dir='ltr'>unum—</span> 
     </span>
    </p>
   </div>
   <div class='ocr_carea' id='block_1_114' title="bbox 2106 5325 3772 5396">
    <p class='ocr_par' dir='ltr' id='par_1_114' title="bbox 2106 5325 3772 5396">
     <span class='ocr_line' id='line_1_114' title="bbox 2106 5325 3772 5396; baseline 0.003 -17"><span class='ocrx_word' id='word_1_816' title='bbox 2106 5327 2370 5396; x_wconf 88' lang='lat' dir='ltr'>quodque</span> <span class='ocrx_word' id='word_1_817' title='bbox 2413 5325 2502 5380; x_wconf 91' lang='lat' dir='ltr'>die</span> <span class='ocrx_word' id='word_1_818' title='bbox 2545 5341 2646 5378; x_wconf 90' lang='lat' dir='ltr'>suo</span> <span class='ocrx_word' id='word_1_819' title='bbox 2673 5341 2738 5379; x_wconf 84' lang='lat' dir='ltr'>ex</span> <span class='ocrx_word' id='word_1_820' title='bbox 2765 5325 3074 5396; x_wconf 82' lang='lat' dir='ltr'>prOphetis,</span> <span class='ocrx_word' id='word_1_821' title='bbox 3107 5326 3254 5379; x_wconf 88' lang='lat' dir='ltr'>sicut</span> <span class='ocrx_word' id='word_1_822' title='bbox 3279 5326 3466 5396; x_wconf 88' lang='lat' dir='ltr'>psallit</span> <span class='ocrx_word' id='word_1_823' title='bbox 3505 5328 3772 5384; x_wconf 83' lang='lat' dir='ltr'>Ecclesia</span> 
     </span>
    </p>
   </div>
   <div class='ocr_carea' id='block_1_115' title="bbox 2107 5417 3774 5489">
    <p class='ocr_par' dir='ltr' id='par_1_115' title="bbox 2107 5417 3774 5489">
     <span class='ocr_line' id='line_1_115' title="bbox 2107 5417 3774 5489; baseline 0.004 -17"><span class='ocrx_word' id='word_1_824' title='bbox 2107 5419 2378 5486; x_wconf 81' lang='lat' dir='ltr'>Romana,</span> <span class='ocrx_word' id='word_1_825' title='bbox 2411 5439 2439 5467; x_wconf 77' lang='lat' dir='ltr'>n</span> <span class='ocrx_word' id='word_1_826' title='bbox 2471 5417 2728 5472; x_wconf 88' lang='lat' dir='ltr'>instituat</span> <span class='ocrx_word' id='word_1_827' title='bbox 2755 5434 2879 5489; x_wconf 91' lang='lat' dir='ltr'>cap.</span> <span class='ocrx_word' id='word_1_828' title='bbox 2925 5421 3010 5482; x_wconf 82' lang='lat' dir='ltr'>l3,</span> <span class='ocrx_word' id='word_1_829' title='bbox 3039 5418 3110 5473; x_wconf 90' lang='lat' dir='ltr'>de</span> <span class='ocrx_word' id='word_1_830' title='bbox 3137 5418 3259 5472; x_wconf 87' lang='lat' dir='ltr'>aliis</span> <span class='ocrx_word' id='word_1_831' title='bbox 3287 5419 3456 5474; x_wconf 87' lang='lat' dir='ltr'>etiam</span> <span class='ocrx_word' id='word_1_832' title='bbox 3489 5419 3546 5475; x_wconf 89' lang='lat' dir='ltr'>id</span> <span class='ocrx_word' id='word_1_833' title='bbox 3572 5421 3774 5478; x_wconf 87' lang='lat' dir='ltr'>dictu-</span> 
     </span>
    </p>
   </div>
   <div class='ocr_carea' id='block_1_116' title="bbox 2107 5505 3770 5578">
    <p class='ocr_par' dir='ltr' id='par_1_116' title="bbox 2107 5505 3770 5578">
     <span class='ocr_line' id='line_1_116' title="bbox 2107 5505 3770 5578; baseline 0.004 -18"><span class='ocrx_word' id='word_1_834' title='bbox 2107 5523 2222 5574; x_wconf 89' lang='lat' dir='ltr'>rus,</span> <span class='ocrx_word' id='word_1_835' title='bbox 2245 5507 2290 5560; x_wconf 89' lang='lat' dir='ltr'>si</span> <span class='ocrx_word' id='word_1_836' title='bbox 2321 5506 2494 5576; x_wconf 89' lang='lat' dir='ltr'>ipsius</span> <span class='ocrx_word' id='word_1_837' title='bbox 2529 5505 2672 5560; x_wconf 89' lang='lat' dir='ltr'>ritus</span> <span class='ocrx_word' id='word_1_838' title='bbox 2710 5523 2840 5560; x_wconf 90' lang='lat' dir='ltr'>cum</span> <span class='ocrx_word' id='word_1_839' title='bbox 2882 5508 3137 5560; x_wconf 81' lang='lat' dir='ltr'>Romano</span> <span class='ocrx_word' id='word_1_840' title='bbox 3181 5508 3406 5578; x_wconf 87' lang='lat' dir='ltr'>penitus</span> <span class='ocrx_word' id='word_1_841' title='bbox 3449 5509 3770 5566; x_wconf 86' lang='lat' dir='ltr'>convenis-</span> 
     </span>
    </p>
   </div>
   <div class='ocr_carea' id='block_1_117' title="bbox 2107 5597 3772 5672">
    <p class='ocr_par' dir='ltr' id='par_1_117' title="bbox 2107 5597 3772 5672">
     <span class='ocr_line' id='line_1_117' title="bbox 2107 5597 3772 5672; baseline 0.005 -20"><span class='ocrx_word' id='word_1_842' title='bbox 2107 5601 2226 5666; x_wconf 89' lang='lat' dir='ltr'>set;</span> <span class='ocrx_word' id='word_1_843' title='bbox 2251 5615 2354 5654; x_wconf 90' lang='lat' dir='ltr'>nec</span> <span class='ocrx_word' id='word_1_844' title='bbox 2380 5615 2512 5654; x_wconf 89' lang='lat' dir='ltr'>sane</span> <span class='ocrx_word' id='word_1_845' title='bbox 2541 5599 2858 5670; x_wconf 89' lang='lat' dir='ltr'>reliquisset</span> <span class='ocrx_word' id='word_1_846' title='bbox 2883 5597 3074 5672; x_wconf 83' lang='lat'>385</span> <span class='ocrx_word' id='word_1_847' title='bbox 3105 5599 3164 5655; x_wconf 89' lang='lat' dir='ltr'>in</span> <span class='ocrx_word' id='word_1_848' title='bbox 3183 5600 3396 5655; x_wconf 88' lang='lat' dir='ltr'>abbatis</span> <span class='ocrx_word' id='word_1_849' title='bbox 3421 5601 3662 5658; x_wconf 88' lang='lat' dir='ltr'>arbitrio</span> <span class='ocrx_word' id='word_1_850' title='bbox 3691 5611 3772 5660; x_wconf 86' lang='lat' dir='ltr'>ut</span> 
     </span>
    </p>
   </div>
   <div class='ocr_carea' id='block_1_118' title="bbox 2109 5691 3768 5766">
    <p class='ocr_par' dir='ltr' id='par_1_118' title="bbox 2109 5691 3768 5766">
     <span class='ocr_line' id='line_1_118' title="bbox 2109 5691 3768 5766; baseline 0.005 -22"><span class='ocrx_word' id='word_1_851' title='bbox 2109 5705 2268 5744; x_wconf 88' lang='lat' dir='ltr'>suam</span> <span class='ocrx_word' id='word_1_852' title='bbox 2323 5691 2649 5760; x_wconf 74' lang='lat' dir='ltr'>psalmodias</span> <span class='ocrx_word' id='word_1_853' title='bbox 2697 5692 3124 5764; x_wconf 87' lang='lat' dir='ltr'>dispositionem</span> <span class='ocrx_word' id='word_1_854' title='bbox 3173 5699 3394 5749; x_wconf 87' lang='lat' dir='ltr'>mutare</span> <span class='ocrx_word' id='word_1_855' title='bbox 3433 5701 3652 5766; x_wconf 86' lang='lat' dir='ltr'>posset,</span> <span class='ocrx_word' id='word_1_856' title='bbox 3705 5699 3768 5754; x_wconf 89' lang='lat' dir='ltr'>si</span> 
     </span>
    </p>
   </div>
   <div class='ocr_carea' id='block_1_119' title="bbox 2109 5783 3764 5850">
    <p class='ocr_par' dir='ltr' id='par_1_119' title="bbox 2109 5783 3764 5850">
     <span class='ocr_line' id='line_1_119' title="bbox 2109 5783 3764 5850; baseline 0.005 -10"><span class='ocrx_word' id='word_1_857' title='bbox 2109 5783 2431 5842; x_wconf 79' lang='lat' dir='ltr'>Romanum</span> <span class='ocrx_word' id='word_1_858' title='bbox 2495 5801 2774 5844; x_wconf 81' lang='lat' dir='ltr'>canonem</span> <span class='ocrx_word' id='word_1_859' title='bbox 2829 5787 2891 5844; x_wconf 90' lang='lat' dir='ltr'>in</span> <span class='ocrx_word' id='word_1_860' title='bbox 2939 5787 3204 5846; x_wconf 82' lang='lat' dir='ltr'>omnibus</span> <span class='ocrx_word' id='word_1_861' title='bbox 3253 5791 3476 5846; x_wconf 86' lang='lat' dir='ltr'>secutus</span> <span class='ocrx_word' id='word_1_862' title='bbox 3527 5789 3764 5850; x_wconf 83' lang='lat' dir='ltr'>fuisset.</span> 
     </span>
    </p>
   </div>
  </div>
