3982 6190
213 327 301 383 385

1265 315 1352 372 DE
1390 315 1606 372 GURSU
1646 313 2020 370 GALLICANO
2057 309 2469 382 DISQUISlTlO.

3419 311 3522 372 386

208 431 572 488 Theodemarus
626 425 800 482 abbas
834 423 1170 494 Casinensis,
1201 441 1299 479 seu
1352 425 1558 479 Paulus
1608 424 1798 478 Diaco-
1819 437 1876 508 Α
1897 423 1980 478 rei
2022 427 2224 478 testem
2274 424 2549 479 habemus
2589 423 2818 479 Adriani
2854 441 3015 496 papas
3055 420 3074 478 ἰ
3111 421 3406 495 epistolam
3439 427 3469 479 3
3505 441 3518 480 :

207 542 292 579 nus
314 524 424 594 ejus
447 520 694 588 nomine,
724 520 784 574 in
815 519 1055 591 epistola
1094 518 1165 574 ad
1209 517 1472 572 Carolum
1525 518 1792 588 Magnum

205 616 474 690 quaestione
497 612 800 685 proposita,
838 629 939 667 cur
968 615 1192 666 sanctus
1237 611 1568 666 Benedictus
1607 609 1792 664 nullas

206 711 254 765 in
275 713 444 764 testate
467 724 568 779 pro
593 705 884 761 nocturnis
907 705 1124 776 Vigiliis
1169 704 1437 759 lectiones
1479 703 1789 775 praecipiat,

201 805 320 859 hanc
345 801 497 856 affert
523 811 750 854 causam
780 816 794 853 :
827 798 958 870 quia
1001 820 1030 848 «
1067 797 1310 853 necdum
1340 814 1406 853 eo
1441 802 1694 868 tempore
1732 796 1791 850 in

200 897 419 952 Romana
445 893 702 959 Ecclesia,
729 892 874 947 sicut
901 908 1054 946 nunc
1086 891 1376 962 leguntur,
1419 907 1602 944 sacras
1638 889 1789 944 Scri-

197 995 361 1062 pturas
395 988 504 1058 legi
540 1003 662 1041 mos
709 985 925 1056 fuerit;
968 985 1065 1040 sed
1103 989 1230 1057 post
1279 985 1493 1056 aliquot
1539 988 1792 1054 tempora

197 1083 283 1137 hoc
304 1081 631 1149 institutum,
661 1080 776 1135 sive
801 1097 834 1133 a
858 1080 1020 1134 beato
1044 1095 1192 1150 papa
1220 1077 1507 1150 Gregorio,
1553 1076 1688 1145 sive,
1727 1081 1794 1130 ut

195 1176 250 1230 ab
289 1174 398 1229 aliis
435 1173 749 1228 afﬁrmatur
795 1172 865 1226 ab
910 1172 1172 1226 Honorio.
1212 1173 1331 1236 Qua
1379 1171 1447 1225 de
1497 1187 1558 1225 re
1621 1169 1794 1240 (addit

196 1267 590 1336 Theodemarus)
617 1266 798 1321 nostri
823 1266 1064 1336 majores
1091 1265 1459 1320 instituerunt
1487 1268 1551 1318 ut
1587 1263 1648 1317 in
1687 1263 1792 1317 hoc

195 1377 322 1417 sacro
343 1365 530 1415 nostro
556 1359 808 1415 ccenobio
832 1363 947 1414 tres
973 1357 1315 1431 quotidianis
1359 1357 1557 1412 diebus
1601 1356 1792 1411 aestivo

193 1455 243 1509 in
263 1461 494 1526 tempore
523 1470 593 1509 ex
620 1453 804 1508 Veteri
835 1454 1190 1508 Testamento
1219 1452 1484 1506 lectiones
1509 1451 1788 1521 legantur,

193 1565 250 1603 ne
290 1567 320 1602 a
358 1553 550 1603 sancta
596 1548 850 1602 Romana
893 1545 1122 1601 ecclesia
1170 1545 1487 1616 discrepare
1531 1544 1789 1600 videren-

193 1647 284 1696 tur.
307 1661 332 1695 »
1093 1632 1119 1652 ’

250 1737 294 1789 9.
345 1734 419 1789 De
469 1733 844 1790 Theodemari
882 1732 1060 1805 priori
1117 1732 1412 1802 sententia,
1463 1731 1672 1788 scilicet
1713 1749 1794 1787 sa-

1900 539 1930 567 «
1961 517 2098 571 Vitae
2124 518 2356 572 Patrum
2383 518 2503 573 sine
2531 517 2912 589 probabilibus
2939 517 3260 573 auctoribus
3285 517 3522 572 minime

1894 609 1954 663 in
1983 610 2221 664 Ecclesia
2245 610 2535 681 leguntur.
2567 611 2709 665 Nam
2729 610 2798 664 ab
2825 611 3151 665 orthodoxis
3187 611 3425 665 titulatae
3469 615 3526 666 et

1895 702 2300 774 suscipiuntur,
2335 709 2391 780 et
2414 705 2703 774 leguntur.
2736 726 2763 752 »
2794 705 2914 759 lmo
2941 705 3115 758 etiam
3138 708 3272 759 tunc
3301 705 3520 759 confes-

1893 812 2084 850 sorum
2117 797 2268 850 Vitas
2293 797 2352 850 in
2384 797 2624 852 Ecclesia
2652 799 2903 853 Romana
2941 797 3164 852 recitari
3211 814 3335 852 mos
3381 803 3519 867 erat,

1891 890 2168 961 probante
2213 891 2425 945 Joanne
2474 891 2715 945 Diacono
2771 891 2828 945 in
2865 891 3198 962 prmfatione
3231 891 3301 945 ad
3338 891 3520 946 Vitam

1891 983 2146 1054 Gregorii
2173 984 2380 1054 Magni,
2409 985 2470 1038 in
2494 1001 2606 1056 qua
2631 985 2902 1040 Joannem
2932 1001 3144 1057 papam
3169 985 3258 1039 Vll
3284 985 3360 1038 sic
3393 985 3524 1039 allo-

1891 1077 2086 1148 quitur
2113 1094 2126 1130 :
2165 1098 2191 1126 ‹‹
2221 1078 2414 1148 Nuper
2436 1078 2507 1132 ad
2533 1078 2764 1149 Vigilias
2787 1078 2939 1133 beati
2985 1078 3237 1150 Gregorii
3281 1079 3523 1133 Romani

1891 1169 2190 1242 pontiﬁcis,
2224 1171 2541 1242 Anglorum
2569 1172 2777 1226 scilicet
2805 1171 2988 1244 gentis
3035 1170 3224 1244 387
3261 1171 3520 1244 apostoli,

1892 1264 2131 1319 lectione
2152 1264 2220 1320 de
2246 1265 2482 1319 Paulino
2514 1265 2749 1321 civitatis
2777 1266 3006 1320 Nolana:
3028 1265 3266 1336 praesule
3294 1281 3524 1320 consue-

1889 1355 2220 1413 tudinaliter
2244 1363 2602 1430 personante,
2641 1359 2793 1414 visus
2841 1375 2898 1413 es
2921 1375 2954 1412 a
2979 1359 3390 1414 venerabilibus
3410 1359 3524 1430 epi-

1893 1452 2092 1523 scopis,
2127 1451 2318 1506 divino
2360 1453 2610 1524 quodam
2650 1453 2921 1507 instinctu
2958 1454 3296 1522 commotus,
3327 1439 3518 1524 requi-

1892 1561 2038 1614 rere,
2068 1557 2170 1599 cur
2201 1549 2391 1600 tantus
2417 1546 2690 1618 pontifex,
2719 1547 2818 1618 qui
2849 1546 3160 1600 multorum
3200 1549 3524 1600 sanctorum
3607 1617 3618 1622 _

1891 1637 2032 1694 vitas
2071 1642 2347 1706 texuerat,
2394 1639 2566 1711 gestis
2602 1639 2848 1712 propriis
2893 1639 2953 1695 in
2987 1639 3218 1712 propria
3253 1639 3526 1695 duntaxat

1893 1731 2446 1790 Ecclesiacaruisset.
2481 1756 2508 1782 »

195 1844 289 1882 cras
310 1827 618 1899 Scripturas
642 1827 702 1882 in
750 1801 1003 1882 Romana
1043 1827 1284 1882 Ecclesia
1319 1831 1572 1897 tempore
1617 1827 1792 1882 sancti
1813 1801 1870 1874 B
1969 1829 2053 1880 ll.
2093 1826 2233 1880 Hinc
2276 1826 2445 1882 etiam
2495 1829 2650 1898 patet
2701 1831 2970 1882 tractatus
3021 1829 3252 1881 Patrum
3302 1827 3524 1884 defectu

194 1920 438 1975 Benedicti
466 1921 639 1975 lectas
662 1936 780 1975 non
807 1920 998 1988 fuisse,
1025 1919 1277 1992 legitima
1314 1919 1611 1974 dubitandi
1651 1919 1794 1974 ratio

194 2018 272 2067 est.
300 2015 480 2085 Neque
509 2013 667 2069 enim
691 2013 998 2068 verisimile
1020 2017 1105 2068 est
1134 2016 1232 2067 aut
1258 2013 1440 2068 nullas
1467 2019 1602 2068 tunc
1631 2013 1688 2067 in
1716 2013 1796 2068 di-

193 2105 303 2162 vinis
321 2107 508 2162 ofﬁciis
559 2108 857 2176 lectiones;
899 2111 998 2162 aut
1043 2107 1089 2160 si
1125 2106 1332 2178 aliquas
1379 2123 1450 2160 ex
1488 2107 1631 2177 aliis,
1680 2123 1793 2161 non

193 2202 330 2255 etiam
360 2219 426 2256 ex
452 2218 613 2256 sacra
640 2201 926 2272 Scriptura
953 2200 1238 2256 institutas
1262 2199 1454 2255 fuisse.
1485 2200 1626 2254 Sane
1664 2216 1796 2254 cum

193 2293 405 2350 Gelasius
444 2312 598 2368 papa
654 2297 693 2365 1,
737 2295 795 2349 in
837 2294 1072 2350 concilio
1113 2295 1392 2364 Romano,
1433 2293 1532 2366 qui
1570 2293 1697 2348 libri
1720 2294 1796 2347 le-

147 2384 156 2388 ⁷
194 2389 346 2459 gendi,
386 2389 559 2461 quive
587 2405 703 2443 non
733 2387 960 2460 legendi
997 2392 1183 2444 essent
1223 2387 1456 2456 deﬁnit;
1505 2387 1561 2442 id
1601 2387 1670 2448 de
1719 2387 1796 2441 le-

190 2481 338 2536 ctione
369 2482 597 2554 publica
622 2481 682 2536 in
709 2481 957 2537 ecclesiis
995 2481 1250 2536 facienda
1283 2479 1602 2552 intelligere
1648 2479 1796 2534 vide—

190 2579 279 2629 tur.
313 2577 368 2630 In
391 2593 454 2631 eo
480 2581 680 2630 autem
706 2577 954 2645 Decreto,
984 2575 1086 2630 etsi
1114 2579 1267 2646 gesta
1293 2578 1616 2630 sanctorum
1641 2590 1792 2628 mar-

189 2672 346 2738 tyrum
375 2669 794 2744 suscipiuntur;
826 2669 1003 2724 nihilo
1031 2669 1222 2724 minus
1261 2685 1460 2724 eorum
1501 2671 1634 2723 Acta
1676 2684 1795 2722 non

189 2762 462 2832 probantur
485 2764 566 2818 ad
601 2763 888 2835 publicam
907 2763 1223 2818 lectionem.
1258 2783 1286 2811 «
1311 2762 1418 2818 Sed
1446 2762 1574 2817 ideo
1605 2777 1797 2816 secun-

191 2853 302 2909 dum
323 2858 617 2930 antiquam
643 2855 1111 2912 consuetudinem
1137 2839 1341 2928 (inquit
1366 2854 1635 2926 Gelasius)
1679 2853 1794 2908 sin-

191 2949 339 3018 gulari
360 2950 584 3006 cautela
603 2949 663 3004 in
688 2953 878 3004 sancta
904 2950 1158 3004 Romana
1187 2948 1413 3004 ecclesia
1438 2964 1552 3002 non
1597 2947 1798 3020 legun-

189 3045 280 3111 tur,
306 3043 428 3114 quia
451 3049 507 3100 et
539 3060 742 3099 eorum
769 3043 870 3115 qui
894 3043 1274 3114 conscripsere
1299 3042 1532 3098 nomina
1568 3041 1796 3113 penitus

1892 1919 2254 1991 propriarum
2300 1919 2608 1975 lectionum
2654 1919 2711 1974 in
2755 1919 2952 1974 eadem
2987 1920 3228 1974 Ecclesia
3273 1927 3524 1992 receptos

1893 2013 2065 2068 fuisse
2098 2031 2112 2067 :
2153 2029 2398 2085 quorum
2446 2013 2694 2068 delectus
2748 2013 2808 2067 in
2848 2013 3084 2068 arbitrio
3119 2013 3368 2086 episcopi
3405 2021 3524 2070 erat

1893 2111 2148 2178 tempore
2180 2105 2435 2178 Gregorii
2473 2107 2679 2178 Magni,
2723 2109 2784 2160 ut
2813 2109 3031 2162 constat
3057 2123 3127 2161 ex
3178 2106 3278 2162 lib.
3312 2124 3366 2177 x,
3409 2107 3524 2179 epi-

1895 2201 2042 2255 stola
2065 2203 2154 2270 22,
2187 2201 2258 2256 ad
2286 2201 2559 2256 Joannem
2579 2200 3001 2256 Subdiaconum
3027 2201 3434 2272 Ravennatem,
3461 2185 3522 2256 in

1894 2310 2008 2366 qua
2033 2292 2148 2349 non
2175 2293 2377 2366 probat
2404 2294 2556 2366 quod
2575 2293 2915 2350 Marinianus
2940 2293 3194 2365 ejusdem
3219 2294 3374 2349 urbis
3401 2295 3522 2366 epi-

1895 2403 2094 2459 scopus
2149 2410 2177 2438 «
2230 2392 2549 2443 commenta
2586 2388 2732 2443 beati
2771 2387 2872 2442 Job
2916 2387 3139 2459 publice
3184 2388 3254 2442 ad
3295 2387 3526 2460 Vigilias

1893 2484 2006 2554 legi
2052 2486 2432 2557 praecepisset.
2479 2485 2585 2541 Sed
2621 2486 2711 2540 dic
2745 2485 2818 2555 ei,
2854 2485 3062 2557 inquit,
3095 2487 3161 2540 ut
3209 2491 3528 2542 commenta

1893 2577 2246 2632 Psalmorum
2259 2578 2373 2650 legi
2394 2579 2464 2634 ad
2491 2579 2720 2650 Vigilias
2738 2578 2927 2649 faciat,
2952 2596 3079 2651 qua:
3103 2583 3324 2636 mentes
3349 2596 3526 2635 samu-

1894 2669 2104 2725 larium
2129 2671 2199 2726 ad
2229 2672 2406 2726 bonos
2435 2689 2622 2726 mores
2647 2672 2934 2744 praecipue
2967 2672 3294 2728 informant.
3337 2673 3528 2744 Neque

1895 2763 2049 2818 enim
2075 2763 2219 2834 volo,
2236 2764 2374 2818 dum
2404 2765 2463 2818 in
2490 2765 2595 2818 hac
2625 2780 2792 2818 carne
2817 2780 2964 2832 sum,
2994 2764 3041 2819 si
3067 2781 3180 2836 qua
3203 2764 3408 2820 dixisse
3434 2780 3528 2822 me

1895 2856 2150 2927 contigit,
2185 2873 2251 2911 ea
2278 2857 2438 2912 facile
2460 2857 2786 2912 hominibus
2811 2856 3181 2913 innotescere.
3210 2879 3238 2906 »
3273 2858 3356 2912 Ita
3381 2873 3523 2929 pon-

1894 2949 2033 3005 tifex
2061 2950 2342 3005 maximus
2371 2956 2426 3006 et
2448 2951 2915 3006 modestissimus.

1971 3047 2056 3098 t2.
2115 3044 2268 3099 Idem
2305 3045 2606 3118 Gregorius
2638 3046 2870 3116 Magnus
2916 3043 2977 3099 in
3018 3044 3230 3116 synodo
3276 3047 3529 3102 Romana

189 3134 529 3207 ignorantur;
567 3142 624 3193 et
648 3137 718 3191 ab
757 3137 1081 3192 inﬁdelibus
1128 3139 1227 3191 aut
1267 3135 1452 3191 idiotis
1486 3135 1793 3207 superﬂua,
1817 3172 1872 3246 Ο
1896 3140 2172 3192 statutum
2197 3137 2390 3207 edidit,
2405 3141 2471 3193 ut
2496 3155 2568 3194 ne
2591 3138 2830 3207 diaconi,
2863 3157 2891 3190 «
2919 3155 3061 3210 quos
3089 3139 3160 3194 ad
3184 3139 3531 3210 praedicatio—

191 3233 269 3282 aut
296 3231 472 3286 minus
501 3235 662 3303 apta,
696 3247 866 3303 quam
896 3230 979 3286 rei
1018 3230 1155 3284 ordo
1194 3229 1383 3298 fuerit,
1429 3229 1638 3300 scripta
1679 3244 1798 3283 esse

189 3327 441 3392 putantur.
472 3347 500 3375 »
532 3324 778 3389 Quidam
792 3325 898 3379 hoc
919 3323 1209 3379 decretum
1227 3322 1440 3378 Gelasio
1451 3321 1794 3393 abjudicant,

190 3419 325 3487 atque
358 3418 677 3474 Hormisda:
734 3418 1015 3472 tribuunt.
1073 3420 1142 3472 At
1181 3415 1462 3472 Gelasium
1509 3419 1798 3470 auctorem

187 3511 384 3578 praefert
404 3513 824 3570 vetustissimus
857 3509 1051 3585 386
1099 3511 1282 3566 Codex
1307 3509 1557 3565 Palatino
1600 3510 1801 3565 vatica-

189 3616 274 3657 nus
295 3621 346 3658 n.
377 3608 498 3676 493,
528 3607 597 3661 in
624 3623 736 3678 quo
763 3605 1008 3660 habetur
1030 3604 1246 3660 Missale
1279 3605 1640 3673 Francorum,
1670 3604 1800 3658 scri-

187 3703 321 3767 ptum
343 3699 549 3756 litteris
574 3698 864 3771 quadratis
893 3701 1023 3754 ante
1051 3715 1228 3753 annos
1254 3697 1371 3752 fere
1404 3697 1593 3764 mille;
1622 3696 1680 3750 in
1707 3713 1802 3752 cu-

183 3789 260 3859 jus
278 3792 400 3862 ﬁne,
429 3799 582 3849 teste
599 3793 918 3857 Thomasio,
947 3793 1053 3846 hoc
1085 3793 1375 3847 decretum
1413 3791 1655 3844 habetur
1695 3791 1800 3845 sub

187 3883 272 3939 hoc
297 3888 453 3942 titulo
486 3905 500 3942 :
539 3889 752 3964 Incipit.
773 3887 1046 3942 Decretale
1083 3887 1261 3940 sancti
1301 3884 1504 3941 Gelasii
1516 3899 1680 3954 papa:
1702 3900 1797 3939 ur-

191 3976 254 4032 bis
275 3980 462 4035 Rm.
513 3980 605 4035 Ad
648 3981 772 4035 haec
815 3978 967 4034 inter
1011 3971 1239 4034 Codices
1277 3977 1376 4048 qui
1418 3976 1680 4032 Ludovici
1719 3975 1799 4032 Pii

185 4072 483 4145 principatu
511 4074 601 4128 Ab
627 4073 896 4146 Ansegiso
923 4072 1122 4128 abbate
1151 4071 1489 4126 Flaviacensi
1514 4075 1798 4126 monaste-

188 4164 259 4219 rio
286 4167 539 4223 concessi
566 4167 838 4240 leguntur
863 4167 925 4222 in
951 4165 1231 4223 Chronico
1257 4165 1690 4234 Fontanellensi,
1719 4179 1802 4218 re-

186 4266 421 4316 censetur
453 4261 733 4318 volumen
780 4277 983 4330 unum,
1028 4265 1238 4332 praeter
1282 4260 1390 4315 alia
1435 4281 1464 4309 «
1513 4259 1804 4315 continens

189 4352 386 4410 decreta
406 4356 618 4412 Gelasii
646 4372 807 4428 papae
835 4356 903 4410 de
929 4354 1086 4410 libris
1111 4353 1468 4426 recipiendis,
1501 4357 1559 4408 et
1579 4369 1694 4408 non
1719 4368 1804 4407 re-

189 4447 454 4520 cipiendis.
497 4473 526 4500 n
579 4451 771 4522 Itaque
799 4448 1123 4504 nullatenus
1145 4447 1339 4503 dubito
1367 4447 1504 4519 quin
1535 4447 1655 4501 haec
1681 4446 1801 4518 epi-

1895 3231 1986 3286 nis
2015 3231 2616 3304 eleemosynarumque
2642 3233 2892 3288 studium
2910 3248 3106 3288 vacare
3131 3234 3475 3305 congruebat
3499 3255 3528 3284 »

1896 3324 1954 3380 in
2005 3329 2296 3396 posterum
2348 3330 2642 3381 cantorum
2709 3326 2890 3381 ofﬁcio
2937 3327 3342 3398 fungerentur,
3393 3327 3530 3381 dum

1897 3424 2156 3474 cantores
2187 3418 2294 3490 ipsi
2321 3419 2392 3473 ob
2424 3419 2572 3474 vocis
2607 3419 2943 3474 suavitatem
2961 3419 3032 3474 ad
3047 3419 3187 3474 sacri
3203 3419 3399 3474 altaris
3417 3417 3530 3474 mi-

1897 3511 2198 3566 nisterium
2227 3511 2650 3568 adhiberentur.
2683 3534 2709 3561 ‹‹
2745 3512 2901 3568 Unde
2921 3511 2986 3566 ﬁt
3009 3513 3345 3584 plerumque
3363 3517 3430 3567 ut
3461 3513 3533 3568 ad

1898 3621 2120 3660 sacrum
2136 3604 2536 3676 ministerium,
2554 3605 2692 3660 dum
2703 3605 2908 3660 blanda
2919 3623 3026 3660 vox
3041 3605 3338 3678 quaeritur,
3352 3605 3534 3678 quaeri

1899 3715 2150 3770 congrua
2176 3697 2290 3753 vita
2319 3699 2680 3772 negligatur;
2722 3703 2780 3754 et
2818 3704 3012 3754 cantor
3054 3699 3315 3755 minister
3356 3699 3534 3756 Deum

1901 3792 2150 3847 moribus
2185 3792 2456 3862 stimulet,
2511 3809 2643 3848 cum
2682 3793 2958 3865 populum
3001 3793 3227 3848 vocibus
3272 3793 3531 3852 delectat.

1899 3887 2018 3950 Qua
2038 3886 2108 3941 de
2138 3901 2198 3940 re
2224 3886 2492 3958 praesenti
2519 3885 2743 3942 decreto
2771 3887 3048 3943 constituo
3067 3891 3134 3942 ut
3159 3887 3220 3942 in
3261 3889 3391 3944 sede
3428 3889 3534 3946 hac

1899 3979 2042 4034 sacri
2058 3980 2246 4034 altaris
2277 3979 2524 4036 ministri
2547 3985 2772 4036 cantare
2799 3997 2915 4036 non
2950 3981 3208 4052 debeant,
3240 3981 3536 4056 solumque

1900 4074 2236 4144 evangelicae
2259 4071 2517 4129 lectionis
2543 4074 2792 4130 ofﬁcium
2822 4075 2972 4131 inter
2997 4075 3302 4131 missarum
3337 4077 3535 4134 solem-

1900 4168 1997 4222 nia
2033 4168 2349 4233 exsolvant;
2390 4167 2642 4240 psalmos
2685 4185 2817 4224 vero
2861 4185 2924 4224 ac
2972 4169 3218 4240 reliquas
3269 4169 3535 4225 lectiones

1901 4277 2100 4318 censeo
2128 4278 2231 4334 per
2255 4261 2645 4332 subdiaconos,
2673 4263 2783 4331 vel,
2813 4263 2859 4318 si
2883 4262 3183 4318 necessitas
3211 4263 3408 4334 exigit,
3432 4280 3536 4334 per

1901 4355 2150 4411 minores
2180 4356 2407 4411 ordines
2433 4356 2707 4412 exhiberi.
2742 4376 2770 4408 ››
2811 4357 2921 4411 Hoc
2966 4356 3256 4411 decretum
3291 4357 3536 4412 refertur

1900 4449 1961 4504 in
1987 4449 2088 4512 lib.
2119 4465 2192 4517 iv,
2223 4449 2458 4520 epistola
2485 4449 2573 4518 44,
2611 4453 2668 4504 et
2706 4449 2856 4520 apud
2895 4449 3277 4521 Agobardum,
3309 4450 3378 4506 de
3407 4465 3534 4506 cor-

190 4543 308 4597 stola
331 4543 628 4600 decretalis
651 4543 931 4598 Gelasium
959 4548 1245 4598 auctorem
1274 4541 1498 4597 habeat.
1525 4541 1807 4595 Caeterum
1824 4547 1884 4620 D
1906 4542 2151 4598 rectione
2176 4541 2596 4614 Antiphonarii.
2624 4543 2749 4596 Haec
2787 4539 2981 4616 388
3016 4541 3085 4598 de
3125 4543 3240 4598 ritu
3281 4543 3537 4600 Ecclesia:

189 4636 510 4706 praedictum
547 4638 817 4694 Romana
844 4635 1090 4692 ecclesiae
1117 4652 1358 4706 morem,
1385 4640 1451 4690 ut
1494 4637 1810 4706 martyrum

188 4730 451 4799 passiones
477 4732 705 4805 publice
734 4748 850 4786 non
879 4732 1228 4802 legerentur,
1253 4745 1483 4802 carpere
1508 4729 1633 4784 vide
1659 4727 1806 4783 anti-

188 4841 314 4896 quus
337 4833 560 4896 auctor,
588 4825 688 4898 qui
727 4827 862 4882 Acta
891 4829 1213 4880 sanctorum
1241 4823 1642 4880 Cantianorum
1669 4822 1807 4878 scri-

188 4919 302 4989 psit,
331 4925 506 4992 prout
535 4919 594 4975 in
615 4919 1088 4991 consequentibus
1113 4918 1263 4974 inter
1276 4917 1634 4974 Probationes
1661 4916 1807 4972 refe-

187 5019 388 5070 rentur.

251 5110 332 5164 10.
363 5109 432 5164 Et
449 5107 709 5180 quidem,
739 5124 808 5162 ex
831 5106 1084 5179 ejusdem
1106 5105 1306 5163 Gelasii
1325 5105 1568 5175 decreto,
1594 5127 1622 5155 ‹‹
1647 5107 1814 5160 Actus

187 5197 320 5257 beati
371 5202 650 5272 Silvestri,
705 5201 838 5258 licet
880 5201 1001 5273 ejus
1055 5201 1152 5274 qui
1211 5199 1542 5271 conscripsit
1604 5213 1815 5254 nomen

187 5294 493 5366 ignoretur,
526 5313 560 5350 a
601 5295 794 5355 multis
821 5301 1012 5351 tamen
1049 5295 1111 5350 in
1155 5295 1295 5350 urbe
1333 5293 1616 5349 catholicis
1657 5293 1812 5364 lege-

184 5387 396 5460 bantur,
428 5393 493 5446 et
516 5405 620 5462 pro
643 5391 876 5462 antiquo
900 5406 1006 5445 usu
1056 5389 1253 5446 multa:
1285 5388 1408 5444 haec
1451 5387 1818 5442 imitabantur

187 5483 454 5541 Ecclesiae.
489 5507 522 5536 »
554 5485 706 5542 Unde
736 5490 992 5557 apparet,
1027 5501 1141 5539 non
1167 5483 1227 5538 in
1269 5488 1384 5540 tota
1420 5483 1671 5538 Romana
1712 5481 1812 5536 Ec-

187 5575 358 5648 clesia,
387 5579 495 5636 sed
525 5579 834 5650 plurimum
858 5579 918 5634 in
945 5578 1322 5649 Lateranensi,
1355 5575 1630 5649 ejusmodi
1659 5577 1812 5645 Acta,

189 5686 301 5742 quia
334 5672 593 5729 auctoris
641 5674 871 5729 nomine
923 5673 1188 5730 destituta
1231 5676 1412 5742 erant,
1468 5672 1610 5726 lecta
1663 5669 1817 5726 haud

187 5762 367 5825 fuisse.
395 5767 529 5824 Alia
557 5783 702 5838 vero,
733 5783 860 5840 quae
883 5767 1202 5839 probabiles
1232 5765 1515 5822 habebant
1538 5769 1814 5836 auctores,

189 5862 382 5920 saeculo
425 5879 529 5919 vni
561 5861 627 5934 in
673 5861 915 5918 Ecclesia
962 5862 1211 5918 Romana
1250 5861 1604 5934 legebantur.
1647 5859 1818 5933 Cujus

1911 4638 2216 4706 Romanas;
2259 4636 2421 4707 cujus
2450 4651 2730 4703 normam,
2768 4636 2949 4708 qualis
2985 4641 3178 4708 postea
3227 4638 3288 4694 in
3336 4637 3538 4694 divinis

1910 4729 2105 4786 ofﬁciis
2157 4727 2420 4799 obtinuit,
2461 4745 2530 4784 ex
2564 4729 2820 4802 Gregorii
2863 4731 2956 4786 Vll
2999 4730 3222 4788 decreto
3265 4733 3534 4806 intelligi-

1910 4840 2038 4879 mus
2046 4867 2060 4880 .

1988 4921 2072 4973 t3.
2139 4917 2216 4972 De
2255 4915 2625 4972 Ambrosiano
2671 4933 2770 4972 seu
2823 4917 3214 4974 Mediolanensi
3265 4917 3540 4991 psallendi

1912 5011 2028 5067 ritu
2059 5010 2292 5083 antiquo
2340 5010 2494 5081 (nam
2530 5011 2698 5066 modo
2743 5011 2986 5067 usitatus
3023 5012 3302 5068 recentior
3338 5015 3438 5087 est)
3480 5015 3541 5072 id

1912 5109 2133 5160 tantum
2161 5109 2516 5176 compertum
2541 5105 2836 5174 habemus,
2881 5103 3032 5176 quod
3062 5105 3326 5178 populus,
3365 5107 3422 5163 id
3459 5117 3542 5165 est

1915 5201 2153 5270 uterque
2212 5213 2398 5268 sexus,
2451 5197 2701 5252 Psalmos
2758 5197 3096 5269 promiscue,
3159 5200 3257 5256 sed
3315 5200 3544 5258 alternis

1915 5295 2180 5346 cantaret.
2210 5292 2329 5346 Huc
2355 5289 2484 5345 facit
2512 5289 2686 5362 ipsius
2711 5290 2992 5346 Ambrosii
3019 5293 3295 5364 expositio
3319 5293 3378 5350 in
3401 5278 3580 5367 psalx

1913 5402 2075 5442 mum
2106 5401 2124 5440 1
2155 5402 2168 5441 :
2202 5404 2230 5438 «
2264 5383 2523 5441 Mulieres
2551 5383 2848 5455 Apostolus
2880 5384 2941 5440 in
2969 5386 3199 5444 ecclesia
3238 5392 3422 5444 tacere
3453 5389 3544 5460 ju‘

1915 5480 2038 5549 bet;
2069 5479 2353 5552 psalmum
2371 5477 2540 5534 etiam
2557 5477 2703 5534 bene
2727 5479 2995 5538 clamant.
3023 5483 3310 5547 Quantum
3331 5481 3544 5536 labora.

1915 5578 2012 5630 tur
2045 5573 2104 5629 in
2146 5571 2379 5628 ecclesia
2401 5576 2466 5628 ut
2493 5571 2591 5628 ﬁat
2613 5572 2900 5630 silentium
2916 5591 3048 5631 cum
3071 5576 3334 5632 lectiones
3348 5575 3546 5644 legun-

1915 5667 2042 5738 tur!
2083 5666 2139 5723 Si
2189 5683 2337 5722 unus
2383 5667 2658 5740 loquitur,
2699 5668 3035 5742 obstrepunt
3071 5665 3356 5735 universi;
3413 5682 3545 5722 cum

1915 5762 2164 5836 psalmus
2187 5761 2418 5834 legitur,
2446 5761 2565 5834 ipse
2593 5761 2698 5817 sibi
2723 5763 2952 5818 effector
2976 5766 3060 5816 est
3077 5757 3315 5828 silentii;
3346 5773 3544 5818 omnes

1913 5856 2248 5932 loquuntur,
2279 5861 2334 5916 et
2369 5856 2562 5913 nullus
2586 5854 2875 5925 obstrepit.
2897 5874 2925 5902 ››
2963 5853 3150 5922 Itaque
3195 5865 3326 5904 cum
3365 5851 3546 5910 lector
3594 5926 3615 5935 _
