3982 6190
402 327 505 379 387
1187 323 1516 378 APPENDIX
1557 322 1644 376 AD
1680 321 1899 376 OPERA
1938 320 2169 377 SANCTI
2208 320 2505 375 GERMANI
2545 316 2969 375 PARISIENSIS.
3658 320 3764 375 388

404 430 719 502 Scripturas
744 428 1023 497 recitaret,
1053 429 1144 482 vix
1161 429 1690 500 impetraripoterat
1701 427 1989 482 silentium
2012 446 2029 498 ;
2055 449 2113 520 Α
2133 426 2365 482 ecclesia
2388 432 2541 483 stans
2578 433 2696 483 tam
2721 428 2921 483 devote
2945 441 3080 482 voce
3118 425 3387 497 personui
3418 441 3432 479 :
3475 428 3765 495 Nunquam

403 540 534 579 cum
573 540 705 579 vero
752 523 1002 594 psalmus
1053 525 1404 591 cantaretur,
1450 521 1808 592 obstrepebat
1841 537 2031 588 nemo,
2135 521 2253 575 vidi
2259 521 2469 589 justum
2490 522 2827 585 derelictum,
2855 543 2882 571 »
2915 526 3019 576 etc.
3047 521 3257 576 Verum
3296 534 3415 574 non
3458 536 3491 572 a
3532 521 3761 591 populo,

402 618 673 688 quoniam
700 632 894 670 omnes
923 618 1091 669 cantu
1112 614 1363 687 occupati
1397 621 1578 671 erant.
1610 615 1850 686 Hujusce
1894 614 2036 669 ritus
2134 615 2231 669 sed
2273 632 2307 668 a
2351 615 2558 670 lectore
2601 616 2718 670 solo
2763 615 3103 687 quandoque
3143 613 3428 685 psalmum
3476 613 3765 684 integrum

401 710 679 782 originem
709 708 971 763 describit
997 711 1220 762 sanctus
1239 708 1588 780 Augustinus
1607 708 1668 763 in
1688 708 1786 763 lib.
1819 724 1874 763 Ix
1894 709 2034 763 Con—
2130 707 2302 763 fuisse
2327 712 2613 763 cantatum
2636 708 2770 763 alibi
2796 708 3043 763 declarat
3054 707 3141 761 vir
3157 711 3400 777 sanctus,
3428 722 3635 777 nempe
3660 706 3768 760 ini-

400 804 728 871 fessionum,
758 818 879 872 cap.
911 805 942 855 7
977 817 990 855 :
1036 823 1064 851 ‹‹
1113 802 1233 856 Non
1278 802 1444 873 longe
1483 806 1727 873 coeperat
1760 801 2028 857 Mediola-
2131 801 2212 855 tio
2238 802 2608 857 enarrationis
2634 801 2696 856 in
2731 802 3021 874 psalmum
3062 817 3304 857 cxxxvm
3334 816 3348 854 :
3411 821 3439 850 «
3481 800 3768 854 Psalmum

400 897 592 951 nensis
617 893 861 949 Ecclesia
887 911 1065 966 genus
1090 895 1196 949 hoc
1223 897 1621 952 consolationis
1665 901 1722 952 et
1764 896 2027 951 exhorta-
2129 895 2293 950 nobis
2344 895 2573 950 brevem
2608 911 3031 967 paraveramus,
3081 910 3250 966 quem
3296 893 3768 949 mandaveramus

398 988 570 1043 tionis
599 987 899 1057 celebrare,
920 1004 1129 1059 magno
1150 989 1336 1044 studio
1349 988 1590 1045 fratrum
1609 988 2028 1045 concinentium
2128 987 2343 1043 cantari
2379 1005 2413 1041 a
2434 988 2641 1043 lectore
2662 1004 2679 1057 ;
2704 988 2801 1043 sed
2832 988 2905 1043 ad
2947 988 3170 1057 horam,
3203 989 3483 1058 quantum
3516 985 3766 1055 videtur,

398 1081 625 1136 vocibus
654 1085 710 1136 et
733 1080 1014 1136 cordibus.
1050 1081 1330 1137 Nimirum
1363 1099 1546 1138 annus
1591 1085 1732 1152 erat,
1776 1087 1875 1138 aut
1911 1098 2026 1136 non
2126 1081 2511 1154 perturbatus,
2546 1081 2789 1136 alterum
2811 1097 2916 1153 pro
2942 1080 3120 1136 altero
3161 1080 3320 1151 legit.
3346 1079 3622 1135 Malumus
3660 1095 3769 1134 nos

400 1175 583 1230 multo
640 1174 915 1246 amplius,
969 1190 1099 1229 cum
1156 1175 1371 1230 Iustina
1394 1218 1408 1245 ,
1460 1175 1832 1232 Valentiniani
1876 1176 2026 1246 regis
2124 1174 2186 1229 in
2219 1190 2409 1230 errore
2434 1174 2657 1229 lectoris
2695 1174 2854 1246 sequi
2899 1174 3249 1230 voluntatem
3286 1172 3402 1240 Dei,
3450 1188 3626 1243 quam
3656 1189 3770 1227 no-

398 1268 561 1341 pueri
586 1273 788 1338 mater,
818 1267 1113 1323 hominem
1134 1273 1298 1324 tuum
1334 1270 1696 1325 Ambrosium
1719 1284 2022 1341 perseque-
2124 1272 2301 1323 stram
2325 1267 2387 1322 in
2414 1273 2604 1322 nostro
2630 1268 2938 1339 proposito.
2973 1268 3126 1322 Idem
3158 1282 3275 1321 non
3311 1266 3541 1321 obscure
3580 1266 3775 1321 innuit

399 1366 558 1418 retur
572 1362 804 1416 haeresis
823 1377 937 1416 suae
963 1378 1148 1433 causa,
1178 1380 1291 1435 qua
1316 1364 1502 1418 fuerat
1526 1364 1756 1418 seducta
1779 1363 1849 1417 ab
1875 1362 2025 1417 Aria—
2124 1361 2315 1415 statim
2340 1361 2409 1415 ab
2435 1362 2666 1417 exordio
2699 1361 3072 1417 enarrationis
3108 1361 3168 1415 in
3203 1359 3483 1432 psalmum
3518 1376 3719 1415 LXXXVI
3750 1378 3768 1414 :

398 1456 505 1510 nis.
552 1455 870 1509 Excubabat
920 1455 1015 1526 pia
1053 1456 1213 1527 plebs
1260 1457 1318 1511 in
1364 1457 1613 1526 ecclesia,
1656 1456 1800 1511 mori
1828 1460 2027 1527 parata
2128 1473 2157 1506 ‹‹
2182 1454 2454 1525 Psalmus,
2478 1455 2577 1527 qui
2601 1455 2770 1511 modo
2795 1459 3051 1510 cantatus
3076 1459 3178 1525 est,
3209 1453 3394 1508 brevis
3421 1459 3505 1508 est
3522 1469 3765 1508 numero

398 1565 529 1603 cum
551 1549 811 1620 episcopo
835 1565 992 1604 servo
1017 1554 1181 1606 tuo...
1212 1551 1365 1605 Tunc
1398 1550 1597 1622 hymni
1626 1554 1683 1605 et
1718 1549 1920 1622 psalmi
1961 1553 2027 1603 ut
2122 1548 2445 1619 verborum,
2469 1565 2711 1620 magnus
2726 1549 2975 1621 pondere
2996 1547 3425 1604 sententiarum.
3446 1548 3592 1602 Nam
3614 1553 3765 1604 totus

399 1645 737 1697 canerentur
763 1643 1073 1698 secundum
1101 1660 1322 1699 morem
1349 1643 1711 1699 orientalium
1739 1643 1984 1714 partium
2007 1684 2020 1710 ,
2122 1641 2300 1697 lectus
2325 1646 2428 1708 est,
2458 1664 2485 1690 »
2518 1646 2627 1698 etc.

396 1751 468 1791 ne
498 1736 741 1807 populus
766 1736 1023 1790 maeroris
1041 1736 1208 1791 taedio
1232 1737 1670 1807 contabesceret,
1700 1736 2023 1791 institutum
2169 1801 2172 1804 ἢ
2197 1738 2283 1790 15.
2316 1735 2423 1791 Sed
2445 1735 2747 1791 dicendum
2779 1734 3019 1805 videtur,
3060 1734 3279 1789 duobus
3301 1733 3485 1789 modis
3520 1735 3585 1790 in
3620 1735 3769 1790 Afri-

399 1834 501 1897 est,
532 1834 589 1884 et
612 1845 680 1884 ex
710 1830 808 1884 illo
836 1829 894 1883 in
925 1829 1265 1885 hodiernum
1308 1834 1616 1899 retentum,
1657 1830 1851 1885 multis
1881 1830 2023 1901 jam,
2045 1819 2103 1890 B
2126 1844 2265 1883 cana
2306 1828 2544 1883 Ecclesia
2583 1829 2828 1899 psalmos
2870 1828 3040 1883 fuisse
3076 1828 3339 1883 recitatos
3359 1870 3374 1899 ,
3422 1844 3627 1900 nempe
3677 1829 3769 1884 vel

396 1939 461 1977 ac
485 1939 631 1994 pene
657 1922 918 1978 omnibus
947 1923 1216 1995 gregibus
1242 1924 1356 1979 tuis
1379 1929 1436 1979 et
1473 1941 1577 1996 per
1618 1929 1847 1980 caeteras
1880 1922 2030 1978 orbis
2127 1922 2401 1976 cantando
2420 1922 2492 1977 ad
2517 1923 2696 1977 Deum
2715 1921 3083 1992 laudandum,
3101 1921 3189 1977 vel
3218 1922 3333 1977 alta
3354 1938 3487 1977 voce
3509 1939 3770 1994 pronun-

396 2021 585 2088 partes
614 2015 983 2072 imitantibus.
1014 2038 1042 2066 »
1093 2017 1247 2072 Idem
1290 2021 1516 2073 sanctus
1554 2017 1924 2089 Augustinus,
1969 2016 2028 2071 in
2126 2015 2319 2071 tiando
2347 2015 2419 2070 ad
2443 2015 2727 2087 psalmum
2756 2016 3176 2088 exponendum.
3206 2015 3431 2070 Primus
3454 2016 3658 2071 modus
3687 2017 3770 2071 al-

398 2109 654 2180 ejusdem
672 2109 804 2164 libri
828 2127 882 2165 1x
902 2127 1024 2182 cap.
1056 2111 1429 2182 4exprimens
1444 2111 1620 2167 animi
1633 2110 1721 2166 sui
1741 2110 2024 2182 aﬂ‘ectum,
2129 2108 2305 2163 ternis
2342 2109 2547 2180 choris,
2582 2110 2859 2165 secundus
2902 2126 3006 2181 per
3057 2108 3244 2163 solum
3295 2108 3587 2164 lectorem.
3628 2110 3767 2165 Haec

396 2219 528 2257 cum
556 2203 771 2274 legeret
795 2204 1038 2275 psalmos
1063 2204 1259 2274 David,
1292 2204 1481 2260 subdit
1514 2221 1528 2260 :
1564 2224 1593 2258 ς(
1623 2206 1773 2270 Quas
1797 2204 1897 2259 tibi
1928 2222 2023 2262 vo-
2126 2202 2288 2258 lectio
2326 2202 2387 2257 in
2411 2202 2642 2258 arbitrio
2668 2203 3000 2275 exponentis
3027 2207 3185 2272 erat;
3218 2202 3317 2274 qui
3339 2218 3514 2274 quem
3537 2203 3768 2258 volebat

395 2313 486 2351 ces
512 2296 715 2352 dabam
742 2297 803 2352 in
826 2297 1057 2369 psalmis
1081 2297 1215 2367 illis,
1244 2303 1300 2354 et
1328 2299 1615 2372 quomodo
1640 2299 1703 2354 in
1727 2303 1783 2354 te
1809 2299 2028 2355 inﬂam-
2124 2296 2413 2367 psalmum
2440 2295 2501 2350 in
2526 2300 2932 2368 argumentum
2957 2313 3074 2351 sua:
3103 2296 3387 2351 concionis
3412 2297 3761 2352 assumebat.

396 2389 595 2444 mabar
629 2388 822 2463 389
858 2407 928 2446 ex
968 2391 1069 2461 eis,
1112 2396 1169 2446 et
1204 2392 1551 2448 accendebar
1593 2409 1687 2448 eos
1702 2393 1957 2463 recitare,
1982 2393 2025 2447 si
2124 2390 2332 2445 Cantus
2359 2406 2490 2445 vero
2508 2390 2603 2445 ille
2628 2390 2794 2446 certis
2819 2390 3121 2463 aliquando
3145 2389 3377 2461 psalmis
3397 2407 3501 2461 pro
3530 2390 3766 2445 dierum

392 2498 637 2554 possem,
672 2485 788 2538 toto
807 2487 1089 2541 terranun
1115 2485 1250 2540 orbe
1277 2486 1548 2541 adversus
1578 2486 1821 2558 typhum
1862 2503 2029 2558 gene-
2125 2483 2392 2554 qualitate
2413 2484 2669 2539 addictus
2689 2487 2828 2555 erat,
2844 2488 2907 2539 ut
2928 2488 3085 2556 patet
3104 2500 3172 2539 ex
3185 2483 3489 2555 Augustini
3521 2500 3763 2539 enarra-

393 2575 471 2630 ris
489 2575 755 2631 humani!
778 2578 847 2633 Et
863 2582 1054 2634 tamen
1071 2583 1190 2635 toto
1212 2579 1348 2635 orbe
1369 2583 1686 2651 cantantur,
1708 2585 1767 2636 et
1789 2597 1905 2635 non
1943 2585 2028 2635 est
2124 2576 2276 2632 tione
2304 2580 2337 2632 2
2369 2577 2429 2631 in
2471 2577 2755 2649 psalmum
2794 2594 2905 2648 xxi,
2948 2594 3111 2633 num.
3140 2580 3229 2648 38,
3262 2582 3318 2633 et
3344 2593 3413 2632 ex
3442 2577 3568 2632 aliis
3597 2578 3760 2649 locis,

393 2670 494 2742 qui
526 2687 585 2725 se
623 2670 926 2727 abscondat
964 2689 998 2727 a
1037 2674 1221 2728 calore
1275 2678 1395 2728 tuo.
1438 2696 1466 2723 ››
1510 2675 1578 2728 Et
1621 2674 1679 2729 in
1725 2674 1906 2746 capite
1946 2677 1977 2728 6
2007 2693 2023 2727 :
2124 2686 2252 2742 quae
2293 2670 2582 2727 brevitatis
2624 2688 2795 2726 causa
2829 2670 3337 2743 praetermittimus.
3388 2672 3765 2728 Postmodum

396 2784 424 2814 «
450 2764 736 2828 Quantum
767 2764 897 2821 flevi
914 2765 976 2819 in
994 2766 1225 2838 hymnis
1255 2770 1313 2822 et
1338 2767 1569 2822 canticis
1596 2768 1728 2839 tuis,
1750 2784 1918 2823 suave
1934 2784 2023 2823 so-
2125 2780 2255 2819 cum
2278 2764 2521 2836 majores
2555 2764 2616 2819 in
2652 2764 2766 2820 vita
2800 2764 3116 2821 Christiana
3155 2781 3487 2837 progressus
3528 2766 3766 2822 fecisset

392 2858 583 2913 nantis
603 2858 860 2914 Ecclesiae
887 2863 999 2915 tua:
1025 2860 1252 2916 vocibus
1279 2866 1599 2925 commotus
1636 2861 1875 2917 acriter!
1914 2863 2023 2917 νο·
2125 2857 2507 2913 sanctissimus
2526 2859 2744 2929 Doctor,
2776 2858 2930 2913 illam
2963 2857 3359 2913 modulationis
3394 2859 3761 2932 suavitatem,

393 2968 483 3007 ces
512 2951 623 3006 illa:
647 2952 963 3008 inﬂuebant
989 2955 1221 3010 auribus
1246 2955 1408 3025 meis,
1438 2960 1495 3010 et
1511 2955 1869 3027 eliquabatur
1887 2955 2026 3011 veri-
2124 2967 2253 3023 quae
2291 2954 2584 3023 tantopere
2629 2953 2817 3024 ipsum
2852 2952 3154 3024 aliquando
3190 2951 3469 3021 affecerat,
3512 2954 3764 3025 simplici

389 3050 477 3100 tas
504 3049 603 3099 tua
620 3045 679 3099 in
698 3062 795 3100 cor
811 3062 1044 3117 meum;
1066 3052 1123 3102 et
1148 3047 1494 3103 exaestuabat
1513 3048 1644 3103 inde
1664 3042 1895 3104 affectus
1913 3049 2026 3120 pie-
2122 3045 2469 3116 psalmorum
2489 3046 2792 3117 prolationi
2814 3063 2946 3101 cum
2973 3046 3242 3119 gravitate
3268 3046 3428 3102 facta:
3454 3052 3766 3119 postpone-

390 3137 540 3204 tatis,
570 3142 626 3193 et
650 3138 951 3194 currebant
984 3140 1268 3211 lacrymm,
1297 3145 1354 3195 et
1376 3141 1519 3197 bene
1553 3141 1697 3195 mihi
1731 3146 1852 3197 erat
1892 3159 2023 3198 cum
2045 3191 2094 3214 η
2122 3138 2238 3193 bat.
2268 3140 2347 3194 ιω
2372 3138 2524 3193 enim
2543 3139 2798 3211 loquitur
2822 3140 2883 3194 in
2922 3140 3019 3194 lib.
3061 3157 3093 3197 x
3131 3140 3583 3208 Confessionum,
3623 3158 3760 3214 cap.

526 3191 539 3204 ,
587 3191 622 3193 ν-
1303 3191 1517 3197 ν---η
1553 3191 1697 3195 ---
1735 3191 1850 3197 "-—
1896 3191 2023 3198 η-
2226 3191 2235 3193 ε
2551 3191 2788 3211 ium-~—
2922 3191 3018 3194 —-—-
3061 3191 3093 3197 —
3139 3191 3583 3208 ~~—-m"——.
3628 3191 3759 3214 ητ-

391 3230 491 3285 eis.
537 3252 566 3279 »
615 3231 866 3302 Denique
905 3234 1135 3288 cantum
1163 3250 1294 3288 cum
1329 3233 1487 3288 suavi
1523 3251 1722 3290 vocum
1761 3235 2016 3291 modula-
2042 3191 2097 3266 Ο
2120 3234 2186 3286 33
2218 3250 2231 3286 :
2264 3254 2291 3281 ‹‹
2321 3232 2428 3288 Sed
2455 3232 2617 3287 valde
2653 3232 2963 3302 interdum,
3002 3238 3068 3288 ut
3106 3233 3281 3289 melos
3318 3250 3486 3289 omne
3514 3235 3759 3291 cantile—

387 3323 538 3379 tione
567 3324 931 3395 conjunctum
959 3313 1131 3381 fuisse
1156 3326 1309 3381 idem
1336 3330 1574 3383 testatur
1597 3328 1657 3383 in
1682 3329 1782 3385 lib.
1809 3347 1845 3384 x
1871 3330 2016 3386 Con-
2117 3340 2321 3379 narum
2337 3325 2613 3396 suavium,
2631 3326 2837 3396 quibus
2851 3326 3177 3382 Davidicum
3190 3326 3525 3383 Psalterium
3552 3325 3747 3402 391

384 3416 715 3486 fessionum,
760 3435 882 3489 cap.
923 3420 1012 3474 33.
1054 3419 1290 3475 Psalmis
1326 3420 1806 3478 interserebantur
1848 3423 2019 3479 etiam
2116 3418 2528 3491 frequentatur,
2549 3420 2619 3475 ab
2644 3419 2875 3475 auribus
2900 3420 3040 3477 meis
3062 3420 3342 3477 removeri
3359 3420 3549 3493 velim,
3577 3427 3763 3494 atque

383 3511 602 3583 hymni,
632 3511 731 3584 qui
755 3512 825 3567 ab
851 3516 1077 3567 auctore
1104 3513 1460 3569 Ambrosiani
1487 3514 1620 3570 dicti
1647 3520 1799 3572 sunt.
1821 3518 1897 3573 De
1926 3518 2016 3573 his
2094 3511 2295 3585 _ipsius
2332 3514 2584 3569 Ecclesiae
2615 3530 2629 3568 :
2687 3513 2973 3586 tutiusque
3027 3515 3173 3570 mihi
3228 3515 3449 3571 videtur
3484 3516 3643 3588 quod
3682 3517 3757 3573 de

383 3605 646 3660 omnibus
672 3605 826 3660 testis
856 3610 940 3661 est
963 3606 1230 3662 Paulinus
1258 3607 1320 3663 in
1338 3608 1617 3663 Ambrosii
1644 3610 1772 3665 Vita
1799 3626 1813 3664 :
1846 3632 1874 3661 ‹‹
1906 3612 2016 3666 Hoc
2116 3606 2492 3662 Alexandrino
2532 3607 2791 3680 episcopo
2826 3608 3129 3663 Athanasio
3167 3626 3315 3681 saepe
3355 3609 3496 3664 mihi
3531 3611 3758 3667 dictum

381 3696 443 3752 in
469 3703 725 3770 tempore
756 3698 941 3770 primo
960 3699 1289 3772 antiphonae
1317 3701 1395 3773 (id
1420 3706 1504 3757 est
1526 3702 1776 3758 alternus
1801 3707 2015 3778 cantus)
2116 3700 2499 3770 commemini,
2529 3701 2628 3772 qui
2655 3706 2771 3756 tam
2794 3702 3015 3757 modico
3048 3702 3201 3758 ﬂexu
3224 3703 3373 3761 vocis
3396 3704 3641 3761 faciebat
3667 3722 3758 3761 so-

382 3789 604 3861 hymni,
644 3806 707 3844 ac
732 3790 944 3863 vigiliae
973 3793 1034 3846 in
1060 3794 1295 3849 ecclesia
1316 3794 1717 3852 Mediolanensi
1744 3797 2016 3853 celebrari
2114 3809 2250 3848 nare
2277 3795 2546 3849 lectorem
2563 3795 2786 3866 psalmi,
2817 3800 2878 3849 ut
2901 3797 3292 3867 pronuntianti
3316 3797 3553 3852 vicinior
3577 3806 3751 3869 esset,

382 3888 694 3953 coeperunt.
726 3904 753 3932 »
784 3884 853 3938 Et
870 3884 1196 3940 Ambrosius
1234 3886 1356 3957 ipse
1389 3887 1447 3942 in
1488 3886 1877 3945 Hexaemeron
1911 3891 2037 3947 lib.‘
2114 3903 2288 3959 quam
2316 3888 2560 3944 canenti.
2593 3907 2621 3940 ι)
2648 3889 2802 3943 Alius
2823 3888 3000 3961 igitur
3023 3895 3145 3946 erat
3158 3895 3293 3946 tunc
3318 3890 3379 3945 in
3404 3892 3655 3947 Ecclesia
3680 3895 3754 3947 ri-

380 3991 465 4044 ιιι,
494 3991 616 4047 cap.
646 3979 699 4045 5,
728 3976 1026 4032 Ecclesiam
1060 3979 1209 4033 mari
1254 3985 1565 4051 comparat,
1604 3982 1666 4037 in
1701 3999 1813 4055 qua
1863 4005 1891 4036 «
1929 4001 2014 4041 re-
2114 3984 2223 4050 tus,
2255 3981 2485 4051 quando
2524 3981 2967 4037 Alexandrinum
3005 3983 3354 4055 Augustinus
3380 3984 3751 4056 praeferebat.

381 4068 686 4140 sponsoriis
716 4070 835 4139 (seu
857 4071 1080 4126 alterno
1109 4073 1299 4145 cantu)
1327 4073 1695 4147 psalmorum,
1727 4082 1899 4133 cantu
1926 4079 2009 4133 vi-
2113 4072 2364 4145 Denique
2397 4073 2458 4127 in
2498 4073 2680 4129 Africa
2719 4075 2952 4147 psalmis
2992 4076 3161 4132 etiam
3209 4077 3755 4136 intermiscebantur

380 4162 1679 4239 rorum,mulierum,virginum,parvulorum,
1701 4186 2012 4227 consonans
2111 4166 2277 4221 certis
2315 4166 2512 4222 diebus
2550 4168 2838 4240 lectiones,
2896 4189 2924 4221 α
2962 4186 3091 4242 quae
3133 4170 3212 4225 ita
3237 4176 3398 4227 erant
3421 4188 3657 4245 annuas;
3690 4181 3755 4230 ut

381 4257 662 4313 undarum
686 4258 879 4330 fragor
896 4258 1150 4316 resultat.
1181 4282 1208 4310 ››
1242 4260 1395 4316 Idem
1413 4261 1760 4333 hymnorum
1774 4281 2010 4322 suorum
2109 4258 2234 4314 alim
2262 4276 2382 4316 esse
2406 4277 2521 4317 non
2551 4268 2799 4334 possent,
2832 4285 2859 4313 »
2888 4263 2969 4319 ait
2993 4263 3148 4320 idem
3190 4266 3544 4337 Augustinus
3579 4268 3754 4325 initio

377 4351 639 4408 meminit
666 4352 727 4407 in
755 4352 1028 4424 opusculo
1057 4353 1125 4409 de
1163 4353 1373 4428 Spiriiu
1423 4361 1637 4424 sancto,
1683 4362 1739 4413 et
1780 4359 1842 4415 in
1887 4360 2007 4432 epi-
2109 4354 2542 4427 expositionisin
2566 4356 2813 4428 primam
2825 4358 3077 4414 Joannis.
3104 4360 3167 4413 In
3184 4359 3418 4414 concilio
3443 4361 3750 4435 Carthagi-

378 4446 520 4502 stola
548 4449 636 4503 32.
2108 4448 2270 4507 nensi
2299 4466 2359 4505 Ill
2387 4449 2653 4505 statuitur
2676 4466 2888 4506 canone
2913 4452 2981 4506 47
3012 4469 3026 4507 :
3082 4455 3147 4508 Ut
3191 4459 3391 4525 praeter
3426 4457 3755 4526 Scriptum

454 4541 539 4596 14.
564 4542 702 4605 Quae
721 4540 983 4613 superius
1013 4557 1084 4597 ex
1126 4546 1294 4598 cantu
1317 4544 1669 4615 psalmorum
1710 4545 2009 4602 Mediolani
2025 4568 2085 4643 D
2107 4545 2408 4607 canonicas,
2436 4543 2577 4598 nihil
2598 4546 2657 4598 in
2680 4545 2897 4600 ecclesia
2922 4546 3136 4616 legatur
3158 4548 3256 4602 sub
3280 4550 3490 4603 nomine
3525 4549 3753 4605 divina-

374 4631 632 4690 ‘mstituto
655 4634 761 4689 sibi
775 4635 1038 4691 accidisse
1056 4641 1249 4692 narrat
1264 4639 1633 4710 Augustinus,
1649 4640 1718 4695 ad
1734 4640 2005 4712 baptismi
2025 4631 2077 4643 ”’
2105 4652 2227 4691 rum
2251 4638 2676 4708 Scripturamm-
2704 4639 2840 4703 01183
2870 4639 3118 4695 0131151118
3131 4656 3247 4696 non
3272 4643 3523 4698 excludit
3537 4647 3751 4700 tracta-

375 4727 555 4801 ipsius
576 4732 821 4799 tempus,
850 4727 911 4783 id
939 4734 1023 4784 est
1050 4730 1121 4785 ad
1149 4747 1367 4786 annum
1393 4735 1495 4787 387
1523 4733 1819 4790 referenda
1849 4739 2001 4792 sunt.
2105 4732 2195 4785 tus
2220 4735 2543 4786 sanctorum
2568 4733 2819 4804 Ρᾶῑωω,
2847 4750 2951 4789 nec
2977 4734 3245 4791 lectiones
3264 4741 3586 4809 martyrum
3614 4756 3753 4811 pas-

377 4821 653 4877 Eumdem
681 4821 855 4876 ritum
895 4821 957 4875 in
994 4823 1243 4879 Africam
1278 4824 1397 4896 ipse
1440 4824 1653 4883 invexit
1686 4828 2001 4902 episcopus.
2104 4823 2348 4896 sianum,
2387 4841 2528 4897 quas
2569 4826 2685 4899 legi
2730 4828 3011 4899 permittit
3042 4829 3343 4886 concilium
3384 4831 3749 4897 Africanum,

372 4916 669 4973 Alternum
688 4931 860 4988 porro
874 4914 1046 4971 fuisse
1059 4917 1377 4989 colligimus
1405 4934 1475 4975 ex
1501 4921 1623 4992 ejus
1652 4924 2004 4980 enarratione
2102 4933 2221 4973 cum
2245 4921 2570 4975 αηὶυϐτεανίἰ
2611 4921 2725 4976 dies
2761 4938 2941 4978 eorum
2979 4924 3334 4981 celebrantur.
3380 4926 3555 4982 Caute
3606 4945 3755 4984 vero

373 5012 433 5067 in
454 5010 740 5083 psalmum
766 5025 915 5077 xxvi,
941 5026 1102 5065 num.
1136 5014 1157 5065 1
1186 5027 1199 5066 :
1231 5031 1259 5063 «
1282 5012 1453 5068 Voces
1466 5013 1587 5069 istae
1609 5016 1830 5088 psalmi,
1862 5035 2003 5090 quas
2102 5026 2166 5065 ac
2191 5011 2452 5084 religiose
2479 5029 2512 5067 a
2537 5014 2792 5070 Patribus
2816 5016 3015 5087 synodi
3046 5018 3378 5074 Milevitana:
3414 5020 3519 5075 sub
3562 5023 3751 5078 lnno‘

372 5105 709 5176 audivimus,
733 5110 789 5160 et
817 5120 885 5159 ex
900 5108 1060 5177 parte
1087 5105 1455 5179 cantavimus,
1484 5129 1512 5158 ››
1543 5113 1649 5164 etc.
1679 5109 1822 5165 Tum
1845 5128 2004 5168 enar-
2102 5105 2284 5161 Centio
2312 5107 2332 5159 Ι
2362 5106 2652 5163 decretum
2676 5112 2780 5181 est,
2810 5126 3023 5166 canone
3046 5115 3133 5181 l2,
3160 5117 3227 5168 ut
3239 5114 3409 5169 nulla:
3428 5131 3633 5185 preces
3658 5118 3759 5172 di.

371 5198 550 5254 rando
574 5199 860 5272 psalmum
886 5215 1030 5268 XLVI,
1059 5215 1221 5270 num,
1257 5204 1278 5255 l
1314 5216 1328 5256 :
1365 5223 1391 5250 «
1421 5202 1613 5275 Itaque
1632 5203 1694 5258 in
1715 5204 1825 5260 hoc
1850 5223 1943 5278 psa

2186 5203 2301 5254 itur
2323 5199 2385 5255 in
2411 5201 2658 5273 ecclesia,
2676 5204 2786 5260 nisi
2806 5220 2925 5275 qua:
2949 5222 2983 5260 α
3004 5207 3446 5277 prudentioribus
3461 5213 3758 5276 tractatae,

318 5310 326 5317 ·
370 5309 487 5359 mo,
515 5308 688 5365 quem
702 5297 992 5349 cantatum
1005 5293 1343 5365 audivimus,
1363 5295 1455 5351 cui
1470 5297 1749 5353 cantando
1774 5315 2001 5372 respon-
2098 5294 2184 5349 vel
2223 5295 2570 5365 comprobata
2602 5298 2659 5351 in
2693 5298 2897 5367 synodo
2923 5300 3174 5367 fuerint:
3216 5317 3283 5357 ne
3317 5304 3459 5369 forte
3515 5305 3767 5375 aliquid

371 5387 579 5458 (limus,
602 5403 668 5441 ea
686 5403 882 5443 sumus
895 5387 1098 5443 dicturi
1111 5405 1241 5461 qua;
1259 5389 1458 5446 nostis.
1483 5410 1511 5443 »
1538 5390 1648 5446 Alii
1666 5407 1803 5462 ergo
1818 5409 2000 5450 unum
2098 5393 2282 5443 οοηίνα
2302 5389 2481 5459 ﬁdem,
2508 5393 2594 5446 vel
2609 5407 2711 5463 per
2735 5393 3121 5463 ignorantiam,
3150 5397 3236 5452 vel
3255 5412 3359 5468 per
3395 5398 3576 5454 minus
3614 5406 3765 5456 δευ-

369 5497 617 5551 versum,
648 5479 744 5536 alii
766 5480 942 5536 alium
965 5480 1209 5538 vicissim
1240 5483 1613 5540 decantabant
1640 5502 1659 5555 ς
1690 5501 1754 5541 ac
1793 5486 1998 5544 deinde
2097 5481 2247 5537 dium
2271 5485 2344 5539 Sit
2366 5487 2733 5556 compositum.

368 5580 496 5648 post
521 5574 802 5648 psalmum
828 5592 975 5648 saepe
1005 5576 1282 5649 expositio
1306 5577 1377 5632 ab
1404 5578 1667 5651 episcopo
1690 5578 1838 5636 facta
1862 5581 1995 5637 sub-
2173 5579 2255 5631 l6.
2284 5577 2366 5633 Ab
2386 5578 2571 5634 Africa
2587 5596 2704 5637 non
2722 5587 2839 5639 tam
2863 5583 3148 5657 disparata
3187 5590 3310 5642 erat
3338 5586 3607 5659 Hispania
3646 5588 3769 5645 lo—

369 5669 726 5742 sequebatur.
739 5669 1081 5725 Cantabatur
1097 5665 1294 5742 390
1313 5674 1774 5745 autemapopulo
1790 5678 1994 5747 stante,
2096 5686 2293 5727 corum
2319 5672 2611 5731 intervallo
2636 5693 2809 5748 quam
2833 5679 3112 5751 psallendi
3134 5679 3271 5753 ritu,
3298 5681 3481 5754 qualis
3507 5681 3571 5738 in
3616 5684 3770 5741 lo-

369 5783 440 5822 ex
465 5783 724 5824 sermone
741 5769 772 5823 3
799 5767 861 5822 in
884 5766 1170 5838 psalmum
1193 5782 1378 5837 xxxvi,
1409 5784 1572 5827 num.
1599 5774 1632 5827 2
1664 5789 1678 5828 :
1711 5794 1740 5823 ‹‹
1763 5773 1995 5832 Certene
2094 5764 2342 5824 zarabico
2383 5784 2536 5826 nunc
2588 5771 2870 5829 Breviario
2919 5774 3240 5833 exhibetur.
3293 5776 3435 5833 Nam
3488 5793 3626 5835 cum
3676 5780 3779 5841 in

370 5870 567 5912 verum
605 5859 690 5911 est
723 5854 880 5927 quod
915 5854 1176 5912 cantavi?
1212 5858 1362 5913 certe
1398 5871 1600 5915 verum
1632 5865 1717 5919 est
1748 5863 1904 5935 quod
1936 5863 1996 5922 in
2090 5860 2295 5933 Africa,
2335 5864 2480 5924 sicut
2504 5872 2560 5924 et
2583 5866 2644 5923 in
2672 5871 2793 5926 toto
2817 5870 2972 5942 orbe,
2994 5873 3199 5945 psalmi
3229 5878 3344 5932 tam
3386 5876 3448 5934 in
3492 5884 3771 5937 noctur-
