3982 6190
197 287 285 338 389
1243 283 1330 342 DE
1366 285 1582 341 CURSU
1621 286 1994 343 GALLICANO
2031 287 2441 355 DlSQlI-ISITIO.

3302 266 3316 276 “
3427 295 3536 347 390

191 391 286 460 nis,
313 406 484 462 quam
505 390 568 445 in
599 389 817 446 diurnis
855 390 1106 446 ﬁdelium
1133 391 1500 448 conventibus
1527 409 1799 449 caneren-
1823 407 1881 479 Α
1905 395 2062 467 gilias
2091 401 2416 452 nocturnas.
2456 395 2700 452 Isidorus
2725 413 2793 452 ex
2823 396 3058 469 reliquis
3087 395 3304 468 ofﬁciis,
3332 404 3542 470 praeter

190 489 288 550 tur,
303 483 379 538 ita
387 488 451 540 ut
464 503 492 536 α
507 484 748 556 primus,
759 485 982 543 medius
991 484 1391 542 etnovissimus
1400 491 1546 542 esset
1558 487 1732 542 David
1749 507 1798 555 ,»

187 583 312 634 teste
351 577 746 650 Chrysostomo
786 578 938 650 apud
978 579 1316 648 Mozarabes,
1364 580 1565 635 saltem
1602 596 1800 636 recen-

185 671 356 736 tiores,
385 687 500 726 non
533 671 612 726 ita
640 675 832 742 utpote
858 671 957 743 qui
983 688 1088 727 nec
1114 671 1175 727 in
1201 672 1426 744 vigiliis,
1452 690 1558 728 nec
1584 672 1644 729 in
1671 690 1797 729 ves-

180 763 322 838 peris
351 763 534 819 ullum
569 765 854 837 psalmum
891 765 1283 836 praescribunt.
1316 768 1378 821 In
1417 767 1681 822 omnibus
1705 783 1801 824 au-

181 865 302 926 tem,
324 862 532 929 praeter
549 857 1010 930 Completorium,
1031 858 1228 914 ofﬁciis
1245 859 1338 914 hic
1359 860 1496 916 ordo
1525 865 1796 916 servatur.

177 950 355 1008 Primo
381 953 546 1020 Kyrie
579 953 773 1007 eleison
804 951 1120 1024 praemisso,
1157 957 1372 1008 secreto
1401 953 1636 1009 recitent
1670 970 1798 1010 ora-

175 1045 384 1100 tionem
422 1043 772 1108 Dominicam
815 1043 1009 1118 392
1057 1062 1190 1100 cum
1237 1047 1572 1102 salutatione
1619 1063 1796 1118 ange-

173 1137 299 1206 lica;
331 1136 636 1210 statimque
672 1137 942 1194 inchoant
977 1138 1230 1194 ofﬁcium
1265 1139 1336 1194 ab
1365 1139 1454 1195 his
1477 1139 1662 1196 verbis
1690 1157 1704 1195 :
1735 1144 1799 1197 In

175 1233 380 1286 nomine
403 1233 620 1287 Domini
634 1234 808 1287 nostri
828 1234 952 1287 Iesu
979 1233 1180 1290 Christi
1204 1234 1382 1288 lumen
1409 1249 1526 1288 cum
1544 1249 1698 1304 pace,
1726 1233 1798 1289 ad

173 1341 290 1397 quae
342 1323 720 1397 respondetur
775 1341 789 1380 :
823 1329 924 1382 Deo
973 1328 1204 1396 gratias.
1255 1327 1555 1382 Nocturna:
1603 1343 1797 1398 preces

171 1417 508 1472 brevissimae
550 1422 810 1474 constant
847 1417 1186 1489 quibusdam
1217 1419 1562 1491 antiphonis,
1594 1423 1651 1474 et
1674 1436 1793 1476 res-

169 1511 464 1583 ponsoriis,
487 1528 614 1584 qua:
635 1511 779 1566 Laus
793 1516 850 1566 et
869 1511 1050 1568 Souus
1067 1512 1457 1584 appellantur;
1478 1513 1616 1568 item
1635 1513 1797 1585 hym-

170 1621 234 1660 no
269 1609 330 1660 et
369 1605 610 1675 cantico,
647 1605 798 1676 quod
841 1605 995 1660 aliud
1040 1611 1126 1661 est
1165 1623 1197 1660 a
1239 1605 1453 1662 cantico
1489 1606 1790 1676 Zachariae,

169 1703 550 1771 praeterquam
577 1699 638 1754 in
672 1699 814 1754 festo
841 1699 1210 1754 Praecursoris
1255 1715 1268 1754 :
1312 1699 1476 1755 sicuti
1511 1699 1795 1756 canticum
1895 1721 1930 1758 a
1993 1705 2228 1774 cunctis,

1901 491 2192 561 Vesperas,
2223 489 2695 562 Completorium,
2727 490 2957 563 Vigilias
2975 496 3303 561 nocturnas,
3336 495 3391 546 et
3414 509 3537 548 ma-

1900 584 2112 639 tutinas
2151 584 2390 652 Laudes,
2432 588 2688 640 recenset
2725 589 2949 640 tantum
2987 585 3252 652 Tertiam,
3295 586 3537 657 Sextam,

1901 681 1957 732 et
2003 679 2244 746 Nonam,
2291 676 2494 731 omissa
2545 677 2753 732 Primae
2803 677 3014 732 nedum
3061 680 3296 733 Aurorae
3334 679 3536 749 ofﬁcio,

1899 770 2051 842 quod
2076 773 2308 825 Aurora:
2334 769 2584 838 ofﬁcium
2611 776 2742 826 ante
2769 770 3014 826 Primam
3027 771 3088 826 in
3115 771 3396 827 Breviario
3421 775 3536 829 Mo-

1899 863 2148 918 zarabico
2182 863 2469 936 singulare
2497 863 2904 936 praescribitur.
2927 865 3097 936 Atqui
3123 863 3183 918 in
3206 863 3292 919 bis
3317 865 3538 922 diurnis

1900 957 2098 1013 ofﬁciis
2125 956 2370 1012 Isidorus
2395 961 2510 1012 tres
2543 957 2817 1012 duntaxat
2842 958 3089 1030 psalmos
3113 958 3383 1031 assignat,
3415 976 3536 1016 res-

1897 1051 2229 1123 ponsorium
2265 1067 2470 1122 unum,
2503 1050 2771 1106 lectiones
2808 1067 2878 1112 ex
2905 1051 3092 1106 Veteri
3126 1053 3387 1126 Novoque
3413 1054 3538 1109 Tes-

1895 1148 2146 1200 tamento
2173 1144 2332 1212 duas,
2365 1144 2567 1201 deinde
2613 1144 2846 1214 Laudes,
2876 1144 3178 1216 hymnum,
3208 1151 3378 1218 atque
3417 1164 3540 1203 ora-

1893 1237 2131 1308 tionem,
2162 1253 2292 1310 quae
2319 1237 2510 1292 omnia
2538 1253 2669 1292 cum
2699 1237 3042 1293 Mozarabico
3085 1237 3200 1294 ritu
3234 1240 3532 1308 hodierno,

1893 1347 2010 1386 non
2030 1331 2392 1386 conveniunt.
2420 1332 2703 1386 Caeterum
2733 1331 2933 1386 lsidori
2958 1335 3212 1403 tempore
3232 1333 3355 1388 haec
3382 1335 3536 1405 apud

1894 1425 2168 1496 Hispanos
2195 1424 2490 1496 disciplina
2528 1428 2668 1494 erat,
2714 1428 2778 1480 ut
2812 1445 2838 1476 «
2871 1425 3099 1498 quando
3127 1411 3405 1496 psallitur,
3433 1427 3532 1496 ait,

1893 1518 2162 1589 psallatur
2179 1517 2250 1572 ab
2276 1517 2570 1584 omnibus;
2609 1534 2741 1573 cum
2787 1522 3002 1588 oratur,
3032 1523 3227 1574 oretur
3251 1519 3322 1574 ab
3348 1519 3533 1574 omni-

1892 1610 2031 1678 bus;
2054 1628 2186 1666 cum
2211 1611 2378 1666 lectio
2398 1610 2626 1682 legitur,
2645 1611 2798 1666 facto
2813 1611 3058 1680 silentio,
3087 1629 3248 1684 mque
3272 1613 3536 1668 audiatur

2289 1727 2316 1753 »
2373 1705 2430 1759 in
2495 1703 2594 1759 lib.
2651 1721 2666 1758 ι
2717 1704 2786 1759 de
2855 1705 3240 1761 ecclesiasticis
3301 1705 3530 1778 Ofﬁciis,

169 1792 339 1847 beata:
381 1793 568 1849 Mariae
595 1793 658 1847 in
684 1793 929 1864 vesperis
955 1809 1250 1865 nunquam
1288 1792 1513 1862 dicitur,
1553 1797 1791 1865 praeter-
1813 1775 1870 1846 B
1893 1815 2016 1871 cap.
2049 1801 2136 1854 10.

169 1901 331 1958 quam
365 1885 426 1940 in
453 1885 610 1941 festis
635 1885 815 1941 beata:
840 1885 1047 1942 Mariae.
1076 1887 1138 1940 ln
1173 1885 1295 1941 aliis
1323 1885 1480 1942 horis
1512 1887 1794 1942 canonicis

169 1979 398 2051 quidam
449 1979 655 2051 psalmi
703 1979 1034 2050 recitantur,
1089 1979 1318 2052 adjectis
1369 1980 1541 2036 etiam
1583 1980 1790 2050 Laude,

168 2074 324 2142 Sono,
367 2078 424 2128 et
451 2072 796 2144 antiphonis.
837 2073 1030 2129 Ofﬁcia
1071 2078 1346 2129 nocturna
1383 2079 1440 2129 et
1476 2074 1794 2146 vespertina

168 2167 369 2223 claudit
406 2167 592 2229 oratio
631 2167 942 2236 Dominica,
986 2183 1115 2239 qua:
1157 2168 1298 2223 elata
1331 2183 1465 2222 voce
1500 2167 1789 2236 recitatur,

167 2261 372 2334 p0pulo
411 2261 485 2316 ad
529 2261 780 2332 singulas
822 2259 1123 2332 petitiones
1172 2260 1547 2332 respondente
1596 2262 1788 2331 Amen,

166 2360 542 2426 praeterquam
571 2353 643 2410 ad
660 2358 862 2411 Panem
895 2359 1158 2424 nostrum,
1184 2358 1314 2424 etc.,
1359 2353 1458 2408 ubi
1487 2354 1793 2426 responde-

165 2452 278 2503 tur:
298 2450 448 2516 Quia
465 2451 604 2504 Deus
623 2464 696 2510 es,
718 2452 782 2503 ut
803 2448 865 2502 in
893 2447 1082 2503 missa.
1109 2449 1170 2502 In
1196 2447 1308 2503 ﬁne
1331 2464 1345 2502 :
1366 2450 1428 2504 In
1445 2449 1654 2503 nomine
1681 2450 1789 2502 Do-

164 2544 285 2597 mini
303 2544 490 2598 nostri
501 2544 625 2598 Iesu
647 2543 848 2600 Christi
859 2544 1200 2613 perﬁciamus
1215 2557 1334 2596 cum
1361 2557 1514 2612 pace.
1536 2541 1622 2596 Ad
1640 2543 1791 2613 quod

165 2637 462 2708 respondet
478 2636 723 2708 populus
739 2652 753 2691 :
767 2639 871 2692 Deo
891 2637 1120 2706 gratias.
1139 2635 1307 2690 Plura
1327 2634 1396 2690 de
1409 2635 1593 2690 ofﬁcio
1612 2636 1789 2690 Moza-

163 2730 359 2786 rabum
377 2729 478 2802 qui
498 2729 666 2798 volet,
696 2729 849 2802 legat
867 2733 1086 2784 tomum
1104 2728 1456 2801 postremum
1481 2728 1788 2783 Bibliothe-

163 2839 234 2877 cze
273 2825 514 2879 Patrum
550 2822 770 2878 defectu
811 2821 1078 2878 Breviarii
1112 2821 1459 2890 Mozarabici,
1486 2821 1646 2893 cujus
1666 2838 1793 2878 rara

163 2922 283 2972 sunt
301 2915 676 2989 exemplaria,
699 2920 798 2972 aut
817 2915 1116 2972 cardinalis
1142 2917 1311 2971 Bona:
1332 2915 1544 2972 librum
1565 2933 1602 2970 ιι
1623 2915 1692 2970 de
1713 2916 1792 2971 di-

162 3011 280 3066 vina
290 3011 635 3084 psalmodia,
657 3027 780 3082 cap.
807 3013 893 3080 18,
911 3009 1011 3065 ubi
1029 3009 1107 3065 ait
1125 3008 1696 3082 hoc_ofﬁciumadhuc
1715 3010 1793 3065 vi-

1968 1895 2054 1948 18.
2085 1893 2444 1963 Fructuosus,
2472 1893 2534 1947 in
2577 1893 2792 1965 regulae
2832 1892 3035 1964 prima:
3075 1909 3198 1964 cap.
3227 1896 3283 1964 2,
3317 1893 3387 1948 ab
3432 1893 3531 1949 lsi-

1893 1986 2030 2042 doro
2055 1985 2116 2040 in
2140 1985 2450 2052 nonnullis,
2484 1986 2581 2041 sed
2607 1986 2668 2041 in
2695 1986 2954 2058 pluribus
2980 2002 3014 2040 a
3039 1986 3378 2041 Mozarabico
3417 1986 3533 2042 ritu

1891 2079 2098 2136 differt.
2131 2077 2326 2151 394
2367 2080 2429 2134 In
2469 2079 2577 2134 hoc
2602 2085 2794 2135 autem
2837 2095 2969 2135 cum
3011 2079 3218 2136 Isidoro
3251 2081 3531 2151 convenit,

1891 2173 2042 2245 quod
2085 2171 2339 2227 Psalmos
2382 2171 2443 2226 in
2486 2173 2783 2228 nocturnis
2822 2172 3020 2244 Vigilis
3055 2173 3391 2244 praescribit,
3436 2173 3534 2230 sed

1890 2266 2085 2338 plures
2102 2281 2276 2337 quam
2303 2265 2586 2337 lsidorus;
2615 2269 2806 2322 ternos
2832 2283 2965 2322 vero
2984 2267 3046 2321 in
3064 2265 3303 2337 diurnis,
3323 2272 3393 2322 ut
3412 2267 3529 2338 ille,

1891 2359 2110 2415 ofﬁciis.
2141 2359 2201 2414 ld
2249 2359 2554 2430 peculiare,
2585 2361 2738 2432 quod
2763 2359 3012 2415 Primam
3035 2363 3094 2416 et
3129 2360 3531 2416 Duodecimam

1890 2453 2159 2524 assignat,
2178 2469 2321 2524 quas
2349 2453 2444 2508 ille
2469 2453 2887 2524 praetermittit;
2910 2457 2967 2509 et
2987 2453 3385 2510 Duodecimam
3410 2455 3534 2527 qui-

1891 2547 2022 2602 dem
2047 2563 2082 2600 a
2105 2547 2347 2618 Vespera
2372 2545 2688 2618 distinguit,
2716 2564 2846 2602 cum
2875 2547 3032 2602 horai.
3057 2547 3340 2603 canonicis
3367 2549 3438 2604 ab
3465 2565 3532 2604 eo

1891 2643 2258 2696 recensentur
2299 2639 2405 2695 hoc
2443 2641 2614 2696 modo
2646 2658 2660 2696 :
2689 2641 2894 2710 Tertia,
2941 2641 3128 2710 Sexta,
3167 2643 3345 2711 Nona,
3378 2643 3528 2698 Duo-

1891 2733 2108 2788 decima
2154 2733 2436 2802 videlicet,
2486 2737 2655 2804 atque
2702 2735 2964 2805 Vespera.
3019 2733 3335 2790 Concilium
3397 2751 3529 2790 vero

1891 2825 2259 2897 Emeritense,
2287 2842 2504 2882 canone
2530 2831 2585 2897 2,
2611 2827 2985 2897 Vesperarum
3010 2826 3262 2882 ofﬁcium
3287 2828 3359 2883 ad
3401 2845 3527 2884 mo-

1891 2919 2030 2975 dum
2057 2919 2300 2976 aliarum
2349 2919 2732 2989 ecclesiarum,
2763 2919 2974 2974 scilicet
3013 2920 3389 2992 Mozarabum,
3428 2938 3527 2978 ea-

1891 3030 2133 3086 rumque
2177 3018 2292 3069 tres
2327 3019 2536 3086 partes,
2579 3013 3008 3080 Lucernarium,
3041 3015 3438 3086 Vespertinum
3477 3020 3533 3071 et

163 3121 285 3175 gere
310 3121 378 3160 ac
398 3105 610 3160 servari
626 3103 799 3160 Toleti
815 3103 874 3158 in
893 3103 1146 3176 quinque
1165 3102 1444 3176 paroeciis,
1467 3103 1608 3160 etin
1626 3104 1793 3159 sacel-
1811 3149 1866 3224 Ο
1892 3107 2104 3164 Sonum
2131 3107 2608 3180 distinguit.Sicut
2633 3109 2692 3161 in
2717 3107 2848 3163 Fide
2881 3111 3090 3170 sancta,
3129 3107 3399 3180 inquiunt
3427 3111 3528 3164 Pa-

163 3197 206 3224 ι..
235 3197 509 3224 ῠ.,.η.;..,.ε
535 3197 794 3224 Iri-“An-..
815 3197 1112 3224 ..ι-...ΑΞ-ηιζ..
1158 3196 1403 3224 Nam"..-
1431 3197 1787 3224 ΩΑΙ-μνςηκιζηηι
1890 3205 2000 3224 ι-Α..
2032 3206 2216 3224 ..--1..._
2252 3206 2323 3224 x-4
2350 3203 2686 3224 -..._.._'..._u_-
2736 3203 2814 3224 ΔΑ-
2855 3217 2950 3224 μ..-
2996 3207 3175 3224 -....-1_
3224 3205 3315 3224 ἢ-)
3358 3205 3524 3224 Annua

160 3197 209 3252 lo
235 3197 514 3254 Francisci
534 3197 795 3253 Ximenez
812 3197 1134 3267 cardinalis,
1155 3196 1404 3270 itemque
1431 3197 1789 3253 Salmantica:

157 3291 213 3346 in
234 3293 437 3348 sacello
466 3291 711 3347 doctoris
729 3290 1156 3358 Talabricencis,
1185 3291 1342 3363 quod
1362 3295 1446 3347 est
1469 3291 1529 3347 in
1549 3291 1790 3347 claustro

161 3387 382 3456 majoris
409 3385 679 3442 ecclesias.

224 3484 310 3535 17.
341 3481 458 3534 Hoc
489 3479 816 3534 Breviarum
840 3478 900 3534 in
936 3476 1185 3534 editione
1212 3477 1508 3534 cardinalis
1533 3477 1791 3533 Ximenez

157 3573 482 3629 inscribitur
517 3589 532 3628 :
573 3574 826 3644 Ofﬁcium
870 3573 1150 3629 Gothicum
1190 3575 1300 3628 sive
1341 3575 1571 3628 mixtum
1605 3587 1786 3628 secun-

158 3667 280 3722 dum
309 3669 566 3738 regulam
605 3668 751 3722 beati
785 3666 1000 3722 Isidori.
1036 3665 1142 3722 Sed
1178 3682 1376 3722 vereor
1411 3669 1476 3721 ut
1512 3663 1789 3737 ejusmodi

156 3760 310 3830 ritus,
334 3760 524 3834 qualis
550 3759 610 3815 in
627 3759 724 3816 illo
751 3758 1032 3816 Breviario
1059 3757 1372 3832 descriptus
1397 3763 1501 3828 est,
1534 3755 1610 3814 ita
1639 3758 1787 3814 anti-

158 3869 295 3926 quus
319 3855 412 3925 sit,
445 3859 508 3909 ut
526 3853 598 3908 ad
629 3853 823 3910 lsidori
843 3859 1102 3926 tempora
1123 3854 1300 3926 possit
1323 3852 1542 3909 referri.
1563 3852 1791 3908 Constat

157 3948 434 4020 siquidem
462 3965 533 4004 ex
565 3948 688 4019 ejus
712 3947 944 4019 Regula:
971 3963 1096 4019 cap.
1119 3951 1150 4001 '7
1171 3948 1414 4019 psalmos
1437 3947 1496 4001 in
1525 3945 1682 4001 omni
1705 3962 1792 4017 sy-

156 4043 280 4098 naxi
333 4043 602 4099 recitatos
651 4041 842 4097 fuisse.
896 4042 956 4096 In
999 4041 1335 4112 vespertinis
1385 4040 1536 4096 enim
1592 4038 1790 4095 ofﬁciis

153 4137 334 4208 primo
364 4160 394 4188 ‹‹
423 4136 854 4202 Lucernarium,
881 4157 908 4185 ››
935 4132 1130 4208 393
1155 4134 1212 4189 id
1237 4139 1322 4190 est
1336 4133 1586 4206 precatio
1609 4134 1680 4190 ad
1704 4150 1790 4188 ac-

153 4231 471 4287 cendendas
527 4231 824 4286 lucernas:
877 4228 1140 4299 «,deinde
1165 4228 1365 4301 psalmi
1395 4229 1530 4300 duo,
1553 4244 1786 4301 respon-

152 4323 363 4381 sorium
381 4341 590 4395 unum,
622 4324 860 4396 Laudes,
889 4325 1136 4396 hymnus
1155 4326 1326 4395 atque
1351 4322 1529 4379 oratio
1555 4321 1789 4378 dicenda

155 4423 252 4475 eSt.
277 4441 306 4468 η
327 4421 390 4474 In
411 4417 711 4474 nocturnis
731 4422 923 4474 autem
941 4416 1160 4488 Vigiliis
1180 4416 1430 4488 primum
1453 4436 1480 4468 (ι
1501 4419 1616 4472 tres
1633 4416 1787 4470 Psal-

1890 3205 2003 3257 tres
2031 3206 2218 3257 nostra
2245 3206 2323 3257 est
2349 3203 2706 3266 unanimitas,
2735 3203 2816 3256 ita
2848 3217 2953 3272 pro
2991 3207 3179 3257 sancto
3217 3205 3315 3258 Dei
3351 3205 3528 3274 ofﬁcio

1890 3294 2043 3351 debet
2089 3291 2196 3352 esse
2231 3297 2454 3360 intentio
2489 3295 2654 3367 (forte
2708 3295 2996 3367 consensio)
3040 3311 3270 3352 summa.
3313 3297 3533 3367 Oportet

1889 3389 2080 3459 igitur,
2124 3393 2188 3444 ut
2227 3391 2367 3444 sicut
2413 3391 2472 3444 in
2510 3391 2638 3444 aliis
2680 3390 2909 3444 ecclesiis
2941 3391 3240 3460 vespertino
3276 3394 3528 3461 tempore,

1883 3487 2007 3553 post
2024 3469 2201 3538 lumen
2229 3483 2489 3546 oblatum,
2515 3484 2673 3553 prius
2701 3483 2904 3538 dicitur
2934 3485 3332 3552 Vespertinum,
3364 3500 3529 3554 quam

1887 3576 2088 3633 Sanum
2119 3579 2180 3630 in
2203 3576 2390 3631 diebus
2418 3577 2609 3644 festis;
2639 3578 2720 3630 ita
2748 3581 2800 3631 et
2834 3592 2870 3630 a
2905 3575 3058 3631 nobis
3093 3576 3431 3632 custodiatur
3467 3579 3527 3632 in

1888 3672 2085 3725 nostris
2119 3670 2365 3725 ecclesiis.
2407 3670 2610 3725 Beatus
2647 3667 2820 3724 abbas
2848 3669 2912 3724 in
2945 3669 3044 3724 lib.
3071 3685 3090 3724 1
3117 3669 3382 3726 adversus
3409 3671 3524 3726 Eli-

1888 3761 2161 3833 pandum,
2193 3762 2262 3817 de
2289 3760 2471 3817 ofﬁcio
2502 3762 2656 3834 apud
2680 3761 2959 3833 Hispanos
2986 3765 3116 3817 ante
3156 3763 3428 3819 saeculum
3471 3781 3527 3820 ιχ

1887 3854 2093 3910 usitato
2131 3855 2256 3910 haec
2292 3854 2464 3910 habet
2495 3867 2510 3909 :
2545 3873 2574 3907 «
2605 3855 2665 3910 Si
2697 3855 2758 3910 in
2787 3855 3118 3928 vespertinis
3142 3855 3525 3914 lucernarium

1887 3953 2018 4004 ante
2059 3947 2235 4004 altare
2279 3947 2564 4018 obtulerit,
2601 3965 2718 4004 non
2750 3953 2933 4021 potest
2967 3949 3132 4005 aliter
3172 3949 3383 4023 oﬁ‘erri,
3413 3953 3523 4008 nisi

1889 4041 2095 4097 dixerit
2121 4061 2134 4098 :
2163 4045 2227 4098 1n
2247 4044 2462 4098 nomine
2485 4044 2703 4098 Domini
2724 4044 2898 4098 nostri
2921 4046 3046 4100 Iesu
3093 4045 3296 4102 Christi
3347 4047 3524 4102 lumen

1889 4151 2006 4191 cum
2036 4152 2189 4206 pace.
2243 4135 2299 4192 Si
2351 4135 2526 4191 etiam
2578 4137 2860 4209 completo
2911 4137 3116 4206 ofﬁcio,
3169 4154 3286 4194 non
3337 4145 3526 4210 potest

1888 4227 2081 4302 egredi
2110 4229 2229 4286 sine
2253 4229 2357 4286 hac
2383 4229 2680 4300 solutione,
2703 4229 2814 4285 nisi
2848 4230 3006 4302 prius
3050 4231 3257 4286 dixerit
3283 4249 3297 4286 :
3326 4233 3393 4288 In
3430 4250 3524 4289 no-

1884 4327 2029 4381 mine
2053 4325 2267 4381 Domini
2290 4326 2461 4380 nostri
2483 4327 2606 4380 Iesu
2633 4325 2836 4383 Christi
2870 4339 3054 4380 eamus
3094 4340 3211 4379 cum
3240 4340 3397 4396 pace.
3434 4324 3522 4383 Sic

1885 4417 1946 4473 in
1971 4417 2326 4490 vespertinis,
2373 4416 2452 4472 sic
2478 4415 2539 4471 in
2579 4415 2892 4486 matutinis,
2925 4415 3004 4470 sic
3046 4416 3313 4472 omnibus
3339 4416 3517 4490 horis,

150 4511 228 4567 mi
254 4513 515 4569 canonici
559 4512 834 4568 recitandi
863 4515 1026 4582 sunt;
1060 4511 1262 4567 deinde
1287 4515 1402 4567 tres
1427 4509 1614 4566 missae
1636 4510 1784 4582 psal-
1805 4526 1864 4598 D
1887 4510 2090 4583 quibus
2116 4509 2429 4566 necessaria
2455 4509 2638 4565 ofﬁcia
2663 4509 2748 4564 vel
2775 4509 3036 4590 canonica
3061 4509 3122 4564 in
3143 4511 3375 4567 ecclesia
3397 4529 3524 4585 per-

150 4621 396 4678 morum,
419 4609 625 4680 quarta
645 4607 1013 4675 canticorum,
1035 4605 1233 4678 quinta
1251 4604 1654 4661 Matutinorum
1672 4603 1790 4658 ofﬁ-

148 4699 384 4757 ciorum.
407 4701 556 4766 Quid
584 4700 659 4756 sit
686 4701 794 4756 hoc
822 4701 947 4757 loco
972 4699 1164 4769 missa,
1195 4699 1501 4754 obscurum
1541 4701 1644 4753 est.
1674 4699 1788 4752 Hoc

149 4795 488 4851 vocabulum
514 4794 820 4866 aliquando
848 4794 1172 4860 lectionem,
1196 4792 1500 4866 aliquando
1523 4807 1653 4848 vero
1673 4791 1785 4846 col-

143 4888 350 4944 lectam
394 4906 498 4945 seu
555 4889 894 4957 orationem,
941 4903 1356 4960 nonnunquam
1398 4885 1788 4942 dimissionem

143 4981 446 5055 signiﬁcat.
487 4983 788 5040 Menardus
825 4983 980 5038 hunc
1021 4982 1213 5038 locum
1250 4981 1319 5036 de
1354 4981 1599 5037 Collecta
1636 4984 1787 5036 recte

143 5074 559 5150 interpretatur
580 5093 594 5132 :
621 5098 649 5127 «
671 5077 734 5132 ln
757 5075 1061 5132 Dominicis
1083 5091 1216 5132 vero
1235 5072 1456 5144 diebus,
1473 5075 1564 5131 vel
1582 5069 1788 5130 festivi-

143 5171 353 5228 tatibus
373 5173 716 5244 mal'tyrum,
736 5169 1104 5227 solemuitatis
1135 5186 1300 5225 causa
1330 5169 1568 5241 singulae
1595 5183 1788 5240 super-

142 5265 431 5322 addantur
471 5263 678 5321 misse.
722 5265 930 5321 Verum
971 5263 1032 5320 in
1067 5263 1283 5337 Vigiliis
1307 5262 1579 5320 recitandi
1607 5261 1788 5318 aderit

143 5373 302 5430 usus,
333 5360 394 5416 in
423 5358 708 5416 Matutinis
734 5358 972 5416 canendi
1007 5356 1392 5431 psallendique
1417 5356 1781 5413 consuetudo.

139 5453 433 5510 Lectiones
459 5458 656 5510 autem
687 5469 756 5509 ex
793 5449 978 5509 Veteri
998 5456 1056 5508 et
1080 5453 1232 5507 Novo
1261 5452 1616 5508 Testamento
1646 5455 1786 5506 tem-

139 5563 278 5618 pore
321 5547 492 5604 ofﬁcii
531 5546 873 5620 quotidianis
921 5546 1119 5602 diebus
1157 5546 1499 5616 recitantur;
1543 5545 1783 5601 Sabbato

138 5647 338 5698 autem
353 5646 410 5698 et
429 5641 723 5697 Dominico
749 5657 818 5697 ex
844 5641 998 5696 Novo
1019 5643 1242 5696 tantum
1261 5639 1726 5712 pronuntientur.
1751 5661 1780 5692 »

141 5735 274 5792 Haec
308 5737 500 5794 omnia
525 5737 697 5810 longe
722 5735 1045 5809 discrepant
1068 5751 1103 5791 a
1133 5735 1364 5808 vulgato
1384 5733 1666 5791 Breviario
1676 5735 1784 5792 Mo-

137 5831 431 5902 zarabum,
452 5833 515 5890 in
543 5847 662 5906 quo
688 5829 894 5906 psalmi
920 5829 1086 5902 nulli,
1101 5829 1276 5888 nullae
1303 5828 1568 5888 lectiones
1599 5828 1671 5886 ad
1697 5828 1784 5886 Vi-

1887 4608 2158 4676 aguntur.
2190 4623 2218 4656 »
2242 4603 2310 4660 Et
2336 4604 2460 4658 haec
2479 4602 2710 4675 quidem
2732 4603 3002 4658 hactenus
3029 4603 3295 4661 dicuntur
3318 4605 3378 4662 in
3393 4607 3524 4662 'ofﬁ-

1887 4697 1973 4753 cio
1997 4697 2369 4768 Mozarabum,
2399 4697 2551 4770 quod
2576 4697 2638 4752 in
2681 4697 2803 4752 aliis
2853 4698 3099 4754 multum
3125 4700 3336 4756 recedit
3363 4719 3397 4757 a
3425 4718 3516 4760 re-
3608 4708 3628 4730 '

1889 4791 2036 4865 gulis
2063 4791 2258 4847 lsidori
2287 4796 2342 4848 et
2371 4790 2684 4848 Fructuosi.
3305 4809 3313 4812 ·

1961 4889 2046 4942 19.
2076 4887 2234 4942 Dicat
2267 4885 2458 4942 forsan
2484 4885 2689 4959 aliquis
2713 4886 2776 4942 in
2801 4885 2890 4942 his
2917 4889 3132 4961 regulis
3181 4885 3517 4948 monasticos

1885 4979 2028 5036 ritus
2060 4980 2417 5053 praescriptos
2455 4980 2650 5052 fuisse,
2677 4997 2799 5047 non
2827 4997 3212 5054 communem,
3240 4983 3421 5056 qualis
3459 4984 3520 5042 in

1885 5073 2196 5146 Hispanicis
2235 5073 2490 5130 Ecclesiis
2514 5074 2936 5132 observabatur.
2965 5076 3343 5134 Conﬁrmatur
3369 5079 3426 5136 id
3449 5095 3520 5138 ex

1885 5167 2108 5224 concrlii
2135 5168 2490 5224 Bracarensis
2517 5168 2688 5240 primi
2713 5185 2926 5226 canone
2948 5172 2970 5226 1
2997 5170 3392 5248 relectionum,
3419 5176 3519 5234 ubi

1885 5261 2226 5334 decernitur,
2261 5265 2326 5319 Ut
2347 5278 2486 5318 unus
2513 5259 2704 5336 395
2727 5265 2887 5334 atque
2917 5264 3060 5321 idem
3083 5267 3363 5338 psallendi
3391 5273 3522 5329 ordo

1884 5356 1942 5412 in
1967 5357 2255 5413 matutinis
2278 5359 2364 5414 vel
2381 5359 2699 5428 vespertinis
2719 5359 2902 5426 ofﬁciis
2927 5363 3206 5433 teneatur;
3239 5368 3420 5422 etnon
3439 5366 3522 5422 di-

1881 5467 2044 5509 versa
2072 5469 2136 5508 ac
2163 5453 2413 5524 privatae,
2443 5467 2612 5523 neque
2636 5455 3082 5510 monasteriorum
3119 5460 3522 5516 consuetudines

1881 5563 2000 5603 cum
2053 5546 2407 5602 ecclesiastica
2453 5546 2566 5600 sint
2596 5548 2898 5616 pmnirtz.
2961 5549 3167 5605 Verum
3215 5551 3515 5624 haudqua-

1883 5656 2058 5714 quam
2109 5638 2411 5695 verisimile
2446 5644 2552 5710 est,
2597 5639 2894 5710 lsidorum,
2939 5642 3039 5715 qui
3075 5647 3368 5714 tantopere
3413 5661 3516 5717 pro

1883 5735 1998 5792 ritu
2022 5733 2363 5792 Mozarabico
2392 5733 2688 5805 laboravit,
2736 5738 2804 5793 ut
2827 5736 2951 5810 ejus
2973 5739 3169 5792 auctor
3191 5733 3470 5794 habeatur
3499 5756 3514 5796 :

1881 5845 2017 5901 non,
2046 5828 2302 5903 inquam,
2339 5829 2642 5889 verisimile
2671 5835 2756 5888 est
2784 5830 2843 5888 in
2882 5826 3238 5886 monasteriis
3279 5827 3349 5888 ab
3393 5831 3517 5908 ipso
