4036 6188
455 291 552 356 sei

1249 283 1578 342 APPENDIX
1616 281 1704 336 AD
1739 279 1963 334 OPERA
1986 279 2229 336 .SANCTI
2267 279 2568 336 GERMANI
2609 278 3034 336 PARISIENSIS.

3718 273 3831 329 392

455 405 851 480 pmscriptum
895 400 1066 456 fuisse
1109 395 1283 451 ritum
1325 397 1442 448 tam
1487 389 1770 444 diversum
1797 387 1870 442 ab
1897 403 1963 442 eo
1989 387 2089 459 qui
2111 402 2170 476 Α
2257 392 2348 445 22.
2376 389 2564 445 Unum
2599 392 2703 458 est,
2732 387 3050 442 versionem
3082 383 3242 439 illam
3273 354 3569 439 Gallicanis
3609 396 3674 436 ac
3695 382 3832 453 qui-

455 502 520 557 in
545 501 668 556 aliis
709 493 965 553 Ecclesiis
1006 489 1205 546 eodem
1243 489 1471 541 auctore
1507 483 1706 538 fuisset
1757 481 2086 536 institutus:

460 595 708 650 maxime
736 605 864 646 cum
894 588 954 642 in
979 587 1084 640 hoc
1101 580 1320 652 antiqui
1339 581 1529 633 Patres
1551 592 1777 648 semper
1798 575 2090 646 conspira-

459 690 662 754 verint,
689 689 755 740 ut
781 683 840 737 in
871 677 1071 736 divinis
1094 674 1292 731 ofﬁciis
1308 671 1632 740 uniformis,
1657 670 1857 724 saltem
1876 669 1935 722 in
1955 684 2093 722 una-

462 797 684 856 quaque
709 773 1014 849 provincia,
1032 771 1175 826 ritus
1193 758 1607 824 observaretur.
1635 764 1800 819 Certo
1825 761 1886 816 in
1913 761 2094 816 conci-

460 877 536 931 lio
561 890 614 929 ιν
637 871 920 937 Toletano,
946 879 1160 920 canone
1189 867 1242 932 2,
1265 865 1539 916 statutum
1566 863 1670 924 est,
1704 860 1770 913 Ut
1795 872 1936 912 unus
1962 855 2093 910 ordo

460 967 656 1025 orandi
675 970 836 1034 atque
869 959 1147 1034 psallendi
1176 973 1278 1028 per
1303 970 1508 1010 omnem
1536 953 1862 1022 Hispaniam
1882 955 1932 1004 et
1959 949 2090 1006 Gal-

461 1063 592 1118 liam
629 1060 1051 1118 conservaretur,
1077 1067 1214 1107 unus
1241 1049 1430 1104 modus
1464 1051 1524 1102 in
1565 1048 1855 1100 missarum
1901 1044 2092 1098 solem-

457 1155 741 1215 nitatibus,
779 1165 918 1207 unus
955 1152 1016 1203 in
1055 1145 1368 1216 vespertinis
1431 1141 1823 1208 matutinisque
1875 1137 2092 1206 ofﬁciis.

459 1248 630 1320 Atqui
655 1248 716 1302 in
741 1244 912 1301 Gallia
937 1242 1104 1298 etiam
1135 1234 1481 1293 Narbonensi
1506 1233 1754 1306 psalmos
1773 1245 1998 1302 semper
2023 1228 2094 1283 ad

460 1342 694 1414 Vigilias
734 1344 1037 1395 nocturnas
1070 1333 1334 1389 recitatos
1369 1329 1540 1384 fuisse
1572 1328 1706 1398 [non
1741 1325 1961 1393 dubito,
2008 1327 2093 1377 ta-

461 1437 628 1493 metsi
675 1435 858 1489 fateor
885 1430 1100 1485 nullam
1145 1426 1318 1496 hujus
1363 1422 1447 1478 rei
1493 1421 1618 1476 ﬁeri
1659 1419 2012 1473 mentionem
2037 1415 2097 1470 in

2188 484 2426 538 busdam
2453 481 2797 538 Germanicis
2825 479 3082 536 Ecclesiis
3106 478 3177 534 ab
3201 477 3324 550 ipso
3345 477 3687 548 Hieronymo
3700 491 3837 530 con-

2188 577 2455 633 traditam
2481 577 2654 632 fuisse
2685 575 2744 630 in
2770 573 3048 630 sententia
3073 571 3362 641 Bernonis,
3393 587 3525 626 cum
3568 569 3831 625 Walafri-

2193 672 2297 727 dus
2325 687 2450 727 eam
2501 688 2535 725 a
2569 669 2838 742 Gregorio
2882 667 3145 740 episcopo
3186 664 3496 720 Turonensi
3525 664 3585 718 in
3629 663 3836 718 Gallias

2191 767 2471 822 invectam
2496 763 2683 838 397
2713 763 2914 818 tradat.
2944 763 3150 816 Verum
3177 764 3304 832 post
3318 757 3575 830 Gregorii
3599 761 3834 828 tempus

2192 859 2253 914 id
2293 861 2504 914 factum
2549 858 2790 926 videtur,
2833 859 2983 910 certe
3027 855 3156 925 post
3205 850 3531 923 Hieronymi
3578 855 3833 906 atatem.

2193 953 2370 1024 Hujus
2409 951 2493 1006 rei
2535 953 2874 1022 argumenta
2937 947 3098 1002 nobis
3163 945 3472 1017 suspeditat
3526 943 3838 1015 Gregorius

2193 1048 2314 1118 ipse
2343 1046 2402 1100 in
2430 1045 2667 1100 Historia
2690 1060 2812 1108 sua,
2844 1041 2944 1096 ubi
2973 1057 3090 1096 non
3109 1056 3224 1095 uno
3247 1039 3307 1094 in
3330 1039 3452 1094 loco
3473 1039 3836 1094 Psalmorum

2194 1141 2494 1197 versiculos
2529 1139 2700 1194 refert
2747 1154 2816 1193 ex
2863 1135 2969 1191 alia
3012 1135 3268 1191 versione
3312 1149 3485 1206 quam
3525 1132 3832 1188 Gallicana.

2194 1235 2340 1289 Duos
2367 1237 2585 1288 tantum
2615 1231 2952 1303 insigniores
2993 1229 3244 1301 proferre
3277 1227 3458 1298 juvat.
3488 1227 3644 1282 Unus
3675 1226 3838 1280 locus

2196 1333 2280 1384 est
2320 1328 2381 1383 in
2422 1327 2522 1382 lib.
2572 1343 2624 1396 v,
2679 1343 2802 1396 cap.
2845 1326 2930 1393 14,
2975 1323 3076 1378 ubi
3123 1338 3318 1376 versus
3373 1323 3437 1376 18
3475 1325 3532 1375 et
3575 1323 3639 1374 l9
3688 1318 3838 1390 psal-

2196 1423 2276 1478 mi
2323 1439 2466 1478 Lxxu
2506 1421 2734 1476 adducit
2769 1421 2832 1474 in
2874 1420 3030 1473 hunc
3069 1417 3304 1472 modum
3357 1434 3373 1470 ι
3435 1417 3833 1470 Verumtamem

463 1529 712 1587 conciliis
740 1520 1050 1598 Agathensi
1073 1524 1130 1576 et
1159 1515 1524 1582 Narbonensi,
1552 1515 1612 1569 in
1636 1512 1841 1585 quibus
1865 1510 1935 1566 de
1960 1507 2098 1580 vigi-
2190 1523 2414 1589 propter
2431 1517 2767 1571 ἀοιοείεαίεῃι
2787 1514 3022 1584 posuisti
3046 1513 3120 1566 eis
3146 1510 3318 1575 mala;
3342 1509 3582 1578 dejecisti
3601 1523 3686 1563 εοε
3701 1507 3833 1562 dum

464 1625 552 1681 liis
575 1618 868 1679 nocturnis
893 1616 1184 1688 signanter
1208 1606 1325 1667 non
1351 1609 1562 1681 agitur.

1221 1727 1352 1801 δη.

470 1833 786 1894 Psalmodiae
812 1832 961 1899 origo
991 1832 1041 1882 et
1062 1796 1454 1899 progressiiam
1480 1818 1810 1899 Gallicanis_
1826 1796 2095 1899 Ecclesiis,

539 1887 921 1976 iii—gdanensi,"
937 1887 1262 1976 Arelatensi,
1314 1891 1620 1951 Viennensi,
1660 1892 1712 1942 et
1747 1887 2095 1949 Massiliensi,

542 1967 644 2035 Ubi
665 1977 731 2031 de
755 1973 1018 2031 Psalterio
1039 1967 1339 2026 Gallicano.

537 2099 627 2152 20.
677 2094 738 2146 ln
778 2083 1164 2145 ecclesiasticis
1206 2079 1407 2136 ritibus
1449 2073 1856 2146 investigandis
1887 2071 2098 2145 passim

466 2187 898 2262 comprobatum
929 2178 1255 2252 experimur
1283 2173 1514 2228 effatum
1544 2167 1766 2224 concilii
1795 2184 1848 2222 v1
1891 2166 2102 2221 Toleta-

464 2287 548 2352 ni,
575 2284 637 2338 in
665 2293 876 2336 canone
905 2279 958 2346 6,
985 2286 1192 2343 nempe
1222 2267 1614 2338 longinquitate
1653 2277 1792 2333 saepe
1819 2263 1940 2331 ﬁeri
1966 2264 2098 2314 tem-

461 2381 612 2451 poris
635 2380 694 2430 ut
721 2389 827 2428 non
846 2373 1038 2442 pateat
1086 2366 1230 2420 ratio
1255 2361 1501 2431 originis.
1535 2357 1594 2412 ld
1624 2355 1792 2410 modo
1835 2352 2098 2426 probavi-

467 2447 596 2529 mus
620 2466 880 2538 exemplo
905 2475 1177 2518 cursuum
1196 2452 1712 2520 ecclesiasticorum,
1741 2463 1987 2521 quorum
2005 2447 2104 2502 ob—

469 2581 630 2623 scura
653 2557 963 2636 primordia
982 2556 1042 2610 in
1068 2551 1312 2608 Ecclesia
1338 2547 1616 2615 universa,
1639 2559 1744 2599 nec
1764 2540 1952 2614 magis
1969 2545 2103 2596 nota

470 2660 530 2717 in
555 2634 796 2730 singulis
837 2649 1110 2718 Ecclesiis,
1159 2645 1373 2701 nedum
1410 2641 1472 2696 in
1507 2638 1806 2707 Gallicana,
1841 2636 1993 2708 quod
2042 2634 2100 2689 in

469 2769 722 2828 praesens
745 2745 1082 2816 investigare
1112 2737 1504 2812 aggredimur.

540 2851 630 2904 2i.
676 2847 738 2900 ln
773 2839 974 2914 primis
1015 2833 1151 2892 Galli
1193 2829 1506 2904 antiquitus
1543 2824 1814 2900 peculiari
1852 2821 2104 2878 Psalterii

469 2942 727 2999 versione
755 2936 843 2990 usi
875 2937 1026 3001 sunt,
1055 2928 1266 2984 scilicet
1297 2942 1363 2980 ea
1387 2939 1516 2995 qua;
1544 2939 1577 2976 a
1604 2923 1798 2975 sancto
1827 2918 2101 2988 Hierony-

472 3053 568 3093 mo
595 3029 894 3089 emendata
919 3021 1111 3098 396
1133 3024 1236 3076 est.
1258 3016 1585 3074 Audiendus
1611 3015 1715 3068 hac
1742 3012 1811 3067 de
1841 3027 1902 3066 re
1927 3009 2107 3064 Wala-

2196 1611 2582 1667 alle'varentur.
2614 1607 2880 1676 Quomodo
2904 1607 3046 1674 facti
3069 1609 3196 1660 sunt
3219 1606 3278 1658 in
3306 1603 3709 1665 desolationem,
3737 1616 3833 1656 su-

2203 1706 2312 1760 bito
2361 1704 2697 1772 defecerunt;
2724 1704 3006 1772 perierunt
3047 1702 3272 1770 propter
3315 1698 3631 1767 iniquitates
3679 1709 3837 1751 suas.

2117 1775 2175 1848 B
2197 1799 2351 1854 Alter
2377 1797 2532 1851 locus
2561 1800 2646 1851 est
2687 1795 2748 1849 in
2778 1793 3033 1865 ejusdem
3073 1790 3332 1847 Historia:
3368 1790 3466 1844 lib.
3513 1805 3590 1858 v1,
3621 1805 3749 1860 cap.
3779 1791 3834 1854 5,

2198 1891 2294 1946 ubi
2336 1889 2760 1946 hemistichium
2798 1903 2993 1942 versus
3037 1885 3174 1941 noni
3227 1901 3298 1941 ex
3349 1883 3539 1956 palmo
3589 1897 3694 1938 xcv
3759 1883 3840 1936 ita

2197 1985 2370 2040 habet
2398 2001 2412 2036 :
2443 1985 2699 2040 Dominus
2723 1983 2974 2053 regnavit
2997 1997 3032 2035 a
3061 1981 3226 2050 ligno.
3246 1979 3381 2045 Qua:
3395 1977 3506 2032 duo
3533 1977 3648 2031 loca
3671 1975 3840 2030 aliter

2197 2078 2470 2150 leguntur
2494 2078 2556 2132 in
2581 2076 2837 2132 versione
2863 2075 3102 2146 Vulgata
3143 2089 3242 2128 seu
3267 2071 3547 2126 Gallicana
3577 2085 3590 2122 :
3619 2069 3836 2141 magis-

2199 2190 2311 2246 que
2335 2171 2677 2228 conveniunt
2703 2183 2832 2224 cum
2861 2169 3116 2224 versione
3143 2169 3413 2235 Romana,
3441 2165 3500 2219 in
3529 2181 3640 2236 qua
3683 2179 3837 2234 prae-

2199 2268 2437 2324 missum
2477 2263 2902 2320 hemistichium
2947 2262 3182 2318 totidem
3218 2260 3404 2316 verbis
3422 2259 3572 2330 jacet
3600 2274 3614 2312 :
3643 2273 3844 2312 versus

2199 2366 2389 2417 autem
2422 2363 2484 2414 18
2505 2358 2708 2432 psalmi
2735 2375 2880 2414 Lxxn
2909 2357 3018 2412 hoc
3042 2355 3213 2411 modo
3239 2372 3252 2410 :
3291 2357 3668 2412 Verumtamen
3703 2366 3843 2422 pro-

2194 2460 2320 2528 pter
2354 2455 2503 2510 dolos
2549 2453 2865 2524 disposuisti
2905 2454 2978 2506 eis
3029 2451 3197 2506 mala.
3257 2448 3464 2504 Eadem
3509 2447 3628 2502 fere
3669 2444 3843 2500 lectio

2199 2547 2501 2620 utrobique
2543 2545 2604 2601 in
2645 2548 2916 2617 argenteo
2956 2543 3156 2599 Codice
3195 2546 3392 2596 nostro
3437 2541 3497 2595 in
3535 2537 3844 2611 purpureis

2202 2641 2548 2698 membranis
2577 2643 2826 2706 exarato,
2856 2638 2915 2693 id
2941 2641 3026 2693 est
3050 2636 3111 2690 in
3131 2634 3226 2690 illo
3247 2634 3514 2690 Psalterio
3540 2633 3694 2705 quod
3721 2648 3845 2686 san-

2204 2736 2277 2792 cti
2325 2733 2586 2791 Germani
2639 2732 2980 2788 Parisiorum
3034 2727 3281 2802 episcOpi
3332 2727 3502 2782 fuisse
3565 2725 3842 2781 creditur.

2204 2829 2411 2886 Prioris
2429 2829 2586 2885 enim
2614 2827 2721 2882 loci
2759 2827 2881 2882 hinc
2927 2823 3092 2880 lectio
3120 2828 3204 2878 est
3239 2822 3299 2876 in
3333 2821 3430 2876 illo
3465 2819 3664 2876 Codice
3697 2837 3712 2874 :
3747 2821 3849 2876 Ve-

2205 2929 2508 2980 rumtamen
2527 2926 2751 2992 propter
2779 2920 3116 2975 dolositatem
3135 2917 3368 2988 posuisti
3392 2917 3504 2970 illis
3541 2915 3712 2970 mala.
3743 2915 3852 2967 Va.

2207 3018 2374 3074 rietas
2423 3018 2483 3072 in
2533 3015 2622 3071 his
2659 3014 2864 3081 verbis,
2907 3015 3184 3084 perierunt
3236 3013 3462 3082 propter
3514 3009 3852 3078 injustitiam

471 3129 656 3186 fridus
691 3121 888 3180 Strabo
905 3119 973 3174 de
986 3116 1176 3172 Rebus
1195 3108 1600 3178 ecclesiasticis,
1620 3123 1743 3178 cap.
1758 3109 1826 3161 23
1861 3123 1874 3160 :
1909 3123 1936 3156 α
1953 3103 2101 3158 Psal—

2205 3127 2377 3168 suam.
2406 3108 2736 3166 Posterioris
2779 3112 2970 3162 autem
3011 3105 3118 3162 loci
3147 3104 3345 3160 eadem
3390 3118 3627 3176 prorsus
3671 3101 3849 3156 lectio

2271 3211 2281 3222 ι
2319 3204 2330 3216 ο
2422 3221 2455 3222 ,,
2488 3203 2585 3222 19,-
2624 3201 2986 3222 nun..-___--__:
3059 3199 3265 3222 13-1-...
3295 3196 3551 3222 ..-_..:......
3582 3211 3720 3222 ..-ιυ-
3768 3201 3848 3222 ιιι-ι

473 3239 600 3280 mos
627 3222 817 3274 autem
843 3227 974 3269 cum
1003 3206 1316 3265 secundum
1344 3203 1468 3258 LXX
1505 3203 1844 3272 ῘηίθῐῬνθῖθε
1865 3196 2109 3252 Romani
2129 3196 2181 3222 υ
2207 3211 2290 3262 est
2317 3204 2376 3260 in
2405 3203 2594 3259 codice
2623 3201 3010 3258 Germanensi.
3059 3199 3272 3254 Eadem
3295 3196 3552 3253 versione
3582 3211 3723 3250 usus
3766 3201 3850 3250 est

474 3317 659 3373 adhuc
673 3310 938 3378 habeant,
959 3303 1102 3360 Galli
1116 3301 1590 3356 etGermanorum
1609 3293 1783 3366 aliqui
1796 3291 2106 3346 secundum

475 3405 936 3468 emendationem
961 3412 1134 3470 quam
1170 3392 1546 3463 Hieronymus
1569 3389 1731 3443 Pater
1747 3385 1816 3442 de
1837 3386 1963 3440 LXX
1986 3383 2105 3439 edi-

471 3507 628 3563 tione
655 3495 990 3570 composuit,
1020 3487 1359 3546 Psalterium
1384 3487 1618 3540 cantant
1647 3497 1856 3552 :quam
1890 3480 2104 3550 Grego-

472 3601 591 3658 rius
629 3589 968 3652 Turonensis
994 3585 1289 3658 episcopus
1323 3596 1352 3634 a
1395 3576 1652 3650 partibus
1684 3573 1952 3630 Romanis
1986 3589 2108 3626 mu-

472 3697 693 3750 tuatam
729 3688 788 3742 in
814 3683 1116 3740 Galliarum
1147 3675 1352 3732 dicitur
1376 3671 1650 3726 Ecclesias
1675 3665 2046 3724 transtulisse.
2077 3686 2103 3718 »

477 3787 558 3844 De
595 3800 655 3840 re
699 3782 823 3853 ipsa
864 3775 1066 3831 eadem
1107 3775 1192 3826 est
1236 3765 1507 3823 Bernonis
1555 3762 1852 3835 Augiensis
1890 3759 2107 3816 abbatis

477 3874 792 3942 sententia;
821 3873 891 3926 de
929 3873 1183 3938 tempore
1219 3876 1352 3916 vero
1379 3875 1494 3931 quo
1525 3858 1647 3912 haec
1681 3855 1862 3910 versio
1888 3871 1920 3909 a
1943 3853 2108 3910 Gallis

476 3974 704 4043 recepta
733 3969 836 4034 est,
863 3962 958 4018 hic
987 3975 1118 4014 cum
1161 3953 1464 4010 Walafrido
1492 3968 1608 4006 non
1637 3950 1938 4004 consentit.
1981 3949 2109 4004 Ber-

475 4041 646 4126 nonis
671 4061 840 4118 verba
883 4073 949 4112 eo
982 4049 1270 4108 lubentius
1308 4047 1512 4116 refero,
1541 4043 1693 4117 quod
1732 4047 1958 4114 accepta
1995 4041 2108 4096 sint

477 4179 548 4220 ex
584 4161 705 4232 ejus
739 4151 976 4228 epistola
1009 4145 1222 4202 inedita
1256 4142 1328 4197 ad
1361 4137 1762 4211 Meginfridum
1803 4141 1859 4191 et
1895 4136 2107 4190 Benno—

474 4229 631 4326 nem,
652 4251 752 4308 ubi
771 4250 839 4305 de
863 4245 1203 4314 Hieronymo
1221 4251 1394 4309 agens
1416 4249 1430 4288 :
1454 4255 1482 4283 ι(
1501 4233 1650 4287 Inter
1664 4233 1882 4300 caetera,
1899 4229 2104 4300 inquit,

477 4371 547 4410 ex
591 4323 888 4406 emendata
926 4338 1050 4394 LXX
1083 4335 1460 4404 Interpretum
1503 4324 1865 4382 translatione
1907 4323 2110 4377 Psalte-

474 4448 629 4506 rium
645 4459 712 4499 ex
726 4442 916 4495 Graeco
931 4433 994 4488 in
1013 4428 1276 4486 Latinum
1287 4422 1474 4490 vertit,
1491 4419 1744 4490 illudque
1759 4416 2107 4472 cantandum

2207 3299 2561 3369 Fortunatus,
2589 3301 2731 3353 teste
2759 3296 2882 3368 ejus
2909 3295 3125 3368 hymno
3171 3293 3239 3348 de
3266 3293 3464 3349 Cruce.
3496 3291 3574 3345 Ex
3605 3305 3724 3361 quo
3755 3289 3847 3343 in-

2209 3392 2524 3465 telligimus
2550 3408 2615 3446 eo
2644 3395 2902 3462 tempore
2929 3404 3042 3460 quo
3061 3385 3366 3458 Gregorius
3379 3383 3725 3440 Turonensis
3751 3398 3852 3436 an-

2206 3487 2364 3543 tistes
2393 3485 2692 3541 Historiam
2718 3500 2880 3538 suam
2910 3481 3212 3550 scribebat,
3251 3476 3586 3534 Psalterium
3613 3476 3683 3531 ab
3715 3476 3844 3531 Hie-

2207 3597 2444 3653 ronymo
2470 3579 2857 3648 emendatum,
2885 3575 3038 3648 quod
3065 3573 3416 3629 Gallicanum
3435 3576 3688 3638 vocatur,
3707 3586 3848 3624 non-

2207 3675 2343 3731 dum
2373 3679 2662 3746 receptum
2690 3672 2751 3726 in
2773 3670 2949 3726 Gallia
2976 3669 3172 3724 fuisse.
3203 3667 3382 3724 Medio
3414 3665 3602 3737 itaque
3631 3665 3841 3735 Grego-

2205 3768 2358 3823 rium
2384 3767 2531 3822 inter
2566 3770 2622 3822 et
2649 3763 3017 3818 Walafridum
3058 3760 3354 3816 intervallo
3389 3759 3700 3814 admissum
3737 3762 3842 3826 est,

2205 3861 2436 3918 fortasse
2459 3877 2629 3932 opera
2654 3857 2832 3914 sancti
2862 3855 3128 3912 Bonifacii
3175 3852 3488 3926 Moguntini
3535 3848 3844 3924 pontificis,

2205 3955 2300 4028 qui
2324 3955 2460 4010 illud
2474 3952 2769 4008 Gallicanis
2783 3949 3238 4020 Germanicisque
3250 3946 3511 4002 Ecclesiis
3522 3944 3847 4013 tradiderit,

2278 4045 2471 4122 398
2495 4051 2584 4102 23.
2616 4047 2912 4102 Alternum
2941 4042 3000 4098 in
3029 4041 3302 4098 Bernonis
3323 4039 3507 4096 verbis
3537 4039 3848 4094 observan-

2205 4143 2343 4199 dum
2369 4141 2510 4196 illud
2535 4145 2638 4211 est,
2666 4155 2874 4211 nempe
2897 4139 3184 4194 Romanos
3212 4136 3335 4208 ejus
3358 4140 3634 4206 tempore,
3663 4132 3726 4187 id
3757 4139 3852 4212 est

2206 4236 2394 4294 medio
2419 4236 2620 4290 saeculo
2645 4251 2699 4288 x1
2725 4250 2842 4289 sua:
2861 4231 3104 4288 versioni
3129 4229 3430 4286 adhaesisse
3457 4245 3470 4282 :
3503 4241 3615 4300 qua
3636 4241 3709 4280 ex
3726 4239 3853 4280 ver-

2206 4332 2360 4388 sione
2384 4330 2710 4402 antiphonae
2735 4343 2863 4399 quae
2899 4326 2958 4381 in
2994 4329 3161 4380 cantu
3206 4325 3458 4380 Romano
3500 4320 3853 4376 adhibentur

2207 4430 2486 4498 excerptas
2514 4423 2647 4478 sint.
2674 4419 2842 4492 Atqui
2867 4421 2972 4475 hoc
2999 4421 3318 4475 Romanum
3344 4415 3675 4471 Psalterium
3715 4413 3853 4468 usui

477 4539 742 4598 omnibus
779 4529 968 4588 Galliae
1010 4542 1074 4580 ac
1117 4518 1460 4594 quibusdam
1493 4512 1808 4570 Germania:
1849 4510 2101 4566 Ecclesiis

2206 4521 2313 4576 fuit
2349 4519 2406 4574 in
2441 4517 2602 4574 Urbis
2640 4513 2886 4572 ecclesiis
2927 4514 2995 4569 ad
3035 4512 3426 4585 pontiﬁcatum
3471 4509 3552 4564 Pii
3589 4509 3652 4578 V,
3681 4507 3853 4578 cujus

474 4631 730 4694 tradidit,
762 4624 923 4684 Etob
953 4622 1059 4675 hoc
1095 4615 1445 4672 Gallicanum
1483 4605 1818 4664 Psalterium
1852 4604 2100 4676 αΡΡθῙῙᾶ·
2195 4615 2360 4687 jussu
2388 4611 2596 4683 ubique
2622 4613 2848 4682 recepta
2871 4612 2956 4664 est
2978 4607 3217 4679 Vulgata
3235 4621 3329 4660 seu
3362 4601 3642 4659 Gallicana
3669 4601 3854 4656 editio

356 4697 364 4705 θ
475 4729 576 4799 vit,
604 4717 876 4782 Romanis
891 4715 1074 4770 adhuc
1091 4726 1162 4765 ex
1181 4705 1682 4778 corruptayulgata
1704 4699 1947 4756 editione
1963 4698 2106 4753 Psal-

475 4796 687 4882 terium
715 4808 1061 4874 canentibus,
1093 4819 1164 4858 ex
1191 4817 1304 4874 qua
1337 4796 1579 4854 Romani
1622 4799 1851 4850 cantum
1877 4809 2103 4864 compo-

477 4917 734 4980 suerunt,
784 4903 1058 4974 nobisque
1083 4911 1254 4952 usum
1307 4889 1568 4946 cantandi
1621 4887 2102 4943 contradiderunt.

477 5011 635 5068 Unde
661 5001 863 5062 accidit
886 4994 1040 5070 quod
1079 4988 1248 5047 verba
1274 5002 1402 5058 quas
1445 4984 1505 5037 in
1531 4981 1746 5036 diurnis
1773 4981 1858 5036 vel
1887 4981 1946 5036 in
1969 4997 2104 5036 noc-

479 5103 664 5160 turnis
690 5095 886 5154 ofﬁciis
927 5084 1167 5146 canendi
1203 5095 1361 5138 more
1395 5076 1783 5145 modulantur,
1820 5075 2104 5131 intermis-

481 5199 736 5258 ceantur,
762 5195 819 5245 et
843 5184 1073 5242 confuse
1105 5175 1315 5235 nostris
1339 5171 1569 5246 psalmis
1617 5169 1958 5237 inserantur,
1984 5171 2050 5224 ut
2076 5183 2108 5220 a

479 5286 674 5349 minus
699 5282 891 5358 peritis
916 5277 1068 5334 haud
1097 5272 1258 5330 facile
1291 5267 1466 5342 possit
1499 5263 1762 5333 discerni,
1803 5262 1941 5334 quid
1985 5279 2108 5316 nos-

479 5392 606 5454 trae,
639 5355 726 5435 vel
751 5379 1017 5432 Romana:
1044 5365 1338 5424 conveniat
1355 5359 1608 5419 editioni.
1625 5357 1782 5422 Quod
1801 5355 1930 5428 pius
1951 5357 2110 5410 Pater

478 5497 544 5536 ac
587 5449 804 5550 peritus
847 5464 1117 5536 magister
1153 5461 1400 5527 intuens,
1437 5460 1553 5510 tres
1593 5451 1870 5509 editiones
1893 5449 1954 5504 in
1997 5464 2110 5503 uno

478 5542 769 5632 volumine
783 5557 1198 5633 composuit;et
1219 5552 1566 5608 Gallicanum
1585 5545 1939 5611 Psalterium,
1959 5542 2110 5614 quod

476 5687 582 5728 nos
602 5663 877 5726 canimus,
907 5648 1188 5711 ordinavit
1206 5647 1264 5701 in
1290 5662 1407 5700 una
1425 5644 1705 5711 columna,
1732 5641 1792 5695 in
1811 5639 1989 5695 altera
2007 5637 2112 5693 Ro-

477 5776 737 5829 manum,
781 5757 842 5814 in
879 5748 1046 5809 tertia
1081 5743 1399 5802 Hebraeum.
1447 5759 1474 5787 »
1514 5737 1792 5792 Hactenus
1836 5735 2017 5790 Berno
2052 5731 2113 5787 in

481 5856 850 5932 epistolams.
882 5845 1088 5924 quibus
1113 5841 1171 5898 in
1201 5833 1388 5891 verbis
1415 5831 1528 5887 duo
1555 5828 1806 5885 notanda
1830 5830 1984 5885 sunt.

2202 4711 2584 4780 praeterquam
2609 4705 2668 4759 in
2699 4719 2808 4758 una
2825 4703 3024 4758 Romae
3035 4699 3299 4756 Vaticana
3320 4697 3567 4766 ecclesia,
3597 4700 3655 4751 et
3683 4701 3856 4750 extra

2205 4802 2412 4858 Urbem
2455 4800 2513 4854 in
2561 4796 2955 4855 Mediolanensi
3011 4815 3026 4851 :
3077 4811 3205 4866 quae
3252 4797 3495 4865 utraque
3542 4789 3854 4862 antiquum

2207 4911 2376 4951 suum
2401 4891 2730 4949 Psalterium
2771 4889 3036 4959 retinent,
3069 4887 3148 4944 uti
3189 4886 3361 4943 etiam
3391 4883 3624 4942 ecclesia
3665 4883 3858 4938 sancti

2205 4986 2372 5047 Marci
2398 4987 2548 5060 apud
2575 4985 2852 5041 Venetias.
2883 4981 3141 5055 Denique
3162 4981 3254 5037 ille
3278 4979 3720 5052 antiphonarum
3742 4978 3864 5032 Ito-

2206 5097 2506 5140 manarum
2553 5095 2684 5135 usus
2726 5096 2795 5134 ex
2835 5077 3089 5134 Romana
3136 5074 3378 5131 Ecclesia
3413 5073 3471 5129 in
3507 5071 3865 5128 Gallicanam

2207 5179 2462 5234 invectus
2487 5179 2573 5230 est
2595 5173 2920 5246 Pippinum,
2952 5173 3044 5227 cui
3073 5169 3280 5226 Paulus
3306 5185 3452 5242 papa
3471 5165 3868 5238 Antiphonale

2208 5276 2266 5328 et
2293 5269 2634 5342 Responsale
2661 5284 2731 5322 ex
2755 5267 2902 5322 Urbe
2933 5265 3161 5322 direxit.

2279 5365 2370 5420 24.
2396 5361 2491 5418 His
2531 5362 2600 5418 de
2623 5360 2890 5417 Psalterio
2917 5359 3200 5416 Gallicano
3225 5355 3548 5431 praemissis,
3571 5355 3694 5426 jam
3733 5351 3874 5409 dis-

2209 5455 2549 5532 quirendum
2581 5459 2665 5510 est
2689 5471 2804 5528 quo
2829 5454 3026 5510 ordine
3053 5453 3330 5526 quibusve
3368 5449 3556 5505 modis
3589 5447 3874 5520 publica-

2209 5569 2342 5608 rum
2381 5551 2442 5607 in
2487 5549 2784 5607 Gallicanis
2812 5548 3052 5604 Ecclesis
3100 5562 3340 5620 precum
3373 5541 3657 5600 institutio
3705 5542 3882 5599 facta

2211 5645 2301 5714 sit,
2331 5661 2510 5718 quave
2531 5643 2750 5716 ratione
2773 5641 3130 5716 processerit.
3161 5640 3218 5698 Si
3245 5640 3317 5696 ab
3347 5637 3580 5696 exordio
3605 5641 3876 5709 receth

2209 5738 2501 5812 religionis
2529 5738 2621 5795 hic
2646 5737 2788 5794 ritus
2813 5736 3091 5794 admissus
3119 5739 3287 5804 esset,
3323 5730 3726 5806 Lugdunensis
3749 5731 3876 5786 Ec-

2213 5833 2379 5891 clesia
2401 5832 2614 5909 primas
2638 5829 2744 5890 sibi
2772 5832 2878 5889 hac
2902 5831 2963 5888 in
2989 5846 3072 5900 re,
3107 5834 3170 5888 ut
3195 5829 3256 5886 in
3279 5827 3402 5903 ipsa
3422 5825 3724 5904 religione,
3740 5825 3880 5886 vin-
