  <div class='ocr_page' id='page_1' title='image "/cluster/home/n/w/nwhite01/storage/ocr_20150623/72/hvd.32044054758768/202.png"; bbox 0 0 4036 6188; ppageno 0'>
   <div class='ocr_carea' id='block_1_1' title="bbox 206 303 295 356">
    <p class='ocr_par' dir='ltr' id='par_1_1' title="bbox 206 303 295 356">
     <span class='ocr_line' id='line_1_1' title="bbox 206 303 295 356; baseline -0.011 0"><span class='ocrx_word' id='word_1_1' title='bbox 206 303 295 356; x_wconf 85' lang='grc'>393</span> 
     </span>
    </p>
   </div>
   <div class='ocr_carea' id='block_1_2' title="bbox 1247 287 2439 356">
    <p class='ocr_par' dir='ltr' id='par_1_2' title="bbox 1247 287 2439 356">
     <span class='ocr_line' id='line_1_2' title="bbox 1247 287 2439 356; baseline -0.005 -9"><span class='ocrx_word' id='word_1_2' title='bbox 1247 287 1331 348; x_wconf 84' lang='lat' dir='ltr'>DE</span> <span class='ocrx_word' id='word_1_3' title='bbox 1369 288 1587 348; x_wconf 81' lang='lat' dir='ltr'>CURSU</span> <span class='ocrx_word' id='word_1_4' title='bbox 1623 290 1994 347; x_wconf 80' lang='lat' dir='ltr'>GALLICANO</span> <span class='ocrx_word' id='word_1_5' title='bbox 2031 287 2439 356; x_wconf 85' lang='lat' dir='ltr'>DISQUISITIO.</span> 
     </span>
    </p>
   </div>
   <div class='ocr_carea' id='block_1_3' title="bbox 3440 285 3542 337">
    <p class='ocr_par' dir='ltr' id='par_1_3' title="bbox 3440 285 3542 337">
     <span class='ocr_line' id='line_1_3' title="bbox 3440 285 3542 337; baseline -0.01 0"><span class='ocrx_word' id='word_1_6' title='bbox 3440 285 3542 337; x_wconf 74' lang='grc'>394-</span> 
     </span>
    </p>
   </div>
   <div class='ocr_carea' id='block_1_4' title="bbox 203 387 3540 483">
    <p class='ocr_par' dir='ltr' id='par_1_4' title="bbox 203 387 3540 483">
     <span class='ocr_line' id='line_1_4' title="bbox 203 387 3540 483; baseline -0.005 -23"><span class='ocrx_word' id='word_1_7' title='bbox 203 406 418 459; x_wconf 89' lang='lat' dir='ltr'>dicaret.</span> <span class='ocrx_word' id='word_1_8' title='bbox 439 401 544 459; x_wconf 85' lang='lat' dir='ltr'>Sed</span> <span class='ocrx_word' id='word_1_9' title='bbox 562 401 668 456; x_wconf 91' lang='lat' dir='ltr'>etsi</span> <span class='ocrx_word' id='word_1_10' title='bbox 682 400 741 454; x_wconf 92' lang='lat' dir='ltr'>in</span> <span class='ocrx_word' id='word_1_11' title='bbox 753 395 996 471; x_wconf 88' lang='lat' dir='ltr'>publicis</span> <span class='ocrx_word' id='word_1_12' title='bbox 1017 399 1272 453; x_wconf 85' lang='lat' dir='ltr'>ﬁdelium</span> <span class='ocrx_word' id='word_1_13' title='bbox 1294 399 1666 454; x_wconf 81' lang='lat' dir='ltr'>conventibus</span> <span class='ocrx_word' id='word_1_14' title='bbox 1679 399 1804 470; x_wconf 89' lang='lat' dir='ltr'>jam</span> <span class='ocrx_word' id='word_1_15' title='bbox 1827 410 1888 483; x_wconf 71' lang='grc' dir='ltr'><strong>Α</strong></span> <span class='ocrx_word' id='word_1_16' title='bbox 1907 398 1967 449; x_wconf 92' lang='lat' dir='ltr'>In</span> <span class='ocrx_word' id='word_1_17' title='bbox 1988 395 2174 466; x_wconf 90' lang='lat' dir='ltr'>primo</span> <span class='ocrx_word' id='word_1_18' title='bbox 2195 411 2262 449; x_wconf 89' lang='lat' dir='ltr'>ex</span> <span class='ocrx_word' id='word_1_19' title='bbox 2285 394 2372 448; x_wconf 88' lang='lat' dir='ltr'>his</span> <span class='ocrx_word' id='word_1_20' title='bbox 2394 391 2575 447; x_wconf 87' lang='lat' dir='ltr'>tribus</span> <span class='ocrx_word' id='word_1_21' title='bbox 2590 387 2748 446; x_wconf 81' lang='lat' dir='ltr'>libris</span> <span class='ocrx_word' id='word_1_22' title='bbox 2767 387 2970 445; x_wconf 84' lang='lat' dir='ltr'>asserit</span> <span class='ocrx_word' id='word_1_23' title='bbox 2984 390 3350 461; x_wconf 89' lang='lat' dir='ltr'>vindicatque</span> <span class='ocrx_word' id='word_1_24' title='bbox 3375 408 3540 444; x_wconf 89' lang='lat' dir='ltr'>usum</span> 
     </span>
    </p>
   </div>
   <div class='ocr_carea' id='block_1_5' title="bbox 198 483 3544 564">
    <p class='ocr_par' dir='ltr' id='par_1_5' title="bbox 198 483 3544 564">
     <span class='ocr_line' id='line_1_5' title="bbox 198 483 3544 564; baseline -0.005 -11"><span class='ocrx_word' id='word_1_25' title='bbox 198 497 317 553; x_wconf 90' lang='lat' dir='ltr'>inde</span> <span class='ocrx_word' id='word_1_26' title='bbox 345 497 414 551; x_wconf 87' lang='lat' dir='ltr'>ab</span> <span class='ocrx_word' id='word_1_27' title='bbox 447 495 706 550; x_wconf 69' lang='lat' dir='ltr'>Ecclesiae</span> <span class='ocrx_word' id='word_1_28' title='bbox 735 492 1026 548; x_wconf 90' lang='lat' dir='ltr'>nascentis</span> <span class='ocrx_word' id='word_1_29' title='bbox 1055 493 1289 548; x_wconf 88' lang='lat' dir='ltr'>exordio</span> <span class='ocrx_word' id='word_1_30' title='bbox 1321 491 1528 564; x_wconf 83' lang='lat' dir='ltr'>psalmi</span> <span class='ocrx_word' id='word_1_31' title='bbox 1563 492 1802 563; x_wconf 79' lang='lat' dir='ltr'>aliaeque</span> <span class='ocrx_word' id='word_1_32' title='bbox 1906 489 2167 544; x_wconf 65' lang='lat' dir='ltr'>Ecclesiae</span> <span class='ocrx_word' id='word_1_33' title='bbox 2210 485 2628 558; x_wconf 82' lang='lat' dir='ltr'>Lugdunensis,</span> <span class='ocrx_word' id='word_1_34' title='bbox 2669 501 2798 556; x_wconf 60' lang='lat' dir='ltr'>quas</span> <span class='ocrx_word' id='word_1_35' title='bbox 2842 485 2998 538; x_wconf 91' lang='lat' dir='ltr'>nulla</span> <span class='ocrx_word' id='word_1_36' title='bbox 3027 484 3280 551; x_wconf 90' lang='lat' dir='ltr'>cantica,</span> <span class='ocrx_word' id='word_1_37' title='bbox 3323 483 3431 538; x_wconf 87' lang='lat' dir='ltr'>nisi</span> <span class='ocrx_word' id='word_1_38' title='bbox 3476 500 3544 537; x_wconf 86' lang='lat' dir='ltr'>ex</span> 
     </span>
    </p>
   </div>
   <div class='ocr_carea' id='block_1_6' title="bbox 199 585 1799 662">
    <p class='ocr_par' dir='ltr' id='par_1_6' title="bbox 199 585 1799 662">
     <span class='ocr_line' id='line_1_6' title="bbox 199 585 1799 662; baseline -0.004 -18"><span class='ocrx_word' id='word_1_39' title='bbox 199 605 378 662; x_wconf 87' lang='lat' dir='ltr'>preces</span> <span class='ocrx_word' id='word_1_40' title='bbox 404 589 657 644; x_wconf 79' lang='lat' dir='ltr'>recitatae</span> <span class='ocrx_word' id='word_1_41' title='bbox 698 587 830 654; x_wconf 89' lang='lat' dir='ltr'>sint,</span> <span class='ocrx_word' id='word_1_42' title='bbox 865 590 1063 640; x_wconf 87' lang='lat' dir='ltr'>tamen</span> <span class='ocrx_word' id='word_1_43' title='bbox 1087 587 1258 657; x_wconf 90' lang='lat' dir='ltr'>longe</span> <span class='ocrx_word' id='word_1_44' title='bbox 1282 585 1393 640; x_wconf 91' lang='lat' dir='ltr'>alia</span> <span class='ocrx_word' id='word_1_45' title='bbox 1414 589 1538 639; x_wconf 88' lang='lat' dir='ltr'>erat</span> <span class='ocrx_word' id='word_1_46' title='bbox 1558 602 1625 639; x_wconf 91' lang='lat' dir='ltr'>eo</span> <span class='ocrx_word' id='word_1_47' title='bbox 1655 588 1799 638; x_wconf 88' lang='lat' dir='ltr'>tem-</span> 
     </span>
    </p>
   </div>
   <div class='ocr_carea' id='block_1_7' title="bbox 197 677 1804 755">
    <p class='ocr_par' dir='ltr' id='par_1_7' title="bbox 197 677 1804 755">
     <span class='ocr_line' id='line_1_7' title="bbox 197 677 1804 755; baseline -0.004 -18"><span class='ocrx_word' id='word_1_48' title='bbox 197 699 319 755; x_wconf 87' lang='lat' dir='ltr'>pore</span> <span class='ocrx_word' id='word_1_49' title='bbox 337 698 507 753; x_wconf 87' lang='lat' dir='ltr'>quam</span> <span class='ocrx_word' id='word_1_50' title='bbox 537 679 908 752; x_wconf 89' lang='lat' dir='ltr'>subsequenti</span> <span class='ocrx_word' id='word_1_51' title='bbox 930 678 1246 750; x_wconf 84' lang='lat' dir='ltr'>disciplina.</span> <span class='ocrx_word' id='word_1_52' title='bbox 1270 679 1466 748; x_wconf 86' lang='lat' dir='ltr'>Neque</span> <span class='ocrx_word' id='word_1_53' title='bbox 1491 677 1648 732; x_wconf 91' lang='lat' dir='ltr'>enim</span> <span class='ocrx_word' id='word_1_54' title='bbox 1674 694 1804 732; x_wconf 88' lang='lat' dir='ltr'>can-</span> 
     </span>
    </p>
   </div>
   <div class='ocr_carea' id='block_1_8' title="bbox 199 771 1805 843">
    <p class='ocr_par' dir='ltr' id='par_1_8' title="bbox 199 771 1805 843">
     <span class='ocr_line' id='line_1_8' title="bbox 199 771 1805 843; baseline -0.002 -14"><span class='ocrx_word' id='word_1_55' title='bbox 199 781 273 830; x_wconf 86' lang='lat' dir='ltr'>tus</span> <span class='ocrx_word' id='word_1_56' title='bbox 287 776 344 829; x_wconf 92' lang='lat' dir='ltr'>in</span> <span class='ocrx_word' id='word_1_57' title='bbox 363 793 465 829; x_wconf 90' lang='lat' dir='ltr'>usu</span> <span class='ocrx_word' id='word_1_58' title='bbox 481 777 614 828; x_wconf 91' lang='lat' dir='ltr'>tunc</span> <span class='ocrx_word' id='word_1_59' title='bbox 635 777 776 840; x_wconf 88' lang='lat' dir='ltr'>erat,</span> <span class='ocrx_word' id='word_1_60' title='bbox 797 789 902 827; x_wconf 92' lang='lat' dir='ltr'>nec</span> <span class='ocrx_word' id='word_1_61' title='bbox 922 776 1079 827; x_wconf 89' lang='lat' dir='ltr'>certa</span> <span class='ocrx_word' id='word_1_62' title='bbox 1105 773 1458 843; x_wconf 84' lang='lat' dir='ltr'>psalmorum</span> <span class='ocrx_word' id='word_1_63' title='bbox 1479 775 1578 825; x_wconf 88' lang='lat' dir='ltr'>aut</span> <span class='ocrx_word' id='word_1_64' title='bbox 1613 771 1805 826; x_wconf 82' lang='lat' dir='ltr'>lectio-</span> 
     </span>
    </p>
   </div>
   <div class='ocr_carea' id='block_1_9' title="bbox 197 863 1803 938">
    <p class='ocr_par' dir='ltr' id='par_1_9' title="bbox 197 863 1803 938">
     <span class='ocr_line' id='line_1_9' title="bbox 197 863 1803 938; baseline -0.004 -15"><span class='ocrx_word' id='word_1_65' title='bbox 197 885 318 923; x_wconf 88' lang='lat' dir='ltr'>num</span> <span class='ocrx_word' id='word_1_66' title='bbox 357 868 668 938; x_wconf 78' lang='lat' dir='ltr'>dispositio.</span> <span class='ocrx_word' id='word_1_67' title='bbox 720 888 748 916; x_wconf 84' lang='lat'>«</span> <span class='ocrx_word' id='word_1_68' title='bbox 790 865 1084 920; x_wconf 91' lang='lat' dir='ltr'>Primitiva</span> <span class='ocrx_word' id='word_1_69' title='bbox 1132 864 1386 936; x_wconf 87' lang='lat' dir='ltr'>(quippe)</span> <span class='ocrx_word' id='word_1_70' title='bbox 1429 864 1680 918; x_wconf 90' lang='lat' dir='ltr'>Ecclesia</span> <span class='ocrx_word' id='word_1_71' title='bbox 1722 863 1803 918; x_wconf 87' lang='lat' dir='ltr'>ita</span> 
     </span>
    </p>
   </div>
   <div class='ocr_carea' id='block_1_10' title="bbox 195 957 1800 1032">
    <p class='ocr_par' dir='ltr' id='par_1_10' title="bbox 195 957 1800 1032">
     <span class='ocr_line' id='line_1_10' title="bbox 195 957 1800 1032; baseline -0.002 -18"><span class='ocrx_word' id='word_1_72' title='bbox 195 960 470 1032; x_wconf 87' lang='lat' dir='ltr'>psallebat,</span> <span class='ocrx_word' id='word_1_73' title='bbox 524 964 584 1013; x_wconf 93' lang='lat' dir='ltr'>ut</span> <span class='ocrx_word' id='word_1_74' title='bbox 622 958 850 1013; x_wconf 86' lang='lat' dir='ltr'>modico</span> <span class='ocrx_word' id='word_1_75' title='bbox 891 958 1039 1012; x_wconf 79' lang='lat' dir='ltr'>ﬂexu</span> <span class='ocrx_word' id='word_1_76' title='bbox 1083 957 1236 1012; x_wconf 86' lang='lat' dir='ltr'>vocis</span> <span class='ocrx_word' id='word_1_77' title='bbox 1274 958 1491 1012; x_wconf 87' lang='lat' dir='ltr'>faceret</span> <span class='ocrx_word' id='word_1_78' title='bbox 1529 972 1800 1010; x_wconf 83' lang='lat' dir='ltr'>resonare</span> 
     </span>
    </p>
   </div>
   <div class='ocr_carea' id='block_1_11' title="bbox 193 1049 1800 1125">
    <p class='ocr_par' dir='ltr' id='par_1_11' title="bbox 193 1049 1800 1125">
     <span class='ocr_line' id='line_1_11' title="bbox 193 1049 1800 1125; baseline -0.001 -19"><span class='ocrx_word' id='word_1_79' title='bbox 193 1055 530 1125; x_wconf 84' lang='lat' dir='ltr'>psallentem,</span> <span class='ocrx_word' id='word_1_80' title='bbox 562 1052 644 1107; x_wconf 89' lang='lat' dir='ltr'>ita</span> <span class='ocrx_word' id='word_1_81' title='bbox 665 1055 726 1105; x_wconf 92' lang='lat' dir='ltr'>ut</span> <span class='ocrx_word' id='word_1_82' title='bbox 754 1051 1156 1122; x_wconf 88' lang='lat' dir='ltr'>pronuntianti</span> <span class='ocrx_word' id='word_1_83' title='bbox 1185 1049 1428 1104; x_wconf 82' lang='lat' dir='ltr'>vicinior</span> <span class='ocrx_word' id='word_1_84' title='bbox 1449 1053 1599 1104; x_wconf 89' lang='lat' dir='ltr'>esset</span> <span class='ocrx_word' id='word_1_85' title='bbox 1624 1066 1800 1120; x_wconf 88' lang='lat' dir='ltr'>quam</span> 
     </span>
    </p>
   </div>
   <div class='ocr_carea' id='block_1_12' title="bbox 191 1141 1799 1212">
    <p class='ocr_par' dir='ltr' id='par_1_12' title="bbox 191 1141 1799 1212">
     <span class='ocr_line' id='line_1_12' title="bbox 191 1141 1799 1212; baseline -0.003 -12"><span class='ocrx_word' id='word_1_86' title='bbox 191 1146 420 1212; x_wconf 84' lang='lat' dir='ltr'>canenti,</span> <span class='ocrx_word' id='word_1_87' title='bbox 453 1166 482 1196; x_wconf 87' lang='lat'>»</span> <span class='ocrx_word' id='word_1_88' title='bbox 513 1145 594 1199; x_wconf 87' lang='lat' dir='ltr'>ait</span> <span class='ocrx_word' id='word_1_89' title='bbox 625 1145 892 1200; x_wconf 83' lang='lat' dir='ltr'>Rabanus</span> <span class='ocrx_word' id='word_1_90' title='bbox 918 1144 977 1198; x_wconf 89' lang='lat' dir='ltr'>in</span> <span class='ocrx_word' id='word_1_91' title='bbox 999 1143 1096 1197; x_wconf 88' lang='lat' dir='ltr'>lib.</span> <span class='ocrx_word' id='word_1_92' title='bbox 1133 1143 1202 1196; x_wconf 90' lang='lat' dir='ltr'>de</span> <span class='ocrx_word' id='word_1_93' title='bbox 1235 1142 1595 1197; x_wconf 91' lang='lat' dir='ltr'>Institutione</span> <span class='ocrx_word' id='word_1_94' title='bbox 1623 1141 1799 1197; x_wconf 85' lang='lat' dir='ltr'>Cleri-</span> 
     </span>
    </p>
   </div>
   <div class='ocr_carea' id='block_1_13' title="bbox 191 1237 1796 1309">
    <p class='ocr_par' dir='ltr' id='par_1_13' title="bbox 191 1237 1796 1309">
     <span class='ocr_line' id='line_1_13' title="bbox 191 1237 1796 1309; baseline -0.004 -15"><span class='ocrx_word' id='word_1_95' title='bbox 191 1255 370 1294; x_wconf 89' lang='lat' dir='ltr'>corum</span> <span class='ocrx_word' id='word_1_96' title='bbox 407 1254 534 1309; x_wconf 87' lang='lat' dir='ltr'>cap.</span> <span class='ocrx_word' id='word_1_97' title='bbox 577 1239 646 1292; x_wconf 77' lang='grc'>48</span> <span class='ocrx_word' id='word_1_98' title='bbox 685 1238 838 1308; x_wconf 87' lang='lat' dir='ltr'>(Vid.</span> <span class='ocrx_word' id='word_1_99' title='bbox 881 1238 1197 1307; x_wconf 85' lang='lat' dir='ltr'>Augustin.,</span> <span class='ocrx_word' id='word_1_100' title='bbox 1232 1252 1421 1305; x_wconf 83' lang='lat' dir='ltr'>supra,</span> <span class='ocrx_word' id='word_1_101' title='bbox 1452 1252 1588 1306; x_wconf 86' lang='lat' dir='ltr'>pag.</span> <span class='ocrx_word' id='word_1_102' title='bbox 1653 1237 1796 1306; x_wconf 71' lang='lat'>391).</span> 
     </span>
    </p>
   </div>
   <div class='ocr_carea' id='block_1_14' title="bbox 191 1329 1800 1402">
    <p class='ocr_par' dir='ltr' id='par_1_14' title="bbox 191 1329 1800 1402">
     <span class='ocr_line' id='line_1_14' title="bbox 191 1329 1800 1402; baseline -0.002 -17"><span class='ocrx_word' id='word_1_103' title='bbox 191 1332 330 1385; x_wconf 90' lang='lat' dir='ltr'>Idem</span> <span class='ocrx_word' id='word_1_104' title='bbox 355 1331 546 1384; x_wconf 85' lang='lat' dir='ltr'>subdit</span> <span class='ocrx_word' id='word_1_105' title='bbox 571 1330 726 1402; x_wconf 90' lang='lat' dir='ltr'>quod</span> <span class='ocrx_word' id='word_1_106' title='bbox 754 1347 820 1384; x_wconf 91' lang='lat' dir='ltr'>ex</span> <span class='ocrx_word' id='word_1_107' title='bbox 851 1329 1065 1384; x_wconf 91' lang='lat' dir='ltr'>Isidoro</span> <span class='ocrx_word' id='word_1_108' title='bbox 1083 1329 1302 1399; x_wconf 88' lang='lat' dir='ltr'>accepit</span> <span class='ocrx_word' id='word_1_109' title='bbox 1326 1346 1339 1382; x_wconf 89' lang='lat'>:</span> <span class='ocrx_word' id='word_1_110' title='bbox 1372 1350 1400 1377; x_wconf 86' lang='lat'><strong>«</strong></span> <span class='ocrx_word' id='word_1_111' title='bbox 1421 1331 1661 1399; x_wconf 87' lang='lat' dir='ltr'>Propter</span> <span class='ocrx_word' id='word_1_112' title='bbox 1684 1343 1800 1382; x_wconf 88' lang='lat' dir='ltr'>car-</span> 
     </span>
    </p>
   </div>
   <div class='ocr_carea' id='block_1_15' title="bbox 191 1421 1801 1499">
    <p class='ocr_par' dir='ltr' id='par_1_15' title="bbox 191 1421 1801 1499">
     <span class='ocr_line' id='line_1_15' title="bbox 191 1421 1801 1499; baseline -0.001 -22"><span class='ocrx_word' id='word_1_113' title='bbox 191 1425 331 1478; x_wconf 88' lang='lat' dir='ltr'>nales</span> <span class='ocrx_word' id='word_1_114' title='bbox 345 1427 538 1478; x_wconf 89' lang='lat' dir='ltr'>autem</span> <span class='ocrx_word' id='word_1_115' title='bbox 560 1423 620 1477; x_wconf 91' lang='lat' dir='ltr'>in</span> <span class='ocrx_word' id='word_1_116' title='bbox 634 1423 900 1490; x_wconf 87' lang='lat' dir='ltr'>Ecclesia,</span> <span class='ocrx_word' id='word_1_117' title='bbox 917 1439 1032 1476; x_wconf 92' lang='lat' dir='ltr'>non</span> <span class='ocrx_word' id='word_1_118' title='bbox 1053 1425 1291 1493; x_wconf 88' lang='lat' dir='ltr'>propter</span> <span class='ocrx_word' id='word_1_119' title='bbox 1307 1421 1649 1492; x_wconf 87' lang='lat' dir='ltr'>spirituales,</span> <span class='ocrx_word' id='word_1_120' title='bbox 1670 1437 1801 1499; x_wconf 85' lang='lat' dir='ltr'>con-</span> 
     </span>
    </p>
   </div>
   <div class='ocr_carea' id='block_1_16' title="bbox 188 1513 1798 1585">
    <p class='ocr_par' dir='ltr' id='par_1_16' title="bbox 188 1513 1798 1585">
     <span class='ocr_line' id='line_1_16' title="bbox 188 1513 1798 1585; baseline -0.001 -15"><span class='ocrx_word' id='word_1_121' title='bbox 188 1516 405 1572; x_wconf 87' lang='lat' dir='ltr'>suetudo</span> <span class='ocrx_word' id='word_1_122' title='bbox 435 1516 713 1570; x_wconf 85' lang='lat' dir='ltr'>cantandi</span> <span class='ocrx_word' id='word_1_123' title='bbox 748 1519 834 1569; x_wconf 91' lang='lat' dir='ltr'>est</span> <span class='ocrx_word' id='word_1_124' title='bbox 871 1515 1158 1580; x_wconf 88' lang='lat' dir='ltr'>instituta;</span> <span class='ocrx_word' id='word_1_125' title='bbox 1190 1519 1251 1568; x_wconf 93' lang='lat' dir='ltr'>ut</span> <span class='ocrx_word' id='word_1_126' title='bbox 1285 1513 1419 1585; x_wconf 88' lang='lat' dir='ltr'>quia</span> <span class='ocrx_word' id='word_1_127' title='bbox 1452 1513 1640 1568; x_wconf 86' lang='lat' dir='ltr'>verbis</span> <span class='ocrx_word' id='word_1_128' title='bbox 1681 1531 1798 1569; x_wconf 89' lang='lat' dir='ltr'>non</span> 
     </span>
    </p>
   </div>
   <div class='ocr_carea' id='block_1_17' title="bbox 189 1607 1795 1680">
    <p class='ocr_par' dir='ltr' id='par_1_17' title="bbox 189 1607 1795 1680">
     <span class='ocr_line' id='line_1_17' title="bbox 189 1607 1795 1680; baseline -0.004 -17"><span class='ocrx_word' id='word_1_129' title='bbox 189 1612 656 1680; x_wconf 88' lang='lat' dir='ltr'>compunguntur,</span> <span class='ocrx_word' id='word_1_130' title='bbox 672 1608 948 1662; x_wconf 84' lang='lat' dir='ltr'>suavitate</span> <span class='ocrx_word' id='word_1_131' title='bbox 973 1607 1382 1662; x_wconf 90' lang='lat' dir='ltr'>modulaminis</span> <span class='ocrx_word' id='word_1_132' title='bbox 1402 1610 1795 1662; x_wconf 79' lang='lat' dir='ltr'>moveantur.»</span> 
     </span>
    </p>
   </div>
   <div class='ocr_carea' id='block_1_18' title="bbox 188 1698 1802 1774">
    <p class='ocr_par' dir='ltr' id='par_1_18' title="bbox 188 1698 1802 1774">
     <span class='ocr_line' id='line_1_18' title="bbox 188 1698 1802 1774; baseline -0.002 -18"><span class='ocrx_word' id='word_1_133' title='bbox 188 1705 370 1756; x_wconf 88' lang='lat' dir='ltr'>Parum</span> <span class='ocrx_word' id='word_1_134' title='bbox 397 1701 596 1772; x_wconf 87' lang='lat' dir='ltr'>itaque</span> <span class='ocrx_word' id='word_1_135' title='bbox 624 1698 815 1774; x_wconf 84' lang='lat'>399</span> <span class='ocrx_word' id='word_1_136' title='bbox 845 1699 1149 1754; x_wconf 85' lang='lat' dir='ltr'>verisimile</span> <span class='ocrx_word' id='word_1_137' title='bbox 1189 1703 1275 1754; x_wconf 90' lang='lat' dir='ltr'>est</span> <span class='ocrx_word' id='word_1_138' title='bbox 1307 1699 1368 1752; x_wconf 91' lang='lat' dir='ltr'>id</span> <span class='ocrx_word' id='word_1_139' title='bbox 1414 1699 1566 1770; x_wconf 90' lang='lat' dir='ltr'>quod</span> <span class='ocrx_word' id='word_1_140' title='bbox 1609 1699 1802 1753; x_wconf 86' lang='lat' dir='ltr'>scribit</span> 
     </span>
    </p>
   </div>
   <div class='ocr_carea' id='block_1_19' title="bbox 1902 577 3542 650">
    <p class='ocr_par' dir='ltr' id='par_1_19' title="bbox 1902 577 3542 650">
     <span class='ocr_line' id='line_1_19' title="bbox 1902 577 3542 650; baseline -0.004 -14"><span class='ocrx_word' id='word_1_141' title='bbox 1902 581 2162 648; x_wconf 88' lang='lat' dir='ltr'>Psalmis,</span> <span class='ocrx_word' id='word_1_142' title='bbox 2215 581 2400 634; x_wconf 90' lang='lat' dir='ltr'>nullos</span> <span class='ocrx_word' id='word_1_143' title='bbox 2444 580 2692 650; x_wconf 86' lang='lat' dir='ltr'>hymnos</span> <span class='ocrx_word' id='word_1_144' title='bbox 2739 595 2773 632; x_wconf 93' lang='lat' dir='ltr'>a</span> <span class='ocrx_word' id='word_1_145' title='bbox 2820 577 3006 648; x_wconf 91' lang='lat' dir='ltr'>poetis</span> <span class='ocrx_word' id='word_1_146' title='bbox 3049 577 3306 648; x_wconf 90' lang='lat' dir='ltr'>scriptos,</span> <span class='ocrx_word' id='word_1_147' title='bbox 3357 577 3542 632; x_wconf 91' lang='lat' dir='ltr'>nullas</span> 
     </span>
    </p>
   </div>
   <div class='ocr_carea' id='block_1_20' title="bbox 1903 669 3545 745">
    <p class='ocr_par' dir='ltr' id='par_1_20' title="bbox 1903 669 3545 745">
     <span class='ocr_line' id='line_1_20' title="bbox 1903 669 3545 745; baseline -0.002 -17"><span class='ocrx_word' id='word_1_148' title='bbox 1903 678 2288 745; x_wconf 70' lang='lat' dir='ltr'>praeterquam</span> <span class='ocrx_word' id='word_1_149' title='bbox 2315 690 2380 727; x_wconf 85' lang='lat' dir='ltr'>ex</span> <span class='ocrx_word' id='word_1_150' title='bbox 2409 689 2572 726; x_wconf 88' lang='lat' dir='ltr'>sacra</span> <span class='ocrx_word' id='word_1_151' title='bbox 2597 671 2888 741; x_wconf 90' lang='lat' dir='ltr'>Scriptura</span> <span class='ocrx_word' id='word_1_152' title='bbox 2909 669 3183 726; x_wconf 88' lang='lat' dir='ltr'>lectiones</span> <span class='ocrx_word' id='word_1_153' title='bbox 3213 669 3274 724; x_wconf 90' lang='lat' dir='ltr'>in</span> <span class='ocrx_word' id='word_1_154' title='bbox 3295 669 3400 724; x_wconf 91' lang='lat' dir='ltr'>Dei</span> <span class='ocrx_word' id='word_1_155' title='bbox 3425 671 3545 724; x_wconf 93' lang='lat' dir='ltr'>lau-</span> 
     </span>
    </p>
   </div>
   <div class='ocr_carea' id='block_1_21' title="bbox 1904 762 3545 821">
    <p class='ocr_par' dir='ltr' id='par_1_21' title="bbox 1904 762 3545 821">
     <span class='ocr_line' id='line_1_21' title="bbox 1904 762 3545 821; baseline -0.003 0"><span class='ocrx_word' id='word_1_156' title='bbox 1904 767 2069 821; x_wconf 91' lang='lat' dir='ltr'>dibus</span> <span class='ocrx_word' id='word_1_157' title='bbox 2099 770 2234 820; x_wconf 92' lang='lat' dir='ltr'>tunc</span> <span class='ocrx_word' id='word_1_158' title='bbox 2273 765 2636 819; x_wconf 87' lang='lat' dir='ltr'>admittebat.</span> <span class='ocrx_word' id='word_1_159' title='bbox 2678 785 2705 812; x_wconf 83' lang='lat'><strong>«</strong></span> <span class='ocrx_word' id='word_1_160' title='bbox 2735 763 2850 818; x_wconf 92' lang='lat' dir='ltr'>Sed</span> <span class='ocrx_word' id='word_1_161' title='bbox 2879 766 2938 817; x_wconf 90' lang='lat' dir='ltr'>et</span> <span class='ocrx_word' id='word_1_162' title='bbox 2961 762 3280 817; x_wconf 85' lang='lat' dir='ltr'>reverenda</span> <span class='ocrx_word' id='word_1_163' title='bbox 3303 762 3545 817; x_wconf 88' lang='lat' dir='ltr'>concilia</span> 
     </span>
    </p>
   </div>
   <div class='ocr_carea' id='block_1_22' title="bbox 1902 855 3540 931">
    <p class='ocr_par' dir='ltr' id='par_1_22' title="bbox 1902 855 3540 931">
     <span class='ocr_line' id='line_1_22' title="bbox 1902 855 3540 931; baseline -0.003 -17"><span class='ocrx_word' id='word_1_164' title='bbox 1902 863 2152 931; x_wconf 91' lang='lat' dir='ltr'>patrum,</span> <span class='ocrx_word' id='word_1_165' title='bbox 2167 858 2374 930; x_wconf 90' lang='lat' dir='ltr'>inquit,</span> <span class='ocrx_word' id='word_1_166' title='bbox 2390 857 3106 926; x_wconf 90' lang='lat' dir='ltr'>decernunt,nequaquam</span> <span class='ocrx_word' id='word_1_167' title='bbox 3121 855 3376 926; x_wconf 91' lang='lat' dir='ltr'>plebeios</span> <span class='ocrx_word' id='word_1_168' title='bbox 3391 856 3540 926; x_wconf 84' lang='lat' dir='ltr'>psal-</span> 
     </span>
    </p>
   </div>
   <div class='ocr_carea' id='block_1_23' title="bbox 1902 947 3539 1018">
    <p class='ocr_par' dir='ltr' id='par_1_23' title="bbox 1902 947 3539 1018">
     <span class='ocr_line' id='line_1_23' title="bbox 1902 947 3539 1018; baseline -0.004 -11"><span class='ocrx_word' id='word_1_169' title='bbox 1902 969 2029 1006; x_wconf 90' lang='lat' dir='ltr'>mos</span> <span class='ocrx_word' id='word_1_170' title='bbox 2057 953 2114 1006; x_wconf 92' lang='lat' dir='ltr'>in</span> <span class='ocrx_word' id='word_1_171' title='bbox 2147 951 2398 1005; x_wconf 88' lang='lat' dir='ltr'>Ecclesia</span> <span class='ocrx_word' id='word_1_172' title='bbox 2427 947 2852 1016; x_wconf 87' lang='lat' dir='ltr'>decantandos;</span> <span class='ocrx_word' id='word_1_173' title='bbox 2878 953 2935 1001; x_wconf 90' lang='lat' dir='ltr'>et</span> <span class='ocrx_word' id='word_1_174' title='bbox 2963 948 3108 1002; x_wconf 89' lang='lat' dir='ltr'>nihil</span> <span class='ocrx_word' id='word_1_175' title='bbox 3135 947 3360 1018; x_wconf 90' lang='lat' dir='ltr'>poetice</span> <span class='ocrx_word' id='word_1_176' title='bbox 3381 963 3539 1002; x_wconf 90' lang='lat' dir='ltr'>com-</span> 
     </span>
    </p>
   </div>
   <div class='ocr_carea' id='block_1_24' title="bbox 1903 1041 3541 1117">
    <p class='ocr_par' dir='ltr' id='par_1_24' title="bbox 1903 1041 3541 1117">
     <span class='ocr_line' id='line_1_24' title="bbox 1903 1041 3541 1117; baseline -0.005 -17"><span class='ocrx_word' id='word_1_177' title='bbox 1903 1045 2153 1117; x_wconf 90' lang='lat' dir='ltr'>positum</span> <span class='ocrx_word' id='word_1_178' title='bbox 2167 1044 2225 1098; x_wconf 91' lang='lat' dir='ltr'>in</span> <span class='ocrx_word' id='word_1_179' title='bbox 2245 1042 2453 1098; x_wconf 88' lang='lat' dir='ltr'>divinis</span> <span class='ocrx_word' id='word_1_180' title='bbox 2477 1041 2741 1096; x_wconf 87' lang='lat' dir='ltr'>laudibus</span> <span class='ocrx_word' id='word_1_181' title='bbox 2761 1041 3222 1112; x_wconf 79' lang='lat' dir='ltr'>usurpandum.»</span> <span class='ocrx_word' id='word_1_182' title='bbox 3257 1041 3359 1094; x_wconf 86' lang='lat' dir='ltr'>Hic</span> <span class='ocrx_word' id='word_1_183' title='bbox 3383 1041 3541 1095; x_wconf 91' lang='lat' dir='ltr'>locus</span> 
     </span>
    </p>
   </div>
   <div class='ocr_carea' id='block_1_25' title="bbox 1902 1137 3541 1212">
    <p class='ocr_par' dir='ltr' id='par_1_25' title="bbox 1902 1137 3541 1212">
     <span class='ocr_line' id='line_1_25' title="bbox 1902 1137 3541 1212; baseline -0.003 -17"><span class='ocrx_word' id='word_1_184' title='bbox 1902 1143 2134 1212; x_wconf 90' lang='lat' dir='ltr'>respicit</span> <span class='ocrx_word' id='word_1_185' title='bbox 2161 1157 2446 1196; x_wconf 88' lang='lat' dir='ltr'>canonem</span> <span class='ocrx_word' id='word_1_186' title='bbox 2481 1139 2891 1193; x_wconf 91' lang='lat' dir='ltr'>duodecimum</span> <span class='ocrx_word' id='word_1_187' title='bbox 2939 1137 3161 1192; x_wconf 89' lang='lat' dir='ltr'>concilii</span> <span class='ocrx_word' id='word_1_188' title='bbox 3193 1137 3364 1208; x_wconf 89' lang='lat' dir='ltr'>primi</span> <span class='ocrx_word' id='word_1_189' title='bbox 3406 1138 3541 1190; x_wconf 89' lang='lat' dir='ltr'>Bra-</span> 
     </span>
    </p>
   </div>
   <div class='ocr_carea' id='block_1_26' title="bbox 1903 1231 3544 1306">
    <p class='ocr_par' dir='ltr' id='par_1_26' title="bbox 1903 1231 3544 1306">
     <span class='ocr_line' id='line_1_26' title="bbox 1903 1231 3544 1306; baseline -0.002 -17"><span class='ocrx_word' id='word_1_190' title='bbox 1903 1235 2170 1300; x_wconf 89' lang='lat' dir='ltr'>carensis,</span> <span class='ocrx_word' id='word_1_191' title='bbox 2187 1251 2300 1306; x_wconf 92' lang='lat' dir='ltr'>quo</span> <span class='ocrx_word' id='word_1_192' title='bbox 2320 1232 2669 1300; x_wconf 86' lang='lat' dir='ltr'>decernitur,</span> <span class='ocrx_word' id='word_1_193' title='bbox 2694 1235 2760 1288; x_wconf 88' lang='lat' dir='ltr'>Ut</span> <span class='ocrx_word' id='word_1_194' title='bbox 2776 1236 2931 1286; x_wconf 69' lang='lat' dir='ltr'>extra</span> <span class='ocrx_word' id='word_1_195' title='bbox 2959 1233 3198 1286; x_wconf 87' lang='lat' dir='ltr'>Psalmos</span> <span class='ocrx_word' id='word_1_196' title='bbox 3222 1231 3307 1285; x_wconf 84' lang='lat' dir='ltr'>vel</span> <span class='ocrx_word' id='word_1_197' title='bbox 3329 1235 3544 1286; x_wconf 88' lang='lat' dir='ltr'>canoni-</span> 
     </span>
    </p>
   </div>
   <div class='ocr_carea' id='block_1_27' title="bbox 1898 1325 3540 1397">
    <p class='ocr_par' dir='ltr' id='par_1_27' title="bbox 1898 1325 3540 1397">
     <span class='ocr_line' id='line_1_27' title="bbox 1898 1325 3540 1397; baseline -0.004 -14"><span class='ocrx_word' id='word_1_198' title='bbox 1898 1344 2083 1383; x_wconf 87' lang='lat' dir='ltr'>carum</span> <span class='ocrx_word' id='word_1_199' title='bbox 2105 1330 2508 1397; x_wconf 82' lang='lat' dir='ltr'>Scripturarum</span> <span class='ocrx_word' id='word_1_200' title='bbox 2533 1328 2674 1384; x_wconf 84' lang='lat' dir='ltr'>Novi</span> <span class='ocrx_word' id='word_1_201' title='bbox 2699 1330 2748 1380; x_wconf 86' lang='lat' dir='ltr'>et</span> <span class='ocrx_word' id='word_1_202' title='bbox 2779 1327 2984 1381; x_wconf 78' lang='lat' dir='ltr'>Veteris</span> <span class='ocrx_word' id='word_1_203' title='bbox 3017 1326 3358 1387; x_wconf 84' lang='lat' dir='ltr'>Testamenti,</span> <span class='ocrx_word' id='word_1_204' title='bbox 3399 1325 3540 1379; x_wconf 83' lang='lat' dir='ltr'>nihil</span> 
     </span>
    </p>
   </div>
   <div class='ocr_carea' id='block_1_28' title="bbox 1894 1422 3539 1495">
    <p class='ocr_par' dir='ltr' id='par_1_28' title="bbox 1894 1422 3539 1495">
     <span class='ocr_line' id='line_1_28' title="bbox 1894 1422 3539 1495; baseline -0.002 -16"><span class='ocrx_word' id='word_1_205' title='bbox 1894 1427 2096 1495; x_wconf 80' lang='lat' dir='ltr'>poetice</span> <span class='ocrx_word' id='word_1_206' title='bbox 2118 1428 2461 1494; x_wconf 86' lang='lat' dir='ltr'>compositum</span> <span class='ocrx_word' id='word_1_207' title='bbox 2485 1426 2544 1477; x_wconf 89' lang='lat' dir='ltr'>in</span> <span class='ocrx_word' id='word_1_208' title='bbox 2576 1424 2813 1478; x_wconf 83' lang='lat' dir='ltr'>Ecclesia</span> <span class='ocrx_word' id='word_1_209' title='bbox 2839 1422 3132 1492; x_wconf 78' lang='lat' dir='ltr'>psallatur,</span> <span class='ocrx_word' id='word_1_210' title='bbox 3161 1423 3300 1476; x_wconf 80' lang='lat' dir='ltr'>sicut</span> <span class='ocrx_word' id='word_1_211' title='bbox 3333 1426 3383 1475; x_wconf 87' lang='lat' dir='ltr'>et</span> <span class='ocrx_word' id='word_1_212' title='bbox 3419 1437 3539 1476; x_wconf 88' lang='lat' dir='ltr'>san-</span> 
     </span>
    </p>
   </div>
   <div class='ocr_carea' id='block_1_29' title="bbox 1899 1513 3532 1588">
    <p class='ocr_par' dir='ltr' id='par_1_29' title="bbox 1899 1513 3532 1588">
     <span class='ocr_line' id='line_1_29' title="bbox 1899 1513 3532 1588; baseline -0.004 -15"><span class='ocrx_word' id='word_1_213' title='bbox 1899 1521 1975 1573; x_wconf 90' lang='lat' dir='ltr'>cti</span> <span class='ocrx_word' id='word_1_214' title='bbox 2020 1521 2345 1588; x_wconf 58' lang='lat' dir='ltr'>pracipiunt</span> <span class='ocrx_word' id='word_1_215' title='bbox 2385 1532 2626 1583; x_wconf 84' lang='lat' dir='ltr'>canones,</span> <span class='ocrx_word' id='word_1_216' title='bbox 2665 1532 2874 1586; x_wconf 89' lang='lat' dir='ltr'>nempe</span> <span class='ocrx_word' id='word_1_217' title='bbox 2939 1513 3166 1568; x_wconf 86' lang='lat' dir='ltr'>concilii</span> <span class='ocrx_word' id='word_1_218' title='bbox 3209 1513 3532 1580; x_wconf 89' lang='lat' dir='ltr'>Laodiceni,</span> 
     </span>
    </p>
   </div>
   <div class='ocr_carea' id='block_1_30' title="bbox 1902 1606 3536 1680">
    <p class='ocr_par' dir='ltr' id='par_1_30' title="bbox 1902 1606 3536 1680">
     <span class='ocr_line' id='line_1_30' title="bbox 1902 1606 3536 1680; baseline -0.003 -16"><span class='ocrx_word' id='word_1_219' title='bbox 1902 1610 2062 1680; x_wconf 88' lang='lat' dir='ltr'>cujus</span> <span class='ocrx_word' id='word_1_220' title='bbox 2081 1626 2267 1666; x_wconf 91' lang='lat' dir='ltr'>canon</span> <span class='ocrx_word' id='word_1_221' title='bbox 2291 1613 2356 1664; x_wconf 79' lang='lat'>59</span> <span class='ocrx_word' id='word_1_222' title='bbox 2374 1611 2606 1680; x_wconf 83' lang='lat' dir='ltr'>plebeios</span> <span class='ocrx_word' id='word_1_223' title='bbox 2614 1610 2853 1680; x_wconf 86' lang='lat' dir='ltr'>psalmos</span> <span class='ocrx_word' id='word_1_224' title='bbox 2875 1608 2933 1661; x_wconf 90' lang='lat' dir='ltr'>in</span> <span class='ocrx_word' id='word_1_225' title='bbox 2947 1606 3196 1662; x_wconf 89' lang='lat' dir='ltr'>Ecclesia</span> <span class='ocrx_word' id='word_1_226' title='bbox 3213 1606 3343 1660; x_wconf 90' lang='lat' dir='ltr'>cani</span> <span class='ocrx_word' id='word_1_227' title='bbox 3353 1609 3536 1670; x_wconf 87' lang='lat' dir='ltr'>vetat;</span> 
     </span>
    </p>
   </div>
   <div class='ocr_carea' id='block_1_31' title="bbox 1903 1697 3534 1769">
    <p class='ocr_par' dir='ltr' id='par_1_31' title="bbox 1903 1697 3534 1769">
     <span class='ocr_line' id='line_1_31' title="bbox 1903 1697 3534 1769; baseline -0.003 -13"><span class='ocrx_word' id='word_1_228' title='bbox 1903 1719 2007 1756; x_wconf 90' lang='lat' dir='ltr'>nec</span> <span class='ocrx_word' id='word_1_229' title='bbox 2038 1703 2179 1757; x_wconf 88' lang='lat' dir='ltr'>alios</span> <span class='ocrx_word' id='word_1_230' title='bbox 2205 1701 2380 1757; x_wconf 92' lang='lat' dir='ltr'>libros</span> <span class='ocrx_word' id='word_1_231' title='bbox 2408 1705 2610 1758; x_wconf 76' lang='lat' dir='ltr'>Praeter</span> <span class='ocrx_word' id='word_1_232' title='bbox 2640 1703 2903 1759; x_wconf 87' lang='lat' dir='ltr'>Canonem</span> <span class='ocrx_word' id='word_1_233' title='bbox 2923 1699 3057 1769; x_wconf 87' lang='lat' dir='ltr'>legi.</span> <span class='ocrx_word' id='word_1_234' title='bbox 3085 1698 3210 1753; x_wconf 75' lang='lat' dir='ltr'>Alia</span> <span class='ocrx_word' id='word_1_235' title='bbox 3237 1698 3348 1752; x_wconf 86' lang='lat' dir='ltr'>fuit</span> <span class='ocrx_word' id='word_1_236' title='bbox 3366 1697 3534 1752; x_wconf 91' lang='lat' dir='ltr'>disci-</span> 
     </span>
    </p>
   </div>
   <div class='ocr_carea' id='block_1_32' title="bbox 189 1778 3532 1866">
    <p class='ocr_par' dir='ltr' id='par_1_32' title="bbox 189 1778 3532 1866">
     <span class='ocr_line' id='line_1_32' title="bbox 189 1778 3532 1866; baseline -0.001 -18"><span class='ocrx_word' id='word_1_237' title='bbox 189 1799 326 1848; x_wconf 82' lang='lat' dir='ltr'>vetus</span> <span class='ocrx_word' id='word_1_238' title='bbox 344 1799 545 1849; x_wconf 87' lang='lat' dir='ltr'>auctor</span> <span class='ocrx_word' id='word_1_239' title='bbox 574 1793 728 1864; x_wconf 88' lang='lat' dir='ltr'>apud</span> <span class='ocrx_word' id='word_1_240' title='bbox 758 1794 1196 1864; x_wconf 89' lang='lat' dir='ltr'>Spelmannum,</span> <span class='ocrx_word' id='word_1_241' title='bbox 1222 1792 1528 1847; x_wconf 87' lang='lat' dir='ltr'>Photinum</span> <span class='ocrx_word' id='word_1_242' title='bbox 1572 1793 1800 1863; x_wconf 90' lang='lat' dir='ltr'>Lugdu-</span> <span class='ocrx_word' id='word_1_243' title='bbox 1822 1778 1878 1858; x_wconf 84' lang='lat' dir='ltr'><strong>B</strong></span> <span class='ocrx_word' id='word_1_244' title='bbox 1903 1795 2059 1866; x_wconf 89' lang='lat' dir='ltr'>plina</span> <span class='ocrx_word' id='word_1_245' title='bbox 2085 1794 2309 1850; x_wconf 90' lang='lat' dir='ltr'>concilii</span> <span class='ocrx_word' id='word_1_246' title='bbox 2345 1810 2400 1847; x_wconf 88' lang='lat' dir='ltr'>1v</span> <span class='ocrx_word' id='word_1_247' title='bbox 2435 1793 2693 1848; x_wconf 89' lang='lat' dir='ltr'>Toletani</span> <span class='ocrx_word' id='word_1_248' title='bbox 2727 1793 2788 1845; x_wconf 90' lang='lat' dir='ltr'>in</span> <span class='ocrx_word' id='word_1_249' title='bbox 2825 1808 3047 1846; x_wconf 91' lang='lat' dir='ltr'>canone</span> <span class='ocrx_word' id='word_1_250' title='bbox 3097 1795 3180 1858; x_wconf 83' lang='lat' dir='ltr'>l2,</span> <span class='ocrx_word' id='word_1_251' title='bbox 3213 1790 3326 1844; x_wconf 88' lang='lat' dir='ltr'>alia</span> <span class='ocrx_word' id='word_1_252' title='bbox 3359 1789 3532 1844; x_wconf 89' lang='lat' dir='ltr'>etiam</span> 
     </span>
    </p>
   </div>
   <div class='ocr_carea' id='block_1_33' title="bbox 194 1885 1802 1957">
    <p class='ocr_par' dir='ltr' id='par_1_33' title="bbox 194 1885 1802 1957">
     <span class='ocr_line' id='line_1_33' title="bbox 194 1885 1802 1957; baseline 0 -17"><span class='ocrx_word' id='word_1_253' title='bbox 194 1902 422 1954; x_wconf 89' lang='lat' dir='ltr'>nensem,</span> <span class='ocrx_word' id='word_1_254' title='bbox 453 1891 514 1940; x_wconf 92' lang='lat' dir='ltr'>et</span> <span class='ocrx_word' id='word_1_255' title='bbox 540 1886 916 1957; x_wconf 88' lang='lat' dir='ltr'>Trophimum</span> <span class='ocrx_word' id='word_1_256' title='bbox 937 1887 1332 1939; x_wconf 86' lang='lat' dir='ltr'>Arelatensem</span> <span class='ocrx_word' id='word_1_257' title='bbox 1354 1885 1651 1956; x_wconf 88' lang='lat' dir='ltr'>episcopos</span> <span class='ocrx_word' id='word_1_258' title='bbox 1676 1903 1802 1940; x_wconf 87' lang='lat' dir='ltr'>auc-</span> 
     </span>
    </p>
   </div>
   <div class='ocr_carea' id='block_1_34' title="bbox 192 1978 1801 2048">
    <p class='ocr_par' dir='ltr' id='par_1_34' title="bbox 192 1978 1801 2048">
     <span class='ocr_line' id='line_1_34' title="bbox 192 1978 1801 2048; baseline 0 -16"><span class='ocrx_word' id='word_1_259' title='bbox 192 1985 318 2032; x_wconf 85' lang='lat' dir='ltr'>tores</span> <span class='ocrx_word' id='word_1_260' title='bbox 342 1979 539 2048; x_wconf 88' lang='lat' dir='ltr'>fuisse,</span> <span class='ocrx_word' id='word_1_261' title='bbox 569 1981 631 2032; x_wconf 93' lang='lat' dir='ltr'>ut</span> <span class='ocrx_word' id='word_1_262' title='bbox 659 1995 854 2033; x_wconf 89' lang='lat' dir='ltr'>cursus</span> <span class='ocrx_word' id='word_1_263' title='bbox 882 1978 1164 2032; x_wconf 81' lang='lat' dir='ltr'>Asiaticus</span> <span class='ocrx_word' id='word_1_264' title='bbox 1191 1979 1250 2031; x_wconf 93' lang='lat' dir='ltr'>in</span> <span class='ocrx_word' id='word_1_265' title='bbox 1279 1978 1393 2031; x_wconf 89' lang='lat' dir='ltr'>suis</span> <span class='ocrx_word' id='word_1_266' title='bbox 1435 1978 1688 2032; x_wconf 89' lang='lat' dir='ltr'>ecclesiis</span> <span class='ocrx_word' id='word_1_267' title='bbox 1720 1979 1801 2032; x_wconf 88' lang='lat' dir='ltr'>in-</span> 
     </span>
    </p>
   </div>
   <div class='ocr_carea' id='block_1_35' title="bbox 194 2071 1794 2143">
    <p class='ocr_par' dir='ltr' id='par_1_35' title="bbox 194 2071 1794 2143">
     <span class='ocr_line' id='line_1_35' title="bbox 194 2071 1794 2143; baseline 0.001 -19"><span class='ocrx_word' id='word_1_268' title='bbox 194 2073 516 2126; x_wconf 86' lang='lat' dir='ltr'>stitueretur.</span> <span class='ocrx_word' id='word_1_269' title='bbox 539 2073 662 2126; x_wconf 81' lang='lat' dir='ltr'>Alia</span> <span class='ocrx_word' id='word_1_270' title='bbox 683 2071 928 2143; x_wconf 87' lang='lat' dir='ltr'>proinde</span> <span class='ocrx_word' id='word_1_271' title='bbox 944 2072 1067 2141; x_wconf 89' lang='lat' dir='ltr'>ejus</span> <span class='ocrx_word' id='word_1_272' title='bbox 1082 2071 1346 2142; x_wconf 33' lang='lat' dir='ltr'>rei‘origo</span> <span class='ocrx_word' id='word_1_273' title='bbox 1365 2071 1677 2142; x_wconf 66' lang='lat' dir='ltr'>quaerenda</span> <span class='ocrx_word' id='word_1_274' title='bbox 1692 2074 1794 2125; x_wconf 90' lang='lat' dir='ltr'>est.</span> 
     </span>
    </p>
   </div>
   <div class='ocr_carea' id='block_1_36' title="bbox 246 2163 1800 2236">
    <p class='ocr_par' dir='ltr' id='par_1_36' title="bbox 246 2163 1800 2236">
     <span class='ocr_line' id='line_1_36' title="bbox 246 2163 1800 2236; baseline 0 -18"><span class='ocrx_word' id='word_1_275' title='bbox 246 2169 320 2218; x_wconf 83' lang='lat'>25.</span> <span class='ocrx_word' id='word_1_276' title='bbox 353 2167 429 2219; x_wconf 91' lang='lat' dir='ltr'>De</span> <span class='ocrx_word' id='word_1_277' title='bbox 451 2163 857 2236; x_wconf 84' lang='lat' dir='ltr'>Lugdunensis</span> <span class='ocrx_word' id='word_1_278' title='bbox 875 2163 1130 2218; x_wconf 72' lang='lat' dir='ltr'>ecclesiae</span> <span class='ocrx_word' id='word_1_279' title='bbox 1153 2180 1320 2217; x_wconf 89' lang='lat' dir='ltr'>cursu</span> <span class='ocrx_word' id='word_1_280' title='bbox 1345 2163 1488 2217; x_wconf 89' lang='lat' dir='ltr'>nihil</span> <span class='ocrx_word' id='word_1_281' title='bbox 1510 2163 1800 2235; x_wconf 90' lang='lat' dir='ltr'>antiquius</span> 
     </span>
    </p>
   </div>
   <div class='ocr_carea' id='block_1_37' title="bbox 195 2256 1798 2329">
    <p class='ocr_par' dir='ltr' id='par_1_37' title="bbox 195 2256 1798 2329">
     <span class='ocr_line' id='line_1_37' title="bbox 195 2256 1798 2329; baseline -0.001 -17"><span class='ocrx_word' id='word_1_282' title='bbox 195 2259 407 2312; x_wconf 84' lang='lat' dir='ltr'>occurrit</span> <span class='ocrx_word' id='word_1_283' title='bbox 425 2274 609 2328; x_wconf 89' lang='lat' dir='ltr'>quam</span> <span class='ocrx_word' id='word_1_284' title='bbox 621 2257 775 2329; x_wconf 91' lang='lat' dir='ltr'>quod</span> <span class='ocrx_word' id='word_1_285' title='bbox 789 2257 999 2328; x_wconf 83' lang='lat' dir='ltr'>legitur</span> <span class='ocrx_word' id='word_1_286' title='bbox 1009 2257 1068 2310; x_wconf 91' lang='lat' dir='ltr'>in</span> <span class='ocrx_word' id='word_1_287' title='bbox 1081 2256 1384 2311; x_wconf 91' lang='lat' dir='ltr'>collatione</span> <span class='ocrx_word' id='word_1_288' title='bbox 1399 2256 1798 2328; x_wconf 89' lang='lat' dir='ltr'>episcoporum</span> 
     </span>
    </p>
   </div>
   <div class='ocr_carea' id='block_1_38' title="bbox 196 2349 1797 2420">
    <p class='ocr_par' dir='ltr' id='par_1_38' title="bbox 196 2349 1797 2420">
     <span class='ocr_line' id='line_1_38' title="bbox 196 2349 1797 2420; baseline 0 -17"><span class='ocrx_word' id='word_1_289' title='bbox 196 2366 322 2404; x_wconf 80' lang='lat' dir='ltr'>anno</span> <span class='ocrx_word' id='word_1_290' title='bbox 348 2351 450 2404; x_wconf 79' lang='grc'>499</span> <span class='ocrx_word' id='word_1_291' title='bbox 483 2351 685 2404; x_wconf 86' lang='lat' dir='ltr'>habita</span> <span class='ocrx_word' id='word_1_292' title='bbox 703 2367 896 2405; x_wconf 89' lang='lat' dir='ltr'>coram</span> <span class='ocrx_word' id='word_1_293' title='bbox 918 2349 1274 2405; x_wconf 89' lang='lat' dir='ltr'>Gundobado</span> <span class='ocrx_word' id='word_1_294' title='bbox 1298 2349 1640 2420; x_wconf 62' lang='lat' dir='ltr'>Burgundii}:</span> <span class='ocrx_word' id='word_1_295' title='bbox 1660 2366 1797 2420; x_wconf 87' lang='lat' dir='ltr'>rege</span> 
     </span>
    </p>
   </div>
   <div class='ocr_carea' id='block_1_39' title="bbox 195 2443 1798 2514">
    <p class='ocr_par' dir='ltr' id='par_1_39' title="bbox 195 2443 1798 2514">
     <span class='ocr_line' id='line_1_39' title="bbox 195 2443 1798 2514; baseline -0.001 -17"><span class='ocrx_word' id='word_1_296' title='bbox 195 2443 430 2497; x_wconf 85' lang='lat' dir='ltr'>adversus</span> <span class='ocrx_word' id='word_1_297' title='bbox 445 2443 716 2498; x_wconf 82' lang='lat' dir='ltr'>Arianos.</span> <span class='ocrx_word' id='word_1_298' title='bbox 749 2443 1102 2514; x_wconf 88' lang='lat' dir='ltr'>Designataa</span> <span class='ocrx_word' id='word_1_299' title='bbox 1121 2459 1257 2514; x_wconf 90' lang='lat' dir='ltr'>rege</span> <span class='ocrx_word' id='word_1_300' title='bbox 1287 2443 1515 2497; x_wconf 89' lang='lat' dir='ltr'>collatio</span> <span class='ocrx_word' id='word_1_301' title='bbox 1539 2443 1612 2496; x_wconf 89' lang='lat' dir='ltr'>ad</span> <span class='ocrx_word' id='word_1_302' title='bbox 1642 2443 1798 2497; x_wconf 90' lang='lat' dir='ltr'>diem</span> 
     </span>
    </p>
   </div>
   <div class='ocr_carea' id='block_1_40' title="bbox 196 2535 1794 2606">
    <p class='ocr_par' dir='ltr' id='par_1_40' title="bbox 196 2535 1794 2606">
     <span class='ocr_line' id='line_1_40' title="bbox 196 2535 1794 2606; baseline 0 -17"><span class='ocrx_word' id='word_1_303' title='bbox 196 2535 377 2590; x_wconf 79' lang='lat' dir='ltr'>festum</span> <span class='ocrx_word' id='word_1_304' title='bbox 415 2536 604 2590; x_wconf 88' lang='lat' dir='ltr'>sancti</span> <span class='ocrx_word' id='word_1_305' title='bbox 637 2536 797 2592; x_wconf 81' lang='lat' dir='ltr'>Justi.</span> <span class='ocrx_word' id='word_1_306' title='bbox 845 2538 908 2590; x_wconf 91' lang='lat' dir='ltr'>In</span> <span class='ocrx_word' id='word_1_307' title='bbox 950 2535 1146 2606; x_wconf 88' lang='lat' dir='ltr'>vigilia</span> <span class='ocrx_word' id='word_1_308' title='bbox 1183 2535 1357 2606; x_wconf 90' lang='lat' dir='ltr'>ipsius</span> <span class='ocrx_word' id='word_1_309' title='bbox 1395 2535 1794 2602; x_wconf 88' lang='lat' dir='ltr'>solemnitatis,</span> 
     </span>
    </p>
   </div>
   <div class='ocr_carea' id='block_1_41' title="bbox 197 2628 1794 2700">
    <p class='ocr_par' dir='ltr' id='par_1_41' title="bbox 197 2628 1794 2700">
     <span class='ocr_line' id='line_1_41' title="bbox 197 2628 1794 2700; baseline 0 -18"><span class='ocrx_word' id='word_1_310' title='bbox 197 2628 414 2700; x_wconf 85' lang='lat' dir='ltr'>episcopi</span> <span class='ocrx_word' id='word_1_311' title='bbox 434 2629 819 2684; x_wconf 88' lang='lat' dir='ltr'>decreverunt</span> <span class='ocrx_word' id='word_1_312' title='bbox 833 2628 908 2682; x_wconf 89' lang='lat' dir='ltr'>ad</span> <span class='ocrx_word' id='word_1_313' title='bbox 929 2629 1052 2699; x_wconf 89' lang='lat' dir='ltr'>ejus</span> <span class='ocrx_word' id='word_1_314' title='bbox 1073 2630 1411 2700; x_wconf 60' lang='lat' dir='ltr'>;sepulcrum</span> <span class='ocrx_word' id='word_1_315' title='bbox 1435 2632 1794 2699; x_wconf 82' lang='lat' dir='ltr'>pernoctare,</span> 
     </span>
    </p>
   </div>
   <div class='ocr_carea' id='block_1_42' title="bbox 199 2721 1794 2778">
    <p class='ocr_par' dir='ltr' id='par_1_42' title="bbox 199 2721 1794 2778">
     <span class='ocr_line' id='line_1_42' title="bbox 199 2721 1794 2778; baseline 0.003 -4"><span class='ocrx_word' id='word_1_316' title='bbox 199 2725 246 2774; x_wconf 86' lang='lat' dir='ltr'>ut</span> <span class='ocrx_word' id='word_1_317' title='bbox 261 2721 449 2776; x_wconf 69' lang='lat' dir='ltr'>futura:</span> <span class='ocrx_word' id='word_1_318' title='bbox 469 2721 796 2777; x_wconf 89' lang='lat' dir='ltr'>collationis</span> <span class='ocrx_word' id='word_1_319' title='bbox 816 2737 1138 2776; x_wconf 89' lang='lat' dir='ltr'>successum</span> <span class='ocrx_word' id='word_1_320' title='bbox 1159 2723 1272 2776; x_wconf 91' lang='lat' dir='ltr'>Deo</span> <span class='ocrx_word' id='word_1_321' title='bbox 1295 2722 1794 2778; x_wconf 89' lang='lat' dir='ltr'>commendarent.</span> 
     </span>
    </p>
   </div>
   <div class='ocr_carea' id='block_1_43' title="bbox 201 2814 1796 2882">
    <p class='ocr_par' dir='ltr' id='par_1_43' title="bbox 201 2814 1796 2882">
     <span class='ocr_line' id='line_1_43' title="bbox 201 2814 1796 2882; baseline 0 -14"><span class='ocrx_word' id='word_1_322' title='bbox 201 2814 418 2869; x_wconf 77' lang='lat' dir='ltr'>«Evenit</span> <span class='ocrx_word' id='word_1_323' title='bbox 447 2818 650 2869; x_wconf 89' lang='lat' dir='ltr'>autem</span> <span class='ocrx_word' id='word_1_324' title='bbox 675 2819 741 2870; x_wconf 89' lang='lat' dir='ltr'>ut</span> <span class='ocrx_word' id='word_1_325' title='bbox 771 2831 839 2869; x_wconf 90' lang='lat' dir='ltr'>ea</span> <span class='ocrx_word' id='word_1_326' title='bbox 873 2818 1061 2882; x_wconf 89' lang='lat' dir='ltr'>nocte,</span> <span class='ocrx_word' id='word_1_327' title='bbox 1092 2831 1224 2869; x_wconf 91' lang='lat' dir='ltr'>cum</span> <span class='ocrx_word' id='word_1_328' title='bbox 1259 2816 1438 2870; x_wconf 90' lang='lat' dir='ltr'>lector</span> <span class='ocrx_word' id='word_1_329' title='bbox 1480 2814 1796 2870; x_wconf 90' lang='lat' dir='ltr'>secundum</span> 
     </span>
    </p>
   </div>
   <div class='ocr_carea' id='block_1_44' title="bbox 196 2907 1798 2980">
    <p class='ocr_par' dir='ltr' id='par_1_44' title="bbox 196 2907 1798 2980">
     <span class='ocr_line' id='line_1_44' title="bbox 196 2907 1798 2980; baseline 0.001 -20"><span class='ocrx_word' id='word_1_330' title='bbox 196 2922 385 2962; x_wconf 86' lang='lat' dir='ltr'>morem</span> <span class='ocrx_word' id='word_1_331' title='bbox 412 2907 703 2979; x_wconf 87' lang='lat' dir='ltr'>inciperet</span> <span class='ocrx_word' id='word_1_332' title='bbox 728 2907 1036 2962; x_wconf 91' lang='lat' dir='ltr'>lectionem</span> <span class='ocrx_word' id='word_1_333' title='bbox 1071 2924 1106 2962; x_wconf 93' lang='lat' dir='ltr'>a</span> <span class='ocrx_word' id='word_1_334' title='bbox 1133 2909 1340 2980; x_wconf 80' lang='lat' dir='ltr'>Moyse,</span> <span class='ocrx_word' id='word_1_335' title='bbox 1374 2907 1575 2962; x_wconf 90' lang='lat' dir='ltr'>incidit</span> <span class='ocrx_word' id='word_1_336' title='bbox 1611 2908 1669 2962; x_wconf 92' lang='lat' dir='ltr'>in</span> <span class='ocrx_word' id='word_1_337' title='bbox 1700 2908 1798 2962; x_wconf 87' lang='lat' dir='ltr'>illa</span> 
     </span>
    </p>
   </div>
   <div class='ocr_carea' id='block_1_45' title="bbox 197 3000 1796 3079">
    <p class='ocr_par' dir='ltr' id='par_1_45' title="bbox 197 3000 1796 3079">
     <span class='ocr_line' id='line_1_45' title="bbox 197 3000 1796 3079; baseline 0.003 -29"><span class='ocrx_word' id='word_1_338' title='bbox 197 3000 338 3054; x_wconf 81' lang='lat' dir='ltr'>verba</span> <span class='ocrx_word' id='word_1_339' title='bbox 361 3001 599 3062; x_wconf 87' lang='lat' dir='ltr'>Domini</span> <span class='ocrx_word' id='word_1_340' title='bbox 627 3017 640 3054; x_wconf 91' lang='lat'><strong>:</strong></span> <span class='ocrx_word' id='word_1_341' title='bbox 667 3002 772 3058; x_wconf 85' lang='lat' dir='ltr'>Sed</span> <span class='ocrx_word' id='word_1_342' title='bbox 786 3016 879 3071; x_wconf 88' lang='lat' dir='ltr'>ego</span> <span class='ocrx_word' id='word_1_343' title='bbox 894 3001 1160 3056; x_wconf 86' lang='lat' dir='ltr'>indurabo</span> <span class='ocrx_word' id='word_1_344' title='bbox 1187 3017 1276 3056; x_wconf 89' lang='lat' dir='ltr'>cor</span> <span class='ocrx_word' id='word_1_345' title='bbox 1295 3002 1426 3071; x_wconf 85' lang='lat' dir='ltr'>ejus,</span> <span class='ocrx_word' id='word_1_346' title='bbox 1445 3005 1552 3079; x_wconf 85' lang='lat' dir='ltr'>etc.</span> <span class='ocrx_word' id='word_1_347' title='bbox 1577 3001 1796 3056; x_wconf 91' lang='lat' dir='ltr'>Deinde</span> 
     </span>
    </p>
   </div>
   <div class='ocr_carea' id='block_1_46' title="bbox 197 3093 1793 3166">
    <p class='ocr_par' dir='ltr' id='par_1_46' title="bbox 197 3093 1793 3166">
     <span class='ocr_line' id='line_1_46' title="bbox 197 3093 1793 3166; baseline 0.001 -20"><span class='ocrx_word' id='word_1_348' title='bbox 197 3107 301 3146; x_wconf 89' lang='lat' dir='ltr'>cum</span> <span class='ocrx_word' id='word_1_349' title='bbox 322 3098 442 3164; x_wconf 89' lang='lat' dir='ltr'>post</span> <span class='ocrx_word' id='word_1_350' title='bbox 460 3095 720 3166; x_wconf 90' lang='lat' dir='ltr'>psalmos</span> <span class='ocrx_word' id='word_1_351' title='bbox 741 3093 1074 3150; x_wconf 77' lang='lat' dir='ltr'>decantatas</span> <span class='ocrx_word' id='word_1_352' title='bbox 1093 3094 1362 3149; x_wconf 87' lang='lat' dir='ltr'>recitaret</span> <span class='ocrx_word' id='word_1_353' title='bbox 1387 3111 1455 3148; x_wconf 84' lang='lat' dir='ltr'>ex</span> <span class='ocrx_word' id='word_1_354' title='bbox 1478 3095 1793 3166; x_wconf 91' lang='lat' dir='ltr'>prophetis,</span> 
     </span>
    </p>
   </div>
   <div class='ocr_carea' id='block_1_47' title="bbox 199 3187 1793 3251">
    <p class='ocr_par' dir='ltr' id='par_1_47' title="bbox 199 3187 1793 3251">
     <span class='ocr_line' id='line_1_47' title="bbox 199 3187 1793 3251; baseline 0.002 -12"><span class='ocrx_word' id='word_1_355' title='bbox 199 3190 544 3242; x_wconf 82' lang='lat' dir='ltr'>occurrerunt</span> <span class='ocrx_word' id='word_1_356' title='bbox 560 3187 735 3241; x_wconf 88' lang='lat' dir='ltr'>verba</span> <span class='ocrx_word' id='word_1_357' title='bbox 759 3187 995 3242; x_wconf 91' lang='lat' dir='ltr'>Domini</span> <span class='ocrx_word' id='word_1_358' title='bbox 1016 3187 1090 3242; x_wconf 89' lang='lat' dir='ltr'>ad</span> <span class='ocrx_word' id='word_1_359' title='bbox 1102 3187 1292 3242; x_wconf 90' lang='lat' dir='ltr'>Esiam</span> <span class='ocrx_word' id='word_1_360' title='bbox 1313 3187 1558 3242; x_wconf 87' lang='lat' dir='ltr'>dicentis</span> <span class='ocrx_word' id='word_1_361' title='bbox 1581 3205 1592 3242; x_wconf 95' lang='lat'>:</span> <span class='ocrx_word' id='word_1_362' title='bbox 1625 3188 1793 3251; x_wconf 90' lang='lat' dir='ltr'>Vade,</span> 
     </span>
    </p>
   </div>
   <div class='ocr_carea' id='block_1_48' title="bbox 198 3279 1794 3352">
    <p class='ocr_par' dir='ltr' id='par_1_48' title="bbox 198 3279 1794 3352">
     <span class='ocr_line' id='line_1_48' title="bbox 198 3279 1794 3352; baseline 0.002 -21"><span class='ocrx_word' id='word_1_363' title='bbox 198 3283 237 3331; x_wconf 86' lang='lat' dir='ltr'>et</span> <span class='ocrx_word' id='word_1_364' title='bbox 254 3279 376 3335; x_wconf 80' lang='lat' dir='ltr'>dices</span> <span class='ocrx_word' id='word_1_365' title='bbox 392 3281 600 3352; x_wconf 83' lang='lat' dir='ltr'>populo</span> <span class='ocrx_word' id='word_1_366' title='bbox 629 3282 752 3335; x_wconf 85' lang='lat' dir='ltr'>huic</span> <span class='ocrx_word' id='word_1_367' title='bbox 778 3299 795 3334; x_wconf 91' lang='lat'><strong><em>:</em></strong></span> <span class='ocrx_word' id='word_1_368' title='bbox 824 3281 1026 3336; x_wconf 85' lang='lat' dir='ltr'>Audite</span> <span class='ocrx_word' id='word_1_369' title='bbox 1052 3282 1349 3344; x_wconf 83' lang='lat' dir='ltr'>audientes,</span> <span class='ocrx_word' id='word_1_370' title='bbox 1377 3285 1484 3336; x_wconf 89' lang='lat' dir='ltr'>etc.</span> <span class='ocrx_word' id='word_1_371' title='bbox 1537 3283 1794 3352; x_wconf 87' lang='lat' dir='ltr'>Cumque</span> 
     </span>
    </p>
   </div>
   <div class='ocr_carea' id='block_1_49' title="bbox 197 3370 1793 3444">
    <p class='ocr_par' dir='ltr' id='par_1_49' title="bbox 197 3370 1793 3444">
     <span class='ocr_line' id='line_1_49' title="bbox 197 3370 1793 3444; baseline 0.003 -20"><span class='ocrx_word' id='word_1_372' title='bbox 197 3370 352 3426; x_wconf 84' lang='lat' dir='ltr'>adhuc</span> <span class='ocrx_word' id='word_1_373' title='bbox 381 3373 588 3444; x_wconf 86' lang='lat' dir='ltr'>psalmi</span> <span class='ocrx_word' id='word_1_374' title='bbox 611 3373 854 3428; x_wconf 87' lang='lat' dir='ltr'>fuissent</span> <span class='ocrx_word' id='word_1_375' title='bbox 875 3373 1184 3441; x_wconf 88' lang='lat' dir='ltr'>decantati,</span> <span class='ocrx_word' id='word_1_376' title='bbox 1209 3376 1267 3427; x_wconf 92' lang='lat' dir='ltr'>et</span> <span class='ocrx_word' id='word_1_377' title='bbox 1285 3374 1506 3444; x_wconf 88' lang='lat' dir='ltr'>legeret</span> <span class='ocrx_word' id='word_1_378' title='bbox 1532 3391 1598 3428; x_wconf 86' lang='lat' dir='ltr'>ex</span> <span class='ocrx_word' id='word_1_379' title='bbox 1618 3376 1793 3430; x_wconf 87' lang='lat' dir='ltr'>Evan-</span> 
     </span>
    </p>
   </div>
   <div class='ocr_carea' id='block_1_50' title="bbox 198 3465 1794 3538">
    <p class='ocr_par' dir='ltr' id='par_1_50' title="bbox 198 3465 1794 3538">
     <span class='ocr_line' id='line_1_50' title="bbox 198 3465 1794 3538; baseline 0.003 -20"><span class='ocrx_word' id='word_1_380' title='bbox 198 3465 338 3533; x_wconf 81' lang='lat' dir='ltr'>gelio,</span> <span class='ocrx_word' id='word_1_381' title='bbox 355 3466 560 3521; x_wconf 90' lang='lat' dir='ltr'>incidit</span> <span class='ocrx_word' id='word_1_382' title='bbox 583 3467 642 3520; x_wconf 93' lang='lat' dir='ltr'>in</span> <span class='ocrx_word' id='word_1_383' title='bbox 663 3466 858 3534; x_wconf 89' lang='lat' dir='ltr'>verba,</span> <span class='ocrx_word' id='word_1_384' title='bbox 876 3467 1081 3538; x_wconf 88' lang='lat' dir='ltr'>quibus</span> <span class='ocrx_word' id='word_1_385' title='bbox 1103 3467 1363 3521; x_wconf 89' lang='lat' dir='ltr'>Salvator</span> <span class='ocrx_word' id='word_1_386' title='bbox 1382 3468 1688 3538; x_wconf 82' lang='lat' dir='ltr'>exprobrat</span> <span class='ocrx_word' id='word_1_387' title='bbox 1704 3470 1731 3524; x_wconf 73' lang='grc' dir='ltr'>,Ι</span> <span class='ocrx_word' id='word_1_388' title='bbox 1738 3485 1794 3522; x_wconf 84' lang='grc' dir='ltr'>ιι-</span> 
     </span>
    </p>
   </div>
   <div class='ocr_carea' id='block_1_51' title="bbox 199 3555 1792 3622">
    <p class='ocr_par' dir='ltr' id='par_1_51' title="bbox 199 3555 1792 3622">
     <span class='ocr_line' id='line_1_51' title="bbox 199 3555 1792 3622; baseline 0.004 -14"><span class='ocrx_word' id='word_1_389' title='bbox 199 3555 310 3610; x_wconf 68' lang='lat' dir='ltr'>deis</span> <span class='ocrx_word' id='word_1_390' title='bbox 333 3559 796 3614; x_wconf 88' lang='lat' dir='ltr'>incredulitatem</span> <span class='ocrx_word' id='word_1_391' title='bbox 831 3577 844 3614; x_wconf 76' lang='grc' dir='ltr'>ε</span> <span class='ocrx_word' id='word_1_392' title='bbox 884 3562 979 3616; x_wconf 68' lang='lat' dir='ltr'><em>Vw</em></span> <span class='ocrx_word' id='word_1_393' title='bbox 1005 3560 1106 3614; x_wconf 82' lang='lat' dir='ltr'>tibi</span> <span class='ocrx_word' id='word_1_394' title='bbox 1132 3563 1433 3622; x_wconf 79' lang='lat' dir='ltr'>Corazaim,</span> <span class='ocrx_word' id='word_1_395' title='bbox 1475 3563 1582 3616; x_wconf 87' lang='lat' dir='ltr'>etc.</span> <span class='ocrx_word' id='word_1_396' title='bbox 1618 3561 1792 3615; x_wconf 91' lang='lat' dir='ltr'>Deni-</span> 
     </span>
    </p>
   </div>
   <div class='ocr_carea' id='block_1_52' title="bbox 196 3652 1797 3724">
    <p class='ocr_par' dir='ltr' id='par_1_52' title="bbox 196 3652 1797 3724">
     <span class='ocr_line' id='line_1_52' title="bbox 196 3652 1797 3724; baseline 0.002 -20"><span class='ocrx_word' id='word_1_397' title='bbox 196 3663 285 3718; x_wconf 82' lang='lat' dir='ltr'>que</span> <span class='ocrx_word' id='word_1_398' title='bbox 308 3667 428 3706; x_wconf 87' lang='lat' dir='ltr'>cum</span> <span class='ocrx_word' id='word_1_399' title='bbox 449 3653 626 3707; x_wconf 90' lang='lat' dir='ltr'>lectio</span> <span class='ocrx_word' id='word_1_400' title='bbox 657 3652 820 3707; x_wconf 84' lang='lat' dir='ltr'>fieret</span> <span class='ocrx_word' id='word_1_401' title='bbox 845 3669 912 3706; x_wconf 86' lang='lat' dir='ltr'>ex</span> <span class='ocrx_word' id='word_1_402' title='bbox 939 3654 1233 3723; x_wconf 85' lang='lat' dir='ltr'>Apostolo,</span> <span class='ocrx_word' id='word_1_403' title='bbox 1267 3652 1640 3724; x_wconf 87' lang='lat' dir='ltr'>pronuntiata</span> <span class='ocrx_word' id='word_1_404' title='bbox 1665 3657 1797 3708; x_wconf 89' lang='lat' dir='ltr'>sunt</span> 
     </span>
    </p>
   </div>
   <div class='ocr_carea' id='block_1_53' title="bbox 196 3742 1792 3816">
    <p class='ocr_par' dir='ltr' id='par_1_53' title="bbox 196 3742 1792 3816">
     <span class='ocr_line' id='line_1_53' title="bbox 196 3742 1792 3816; baseline 0.004 -21"><span class='ocrx_word' id='word_1_405' title='bbox 196 3742 338 3798; x_wconf 77' lang='lat' dir='ltr'>verba</span> <span class='ocrx_word' id='word_1_406' title='bbox 359 3746 450 3800; x_wconf 88' lang='lat' dir='ltr'>illa</span> <span class='ocrx_word' id='word_1_407' title='bbox 485 3763 502 3800; x_wconf 92' lang='lat'>:</span> <span class='ocrx_word' id='word_1_408' title='bbox 536 3748 623 3802; x_wconf 82' lang='lat' dir='ltr'>An</span> <span class='ocrx_word' id='word_1_409' title='bbox 649 3747 874 3801; x_wconf 79' lang='lat' dir='ltr'>divitias</span> <span class='ocrx_word' id='word_1_410' title='bbox 905 3747 1159 3801; x_wconf 85' lang='lat' dir='ltr'>bonitatis</span> <span class='ocrx_word' id='word_1_411' title='bbox 1177 3747 1308 3816; x_wconf 86' lang='lat' dir='ltr'>ejus,</span> <span class='ocrx_word' id='word_1_412' title='bbox 1337 3748 1444 3799; x_wconf 88' lang='lat' dir='ltr'>etc.</span> <span class='ocrx_word' id='word_1_413' title='bbox 1477 3744 1642 3810; x_wconf 88' lang='lat' dir='ltr'>Quod</span> <span class='ocrx_word' id='word_1_414' title='bbox 1663 3764 1792 3802; x_wconf 89' lang='lat' dir='ltr'>cum</span> 
     </span>
    </p>
   </div>
   <div class='ocr_carea' id='block_1_54' title="bbox 195 3834 1795 3912">
    <p class='ocr_par' dir='ltr' id='par_1_54' title="bbox 195 3834 1795 3912">
     <span class='ocr_line' id='line_1_54' title="bbox 195 3834 1795 3912; baseline 0.004 -23"><span class='ocrx_word' id='word_1_415' title='bbox 195 3834 251 3888; x_wconf 86' lang='lat' dir='ltr'>ab</span> <span class='ocrx_word' id='word_1_416' title='bbox 275 3839 534 3893; x_wconf 90' lang='lat' dir='ltr'>omnibus</span> <span class='ocrx_word' id='word_1_417' title='bbox 560 3839 842 3911; x_wconf 89' lang='lat' dir='ltr'>episcopis</span> <span class='ocrx_word' id='word_1_418' title='bbox 871 3839 1236 3894; x_wconf 90' lang='lat' dir='ltr'>observatum</span> <span class='ocrx_word' id='word_1_419' title='bbox 1263 3840 1482 3908; x_wconf 79' lang='lat' dir='ltr'>fuisset,</span> <span class='ocrx_word' id='word_1_420' title='bbox 1516 3857 1795 3912; x_wconf 87' lang='lat' dir='ltr'>cognove-</span> 
     </span>
    </p>
   </div>
   <div class='ocr_carea' id='block_1_55' title="bbox 196 3931 1790 4003">
    <p class='ocr_par' dir='ltr' id='par_1_55' title="bbox 196 3931 1790 4003">
     <span class='ocr_line' id='line_1_55' title="bbox 196 3931 1790 4003; baseline 0.006 -23"><span class='ocrx_word' id='word_1_421' title='bbox 196 3933 303 3982; x_wconf 88' lang='lat' dir='ltr'>runt</span> <span class='ocrx_word' id='word_1_422' title='bbox 324 3931 601 3987; x_wconf 88' lang='lat' dir='ltr'>lectiones</span> <span class='ocrx_word' id='word_1_423' title='bbox 637 3933 764 3986; x_wconf 89' lang='lat' dir='ltr'>illas</span> <span class='ocrx_word' id='word_1_424' title='bbox 793 3933 872 3987; x_wconf 91' lang='lat' dir='ltr'>sic</span> <span class='ocrx_word' id='word_1_425' title='bbox 908 3933 1240 4001; x_wconf 88' lang='lat' dir='ltr'>occurrisse,</span> <span class='ocrx_word' id='word_1_426' title='bbox 1268 3935 1494 3990; x_wconf 91' lang='lat' dir='ltr'>volente</span> <span class='ocrx_word' id='word_1_427' title='bbox 1521 3935 1790 4003; x_wconf 91' lang='lat' dir='ltr'>Domino,</span> 
     </span>
    </p>
   </div>
   <div class='ocr_carea' id='block_1_56' title="bbox 197 4021 1793 4100">
    <p class='ocr_par' dir='ltr' id='par_1_56' title="bbox 197 4021 1793 4100">
     <span class='ocr_line' id='line_1_56' title="bbox 197 4021 1793 4100; baseline 0.006 -27"><span class='ocrx_word' id='word_1_428' title='bbox 197 4024 244 4073; x_wconf 87' lang='lat' dir='ltr'>ut</span> <span class='ocrx_word' id='word_1_429' title='bbox 263 4021 458 4080; x_wconf 87' lang='lat' dir='ltr'>scirent</span> <span class='ocrx_word' id='word_1_430' title='bbox 481 4026 820 4080; x_wconf 89' lang='lat' dir='ltr'>induratum</span> <span class='ocrx_word' id='word_1_431' title='bbox 838 4043 961 4081; x_wconf 90' lang='lat' dir='ltr'>esse</span> <span class='ocrx_word' id='word_1_432' title='bbox 988 4044 1087 4082; x_wconf 92' lang='lat' dir='ltr'>cor</span> <span class='ocrx_word' id='word_1_433' title='bbox 1099 4027 1273 4098; x_wconf 91' lang='lat' dir='ltr'>regis.</span> <span class='ocrx_word' id='word_1_434' title='bbox 1297 4051 1324 4078; x_wconf 84' lang='lat'>»</span> <span class='ocrx_word' id='word_1_435' title='bbox 1355 4029 1432 4082; x_wconf 90' lang='lat' dir='ltr'>Ex</span> <span class='ocrx_word' id='word_1_436' title='bbox 1457 4029 1566 4084; x_wconf 92' lang='lat' dir='ltr'>hoc</span> <span class='ocrx_word' id='word_1_437' title='bbox 1583 4029 1793 4100; x_wconf 90' lang='lat' dir='ltr'>insigni</span> 
     </span>
    </p>
   </div>
   <div class='ocr_carea' id='block_1_57' title="bbox 194 4111 1792 4194">
    <p class='ocr_par' dir='ltr' id='par_1_57' title="bbox 194 4111 1792 4194">
     <span class='ocr_line' id='line_1_57' title="bbox 194 4111 1792 4194; baseline 0.007 -28"><span class='ocrx_word' id='word_1_438' title='bbox 194 4111 295 4169; x_wconf 87' lang='lat' dir='ltr'>loco</span> <span class='ocrx_word' id='word_1_439' title='bbox 318 4119 568 4191; x_wconf 85' lang='lat' dir='ltr'>quinque</span> <span class='ocrx_word' id='word_1_440' title='bbox 603 4119 876 4174; x_wconf 87' lang='lat' dir='ltr'>discimus</span> <span class='ocrx_word' id='word_1_441' title='bbox 922 4120 993 4174; x_wconf 91' lang='lat' dir='ltr'>de</span> <span class='ocrx_word' id='word_1_442' title='bbox 1039 4121 1277 4192; x_wconf 89' lang='lat' dir='ltr'>antiqua</span> <span class='ocrx_word' id='word_1_443' title='bbox 1321 4123 1606 4194; x_wconf 87' lang='lat' dir='ltr'>psallendi</span> <span class='ocrx_word' id='word_1_444' title='bbox 1641 4123 1792 4194; x_wconf 91' lang='lat' dir='ltr'>apud</span> 
     </span>
    </p>
   </div>
   <div class='ocr_carea' id='block_1_58' title="bbox 194 4204 1788 4288">
    <p class='ocr_par' dir='ltr' id='par_1_58' title="bbox 194 4204 1788 4288">
     <span class='ocr_line' id='line_1_58' title="bbox 194 4204 1788 4288; baseline 0.007 -29"><span class='ocrx_word' id='word_1_445' title='bbox 194 4204 575 4279; x_wconf 87' lang='lat' dir='ltr'>Lugdunenses</span> <span class='ocrx_word' id='word_1_446' title='bbox 605 4212 924 4284; x_wconf 91' lang='lat' dir='ltr'>disciplina.</span> <span class='ocrx_word' id='word_1_447' title='bbox 953 4213 1210 4268; x_wconf 90' lang='lat' dir='ltr'>Primum</span> <span class='ocrx_word' id='word_1_448' title='bbox 1231 4213 1290 4268; x_wconf 93' lang='lat' dir='ltr'>in</span> <span class='ocrx_word' id='word_1_449' title='bbox 1323 4215 1531 4288; x_wconf 85' lang='lat' dir='ltr'>vigiliis</span> <span class='ocrx_word' id='word_1_450' title='bbox 1563 4219 1788 4270; x_wconf 87' lang='lat' dir='ltr'>noctur-</span> 
     </span>
    </p>
   </div>
   <div class='ocr_carea' id='block_1_59' title="bbox 196 4298 1793 4378">
    <p class='ocr_par' dir='ltr' id='par_1_59' title="bbox 196 4298 1793 4378">
     <span class='ocr_line' id='line_1_59' title="bbox 196 4298 1793 4378; baseline 0.006 -24"><span class='ocrx_word' id='word_1_451' title='bbox 196 4298 264 4352; x_wconf 85' lang='lat' dir='ltr'>nis</span> <span class='ocrx_word' id='word_1_452' title='bbox 282 4308 519 4372; x_wconf 85' lang='lat' dir='ltr'>quatuor</span> <span class='ocrx_word' id='word_1_453' title='bbox 543 4306 856 4361; x_wconf 88' lang='lat' dir='ltr'>lectionum</span> <span class='ocrx_word' id='word_1_454' title='bbox 886 4323 1103 4378; x_wconf 90' lang='lat' dir='ltr'>genera</span> <span class='ocrx_word' id='word_1_455' title='bbox 1123 4308 1273 4362; x_wconf 87' lang='lat' dir='ltr'>facta</span> <span class='ocrx_word' id='word_1_456' title='bbox 1293 4308 1486 4377; x_wconf 86' lang='lat' dir='ltr'>fuisse,</span> <span class='ocrx_word' id='word_1_457' title='bbox 1517 4309 1793 4363; x_wconf 91' lang='lat' dir='ltr'>nimirum</span> 
     </span>
    </p>
   </div>
   <div class='ocr_carea' id='block_1_60' title="bbox 194 4395 1792 4472">
    <p class='ocr_par' dir='ltr' id='par_1_60' title="bbox 194 4395 1792 4472">
     <span class='ocr_line' id='line_1_60' title="bbox 194 4395 1792 4472; baseline 0.008 -27"><span class='ocrx_word' id='word_1_458' title='bbox 194 4407 248 4446; x_wconf 83' lang='lat' dir='ltr'>ex</span> <span class='ocrx_word' id='word_1_459' title='bbox 277 4395 680 4468; x_wconf 86' lang='lat' dir='ltr'>Heptateucho,</span> <span class='ocrx_word' id='word_1_460' title='bbox 709 4418 777 4454; x_wconf 85' lang='lat' dir='ltr'>ex</span> <span class='ocrx_word' id='word_1_461' title='bbox 814 4401 1134 4472; x_wconf 89' lang='lat' dir='ltr'>Prophetis,</span> <span class='ocrx_word' id='word_1_462' title='bbox 1167 4418 1233 4456; x_wconf 89' lang='lat' dir='ltr'>ex</span> <span class='ocrx_word' id='word_1_463' title='bbox 1263 4403 1592 4472; x_wconf 90' lang='lat' dir='ltr'>Evangelio,</span> <span class='ocrx_word' id='word_1_464' title='bbox 1623 4407 1682 4456; x_wconf 85' lang='lat' dir='ltr'>et</span> <span class='ocrx_word' id='word_1_465' title='bbox 1725 4421 1792 4458; x_wconf 89' lang='lat' dir='ltr'>ex</span> 
     </span>
    </p>
   </div>
   <div class='ocr_carea' id='block_1_61' title="bbox 1901 1882 3531 1958">
    <p class='ocr_par' dir='ltr' id='par_1_61' title="bbox 1901 1882 3531 1958">
     <span class='ocr_line' id='line_1_61' title="bbox 1901 1882 3531 1958; baseline -0.003 -18"><span class='ocrx_word' id='word_1_466' title='bbox 1901 1887 2282 1958; x_wconf 90' lang='lat' dir='ltr'>quorumdam</span> <span class='ocrx_word' id='word_1_467' title='bbox 2314 1885 2508 1941; x_wconf 82' lang='lat' dir='ltr'>Galliae</span> <span class='ocrx_word' id='word_1_468' title='bbox 2537 1883 2930 1952; x_wconf 87' lang='lat' dir='ltr'>conciliorum,</span> <span class='ocrx_word' id='word_1_469' title='bbox 2964 1887 3025 1937; x_wconf 92' lang='lat' dir='ltr'>ut</span> <span class='ocrx_word' id='word_1_470' title='bbox 3049 1882 3413 1954; x_wconf 82' lang='lat' dir='ltr'>Agathensis,</span> <span class='ocrx_word' id='word_1_471' title='bbox 3439 1899 3531 1936; x_wconf 86' lang='lat' dir='ltr'>ca-</span> 
     </span>
    </p>
   </div>
   <div class='ocr_carea' id='block_1_62' title="bbox 1901 1974 3534 2046">
    <p class='ocr_par' dir='ltr' id='par_1_62' title="bbox 1901 1974 3534 2046">
     <span class='ocr_line' id='line_1_62' title="bbox 1901 1974 3534 2046; baseline -0.004 -13"><span class='ocrx_word' id='word_1_472' title='bbox 1901 1996 2052 2034; x_wconf 89' lang='lat' dir='ltr'>none</span> <span class='ocrx_word' id='word_1_473' title='bbox 2084 1983 2170 2046; x_wconf 91' lang='lat'>30,</span> <span class='ocrx_word' id='word_1_474' title='bbox 2201 1982 2260 2032; x_wconf 90' lang='lat' dir='ltr'>et</span> <span class='ocrx_word' id='word_1_475' title='bbox 2295 1978 2658 2044; x_wconf 87' lang='lat' dir='ltr'>Turonensis,</span> <span class='ocrx_word' id='word_1_476' title='bbox 2700 1993 2924 2032; x_wconf 88' lang='lat' dir='ltr'>canone</span> <span class='ocrx_word' id='word_1_477' title='bbox 2958 1978 3045 2042; x_wconf 79' lang='lat'>23,</span> <span class='ocrx_word' id='word_1_478' title='bbox 3088 1975 3188 2028; x_wconf 86' lang='lat' dir='ltr'>ubi</span> <span class='ocrx_word' id='word_1_479' title='bbox 3221 1974 3443 2045; x_wconf 86' lang='lat' dir='ltr'>hymni,</span> <span class='ocrx_word' id='word_1_480' title='bbox 3477 1978 3534 2028; x_wconf 86' lang='lat' dir='ltr'>et</span> 
     </span>
    </p>
   </div>
   <div class='ocr_carea' id='block_1_63' title="bbox 1901 2067 3528 2144">
    <p class='ocr_par' dir='ltr' id='par_1_63' title="bbox 1901 2067 3528 2144">
     <span class='ocr_line' id='line_1_63' title="bbox 1901 2067 3528 2144; baseline -0.004 -18"><span class='ocrx_word' id='word_1_481' title='bbox 1901 2072 2136 2144; x_wconf 89' lang='lat' dir='ltr'>quidem</span> <span class='ocrx_word' id='word_1_482' title='bbox 2162 2071 2532 2126; x_wconf 85' lang='lat' dir='ltr'>Ambrosiani</span> <span class='ocrx_word' id='word_1_483' title='bbox 2555 2071 2626 2126; x_wconf 89' lang='lat' dir='ltr'>ad</span> <span class='ocrx_word' id='word_1_484' title='bbox 2657 2069 3042 2125; x_wconf 86' lang='lat' dir='ltr'>ecclesiastica</span> <span class='ocrx_word' id='word_1_485' title='bbox 3063 2067 3254 2122; x_wconf 83' lang='lat' dir='ltr'>ofﬁcia</span> <span class='ocrx_word' id='word_1_486' title='bbox 3279 2067 3528 2138; x_wconf 89' lang='lat' dir='ltr'>proban-</span> 
     </span>
    </p>
   </div>
   <div class='ocr_carea' id='block_1_64' title="bbox 1899 2165 3531 2237">
    <p class='ocr_par' dir='ltr' id='par_1_64' title="bbox 1899 2165 3531 2237">
     <span class='ocr_line' id='line_1_64' title="bbox 1899 2165 3531 2237; baseline -0.002 -15"><span class='ocrx_word' id='word_1_487' title='bbox 1899 2172 2011 2235; x_wconf 86' lang='lat' dir='ltr'>tur,</span> <span class='ocrx_word' id='word_1_488' title='bbox 2038 2169 2155 2223; x_wconf 90' lang='lat' dir='ltr'>imo</span> <span class='ocrx_word' id='word_1_489' title='bbox 2184 2171 2244 2222; x_wconf 92' lang='lat' dir='ltr'>et</span> <span class='ocrx_word' id='word_1_490' title='bbox 2269 2168 2515 2237; x_wconf 75' lang='lat' dir='ltr'>aliorum</span> <span class='ocrx_word' id='word_1_491' title='bbox 2544 2171 2872 2236; x_wconf 90' lang='lat' dir='ltr'>auctorum,</span> <span class='ocrx_word' id='word_1_492' title='bbox 2899 2169 2994 2236; x_wconf 85' lang='lat' dir='ltr'>qui</span> <span class='ocrx_word' id='word_1_493' title='bbox 3017 2166 3174 2235; x_wconf 85' lang='lat' dir='ltr'>digni</span> <span class='ocrx_word' id='word_1_494' title='bbox 3201 2169 3329 2219; x_wconf 85' lang='lat' dir='ltr'>sunt</span> <span class='ocrx_word' id='word_1_495' title='bbox 3349 2165 3531 2231; x_wconf 82' lang='lat' dir='ltr'>forma</span> 
     </span>
    </p>
   </div>
   <div class='ocr_carea' id='block_1_65' title="bbox 1898 2241 3527 2334">
    <p class='ocr_par' dir='ltr' id='par_1_65' title="bbox 1898 2241 3527 2334">
     <span class='ocr_line' id='line_1_65' title="bbox 1898 2241 3527 2334; baseline -0.003 -20"><span class='ocrx_word' id='word_1_496' title='bbox 1898 2265 2134 2316; x_wconf 82' lang='lat' dir='ltr'>cantari.</span> <span class='ocrx_word' id='word_1_497' title='bbox 2160 2241 2498 2332; x_wconf 82' lang='lat' dir='ltr'>Agobardus</span> <span class='ocrx_word' id='word_1_498' title='bbox 2531 2259 2719 2334; x_wconf 74' lang='grc'>401</span> <span class='ocrx_word' id='word_1_499' title='bbox 2759 2259 2940 2326; x_wconf 89' lang='lat' dir='ltr'>addit,</span> <span class='ocrx_word' id='word_1_500' title='bbox 2970 2257 3144 2312; x_wconf 89' lang='lat' dir='ltr'>cuivis</span> <span class='ocrx_word' id='word_1_501' title='bbox 3173 2259 3374 2311; x_wconf 89' lang='lat' dir='ltr'>contra</span> <span class='ocrx_word' id='word_1_502' title='bbox 3399 2273 3527 2310; x_wconf 92' lang='lat' dir='ltr'>sen-</span> 
     </span>
    </p>
   </div>
   <div class='ocr_carea' id='block_1_66' title="bbox 1901 2349 3533 2424">
    <p class='ocr_par' dir='ltr' id='par_1_66' title="bbox 1901 2349 3533 2424">
     <span class='ocr_line' id='line_1_66' title="bbox 1901 2349 3533 2424; baseline -0.004 -16"><span class='ocrx_word' id='word_1_503' title='bbox 1901 2354 2066 2408; x_wconf 91' lang='lat' dir='ltr'>tienti</span> <span class='ocrx_word' id='word_1_504' title='bbox 2101 2355 2360 2408; x_wconf 84' lang='lat' dir='ltr'>sufficere</span> <span class='ocrx_word' id='word_1_505' title='bbox 2399 2354 2629 2422; x_wconf 89' lang='lat' dir='ltr'>debere,</span> <span class='ocrx_word' id='word_1_506' title='bbox 2659 2353 2816 2424; x_wconf 90' lang='lat' dir='ltr'>quod</span> <span class='ocrx_word' id='word_1_507' title='bbox 2863 2374 2892 2401; x_wconf 83' lang='lat'><strong>«</strong></span> <span class='ocrx_word' id='word_1_508' title='bbox 2931 2351 3075 2406; x_wconf 90' lang='lat' dir='ltr'>sicut</span> <span class='ocrx_word' id='word_1_509' title='bbox 3116 2350 3176 2404; x_wconf 92' lang='lat' dir='ltr'>in</span> <span class='ocrx_word' id='word_1_510' title='bbox 3217 2349 3418 2402; x_wconf 87' lang='lat' dir='ltr'>diebus</span> <span class='ocrx_word' id='word_1_511' title='bbox 3459 2349 3533 2402; x_wconf 91' lang='lat' dir='ltr'>ad</span> 
     </span>
    </p>
   </div>
   <div class='ocr_carea' id='block_1_67' title="bbox 1898 2441 3528 2517">
    <p class='ocr_par' dir='ltr' id='par_1_67' title="bbox 1898 2441 3528 2517">
     <span class='ocr_line' id='line_1_67' title="bbox 1898 2441 3528 2517; baseline -0.004 -16"><span class='ocrx_word' id='word_1_512' title='bbox 1898 2447 2100 2502; x_wconf 89' lang='lat' dir='ltr'>missas</span> <span class='ocrx_word' id='word_1_513' title='bbox 2152 2447 2383 2502; x_wconf 89' lang='lat' dir='ltr'>nonnisi</span> <span class='ocrx_word' id='word_1_514' title='bbox 2423 2446 2616 2501; x_wconf 90' lang='lat' dir='ltr'>divina</span> <span class='ocrx_word' id='word_1_515' title='bbox 2659 2445 3010 2517; x_wconf 88' lang='lat' dir='ltr'>generaliter</span> <span class='ocrx_word' id='word_1_516' title='bbox 3045 2441 3275 2514; x_wconf 89' lang='lat' dir='ltr'>eloquia</span> <span class='ocrx_word' id='word_1_517' title='bbox 3317 2441 3528 2495; x_wconf 87' lang='lat' dir='ltr'>decan-</span> 
     </span>
    </p>
   </div>
   <div class='ocr_carea' id='block_1_68' title="bbox 1897 2533 3526 2608">
    <p class='ocr_par' dir='ltr' id='par_1_68' title="bbox 1897 2533 3526 2608">
     <span class='ocr_line' id='line_1_68' title="bbox 1897 2533 3526 2608; baseline -0.004 -15"><span class='ocrx_word' id='word_1_518' title='bbox 1897 2543 2112 2608; x_wconf 89' lang='lat' dir='ltr'>tantur,</span> <span class='ocrx_word' id='word_1_519' title='bbox 2136 2540 2217 2594; x_wconf 92' lang='lat' dir='ltr'>ita</span> <span class='ocrx_word' id='word_1_520' title='bbox 2231 2544 2290 2594; x_wconf 88' lang='lat' dir='ltr'>et</span> <span class='ocrx_word' id='word_1_521' title='bbox 2307 2540 2365 2594; x_wconf 91' lang='lat' dir='ltr'>in</span> <span class='ocrx_word' id='word_1_522' title='bbox 2379 2539 2643 2595; x_wconf 89' lang='lat' dir='ltr'>noctibus</span> <span class='ocrx_word' id='word_1_523' title='bbox 2665 2538 2739 2593; x_wconf 89' lang='lat' dir='ltr'>ad</span> <span class='ocrx_word' id='word_1_524' title='bbox 2768 2554 2957 2592; x_wconf 89' lang='lat' dir='ltr'>sacras</span> <span class='ocrx_word' id='word_1_525' title='bbox 2978 2538 3098 2591; x_wconf 92' lang='lat' dir='ltr'>Deo</span> <span class='ocrx_word' id='word_1_526' title='bbox 3119 2533 3353 2606; x_wconf 85' lang='lat' dir='ltr'>Vigilias</span> <span class='ocrx_word' id='word_1_527' title='bbox 3373 2533 3526 2588; x_wconf 87' lang='lat' dir='ltr'>exhi-</span> 
     </span>
    </p>
   </div>
   <div class='ocr_carea' id='block_1_69' title="bbox 1897 2627 3531 2703">
    <p class='ocr_par' dir='ltr' id='par_1_69' title="bbox 1897 2627 3531 2703">
     <span class='ocr_line' id='line_1_69' title="bbox 1897 2627 3531 2703; baseline -0.004 -17"><span class='ocrx_word' id='word_1_528' title='bbox 1897 2632 2118 2688; x_wconf 89' lang='lat' dir='ltr'>bendas</span> <span class='ocrx_word' id='word_1_529' title='bbox 2139 2650 2208 2687; x_wconf 86' lang='lat' dir='ltr'>ea</span> <span class='ocrx_word' id='word_1_530' title='bbox 2228 2634 2426 2703; x_wconf 91' lang='lat' dir='ltr'>procul</span> <span class='ocrx_word' id='word_1_531' title='bbox 2448 2631 2622 2692; x_wconf 81' lang='lat' dir='ltr'>dubio</span> <span class='ocrx_word' id='word_1_532' title='bbox 2651 2633 2738 2686; x_wconf 85' lang='lat' dir='ltr'>lex</span> <span class='ocrx_word' id='word_1_533' title='bbox 2760 2631 2967 2685; x_wconf 89' lang='lat' dir='ltr'>debeat</span> <span class='ocrx_word' id='word_1_534' title='bbox 2987 2628 3294 2684; x_wconf 88' lang='lat' dir='ltr'>observari.</span> <span class='ocrx_word' id='word_1_535' title='bbox 3322 2649 3350 2676; x_wconf 85' lang='lat'>»</span> <span class='ocrx_word' id='word_1_536' title='bbox 3375 2627 3531 2682; x_wconf 89' lang='lat' dir='ltr'>Idem</span> 
     </span>
    </p>
   </div>
   <div class='ocr_carea' id='block_1_70' title="bbox 1891 2719 3528 2796">
    <p class='ocr_par' dir='ltr' id='par_1_70' title="bbox 1891 2719 3528 2796">
     <span class='ocr_line' id='line_1_70' title="bbox 1891 2719 3528 2796; baseline -0.002 -20"><span class='ocrx_word' id='word_1_537' title='bbox 1891 2727 2173 2796; x_wconf 87' lang='lat' dir='ltr'>.probatin</span> <span class='ocrx_word' id='word_1_538' title='bbox 2193 2725 2612 2796; x_wconf 90' lang='lat' dir='ltr'>sequentilibro</span> <span class='ocrx_word' id='word_1_539' title='bbox 2633 2724 2704 2777; x_wconf 93' lang='lat' dir='ltr'>de</span> <span class='ocrx_word' id='word_1_540' title='bbox 2723 2721 3089 2778; x_wconf 88' lang='lat' dir='ltr'>Correctione</span> <span class='ocrx_word' id='word_1_541' title='bbox 3101 2719 3528 2790; x_wconf 89' lang='lat' dir='ltr'>Antiphonarii,</span> 
     </span>
    </p>
   </div>
   <div class='ocr_carea' id='block_1_71' title="bbox 1899 2811 3524 2886">
    <p class='ocr_par' dir='ltr' id='par_1_71' title="bbox 1899 2811 3524 2886">
     <span class='ocr_line' id='line_1_71' title="bbox 1899 2811 3524 2886; baseline -0.005 -13"><span class='ocrx_word' id='word_1_542' title='bbox 1899 2819 1996 2873; x_wconf 90' lang='lat' dir='ltr'>ubi</span> <span class='ocrx_word' id='word_1_543' title='bbox 2024 2819 2146 2872; x_wconf 63' lang='lat' dir='ltr'>hinc</span> <span class='ocrx_word' id='word_1_544' title='bbox 2173 2818 2372 2872; x_wconf 91' lang='lat' dir='ltr'>verba:</span> <span class='ocrx_word' id='word_1_545' title='bbox 2399 2839 2425 2866; x_wconf 90' lang='grc'><em>‹‹</em></span> <span class='ocrx_word' id='word_1_546' title='bbox 2453 2819 2576 2872; x_wconf 89' lang='lat' dir='ltr'>Non</span> <span class='ocrx_word' id='word_1_547' title='bbox 2607 2831 2746 2886; x_wconf 87' lang='lat' dir='ltr'>ergo</span> <span class='ocrx_word' id='word_1_548' title='bbox 2777 2815 3166 2886; x_wconf 87' lang='lat' dir='ltr'>cujuscunque</span> <span class='ocrx_word' id='word_1_549' title='bbox 3213 2811 3524 2882; x_wconf 85' lang='lat' dir='ltr'>ﬁgmentis,</span> 
     </span>
    </p>
   </div>
   <div class='ocr_carea' id='block_1_72' title="bbox 1898 2903 3529 2982">
    <p class='ocr_par' dir='ltr' id='par_1_72' title="bbox 1898 2903 3529 2982">
     <span class='ocr_line' id='line_1_72' title="bbox 1898 2903 3529 2982; baseline -0.006 -16"><span class='ocrx_word' id='word_1_550' title='bbox 1898 2911 1998 2966; x_wconf 92' lang='lat' dir='ltr'>sed</span> <span class='ocrx_word' id='word_1_551' title='bbox 2019 2911 2261 2982; x_wconf 91' lang='lat' dir='ltr'>Spiritus</span> <span class='ocrx_word' id='word_1_552' title='bbox 2281 2911 2461 2965; x_wconf 90' lang='lat' dir='ltr'>sancti</span> <span class='ocrx_word' id='word_1_553' title='bbox 2483 2908 2726 2980; x_wconf 91' lang='lat' dir='ltr'>eloquiis</span> <span class='ocrx_word' id='word_1_554' title='bbox 2741 2909 3001 2978; x_wconf 84' lang='lat' dir='ltr'>Majestas</span> <span class='ocrx_word' id='word_1_555' title='bbox 3027 2906 3220 2961; x_wconf 88' lang='lat' dir='ltr'>divina</span> <span class='ocrx_word' id='word_1_556' title='bbox 3238 2903 3529 2960; x_wconf 88' lang='lat' dir='ltr'>laudanda</span> 
     </span>
    </p>
   </div>
   <div class='ocr_carea' id='block_1_73' title="bbox 1899 2997 3530 3075">
    <p class='ocr_par' dir='ltr' id='par_1_73' title="bbox 1899 2997 3530 3075">
     <span class='ocr_line' id='line_1_73' title="bbox 1899 2997 3530 3075; baseline -0.005 -17"><span class='ocrx_word' id='word_1_557' title='bbox 1899 3009 2000 3058; x_wconf 88' lang='lat' dir='ltr'>est.</span> <span class='ocrx_word' id='word_1_558' title='bbox 2053 3027 2080 3053; x_wconf 84' lang='lat'>»</span> <span class='ocrx_word' id='word_1_559' title='bbox 2119 3006 2188 3058; x_wconf 89' lang='lat' dir='ltr'>Et</span> <span class='ocrx_word' id='word_1_560' title='bbox 2223 3005 2394 3075; x_wconf 90' lang='lat' dir='ltr'>paulo</span> <span class='ocrx_word' id='word_1_561' title='bbox 2429 3006 2559 3074; x_wconf 92' lang='lat' dir='ltr'>post</span> <span class='ocrx_word' id='word_1_562' title='bbox 2594 3001 2793 3056; x_wconf 88' lang='lat' dir='ltr'>laudat</span> <span class='ocrx_word' id='word_1_563' title='bbox 2837 3000 3120 3072; x_wconf 90' lang='lat' dir='ltr'>quosdam</span> <span class='ocrx_word' id='word_1_564' title='bbox 3165 3020 3193 3049; x_wconf 87' lang='grc'>‹‹</span> <span class='ocrx_word' id='word_1_565' title='bbox 3229 2997 3530 3069; x_wconf 89' lang='lat' dir='ltr'>religiosos</span> 
     </span>
    </p>
   </div>
   <div class='ocr_carea' id='block_1_74' title="bbox 1897 3081 3531 3168">
    <p class='ocr_par' dir='ltr' id='par_1_74' title="bbox 1897 3081 3531 3168">
     <span class='ocr_line' id='line_1_74' title="bbox 1897 3081 3531 3168; baseline -0.002 -19"><span class='ocrx_word' id='word_1_566' title='bbox 1897 3097 2068 3165; x_wconf 87' lang='lat' dir='ltr'>viros,</span> <span class='ocrx_word' id='word_1_567' title='bbox 2091 3097 2188 3168; x_wconf 91' lang='lat' dir='ltr'>qui</span> <span class='ocrx_word' id='word_1_568' title='bbox 2211 3096 2480 3167; x_wconf 91' lang='lat' dir='ltr'>subjectis</span> <span class='ocrx_word' id='word_1_569' title='bbox 2505 3095 2612 3150; x_wconf 90' lang='lat' dir='ltr'>sibi</span> <span class='ocrx_word' id='word_1_570' title='bbox 2634 3081 2904 3150; x_wconf 85' lang='lat' dir='ltr'>fratribus</span> <span class='ocrx_word' id='word_1_571' title='bbox 2927 3096 3281 3166; x_wconf 64' lang='lat' dir='ltr'>prmeeptum</span> <span class='ocrx_word' id='word_1_572' title='bbox 3300 3092 3414 3145; x_wconf 88' lang='lat' dir='ltr'>tale</span> <span class='ocrx_word' id='word_1_573' title='bbox 3436 3091 3531 3146; x_wconf 91' lang='lat' dir='ltr'>de-</span> 
     </span>
    </p>
   </div>
   <div class='ocr_carea' id='block_1_75' title="bbox 1897 3185 3529 3260">
    <p class='ocr_par' dir='ltr' id='par_1_75' title="bbox 1897 3185 3529 3260">
     <span class='ocr_line' id='line_1_75' title="bbox 1897 3185 3529 3260; baseline -0.004 -16"><span class='ocrx_word' id='word_1_574' title='bbox 1897 3190 2127 3258; x_wconf 89' lang='lat' dir='ltr'>derunt,</span> <span class='ocrx_word' id='word_1_575' title='bbox 2149 3212 2177 3239; x_wconf 88' lang='grc'>››</span> <span class='ocrx_word' id='word_1_576' title='bbox 2203 3194 2264 3244; x_wconf 88' lang='lat' dir='ltr'>ut</span> <span class='ocrx_word' id='word_1_577' title='bbox 2296 3212 2325 3240; x_wconf 86' lang='lat'><strong>«</strong></span> <span class='ocrx_word' id='word_1_578' title='bbox 2355 3191 2542 3244; x_wconf 92' lang='lat' dir='ltr'>nullus</span> <span class='ocrx_word' id='word_1_579' title='bbox 2569 3191 2883 3260; x_wconf 68' lang='lat' dir='ltr'>praesumat</span> <span class='ocrx_word' id='word_1_580' title='bbox 2896 3185 3280 3258; x_wconf 89' lang='lat' dir='ltr'>responsoria,</span> <span class='ocrx_word' id='word_1_581' title='bbox 3305 3187 3404 3239; x_wconf 90' lang='lat' dir='ltr'>aut</span> <span class='ocrx_word' id='word_1_582' title='bbox 3432 3201 3529 3238; x_wconf 89' lang='lat' dir='ltr'>an-</span> 
     </span>
    </p>
   </div>
   <div class='ocr_carea' id='block_1_76' title="bbox 1897 3277 3525 3354">
    <p class='ocr_par' dir='ltr' id='par_1_76' title="bbox 1897 3277 3525 3354">
     <span class='ocr_line' id='line_1_76' title="bbox 1897 3277 3525 3354; baseline -0.005 -16"><span class='ocrx_word' id='word_1_583' title='bbox 1897 3284 2184 3354; x_wconf 89' lang='lat' dir='ltr'>tiphonas,</span> <span class='ocrx_word' id='word_1_584' title='bbox 2199 3299 2327 3354; x_wconf 67' lang='lat' dir='ltr'>quae</span> <span class='ocrx_word' id='word_1_585' title='bbox 2340 3284 2525 3337; x_wconf 91' lang='lat' dir='ltr'>solent</span> <span class='ocrx_word' id='word_1_586' title='bbox 2537 3281 2710 3352; x_wconf 87' lang='lat' dir='ltr'>aliqui</span> <span class='ocrx_word' id='word_1_587' title='bbox 2723 3280 3044 3352; x_wconf 90' lang='lat' dir='ltr'>composito</span> <span class='ocrx_word' id='word_1_588' title='bbox 3059 3295 3200 3334; x_wconf 87' lang='lat' dir='ltr'>sono</span> <span class='ocrx_word' id='word_1_589' title='bbox 3217 3293 3322 3348; x_wconf 89' lang='lat' dir='ltr'>pro</span> <span class='ocrx_word' id='word_1_590' title='bbox 3340 3277 3525 3344; x_wconf 90' lang='lat' dir='ltr'>libitu,</span> 
     </span>
    </p>
   </div>
   <div class='ocr_carea' id='block_1_77' title="bbox 1897 3370 3530 3446">
    <p class='ocr_par' dir='ltr' id='par_1_77' title="bbox 1897 3370 3530 3446">
     <span class='ocr_line' id='line_1_77' title="bbox 1897 3370 3530 3446; baseline -0.004 -16"><span class='ocrx_word' id='word_1_591' title='bbox 1897 3394 2014 3432; x_wconf 92' lang='lat' dir='ltr'>non</span> <span class='ocrx_word' id='word_1_592' title='bbox 2042 3394 2108 3430; x_wconf 87' lang='lat' dir='ltr'>ex</span> <span class='ocrx_word' id='word_1_593' title='bbox 2133 3375 2408 3431; x_wconf 89' lang='lat' dir='ltr'>canonica</span> <span class='ocrx_word' id='word_1_594' title='bbox 2433 3375 2725 3446; x_wconf 72' lang='lat' dir='ltr'>Scriptura</span> <span class='ocrx_word' id='word_1_595' title='bbox 2751 3376 3046 3443; x_wconf 89' lang='lat' dir='ltr'>assumpta</span> <span class='ocrx_word' id='word_1_596' title='bbox 3067 3387 3294 3436; x_wconf 88' lang='lat' dir='ltr'>canere,</span> <span class='ocrx_word' id='word_1_597' title='bbox 3313 3370 3374 3424; x_wconf 91' lang='lat' dir='ltr'>in</span> <span class='ocrx_word' id='word_1_598' title='bbox 3397 3386 3530 3425; x_wconf 86' lang='lat' dir='ltr'>con-</span> 
     </span>
    </p>
   </div>
   <div class='ocr_carea' id='block_1_78' title="bbox 1896 3462 3526 3541">
    <p class='ocr_par' dir='ltr' id='par_1_78' title="bbox 1896 3462 3526 3541">
     <span class='ocr_line' id='line_1_78' title="bbox 1896 3462 3526 3541; baseline -0.005 -17"><span class='ocrx_word' id='word_1_599' title='bbox 1896 3470 2237 3541; x_wconf 88' lang='lat' dir='ltr'>gregatione</span> <span class='ocrx_word' id='word_1_600' title='bbox 2260 3469 2368 3522; x_wconf 89' lang='lat' dir='ltr'>ista</span> <span class='ocrx_word' id='word_1_601' title='bbox 2382 3469 2470 3522; x_wconf 91' lang='lat' dir='ltr'>vel</span> <span class='ocrx_word' id='word_1_602' title='bbox 2492 3466 2780 3532; x_wconf 91' lang='lat' dir='ltr'>meditari,</span> <span class='ocrx_word' id='word_1_603' title='bbox 2803 3466 2891 3518; x_wconf 89' lang='lat' dir='ltr'>vel</span> <span class='ocrx_word' id='word_1_604' title='bbox 2905 3465 3112 3519; x_wconf 91' lang='lat' dir='ltr'>dicere.</span> <span class='ocrx_word' id='word_1_605' title='bbox 3139 3484 3167 3512; x_wconf 85' lang='grc'><strong>››</strong></span> <span class='ocrx_word' id='word_1_606' title='bbox 3194 3463 3333 3526; x_wconf 64' lang='lat' dir='ltr'>Quae</span> <span class='ocrx_word' id='word_1_607' title='bbox 3351 3462 3526 3516; x_wconf 82' lang='lat' dir='ltr'>verba</span> 
     </span>
    </p>
   </div>
   <div class='ocr_carea' id='block_1_79' title="bbox 1895 3555 3524 3628">
    <p class='ocr_par' dir='ltr' id='par_1_79' title="bbox 1895 3555 3524 3628">
     <span class='ocr_line' id='line_1_79' title="bbox 1895 3555 3524 3628; baseline -0.006 -11"><span class='ocrx_word' id='word_1_608' title='bbox 1895 3566 2027 3617; x_wconf 91' lang='lat' dir='ltr'>sunt</span> <span class='ocrx_word' id='word_1_609' title='bbox 2066 3565 2395 3616; x_wconf 88' lang='lat' dir='ltr'>sanctorum</span> <span class='ocrx_word' id='word_1_610' title='bbox 2427 3559 2586 3614; x_wconf 89' lang='lat' dir='ltr'>Pauli</span> <span class='ocrx_word' id='word_1_611' title='bbox 2627 3562 2684 3611; x_wconf 92' lang='lat' dir='ltr'>et</span> <span class='ocrx_word' id='word_1_612' title='bbox 2730 3556 3008 3628; x_wconf 89' lang='lat' dir='ltr'>Stephani</span> <span class='ocrx_word' id='word_1_613' title='bbox 3057 3555 3115 3609; x_wconf 92' lang='lat' dir='ltr'>in</span> <span class='ocrx_word' id='word_1_614' title='bbox 3157 3555 3369 3625; x_wconf 74' lang='lat' dir='ltr'>regula:</span> <span class='ocrx_word' id='word_1_615' title='bbox 3406 3569 3524 3608; x_wconf 65' lang='lat' dir='ltr'>sum</span> 
     </span>
    </p>
   </div>
   <div class='ocr_carea' id='block_1_80' title="bbox 1896 3647 3522 3726">
    <p class='ocr_par' dir='ltr' id='par_1_80' title="bbox 1896 3647 3522 3726">
     <span class='ocr_line' id='line_1_80' title="bbox 1896 3647 3522 3726; baseline -0.005 -17"><span class='ocrx_word' id='word_1_616' title='bbox 1896 3673 2020 3726; x_wconf 88' lang='lat' dir='ltr'>cap.</span> <span class='ocrx_word' id='word_1_617' title='bbox 2063 3656 2146 3709; x_wconf 84' lang='grc'><strong>14.</strong></span> <span class='ocrx_word' id='word_1_618' title='bbox 2185 3655 2431 3708; x_wconf 89' lang='lat' dir='ltr'>Demum</span> <span class='ocrx_word' id='word_1_619' title='bbox 2461 3652 2541 3706; x_wconf 88' lang='lat' dir='ltr'>ita</span> <span class='ocrx_word' id='word_1_620' title='bbox 2576 3649 2864 3705; x_wconf 89' lang='lat' dir='ltr'>concludit</span> <span class='ocrx_word' id='word_1_621' title='bbox 2901 3648 3282 3720; x_wconf 84' lang='lat' dir='ltr'>Agobardus:</span> <span class='ocrx_word' id='word_1_622' title='bbox 3316 3670 3343 3697; x_wconf 90' lang='grc'><em>‹‹</em></span> <span class='ocrx_word' id='word_1_623' title='bbox 3372 3647 3522 3711; x_wconf 87' lang='lat' dir='ltr'>Qua-</span> 
     </span>
    </p>
   </div>
   <div class='ocr_carea' id='block_1_81' title="bbox 1895 3741 3527 3821">
    <p class='ocr_par' dir='ltr' id='par_1_81' title="bbox 1895 3741 3527 3821">
     <span class='ocr_line' id='line_1_81' title="bbox 1895 3741 3527 3821; baseline -0.006 -18"><span class='ocrx_word' id='word_1_624' title='bbox 1895 3753 2149 3821; x_wconf 90' lang='lat' dir='ltr'>propter,</span> <span class='ocrx_word' id='word_1_625' title='bbox 2183 3747 2490 3802; x_wconf 83' lang='lat' dir='ltr'>auxiliante</span> <span class='ocrx_word' id='word_1_626' title='bbox 2518 3745 2619 3800; x_wconf 91' lang='lat' dir='ltr'>Dei</span> <span class='ocrx_word' id='word_1_627' title='bbox 2639 3744 2847 3814; x_wconf 87' lang='lat' dir='ltr'>gratia,</span> <span class='ocrx_word' id='word_1_628' title='bbox 2879 3742 3040 3798; x_wconf 91' lang='lat' dir='ltr'>omni</span> <span class='ocrx_word' id='word_1_629' title='bbox 3068 3741 3256 3797; x_wconf 89' lang='lat' dir='ltr'>studio</span> <span class='ocrx_word' id='word_1_630' title='bbox 3296 3741 3527 3812; x_wconf 87' lang='lat' dir='ltr'>pietatis</span> 
     </span>
    </p>
   </div>
   <div class='ocr_carea' id='block_1_82' title="bbox 1895 3834 3521 3912">
    <p class='ocr_par' dir='ltr' id='par_1_82' title="bbox 1895 3834 3521 3912">
     <span class='ocr_line' id='line_1_82' title="bbox 1895 3834 3521 3912; baseline -0.004 -16"><span class='ocrx_word' id='word_1_631' title='bbox 1895 3841 2226 3897; x_wconf 90' lang='lat' dir='ltr'>instandum</span> <span class='ocrx_word' id='word_1_632' title='bbox 2257 3843 2429 3912; x_wconf 73' lang='lat' dir='ltr'>atque</span> <span class='ocrx_word' id='word_1_633' title='bbox 2463 3838 2887 3896; x_wconf 89' lang='lat' dir='ltr'>observandum</span> <span class='ocrx_word' id='word_1_634' title='bbox 2919 3840 3022 3901; x_wconf 87' lang='lat' dir='ltr'>est,</span> <span class='ocrx_word' id='word_1_635' title='bbox 3055 3840 3118 3890; x_wconf 91' lang='lat' dir='ltr'>ut</span> <span class='ocrx_word' id='word_1_636' title='bbox 3147 3835 3292 3891; x_wconf 90' lang='lat' dir='ltr'>sicut</span> <span class='ocrx_word' id='word_1_637' title='bbox 3325 3834 3401 3890; x_wconf 92' lang='lat' dir='ltr'>ad</span> <span class='ocrx_word' id='word_1_638' title='bbox 3429 3851 3521 3890; x_wconf 83' lang='lat' dir='ltr'>ce-</span> 
     </span>
    </p>
   </div>
   <div class='ocr_carea' id='block_1_83' title="bbox 1894 3929 3520 3990">
    <p class='ocr_par' dir='ltr' id='par_1_83' title="bbox 1894 3929 3520 3990">
     <span class='ocr_line' id='line_1_83' title="bbox 1894 3929 3520 3990; baseline -0.004 0"><span class='ocrx_word' id='word_1_639' title='bbox 1894 3935 2173 3990; x_wconf 88' lang='lat' dir='ltr'>lebranda</span> <span class='ocrx_word' id='word_1_640' title='bbox 2197 3935 2502 3989; x_wconf 88' lang='lat' dir='ltr'>missarum</span> <span class='ocrx_word' id='word_1_641' title='bbox 2533 3932 2816 3988; x_wconf 89' lang='lat' dir='ltr'>solemnia</span> <span class='ocrx_word' id='word_1_642' title='bbox 2840 3931 3015 3986; x_wconf 88' lang='lat' dir='ltr'>habet</span> <span class='ocrx_word' id='word_1_643' title='bbox 3037 3930 3286 3985; x_wconf 90' lang='lat' dir='ltr'>Ecclesia</span> <span class='ocrx_word' id='word_1_644' title='bbox 3310 3929 3520 3984; x_wconf 91' lang='lat' dir='ltr'>librum</span> 
     </span>
    </p>
   </div>
   <div class='ocr_carea' id='block_1_84' title="bbox 1895 4023 3522 4101">
    <p class='ocr_par' dir='ltr' id='par_1_84' title="bbox 1895 4023 3522 4101">
     <span class='ocr_line' id='line_1_84' title="bbox 1895 4023 3522 4101; baseline -0.005 -17"><span class='ocrx_word' id='word_1_645' title='bbox 1895 4029 2303 4101; x_wconf 79' lang='lat' dir='ltr'>mysteriorum</span> <span class='ocrx_word' id='word_1_646' title='bbox 2332 4027 2446 4082; x_wconf 82' lang='lat' dir='ltr'>fide</span> <span class='ocrx_word' id='word_1_647' title='bbox 2493 4028 2815 4100; x_wconf 90' lang='lat' dir='ltr'>purissima,</span> <span class='ocrx_word' id='word_1_648' title='bbox 2843 4029 2900 4080; x_wconf 94' lang='lat' dir='ltr'>et</span> <span class='ocrx_word' id='word_1_649' title='bbox 2920 4024 3202 4080; x_wconf 90' lang='lat' dir='ltr'>concinna</span> <span class='ocrx_word' id='word_1_650' title='bbox 3244 4023 3522 4080; x_wconf 87' lang='lat' dir='ltr'>brevitate</span> 
     </span>
    </p>
   </div>
   <div class='ocr_carea' id='block_1_85' title="bbox 1895 4120 3521 4199">
    <p class='ocr_par' dir='ltr' id='par_1_85' title="bbox 1895 4120 3521 4199">
     <span class='ocr_line' id='line_1_85' title="bbox 1895 4120 3521 4199; baseline -0.006 -17"><span class='ocrx_word' id='word_1_651' title='bbox 1895 4127 2204 4199; x_wconf 91' lang='lat' dir='ltr'>digestum,</span> <span class='ocrx_word' id='word_1_652' title='bbox 2220 4127 2395 4182; x_wconf 87' lang='lat' dir='ltr'>habet</span> <span class='ocrx_word' id='word_1_653' title='bbox 2415 4127 2693 4183; x_wconf 89' lang='lat' dir='ltr'>etlibrum</span> <span class='ocrx_word' id='word_1_654' title='bbox 2713 4124 3048 4190; x_wconf 90' lang='lat' dir='ltr'>lectionum,</span> <span class='ocrx_word' id='word_1_655' title='bbox 3063 4139 3130 4176; x_wconf 84' lang='lat' dir='ltr'>ex</span> <span class='ocrx_word' id='word_1_656' title='bbox 3147 4121 3353 4176; x_wconf 89' lang='lat' dir='ltr'>divinis</span> <span class='ocrx_word' id='word_1_657' title='bbox 3363 4120 3521 4174; x_wconf 90' lang='lat' dir='ltr'>libris</span> 
     </span>
    </p>
   </div>
   <div class='ocr_carea' id='block_1_86' title="bbox 1893 4213 3518 4292">
    <p class='ocr_par' dir='ltr' id='par_1_86' title="bbox 1893 4213 3518 4292">
     <span class='ocr_line' id='line_1_86' title="bbox 1893 4213 3518 4292; baseline -0.007 -16"><span class='ocrx_word' id='word_1_658' title='bbox 1893 4237 2152 4292; x_wconf 89' lang='lat' dir='ltr'>congrua</span> <span class='ocrx_word' id='word_1_659' title='bbox 2175 4221 2400 4276; x_wconf 87' lang='lat' dir='ltr'>ratione</span> <span class='ocrx_word' id='word_1_660' title='bbox 2438 4222 2763 4284; x_wconf 87' lang='lat' dir='ltr'>collectum,</span> <span class='ocrx_word' id='word_1_661' title='bbox 2799 4218 2878 4272; x_wconf 91' lang='lat' dir='ltr'>ita</span> <span class='ocrx_word' id='word_1_662' title='bbox 2913 4216 3092 4270; x_wconf 89' lang='lat' dir='ltr'>etiam</span> <span class='ocrx_word' id='word_1_663' title='bbox 3128 4217 3186 4267; x_wconf 92' lang='lat' dir='ltr'>et</span> <span class='ocrx_word' id='word_1_664' title='bbox 3225 4213 3375 4266; x_wconf 92' lang='lat' dir='ltr'>hunc</span> <span class='ocrx_word' id='word_1_665' title='bbox 3405 4216 3518 4265; x_wconf 81' lang='lat' dir='ltr'>ter-</span> 
     </span>
    </p>
   </div>
   <div class='ocr_carea' id='block_1_87' title="bbox 1893 4303 3522 4378">
    <p class='ocr_par' dir='ltr' id='par_1_87' title="bbox 1893 4303 3522 4378">
     <span class='ocr_line' id='line_1_87' title="bbox 1893 4303 3522 4378; baseline -0.008 -8"><span class='ocrx_word' id='word_1_666' title='bbox 1893 4315 2038 4370; x_wconf 90' lang='lat' dir='ltr'>tium</span> <span class='ocrx_word' id='word_1_667' title='bbox 2051 4314 2357 4370; x_wconf 85' lang='lat' dir='ltr'>ofﬁcialem</span> <span class='ocrx_word' id='word_1_668' title='bbox 2367 4313 2624 4368; x_wconf 91' lang='lat' dir='ltr'>libellum</span> <span class='ocrx_word' id='word_1_669' title='bbox 2641 4312 2697 4366; x_wconf 91' lang='lat' dir='ltr'>id</span> <span class='ocrx_word' id='word_1_670' title='bbox 2716 4304 3291 4378; x_wconf 81' lang='lat' dir='ltr'>estAntiphonarium</span> <span class='ocrx_word' id='word_1_671' title='bbox 3311 4303 3522 4358; x_wconf 86' lang='lat' dir='ltr'>habea-</span> 
     </span>
    </p>
   </div>
   <div class='ocr_carea' id='block_1_88' title="bbox 1892 4397 3521 4478">
    <p class='ocr_par' dir='ltr' id='par_1_88' title="bbox 1892 4397 3521 4478">
     <span class='ocr_line' id='line_1_88' title="bbox 1892 4397 3521 4478; baseline -0.008 -15"><span class='ocrx_word' id='word_1_672' title='bbox 1892 4425 2022 4463; x_wconf 91' lang='lat' dir='ltr'>mus</span> <span class='ocrx_word' id='word_1_673' title='bbox 2039 4407 2308 4464; x_wconf 86' lang='lat' dir='ltr'>omnibus</span> <span class='ocrx_word' id='word_1_674' title='bbox 2322 4405 2592 4460; x_wconf 91' lang='lat' dir='ltr'>humanis</span> <span class='ocrx_word' id='word_1_675' title='bbox 2611 4401 2906 4475; x_wconf 82' lang='lat' dir='ltr'>figmentis</span> <span class='ocrx_word' id='word_1_676' title='bbox 2925 4397 3306 4454; x_wconf 90' lang='lat' dir='ltr'>etmendaciis</span> <span class='ocrx_word' id='word_1_677' title='bbox 3323 4413 3521 4478; x_wconf 72' lang='lat' dir='ltr'>expur-</span> 
     </span>
    </p>
   </div>
   <div class='ocr_carea' id='block_1_89' title="bbox 192 4487 3516 4586">
    <p class='ocr_par' dir='ltr' id='par_1_89' title="bbox 192 4487 3516 4586">
     <span class='ocr_line' id='line_1_89' title="bbox 192 4487 3516 4586; baseline -0.001 -41"><span class='ocrx_word' id='word_1_678' title='bbox 192 4487 450 4586; x_wconf 45' lang='lat' dir='ltr'>dpostolo.</span> <span class='ocrx_word' id='word_1_679' title='bbox 502 4493 720 4548; x_wconf 91' lang='lat' dir='ltr'>Deinde</span> <span class='ocrx_word' id='word_1_680' title='bbox 767 4495 1037 4550; x_wconf 90' lang='lat' dir='ltr'>lectiones</span> <span class='ocrx_word' id='word_1_681' title='bbox 1069 4495 1195 4549; x_wconf 90' lang='lat' dir='ltr'>illas</span> <span class='ocrx_word' id='word_1_682' title='bbox 1244 4496 1481 4551; x_wconf 87' lang='lat' dir='ltr'>fortuito</span> <span class='ocrx_word' id='word_1_683' title='bbox 1527 4496 1587 4550; x_wconf 90' lang='lat' dir='ltr'>in</span> <span class='ocrx_word' id='word_1_684' title='bbox 1631 4496 1790 4552; x_wconf 91' lang='lat' dir='ltr'>illum</span> <span class='ocrx_word' id='word_1_685' title='bbox 1808 4513 1868 4586; x_wconf 83' lang='lat' dir='ltr'><strong>D</strong></span> <span class='ocrx_word' id='word_1_686' title='bbox 1893 4503 2186 4574; x_wconf 80' lang='lat' dir='ltr'>gatum,et</span> <span class='ocrx_word' id='word_1_687' title='bbox 2217 4517 2320 4571; x_wconf 86' lang='lat' dir='ltr'>per</span> <span class='ocrx_word' id='word_1_688' title='bbox 2338 4502 2521 4554; x_wconf 90' lang='lat' dir='ltr'>totum</span> <span class='ocrx_word' id='word_1_689' title='bbox 2535 4497 2669 4552; x_wconf 87' lang='lat' dir='ltr'>anni</span> <span class='ocrx_word' id='word_1_690' title='bbox 2687 4495 2960 4551; x_wconf 88' lang='lat' dir='ltr'>circulum</span> <span class='ocrx_word' id='word_1_691' title='bbox 2974 4509 3038 4547; x_wconf 89' lang='lat' dir='ltr'>ex</span> <span class='ocrx_word' id='word_1_692' title='bbox 3052 4489 3371 4563; x_wconf 89' lang='lat' dir='ltr'>purissimis</span> <span class='ocrx_word' id='word_1_693' title='bbox 3387 4506 3516 4544; x_wconf 87' lang='lat' dir='ltr'>san-</span> 
     </span>
    </p>
   </div>
   <div class='ocr_carea' id='block_1_90' title="bbox 193 4576 1787 4662">
    <p class='ocr_par' dir='ltr' id='par_1_90' title="bbox 193 4576 1787 4662">
     <span class='ocr_line' id='line_1_90' title="bbox 193 4576 1787 4662; baseline 0.009 -31"><span class='ocrx_word' id='word_1_694' title='bbox 193 4576 320 4636; x_wconf 87' lang='lat' dir='ltr'>diem</span> <span class='ocrx_word' id='word_1_695' title='bbox 334 4583 769 4654; x_wconf 89' lang='lat' dir='ltr'>incidisse,forte</span> <span class='ocrx_word' id='word_1_696' title='bbox 787 4589 942 4659; x_wconf 93' lang='lat' dir='ltr'>quod</span> <span class='ocrx_word' id='word_1_697' title='bbox 953 4590 1404 4644; x_wconf 89' lang='lat' dir='ltr'>Pentateuchum</span> <span class='ocrx_word' id='word_1_698' title='bbox 1417 4593 1474 4644; x_wconf 90' lang='lat' dir='ltr'>et</span> <span class='ocrx_word' id='word_1_699' title='bbox 1485 4607 1542 4644; x_wconf 90' lang='lat' dir='ltr'>se</span> <span class='ocrx_word' id='word_1_700' title='bbox 1549 4596 1787 4662; x_wconf 89' lang='lat' dir='ltr'>quentes</span> 
     </span>
    </p>
   </div>
   <div class='ocr_carea' id='block_1_91' title="bbox 194 4670 1838 4756">
    <p class='ocr_par' dir='ltr' id='par_1_91' title="bbox 194 4670 1838 4756">
     <span class='ocr_line' id='line_1_91' title="bbox 194 4670 1838 4756; baseline 0.012 -31"><span class='ocrx_word' id='word_1_701' title='bbox 194 4670 316 4740; x_wconf 89' lang='lat' dir='ltr'>libri,</span> <span class='ocrx_word' id='word_1_702' title='bbox 338 4676 527 4752; x_wconf 76' lang='grc'>400</span> <span class='ocrx_word' id='word_1_703' title='bbox 551 4683 672 4734; x_wconf 78' lang='lat' dir='ltr'>tum</span> <span class='ocrx_word' id='word_1_704' title='bbox 693 4682 1008 4752; x_wconf 82' lang='lat' dir='ltr'>prephetae,</span> <span class='ocrx_word' id='word_1_705' title='bbox 1029 4683 1355 4754; x_wconf 88' lang='lat' dir='ltr'>Evangelia,</span> <span class='ocrx_word' id='word_1_706' title='bbox 1380 4686 1438 4737; x_wconf 90' lang='lat' dir='ltr'>et</span> <span class='ocrx_word' id='word_1_707' title='bbox 1454 4685 1614 4738; x_wconf 92' lang='lat' dir='ltr'>Pauli</span> <span class='ocrx_word' id='word_1_708' title='bbox 1634 4685 1786 4756; x_wconf 85' lang='lat' dir='ltr'>Epis-</span> <span class='ocrx_word' id='word_1_709' title='bbox 1829 4737 1838 4746; x_wconf 91' lang='lat'>.</span> 
     </span>
    </p>
   </div>
   <div class='ocr_carea' id='block_1_92' title="bbox 191 4765 1784 4847">
    <p class='ocr_par' dir='ltr' id='par_1_92' title="bbox 191 4765 1784 4847">
     <span class='ocr_line' id='line_1_92' title="bbox 191 4765 1784 4847; baseline 0.009 -28"><span class='ocrx_word' id='word_1_710' title='bbox 191 4765 300 4820; x_wconf 72' lang='lat' dir='ltr'>tela:</span> <span class='ocrx_word' id='word_1_711' title='bbox 321 4777 737 4843; x_wconf 88' lang='lat' dir='ltr'>consequenter</span> <span class='ocrx_word' id='word_1_712' title='bbox 752 4775 1113 4845; x_wconf 88' lang='lat' dir='ltr'>legerentur;</span> <span class='ocrx_word' id='word_1_713' title='bbox 1135 4780 1193 4830; x_wconf 91' lang='lat' dir='ltr'>et</span> <span class='ocrx_word' id='word_1_714' title='bbox 1217 4777 1276 4830; x_wconf 93' lang='lat' dir='ltr'>in</span> <span class='ocrx_word' id='word_1_715' title='bbox 1305 4777 1569 4847; x_wconf 90' lang='lat' dir='ltr'>sequenti</span> <span class='ocrx_word' id='word_1_716' title='bbox 1595 4778 1784 4834; x_wconf 80' lang='lat' dir='ltr'>officio</span> 
     </span>
    </p>
   </div>
   <div class='ocr_carea' id='block_1_93' title="bbox 193 4856 1786 4940">
    <p class='ocr_par' dir='ltr' id='par_1_93' title="bbox 193 4856 1786 4940">
     <span class='ocr_line' id='line_1_93' title="bbox 193 4856 1786 4940; baseline 0.01 -30"><span class='ocrx_word' id='word_1_717' title='bbox 193 4856 302 4912; x_wconf 88' lang='lat' dir='ltr'>inde</span> <span class='ocrx_word' id='word_1_718' title='bbox 325 4862 488 4919; x_wconf 87' lang='lat' dir='ltr'>lectio</span> <span class='ocrx_word' id='word_1_719' title='bbox 520 4865 816 4937; x_wconf 88' lang='lat' dir='ltr'>inciperet,</span> <span class='ocrx_word' id='word_1_720' title='bbox 847 4867 943 4923; x_wconf 89' lang='lat' dir='ltr'>ubi</span> <span class='ocrx_word' id='word_1_721' title='bbox 974 4869 1032 4924; x_wconf 92' lang='lat' dir='ltr'>in</span> <span class='ocrx_word' id='word_1_722' title='bbox 1055 4869 1336 4940; x_wconf 90' lang='lat' dir='ltr'>superiori</span> <span class='ocrx_word' id='word_1_723' title='bbox 1359 4870 1636 4926; x_wconf 89' lang='lat' dir='ltr'>desiisset.</span> <span class='ocrx_word' id='word_1_724' title='bbox 1658 4873 1786 4926; x_wconf 89' lang='lat' dir='ltr'>Ter-</span> 
     </span>
    </p>
   </div>
   <div class='ocr_carea' id='block_1_94' title="bbox 195 4952 1783 5040">
    <p class='ocr_par' dir='ltr' id='par_1_94' title="bbox 195 4952 1783 5040">
     <span class='ocr_line' id='line_1_94' title="bbox 195 4952 1783 5040; baseline 0.008 -28"><span class='ocrx_word' id='word_1_725' title='bbox 195 4952 330 5023; x_wconf 70' lang='lat' dir='ltr'>tium,</span> <span class='ocrx_word' id='word_1_726' title='bbox 350 4965 656 5018; x_wconf 89' lang='lat' dir='ltr'>nocturnas</span> <span class='ocrx_word' id='word_1_727' title='bbox 677 4965 911 5036; x_wconf 88' lang='lat' dir='ltr'>Vigilias</span> <span class='ocrx_word' id='word_1_728' title='bbox 935 4983 970 5020; x_wconf 87' lang='lat' dir='ltr'>a</span> <span class='ocrx_word' id='word_1_729' title='bbox 995 4967 1242 5022; x_wconf 91' lang='lat' dir='ltr'>lectione</span> <span class='ocrx_word' id='word_1_730' title='bbox 1260 4967 1578 5040; x_wconf 77' lang='lat' dir='ltr'>inccepisse.</span> <span class='ocrx_word' id='word_1_731' title='bbox 1603 4969 1783 5034; x_wconf 87' lang='lat' dir='ltr'>Quar-</span> 
     </span>
    </p>
   </div>
   <div class='ocr_carea' id='block_1_95' title="bbox 194 5049 1786 5123">
    <p class='ocr_par' dir='ltr' id='par_1_95' title="bbox 194 5049 1786 5123">
     <span class='ocr_line' id='line_1_95' title="bbox 194 5049 1786 5123; baseline 0.008 -19"><span class='ocrx_word' id='word_1_732' title='bbox 194 5049 294 5104; x_wconf 67' lang='lat' dir='ltr'>tum</span> <span class='ocrx_word' id='word_1_733' title='bbox 323 5068 472 5123; x_wconf 85' lang='lat' dir='ltr'>vero,</span> <span class='ocrx_word' id='word_1_734' title='bbox 505 5057 843 5112; x_wconf 87' lang='lat' dir='ltr'>lectionibus</span> <span class='ocrx_word' id='word_1_735' title='bbox 869 5061 1229 5115; x_wconf 91' lang='lat' dir='ltr'>Psalmorum</span> <span class='ocrx_word' id='word_1_736' title='bbox 1252 5065 1486 5116; x_wconf 90' lang='lat' dir='ltr'>cantum</span> <span class='ocrx_word' id='word_1_737' title='bbox 1502 5062 1672 5117; x_wconf 91' lang='lat' dir='ltr'>fuisse</span> <span class='ocrx_word' id='word_1_738' title='bbox 1703 5063 1786 5117; x_wconf 90' lang='lat' dir='ltr'>in-</span> 
     </span>
    </p>
   </div>
   <div class='ocr_carea' id='block_1_96' title="bbox 193 5141 1783 5228">
    <p class='ocr_par' dir='ltr' id='par_1_96' title="bbox 193 5141 1783 5228">
     <span class='ocr_line' id='line_1_96' title="bbox 193 5141 1783 5228; baseline 0.011 -34"><span class='ocrx_word' id='word_1_739' title='bbox 193 5141 522 5212; x_wconf 79' lang='lat' dir='ltr'>terpositum.</span> <span class='ocrx_word' id='word_1_740' title='bbox 555 5149 832 5214; x_wconf 85' lang='lat' dir='ltr'>Quintum</span> <span class='ocrx_word' id='word_1_741' title='bbox 878 5152 1146 5224; x_wconf 92' lang='lat' dir='ltr'>denique,</span> <span class='ocrx_word' id='word_1_742' title='bbox 1204 5156 1388 5210; x_wconf 90' lang='lat' dir='ltr'>nullas</span> <span class='ocrx_word' id='word_1_743' title='bbox 1420 5155 1491 5210; x_wconf 89' lang='lat' dir='ltr'>de</span> <span class='ocrx_word' id='word_1_744' title='bbox 1519 5157 1783 5228; x_wconf 90' lang='lat' dir='ltr'>passione</span> 
     </span>
    </p>
   </div>
   <div class='ocr_carea' id='block_1_97' title="bbox 193 5239 1786 5319">
    <p class='ocr_par' dir='ltr' id='par_1_97' title="bbox 193 5239 1786 5319">
     <span class='ocr_line' id='line_1_97' title="bbox 193 5239 1786 5319; baseline 0.009 -32"><span class='ocrx_word' id='word_1_745' title='bbox 193 5239 345 5290; x_wconf 81' lang='lat' dir='ltr'>sancti</span> <span class='ocrx_word' id='word_1_746' title='bbox 359 5241 503 5295; x_wconf 77' lang='lat' dir='ltr'>Iusti</span> <span class='ocrx_word' id='word_1_747' title='bbox 526 5243 799 5299; x_wconf 88' lang='lat' dir='ltr'>lectiones</span> <span class='ocrx_word' id='word_1_748' title='bbox 823 5244 1021 5301; x_wconf 86' lang='lat' dir='ltr'>factas.</span> <span class='ocrx_word' id='word_1_749' title='bbox 1048 5247 1213 5310; x_wconf 86' lang='lat' dir='ltr'>Quod</span> <span class='ocrx_word' id='word_1_750' title='bbox 1228 5263 1404 5319; x_wconf 89' lang='lat' dir='ltr'>quam</span> <span class='ocrx_word' id='word_1_751' title='bbox 1437 5249 1509 5304; x_wconf 92' lang='lat' dir='ltr'>ob</span> <span class='ocrx_word' id='word_1_752' title='bbox 1541 5265 1663 5304; x_wconf 91' lang='lat' dir='ltr'>rem</span> <span class='ocrx_word' id='word_1_753' title='bbox 1691 5249 1786 5303; x_wconf 93' lang='lat' dir='ltr'>ob-</span> 
     </span>
    </p>
   </div>
   <div class='ocr_carea' id='block_1_98' title="bbox 193 5339 1468 5413">
    <p class='ocr_par' dir='ltr' id='par_1_98' title="bbox 193 5339 1468 5413">
     <span class='ocr_line' id='line_1_98' title="bbox 193 5339 1468 5413; baseline 0.012 -32"><span class='ocrx_word' id='word_1_754' title='bbox 193 5339 472 5400; x_wconf 81' lang='lat' dir='ltr'>servemus,</span> <span class='ocrx_word' id='word_1_755' title='bbox 504 5353 566 5389; x_wconf 88' lang='lat' dir='ltr'>ex</span> <span class='ocrx_word' id='word_1_756' title='bbox 589 5339 1073 5409; x_wconf 88' lang='lat' dir='ltr'>consequentibus</span> <span class='ocrx_word' id='word_1_757' title='bbox 1098 5341 1468 5413; x_wconf 90' lang='lat' dir='ltr'>intelligetur.</span> 
     </span>
    </p>
   </div>
   <div class='ocr_carea' id='block_1_99' title="bbox 247 5423 1785 5502">
    <p class='ocr_par' dir='ltr' id='par_1_99' title="bbox 247 5423 1785 5502">
     <span class='ocr_line' id='line_1_99' title="bbox 247 5423 1785 5502; baseline 0.01 -26"><span class='ocrx_word' id='word_1_758' title='bbox 247 5423 322 5478; x_wconf 79' lang='lat'>26.</span> <span class='ocrx_word' id='word_1_759' title='bbox 360 5426 443 5480; x_wconf 75' lang='lat' dir='ltr'>Ab</span> <span class='ocrx_word' id='word_1_760' title='bbox 469 5443 537 5483; x_wconf 89' lang='lat' dir='ltr'>eo</span> <span class='ocrx_word' id='word_1_761' title='bbox 565 5433 826 5502; x_wconf 89' lang='lat' dir='ltr'>tempore</span> <span class='ocrx_word' id='word_1_762' title='bbox 857 5431 929 5486; x_wconf 90' lang='lat' dir='ltr'>ad</span> <span class='ocrx_word' id='word_1_763' title='bbox 956 5435 1227 5489; x_wconf 64' lang='lat' dir='ltr'>saeculum</span> <span class='ocrx_word' id='word_1_764' title='bbox 1260 5452 1315 5490; x_wconf 84' lang='lat' dir='ltr'>1x</span> <span class='ocrx_word' id='word_1_765' title='bbox 1345 5436 1489 5490; x_wconf 90' lang='lat' dir='ltr'>nihil</span> <span class='ocrx_word' id='word_1_766' title='bbox 1517 5437 1588 5491; x_wconf 89' lang='lat' dir='ltr'>de</span> <span class='ocrx_word' id='word_1_767' title='bbox 1619 5453 1785 5491; x_wconf 90' lang='lat' dir='ltr'>cursu</span> 
     </span>
    </p>
   </div>
   <div class='ocr_carea' id='block_1_100' title="bbox 193 5508 1788 5611">
    <p class='ocr_par' dir='ltr' id='par_1_100' title="bbox 193 5508 1788 5611">
     <span class='ocr_line' id='line_1_100' title="bbox 193 5508 1788 5611; baseline 0.009 -41"><span class='ocrx_word' id='word_1_768' title='bbox 193 5508 531 5611; x_wconf 49' lang='lat' dir='ltr'>taedunensi</span> <span class='ocrx_word' id='word_1_769' title='bbox 555 5523 776 5594; x_wconf 86' lang='lat' dir='ltr'>reperio</span> <span class='ocrx_word' id='word_1_770' title='bbox 802 5525 860 5579; x_wconf 92' lang='lat' dir='ltr'>in</span> <span class='ocrx_word' id='word_1_771' title='bbox 887 5527 1119 5582; x_wconf 87' lang='lat' dir='ltr'>vetustis</span> <span class='ocrx_word' id='word_1_772' title='bbox 1143 5529 1555 5598; x_wconf 90' lang='lat' dir='ltr'>monumentis,</span> <span class='ocrx_word' id='word_1_773' title='bbox 1578 5533 1788 5601; x_wconf 66' lang='lat' dir='ltr'>preter</span> 
     </span>
    </p>
   </div>
   <div class='ocr_carea' id='block_1_101' title="bbox 195 5603 1787 5706">
    <p class='ocr_par' dir='ltr' id='par_1_101' title="bbox 195 5603 1787 5706">
     <span class='ocr_line' id='line_1_101' title="bbox 195 5603 1787 5706; baseline 0.009 -42"><span class='ocrx_word' id='word_1_774' title='bbox 195 5603 419 5706; x_wconf 47' lang='lat' dir='ltr'>id,_quod</span> <span class='ocrx_word' id='word_1_775' title='bbox 436 5613 600 5670; x_wconf 90' lang='lat' dir='ltr'>nobis</span> <span class='ocrx_word' id='word_1_776' title='bbox 616 5618 1222 5692; x_wconf 77' lang='lat' dir='ltr'>suggeritAgobardus</span> <span class='ocrx_word' id='word_1_777' title='bbox 1235 5623 1284 5693; x_wconf 89' lang='lat' dir='ltr'>ej</span> <span class='ocrx_word' id='word_1_778' title='bbox 1293 5639 1356 5677; x_wconf 90' lang='lat' dir='ltr'>us</span> <span class='ocrx_word' id='word_1_779' title='bbox 1376 5623 1532 5677; x_wconf 89' lang='lat' dir='ltr'>urbis</span> <span class='ocrx_word' id='word_1_780' title='bbox 1547 5624 1787 5679; x_wconf 88' lang='lat' dir='ltr'>antistes</span> 
     </span>
    </p>
   </div>
   <div class='ocr_carea' id='block_1_102' title="bbox 196 5702 1788 5788">
    <p class='ocr_par' dir='ltr' id='par_1_102' title="bbox 196 5702 1788 5788">
     <span class='ocr_line' id='line_1_102' title="bbox 196 5702 1788 5788; baseline 0.011 -32"><span class='ocrx_word' id='word_1_781' title='bbox 196 5702 240 5753; x_wconf 82' lang='lat' dir='ltr'>in</span> <span class='ocrx_word' id='word_1_782' title='bbox 261 5702 394 5760; x_wconf 90' lang='lat' dir='ltr'>libro</span> <span class='ocrx_word' id='word_1_783' title='bbox 423 5706 496 5762; x_wconf 89' lang='lat' dir='ltr'>de</span> <span class='ocrx_word' id='word_1_784' title='bbox 522 5709 711 5766; x_wconf 88' lang='lat' dir='ltr'>divina</span> <span class='ocrx_word' id='word_1_785' title='bbox 730 5712 1075 5784; x_wconf 86' lang='lat' dir='ltr'>Psalmodia,</span> <span class='ocrx_word' id='word_1_786' title='bbox 1107 5715 1362 5788; x_wconf 74' lang='lat' dir='ltr'>itemque</span> <span class='ocrx_word' id='word_1_787' title='bbox 1388 5716 1447 5770; x_wconf 93' lang='lat' dir='ltr'>in</span> <span class='ocrx_word' id='word_1_788' title='bbox 1473 5716 1601 5772; x_wconf 89' lang='lat' dir='ltr'>aliis</span> <span class='ocrx_word' id='word_1_789' title='bbox 1630 5718 1788 5775; x_wconf 90' lang='lat' dir='ltr'>libris</span> 
     </span>
    </p>
   </div>
   <div class='ocr_carea' id='block_1_103' title="bbox 197 5789 1785 5877">
    <p class='ocr_par' dir='ltr' id='par_1_103' title="bbox 197 5789 1785 5877">
     <span class='ocr_line' id='line_1_103' title="bbox 197 5789 1785 5877; baseline 0.011 -25"><span class='ocrx_word' id='word_1_790' title='bbox 197 5789 254 5847; x_wconf 77' lang='lat' dir='ltr'>de</span> <span class='ocrx_word' id='word_1_791' title='bbox 276 5796 628 5858; x_wconf 87' lang='lat' dir='ltr'>Correctione</span> <span class='ocrx_word' id='word_1_792' title='bbox 645 5805 1067 5877; x_wconf 84' lang='lat' dir='ltr'>Antiphonarii,</span> <span class='ocrx_word' id='word_1_793' title='bbox 1097 5812 1155 5864; x_wconf 91' lang='lat' dir='ltr'>et</span> <span class='ocrx_word' id='word_1_794' title='bbox 1181 5812 1382 5866; x_wconf 83' lang='lat' dir='ltr'>contra</span> <span class='ocrx_word' id='word_1_795' title='bbox 1405 5810 1785 5870; x_wconf 78' lang='lat' dir='ltr'>Amalariuni.</span> 
     </span>
    </p>
   </div>
   <div class='ocr_carea' id='block_1_104' title="bbox 487 5897 1038 5972">
    <p class='ocr_par' dir='ltr' id='par_1_104' title="bbox 487 5897 1038 5972">
     <span class='ocr_line' id='line_1_104' title="bbox 487 5897 1038 5972; baseline 0.013 -8"><span class='ocrx_word' id='word_1_796' title='bbox 487 5897 753 5969; x_wconf 73' lang='lat' dir='ltr'>PATROL.</span> <span class='ocrx_word' id='word_1_797' title='bbox 801 5903 1038 5972; x_wconf 80' lang='lat' dir='ltr'>LXXII.</span> 
     </span>
    </p>
   </div>
   <div class='ocr_carea' id='block_1_105' title="bbox 1887 4585 3524 4666">
    <p class='ocr_par' dir='ltr' id='par_1_105' title="bbox 1887 4585 3524 4666">
     <span class='ocr_line' id='line_1_105' title="bbox 1887 4585 3524 4666; baseline -0.009 -13"><span class='ocrx_word' id='word_1_798' title='bbox 1887 4600 1990 4654; x_wconf 70' lang='lat' dir='ltr'>ctaa</span> <span class='ocrx_word' id='word_1_799' title='bbox 2003 4595 2309 4666; x_wconf 61' lang='lat' dir='ltr'>Scriptura;</span> <span class='ocrx_word' id='word_1_800' title='bbox 2324 4591 2511 4646; x_wconf 91' lang='lat' dir='ltr'>verbis</span> <span class='ocrx_word' id='word_1_801' title='bbox 2526 4587 3002 4645; x_wconf 81' lang='lat' dir='ltr'>sufﬁcientissime</span> <span class='ocrx_word' id='word_1_802' title='bbox 3017 4585 3370 4654; x_wconf 88' lang='lat' dir='ltr'>ordinatum;</span> <span class='ocrx_word' id='word_1_803' title='bbox 3386 4599 3524 4654; x_wconf 89' lang='lat' dir='ltr'>qua-</span> 
     </span>
    </p>
   </div>
   <div class='ocr_carea' id='block_1_106' title="bbox 1887 4676 3520 4754">
    <p class='ocr_par' dir='ltr' id='par_1_106' title="bbox 1887 4676 3520 4754">
     <span class='ocr_line' id='line_1_106' title="bbox 1887 4676 3520 4754; baseline -0.009 -8"><span class='ocrx_word' id='word_1_804' title='bbox 1887 4695 2053 4746; x_wconf 90' lang='lat' dir='ltr'>tenus</span> <span class='ocrx_word' id='word_1_805' title='bbox 2097 4689 2156 4742; x_wconf 92' lang='lat' dir='ltr'>in</span> <span class='ocrx_word' id='word_1_806' title='bbox 2207 4685 2378 4740; x_wconf 91' lang='lat' dir='ltr'>sacris</span> <span class='ocrx_word' id='word_1_807' title='bbox 2423 4683 2623 4738; x_wconf 80' lang='lat' dir='ltr'>officiis</span> <span class='ocrx_word' id='word_1_808' title='bbox 2658 4679 3068 4754; x_wconf 88' lang='lat' dir='ltr'>peragendis...</span> <span class='ocrx_word' id='word_1_809' title='bbox 3123 4695 3239 4733; x_wconf 90' lang='lat' dir='ltr'>una</span> <span class='ocrx_word' id='word_1_810' title='bbox 3275 4694 3308 4732; x_wconf 91' lang='lat' dir='ltr'>a</span> <span class='ocrx_word' id='word_1_811' title='bbox 3353 4676 3520 4733; x_wconf 85' lang='lat' dir='ltr'>nobis</span> 
     </span>
    </p>
   </div>
   <div class='ocr_carea' id='block_1_107' title="bbox 1886 4772 3519 4854">
    <p class='ocr_par' dir='ltr' id='par_1_107' title="bbox 1886 4772 3519 4854">
     <span class='ocr_line' id='line_1_107' title="bbox 1886 4772 3519 4854; baseline -0.009 -15"><span class='ocrx_word' id='word_1_812' title='bbox 1886 4788 2058 4854; x_wconf 90' lang='lat' dir='ltr'>atque</span> <span class='ocrx_word' id='word_1_813' title='bbox 2071 4781 2277 4836; x_wconf 90' lang='lat' dir='ltr'>eadem</span> <span class='ocrx_word' id='word_1_814' title='bbox 2293 4777 2645 4833; x_wconf 88' lang='lat' dir='ltr'>custodiatur</span> <span class='ocrx_word' id='word_1_815' title='bbox 2656 4777 2843 4831; x_wconf 90' lang='lat' dir='ltr'>forma</span> <span class='ocrx_word' id='word_1_816' title='bbox 2855 4772 3396 4840; x_wconf 88' lang='lat' dir='ltr'>orationum,forma</span> <span class='ocrx_word' id='word_1_817' title='bbox 3411 4772 3519 4825; x_wconf 87' lang='lat' dir='ltr'>lec-</span> 
     </span>
    </p>
   </div>
   <div class='ocr_carea' id='block_1_108' title="bbox 1887 4864 3512 4943">
    <p class='ocr_par' dir='ltr' id='par_1_108' title="bbox 1887 4864 3512 4943">
     <span class='ocr_line' id='line_1_108' title="bbox 1887 4864 3512 4943; baseline -0.011 -12"><span class='ocrx_word' id='word_1_818' title='bbox 1887 4877 2132 4943; x_wconf 92' lang='lat' dir='ltr'>tionum,</span> <span class='ocrx_word' id='word_1_819' title='bbox 2149 4877 2207 4928; x_wconf 90' lang='lat' dir='ltr'>et</span> <span class='ocrx_word' id='word_1_820' title='bbox 2235 4874 2422 4929; x_wconf 91' lang='lat' dir='ltr'>forma</span> <span class='ocrx_word' id='word_1_821' title='bbox 2441 4869 2955 4925; x_wconf 88' lang='lat' dir='ltr'>ecclesiasticarum</span> <span class='ocrx_word' id='word_1_822' title='bbox 2975 4864 3458 4921; x_wconf 90' lang='lat' dir='ltr'>modulationum.</span> <span class='ocrx_word' id='word_1_823' title='bbox 3484 4883 3512 4913; x_wconf 86' lang='grc'><strong>››</strong></span> 
     </span>
    </p>
   </div>
   <div class='ocr_carea' id='block_1_109' title="bbox 1958 4955 3522 5035">
    <p class='ocr_par' dir='ltr' id='par_1_109' title="bbox 1958 4955 3522 5035">
     <span class='ocr_line' id='line_1_109' title="bbox 1958 4955 3522 5035; baseline -0.01 -11"><span class='ocrx_word' id='word_1_824' title='bbox 1958 4973 2044 5024; x_wconf 80' lang='lat'>2&#39;7.</span> <span class='ocrx_word' id='word_1_825' title='bbox 2078 4969 2236 5023; x_wconf 85' lang='lat' dir='ltr'>Hunc</span> <span class='ocrx_word' id='word_1_826' title='bbox 2275 4966 2451 5021; x_wconf 89' lang='lat' dir='ltr'>ritum</span> <span class='ocrx_word' id='word_1_827' title='bbox 2487 4964 2546 5019; x_wconf 91' lang='lat' dir='ltr'>in</span> <span class='ocrx_word' id='word_1_828' title='bbox 2577 4963 2859 5035; x_wconf 90' lang='lat' dir='ltr'>aliquibus</span> <span class='ocrx_word' id='word_1_829' title='bbox 2899 4961 3074 5015; x_wconf 90' lang='lat' dir='ltr'>etiam</span> <span class='ocrx_word' id='word_1_830' title='bbox 3108 4974 3260 5012; x_wconf 90' lang='lat' dir='ltr'>nunc</span> <span class='ocrx_word' id='word_1_831' title='bbox 3307 4955 3522 5010; x_wconf 89' lang='lat' dir='ltr'>retinet</span> 
     </span>
    </p>
   </div>
   <div class='ocr_carea' id='block_1_110' title="bbox 1887 5049 3516 5132">
    <p class='ocr_par' dir='ltr' id='par_1_110' title="bbox 1887 5049 3516 5132">
     <span class='ocr_line' id='line_1_110' title="bbox 1887 5049 3516 5132; baseline -0.009 -15"><span class='ocrx_word' id='word_1_832' title='bbox 1887 5061 2121 5117; x_wconf 89' lang='lat' dir='ltr'>ecclesia</span> <span class='ocrx_word' id='word_1_833' title='bbox 2152 5058 2578 5132; x_wconf 91' lang='lat' dir='ltr'>Lugdunensis;</span> <span class='ocrx_word' id='word_1_834' title='bbox 2612 5057 2713 5111; x_wconf 91' lang='lat' dir='ltr'>sed</span> <span class='ocrx_word' id='word_1_835' title='bbox 2754 5056 2812 5110; x_wconf 91' lang='lat' dir='ltr'>in</span> <span class='ocrx_word' id='word_1_836' title='bbox 2842 5054 3148 5125; x_wconf 91' lang='lat' dir='ltr'>plerisque,</span> <span class='ocrx_word' id='word_1_837' title='bbox 3179 5049 3432 5104; x_wconf 87' lang='lat' dir='ltr'>maxime</span> <span class='ocrx_word' id='word_1_838' title='bbox 3457 5049 3516 5104; x_wconf 91' lang='lat' dir='ltr'>in</span> 
     </span>
    </p>
   </div>
   <div class='ocr_carea' id='block_1_111' title="bbox 1885 5143 3517 5218">
    <p class='ocr_par' dir='ltr' id='par_1_111' title="bbox 1885 5143 3517 5218">
     <span class='ocr_line' id='line_1_111' title="bbox 1885 5143 3517 5218; baseline -0.009 -6"><span class='ocrx_word' id='word_1_839' title='bbox 1885 5157 2246 5212; x_wconf 90' lang='lat' dir='ltr'>Psalmorum</span> <span class='ocrx_word' id='word_1_840' title='bbox 2285 5151 2705 5218; x_wconf 89' lang='lat' dir='ltr'>distributione,</span> <span class='ocrx_word' id='word_1_841' title='bbox 2746 5165 2877 5203; x_wconf 91' lang='lat' dir='ltr'>cum</span> <span class='ocrx_word' id='word_1_842' title='bbox 2925 5147 3188 5200; x_wconf 81' lang='lat' dir='ltr'>Romana</span> <span class='ocrx_word' id='word_1_843' title='bbox 3230 5143 3517 5199; x_wconf 89' lang='lat' dir='ltr'>convenit.</span> 
     </span>
    </p>
   </div>
   <div class='ocr_carea' id='block_1_112' title="bbox 1885 5237 3513 5320">
    <p class='ocr_par' dir='ltr' id='par_1_112' title="bbox 1885 5237 3513 5320">
     <span class='ocr_line' id='line_1_112' title="bbox 1885 5237 3513 5320; baseline -0.009 -15"><span class='ocrx_word' id='word_1_844' title='bbox 1885 5251 2078 5305; x_wconf 86' lang='lat' dir='ltr'>Nullos</span> <span class='ocrx_word' id='word_1_845' title='bbox 2120 5251 2366 5320; x_wconf 83' lang='lat' dir='ltr'>hymnos</span> <span class='ocrx_word' id='word_1_846' title='bbox 2399 5245 2593 5310; x_wconf 89' lang='lat' dir='ltr'>habet,</span> <span class='ocrx_word' id='word_1_847' title='bbox 2635 5241 2743 5296; x_wconf 92' lang='lat' dir='ltr'>nisi</span> <span class='ocrx_word' id='word_1_848' title='bbox 2775 5241 2849 5295; x_wconf 91' lang='lat' dir='ltr'>ad</span> <span class='ocrx_word' id='word_1_849' title='bbox 2879 5237 3366 5311; x_wconf 85' lang='lat' dir='ltr'>Completorium;</span> <span class='ocrx_word' id='word_1_850' title='bbox 3399 5237 3513 5292; x_wconf 88' lang='lat' dir='ltr'>lec-</span> 
     </span>
    </p>
   </div>
   <div class='ocr_carea' id='block_1_113' title="bbox 1887 5337 2988 5404">
    <p class='ocr_par' dir='ltr' id='par_1_113' title="bbox 1887 5337 2988 5404">
     <span class='ocr_line' id='line_1_113' title="bbox 1887 5337 2988 5404; baseline -0.012 0"><span class='ocrx_word' id='word_1_851' title='bbox 1887 5349 2074 5404; x_wconf 86' lang='lat' dir='ltr'>tiones</span> <span class='ocrx_word' id='word_1_852' title='bbox 2098 5365 2166 5402; x_wconf 88' lang='lat' dir='ltr'>ex</span> <span class='ocrx_word' id='word_1_853' title='bbox 2188 5345 2341 5401; x_wconf 80' lang='lat' dir='ltr'>Actis</span> <span class='ocrx_word' id='word_1_854' title='bbox 2361 5346 2691 5398; x_wconf 90' lang='lat' dir='ltr'>sanctorum</span> <span class='ocrx_word' id='word_1_855' title='bbox 2715 5337 2988 5394; x_wconf 88' lang='lat' dir='ltr'>admittit.</span> 
     </span>
    </p>
   </div>
   <div class='ocr_carea' id='block_1_114' title="bbox 1957 5430 3514 5498">
    <p class='ocr_par' dir='ltr' id='par_1_114' title="bbox 1957 5430 3514 5498">
     <span class='ocr_line' id='line_1_114' title="bbox 1957 5430 3514 5498; baseline -0.01 0"><span class='ocrx_word' id='word_1_856' title='bbox 1957 5446 2042 5498; x_wconf 84' lang='lat'>28.</span> <span class='ocrx_word' id='word_1_857' title='bbox 2064 5439 2343 5495; x_wconf 90' lang='lat' dir='ltr'>Eumdem</span> <span class='ocrx_word' id='word_1_858' title='bbox 2362 5438 2546 5490; x_wconf 87' lang='lat' dir='ltr'>ferme</span> <span class='ocrx_word' id='word_1_859' title='bbox 2567 5435 2743 5489; x_wconf 90' lang='lat' dir='ltr'>ritum</span> <span class='ocrx_word' id='word_1_860' title='bbox 2756 5431 3204 5487; x_wconf 89' lang='lat' dir='ltr'>servatEcclesia</span> <span class='ocrx_word' id='word_1_861' title='bbox 3224 5430 3514 5485; x_wconf 87' lang='lat' dir='ltr'>Viennen-</span> 
     </span>
    </p>
   </div>
   <div class='ocr_carea' id='block_1_115' title="bbox 1887 5523 3514 5607">
    <p class='ocr_par' dir='ltr' id='par_1_115' title="bbox 1887 5523 3514 5607">
     <span class='ocr_line' id='line_1_115' title="bbox 1887 5523 3514 5607; baseline -0.01 -16"><span class='ocrx_word' id='word_1_862' title='bbox 1887 5536 1982 5604; x_wconf 92' lang='lat' dir='ltr'>sis,</span> <span class='ocrx_word' id='word_1_863' title='bbox 2015 5551 2142 5607; x_wconf 80' lang='lat' dir='ltr'>quae</span> <span class='ocrx_word' id='word_1_864' title='bbox 2172 5533 2358 5587; x_wconf 90' lang='lat' dir='ltr'>nullos</span> <span class='ocrx_word' id='word_1_865' title='bbox 2383 5529 2600 5602; x_wconf 87' lang='lat' dir='ltr'>pariter</span> <span class='ocrx_word' id='word_1_866' title='bbox 2624 5529 2872 5600; x_wconf 86' lang='lat' dir='ltr'>hymnos</span> <span class='ocrx_word' id='word_1_867' title='bbox 2893 5525 3086 5592; x_wconf 74' lang='lat' dir='ltr'>‘canit,</span> <span class='ocrx_word' id='word_1_868' title='bbox 3111 5524 3220 5580; x_wconf 88' lang='lat' dir='ltr'>nisi</span> <span class='ocrx_word' id='word_1_869' title='bbox 3245 5523 3318 5578; x_wconf 87' lang='lat' dir='ltr'>ad</span> <span class='ocrx_word' id='word_1_870' title='bbox 3346 5523 3514 5578; x_wconf 90' lang='lat' dir='ltr'>Com-</span> 
     </span>
    </p>
   </div>
   <div class='ocr_carea' id='block_1_116' title="bbox 1885 5611 3520 5702">
    <p class='ocr_par' dir='ltr' id='par_1_116' title="bbox 1885 5611 3520 5702">
     <span class='ocr_line' id='line_1_116' title="bbox 1885 5611 3520 5702; baseline -0.012 -18"><span class='ocrx_word' id='word_1_871' title='bbox 1885 5628 2216 5702; x_wconf 88' lang='lat' dir='ltr'>pletorium,</span> <span class='ocrx_word' id='word_1_872' title='bbox 2251 5621 2447 5698; x_wconf 80' lang='grc'>402</span> <span class='ocrx_word' id='word_1_873' title='bbox 2472 5623 2658 5678; x_wconf 89' lang='lat' dir='ltr'>varios</span> <span class='ocrx_word' id='word_1_874' title='bbox 2684 5638 2788 5694; x_wconf 91' lang='lat' dir='ltr'>pro</span> <span class='ocrx_word' id='word_1_875' title='bbox 2827 5620 3002 5678; x_wconf 88' lang='lat' dir='ltr'>variis</span> <span class='ocrx_word' id='word_1_876' title='bbox 3033 5617 3210 5674; x_wconf 83' lang='lat' dir='ltr'>festis.</span> <span class='ocrx_word' id='word_1_877' title='bbox 3239 5617 3301 5669; x_wconf 90' lang='lat' dir='ltr'>In</span> <span class='ocrx_word' id='word_1_878' title='bbox 3329 5611 3520 5667; x_wconf 78' lang='lat' dir='ltr'>ofﬁcio</span> 
     </span>
    </p>
   </div>
   <div class='ocr_carea' id='block_1_117' title="bbox 1887 5703 3519 5796">
    <p class='ocr_par' dir='ltr' id='par_1_117' title="bbox 1887 5703 3519 5796">
     <span class='ocr_line' id='line_1_117' title="bbox 1887 5703 3519 5796; baseline -0.012 -17"><span class='ocrx_word' id='word_1_879' title='bbox 1887 5738 1991 5796; x_wconf 91' lang='lat' dir='ltr'>pro</span> <span class='ocrx_word' id='word_1_880' title='bbox 2017 5719 2261 5778; x_wconf 88' lang='lat' dir='ltr'>mortuis</span> <span class='ocrx_word' id='word_1_881' title='bbox 2283 5719 2562 5791; x_wconf 83' lang='lat' dir='ltr'>Vesperas</span> <span class='ocrx_word' id='word_1_882' title='bbox 2586 5716 2828 5772; x_wconf 87' lang='lat' dir='ltr'>collocat</span> <span class='ocrx_word' id='word_1_883' title='bbox 2849 5717 2981 5787; x_wconf 88' lang='lat' dir='ltr'>post</span> <span class='ocrx_word' id='word_1_884' title='bbox 3007 5710 3246 5766; x_wconf 86' lang='lat' dir='ltr'>Laudes.</span> <span class='ocrx_word' id='word_1_885' title='bbox 3273 5703 3432 5760; x_wconf 89' lang='lat' dir='ltr'>Unde</span> <span class='ocrx_word' id='word_1_886' title='bbox 3456 5703 3519 5760; x_wconf 89' lang='lat' dir='ltr'>in</span> 
     </span>
    </p>
   </div>
   <div class='ocr_carea' id='block_1_118' title="bbox 1888 5797 3517 5871">
    <p class='ocr_par' dir='ltr' id='par_1_118' title="bbox 1888 5797 3517 5871">
     <span class='ocr_line' id='line_1_118' title="bbox 1888 5797 3517 5871; baseline -0.01 -1"><span class='ocrx_word' id='word_1_887' title='bbox 1888 5815 2134 5871; x_wconf 88' lang='lat' dir='ltr'>solemni</span> <span class='ocrx_word' id='word_1_888' title='bbox 2193 5812 2586 5870; x_wconf 86' lang='lat' dir='ltr'>anniversario</span> <span class='ocrx_word' id='word_1_889' title='bbox 2639 5808 2903 5864; x_wconf 90' lang='lat' dir='ltr'>omnium</span> <span class='ocrx_word' id='word_1_890' title='bbox 2955 5803 3356 5859; x_wconf 89' lang='lat' dir='ltr'>defunctorum</span> <span class='ocrx_word' id='word_1_891' title='bbox 3408 5797 3517 5854; x_wconf 85' lang='lat' dir='ltr'>Ve-</span> 
     </span>
    </p>
   </div>
   <div class='ocr_carea' id='block_1_119' title="bbox 3125 5901 3198 5961">
    <p class='ocr_par' dir='ltr' id='par_1_119' title="bbox 3125 5901 3198 5961">
     <span class='ocr_line' id='line_1_119' title="bbox 3125 5901 3198 5961; baseline 0.027 -2"><span class='ocrx_word' id='word_1_892' title='bbox 3125 5901 3198 5961; x_wconf 72' lang='grc'>13</span> 
     </span>
    </p>
   </div>
  </div>
