4036 6188
478 271 581 337 395

1267 273 1598 337 APPENDIX
1635 277 1722 334 AD
1759 279 1980 335 OPERA
2018 271 2250 334 SANCTI
2287 276 2587 334 GERMANI
2624 269 3048 332 PARISIENSIS.

3731 277 3840 330 396

475 409 671 465 speras
700 390 890 447 differt
913 391 971 445 in
1000 388 1152 444 diem
1175 387 1488 442 secundam
1512 387 1867 442 Novembris.
1890 387 1958 442 Et
1977 388 2100 459 qui-
2118 398 2177 472 Α
2197 387 2427 456 altaque
2462 388 2520 438 et
2558 383 2854 439 modulata
2903 399 3059 451 voce,
3101 379 3286 438 instar
3337 380 3681 438 clericorum
3733 383 3836 437 alii

476 487 612 541 dem
655 487 765 540 hoc
793 484 996 540 ordine
1029 481 1474 552 praescribuntur
1511 480 1568 534 in
1619 483 1840 534 vetusto
1888 481 2101 537 Ordine

478 581 738 635 Romano
760 593 867 632 ms.
889 579 952 630 In
966 575 1115 629 Actis
1135 574 1313 628 sancti
1335 573 1487 628 Clari
1509 573 1752 640 abbatis,
1780 574 1879 645 qui
1899 577 2101 632 saeculo

474 689 552 726 vn
582 671 791 737 ﬂoruit,
831 669 1204 724 recensentur
1231 666 1528 738 utriusque
1558 683 1722 721 sexus
1748 669 2103 724 monasteria

473 763 796 828 duodecim,
821 762 878 815 in
901 760 1107 832 quibus
1129 776 1472 814 numerosus
1489 761 1696 814 chorus
1713 759 1970 816 assiduas
1982 763 2100 816 Deo

474 856 668 910 laudes
708 853 1087 926 persolvebat.
1134 853 1210 907 De
1248 853 1565 908 cathedrali
1601 854 1782 908 sancti
1829 853 2098 922 Mauricii,

472 949 707 1020 aliisque
737 947 994 1018 ejusdem
1027 947 1182 1001 urbis
1210 946 1463 1001 ecclesiis
1485 947 1605 1000 haec
1635 947 1828 1001 subdit
1857 950 2056 1002 auctor
2083 965 2096 1002 :

473 1063 501 1090 ‹‹
529 1043 706 1096 Porro
737 1041 796 1095 in
829 1041 1005 1095 domo
1028 1039 1235 1111 majori
1265 1043 1596 1094 sanctorum
1626 1042 1947 1111 martyrum
1968 1056 2101 1112 apo-

469 1134 728 1189 stolicam
759 1133 938 1187 vitam
963 1136 1248 1202 tenentes,
1273 1133 1333 1186 in
1365 1149 1661 1204 unumque
1689 1131 1944 1187 viventes
1973 1134 2096 1204 plu-

467 1227 602 1281 rimi
628 1226 818 1281 clerici
843 1230 1036 1293 erant;
1059 1226 1142 1280 ita
1163 1230 1225 1280 ut
1238 1225 1445 1286 turmis
1467 1225 1756 1298 dispositis
1777 1225 2098 1281 ofﬁciorum

469 1319 792 1375 ministeria
859 1321 1224 1390 peragerent.
1279 1319 1446 1390 Apud
1503 1322 1766 1374 sanctum
1826 1319 2099 1374 Severum

469 1430 700 1486 quoque
735 1417 910 1467 cretus
942 1411 1281 1466 clericorum
1311 1412 1676 1467 venerabilis.
1706 1411 1835 1466 Alia
1868 1429 2097 1483 quoque

468 1505 822 1560 venerabilia
850 1508 1182 1560 sanctorum
1214 1505 1274 1559 in
1295 1521 1478 1559 unum
1505 1505 1964 1560 conversantium
1995 1506 2096 1560 ha-

466 1599 717 1654 bitacula
745 1599 818 1652 ad
846 1597 1160 1668 sexaginta,
1194 1599 1298 1652 sub
1319 1615 1455 1653 cura
1481 1598 1764 1669 pontiﬁcis
1804 1598 2095 1669 degentia,

467 1691 527 1746 in
556 1691 864 1746 Viennensi
896 1690 1123 1745 dimcesi
1160 1690 1297 1744 satis
1327 1690 1727 1744 ordinabiliter
1767 1691 1874 1746 sita
1911 1693 2096 1746 erant.

2201 479 2410 545 Graece,
2435 477 2534 532 alii
2555 477 2774 539 Latine,
2798 493 2996 548 prosas
3021 476 3484 548 antiphonasque
3505 479 3836 542 cantarent,

2203 575 2266 626 ut
2277 589 2393 626 non
2410 571 2694 626 haberent
2708 570 2958 641 spatium
2969 569 3028 625 in
3041 569 3280 625 ecclesia
3289 569 3498 624 fabulis
3511 569 3836 640 occupari.»

2201 664 2484 719 Nimirum
2516 679 2634 718 non
2682 663 2869 718 solum
2901 661 3082 720 Latini
3117 661 3402 717 sermonis
3445 661 3718 717 homines
3747 661 3835 716 ibi

2202 759 2388 824 erant,
2405 756 2508 811 sed
2519 755 2698 811 etiam
2717 755 2896 812 Graeci
2911 758 3148 827 propter
3159 755 3446 811 coloniam
3457 755 3816 810 Phocensem
3825 796 3840 824 ,

2202 870 2328 924 quae
2341 852 2646 908 Massiliam
2670 853 3128 924 immigraverat.
3140 853 3335 924 Neque
3350 869 3485 908 vero
3503 869 3610 924 per
3620 852 3682 906 id
3699 855 3844 907 tem-

2201 963 2307 1018 pus
2335 946 2538 1001 Latina
2572 947 2769 1018 lingua
2792 946 2854 1000 in
2887 945 3083 1000 Galliis
3121 945 3201 1000 ita
3238 944 3542 1001 familiaris
3583 929 3740 1014 erat,
3778 949 3844 1000 ut

2201 1039 2382 1111 quivis
2409 1055 2540 1094 eam
2563 1039 2776 1110 absque
2798 1042 3152 1110 prmceptore
3173 1038 3586 1109 intelligerent.
3609 1039 3841 1093 Testem

2202 1131 2394 1204 404
2421 1133 2532 1187 huc
2543 1133 2770 1204 appello
2782 1132 3120 1203 Gregorium
3129 1173 3142 1199 ,
3157 1131 3355 1187 Galliae
3367 1134 3579 1191 nostrae
3594 1131 3836 1203 scripto-

2201 1241 2326 1280 rem
2346 1225 2658 1296 insignem,
2685 1225 2783 1296 qui
2808 1225 2868 1279 in
2904 1241 3028 1296 cap.
3060 1228 3124 1280 l2
3147 1224 3218 1279 de
3240 1225 3377 1280 Vitis
3401 1226 3636 1280 Patrum
3653 1241 3842 1296 agens

2201 1318 2273 1372 de
2298 1318 2614 1374 Brachione
2641 1317 2870 1384 abbate,
2903 1317 3002 1390 qui
3039 1339 3068 1366 ‹‹
3102 1333 3234 1372 cum
3264 1320 3414 1371 esset
3437 1317 3626 1372 adhuc
3653 1317 3842 1373 laicus

2201 1410 2301 1482 (sic
2331 1409 2647 1484 legendum
2673 1427 2742 1465 ex
2765 1411 2886 1481 Ms.)
2913 1411 2974 1465 in
3000 1413 3170 1466 nocte
3191 1409 3280 1464 bis
3309 1412 3409 1465 aut
3432 1414 3522 1464 ter
3545 1410 3618 1465 de
3651 1415 3836 1466 stratu

2200 1520 2302 1559 suo
2313 1520 2686 1576 consurgens,
2703 1507 2873 1558 terrae
2885 1506 3203 1574 prostratus
3215 1503 3538 1559 orationem
3551 1502 3838 1558 fundebat

2199 1597 2274 1651 ad
2293 1597 2644 1664 Dominum;
2688 1597 2982 1652 nesciebat
3025 1599 3244 1664 tamen,
3278 1595 3378 1664 ait,
3406 1596 3543 1667 quid
3577 1600 3834 1664 caneret,

2201 1689 2334 1760 quia
2359 1689 2580 1745 litteras
2605 1689 2931 1760 ignorabat,
2967 1709 2994 1739 »
3025 1689 3086 1743 id
3127 1691 3214 1744 est
3253 1689 3516 1760 linguam
3545 1688 3836 1744 Latinam.

471 1783 562 1840 Sic
581 1787 717 1838 tunc
733 1769 1010 1855 temporis
1024 1783 1102 1837 ad
1123 1783 1369 1853 gloriam
1391 1783 1806 1854 omnipotentis
1819 1783 1920 1838 Dei
1940 1783 2103 1839 Vien-
2121 1773 2178 1844 B
2273 1787 2361 1838 30.
2375 1783 2570 1838 Redeo
2596 1782 2671 1838 ad
2700 1783 3028 1850 Caesarium,
3051 1783 3151 1853 qui
3172 1782 3244 1837 de
3267 1781 3528 1837 instituta
3550 1781 3843 1854 psallendi

471 1877 666 1931 nensis
689 1875 941 1930 Ecclesia
973 1875 1236 1930 ﬂorebat.
1264 1897 1292 1925 »
1325 1876 1414 1930 Ad
1455 1875 1578 1930 haec
1603 1893 1766 1930 sacra
1795 1877 1938 1946 loca,
1973 1893 2098 1947 quae

467 1969 702 2023 Viennae
749 1968 859 2022 illis
901 1968 1258 2039 temporibus
1295 1972 1494 2038 erant,
1547 1969 1839 2039 pertinere
1877 1969 2100 2024 videtur

467 2061 613 2116 Aviti
639 2061 983 2134 sanctissimi
1013 2061 1135 2132 ejus
1161 2061 1410 2132 episc0pi
1441 2063 1836 2132 fragmentum
1861 2067 1911 2116 5.
1939 2083 1967 2112 ‹‹
1993 2063 2099 2117 Νο-

466 2157 673 2208 verunt
684 2153 970 2226 siquidem
982 2157 1208 2225 sceptra
1227 2154 1417 2209 saeculi
1432 2155 1683 2208 nostriin
1707 2171 1819 2225 quo
1841 2154 2098 2210 sitvirtus

468 2248 749 2319 temporis
787 2247 901 2313 sui;
950 2263 1195 2318 quorum
1245 2247 1786 2318 inexpugnabiliter,
1832 2251 1986 2302 recte
2036 2251 2100 2302 ut

467 2340 831 2407 conﬁdimus,
859 2341 986 2410 plus
1004 2341 1128 2394 haec
1156 2340 1424 2405 basilicis,
1449 2356 1625 2411 quam
1653 2339 2097 2412 propugnaculis

467 2433 602 2487 urbs
641 2433 918 2488 munitur.
963 2433 1224 2504 Cingitur
1259 2433 1514 2504 undique
1553 2449 1844 2488 sacrarum
1883 2433 2095 2489 aedium

465 2525 751 2580 tutamine
783 2526 940 2580 dives
966 2542 1256 2592 accessus;
1281 2529 1338 2580 et
1366 2525 1440 2580 ad
1488 2529 1808 2596 portarum,
1836 2527 2096 2597 quamvis

465 2619 808 2690 patentium,
841 2619 1046 2672 limina
1069 2619 1301 2686 tutiora,
1343 2619 1458 2673 nisi
1491 2619 1702 2674 sanctis
1727 2619 2092 2689 janitoribus,

464 2727 581 2766 non
601 2711 846 2766 venitur.
873 2711 1118 2766 Desistat
1151 2711 1285 2766 hinc
1313 2713 1486 2783 plane
1515 2716 1658 2766 nutu
1678 2729 1929 2784 superno
1962 2729 2094 2768 usus

463 2819 782 2859 armorum.
834 2826 862 2854 »
917 2806 978 2858 In
1019 2803 1108 2858 his
1155 2820 1326 2876 porro
1370 2805 1582 2859 sanctis
1623 2805 1763 2860 locis
1813 2805 2095 2876 psallendi

460 2897 638 2952 ritum
661 2897 906 2968 viguisse
927 2897 1216 2968 colligitur
1246 2915 1314 2952 ex
1346 2897 1434 2951 his
1458 2898 1774 2968 fragmenti
1798 2903 1829 2953 7
1861 2899 2047 2954 verbis
2077 2914 2090 2952 :

467 3011 496 3038 ‹‹
525 2989 704 3044 Gallia
732 2993 931 3044 nostra
955 2990 1238 3044 ﬁorescat.
1265 2990 1428 3044 Orbis
1449 2990 1737 3044 desideret
1755 2992 1910 3062 quod
1938 2993 2094 3046 locus

465 3081 693 3136 invexit.
721 3081 1034 3152 Incipiatur
1054 3081 1228 3136 hodie
1259 3083 1540 3136 exustioni
1565 3083 1874 3152 aeternitas,
1904 3084 2090 3155 digni-

461 3178 550 3228 tas
577 3173 822 3245 regioni.
844 3133 1240 3230 r[laudantibus
1268 3175 1330 3228 in
1350 3176 1622 3246 prasenti
1651 3133 2090 3245 saeculo’DeTIm,
2115 3133 2170 3207 Ο

462 3266 778 3322 laudaturis
809 3267 1026 3338 pariter
1054 3267 1114 3321 in
1141 3267 1353 3335 futuro,
1383 3272 1620 3324 renovet
1653 3269 1840 3340 magis
1883 3270 2088 3348 obitus,

463 3375 637 3431 quam
655 3360 944 3430 ,terminet
970 3361 1278 3428 actionem,
1310 3383 1338 3410 ››
1365 3365 1472 3416 etc.
1503 3361 1662 3416 Idem
1681 3362 1740 3416 in
1761 3363 2090 3434 fragmento

462 3456 514 3520 ϐ,
553 3453 824 3508 meminit
861 3451 1056 3526 403
1101 3475 1130 3504 ‹‹
1163 3454 1325 3508 lecta:
1371 3455 1653 3526 passionis
1684 3477 1712 3505 »
1759 3460 2091 3512 sanctorum

459 3547 895 3617 Agaunensium
921 3547 980 3601 in
1015 3563 1218 3602 eorum
1257 3547 1586 3616 festivitate,
1618 3549 1774 3620 quod
1805 3571 1833 3599 «
1865 3567 1932 3604 ex
1953 3567 2088 3605 con-

460 3639 778 3694 suetudinis
805 3639 998 3694 debito
1029 3662 1057 3691 »
1086 3642 1306 3696 factum
1335 3641 1490 3696 dicit.

533 3734 622 3785 29.
653 3731 819 3794 Quod
856 3736 1052 3787 sancto
1089 3733 1404 3805 Trophimo
1434 3735 1858 3790 Arelatensium
1901 3735 2090 3806 primo

463 3822 731 3894 episcopo
780 3823 982 3878 tribuit
1021 3827 1182 3879 vetus
1221 3829 1420 3881 auctor
1452 3828 1605 3898 apud
1649 3827 2089 3899 Spelmannum,

463 3932 580 3970 non
606 3915 752 3970 adeo
779 3916 1082 3987 antiquum
1101 3917 1326 3972 videtur
1353 3918 1696 3974 institutum.
1727 3921 1894 3991 Apud
1925 3921 2090 3977 Sido-

462 4007 624 4064 nium
649 4008 1066 4079 Apollinarem,
1091 4009 1149 4064 in
1174 4010 1271 4064 lib.
1302 4027 1376 4079 Iv,
1409 4011 1652 4084 epistola
1691 4017 1774 4081 il,
1827 4014 2090 4070 Claudia-

460 4118 568 4155 nus
592 4101 946 4172 ;monachus,
975 4103 1235 4158 Mamerti
1276 4103 1616 4159 Viennensis
1663 4106 1914 4177 episcopi
1960 4124 2088 4178 ger-

457 4211 670 4281 manus
686 4197 744 4249 et
776 4194 1037 4263 vicarius,
1080 4195 1366 4264 laudatur,
1405 4198 1561 4268 quod
1596 4199 1851 4269 psalmos
1887 4201 2088 4271 praeci-

459 4289 668 4358 nuerit,
694 4291 754 4343 et
776 4289 1052 4344 lectiones
1076 4307 1182 4361 per
1209 4307 1429 4346 annum
1461 4291 1831 4348 ordinaverit.

676 4395 1003 4463 Psalmorum
1022 4395 1108 4463 hic
1133 4397 1428 4463 modulator
1455 4400 1507 4448 et
1526 4397 1842 4463 phonascus,

676 4460 807 4523 Ante
834 4458 1032 4523 altaria,
1057 4459 1212 4523 fratre
1241 4458 1550 4523 gratulante,

679 4521 962 4570 lnstructas
991 4521 1170 4572 docuit
1192 4521 1380 4571 sonare
1415 4521 1624 4573 classes.

681 4581 777 4648 ljic
805 4582 1124 4648 solemnibus
1151 4584 1338 4648 annuis
1360 4585 1580 4648 paravit,

681 4641 805 4698 Quas
829 4655 930 4704 quo
949 4647 1183 4710 tempore
1209 4645 1346 4696 lecta
1361 4641 1722 4698 convenirent.

465 4741 794 4798 Secundum
817 4744 1220 4816 Claudianum,
1244 4747 1494 4804 diviniin
1526 4749 1622 4805 illa
1647 4751 1898 4806 Ecclesia
1922 4751 2098 4808 officii

463 4835 846 4908 ampliﬁcator
863 4838 1184 4894 censendus
1214 4844 1300 4894 est
1329 4845 1558 4896 sanctus
1581 4843 1858 4898 Caesarius
1884 4844 2097 4916 episco-

463 4949 590 5004 pus,
606 4933 749 4986 teste
762 4930 1046 5002 Cypriano
1069 4931 1336 5003 episcopo
1352 4934 1656 4989 Tolonensi
1672 4935 1730 4990 in
1749 4937 1894 4994 libro
1907 4938 2094 5010 primo

469 5026 540 5080 de
567 5025 688 5095 ejus
715 5023 860 5080 Vita.
895 5024 986 5080 Sic
1015 5023 1172 5080 enim
1199 5025 1411 5096 legitur
1430 5043 1570 5080 num
1598 5031 1662 5082 lO
1686 5045 1699 5082 :
1727 5051 1754 5078 ‹‹
1778 5031 1857 5084 De
1878 5032 2096 5102 profec-

469 5117 622 5172 tibus
645 5119 838 5191 itaque
868 5122 1205 5174 cunctorum
1231 5118 1502 5174 sollicitus
1531 5124 1589 5174 et
1610 5122 1878 5192 providus
1897 5125 2098 5180 Pastor

471 5209 666 5265 statim
691 5211 937 5266 instituit
959 5215 1022 5267 ut
1042 5211 1298 5284 quotidie
1319 5212 1543 5282 Tertiae,
1567 5214 1886 5286 Sextaeque,
1916 5221 1974 5273 et
1992 5220 2097 5275 No-

471 5319 562 5358 nae
583 5319 725 5374 opus
746 5303 804 5357 in
826 5305 1008 5359 sancti
1028 5306 1306 5378 Stephani
1325 5306 1560 5362 basilica
1575 5307 1765 5363 clerici
1785 5325 1915 5364 cum
1937 5312 2098 5383 hym-

469 5397 559 5452 nis
583 5400 916 5464 cantarent;
941 5402 1004 5453 ut
1029 5399 1079 5453 si
1097 5400 1224 5472 quis
1239 5401 1387 5456 forte
1413 5402 1773 5458 saecularium
1799 5404 1888 5457 vel
1920 5405 2098 5476 poeni-

468 5489 717 5548 tentium
743 5493 1006 5546 sanctum
1039 5509 1180 5563 opus
1209 5495 1442 5566 exsequi
1463 5495 1728 5564 ambiret,
1758 5495 1972 5568 absque
1999 5515 2091 5552 ex-

469 5584 764 5642 cusatione
777 5583 969 5656 aliqua
981 5585 1318 5656 quotidiana
1330 5587 1608 5648 interesse
1623 5593 1817 5662 posset
1829 5591 2037 5650 ofﬁcio.
2063 5615 2091 5646 ι»

469 5679 538 5734 Et
561 5695 720 5734 num.
744 5678 1007 5750 sequenti
1025 5695 1038 5733 :
1057 5700 1085 5730 ‹‹
1104 5678 1328 5750 Adjecit
1343 5681 1518 5736 etiam
1540 5688 1714 5755 atque
1725 5687 2020 5758 compulit,
2036 5691 2099 5742 ut

468 5768 744 5829 laicorum
775 5771 1129 5845 popularitas
1159 5773 1418 5828 Psalmos
1457 5777 1513 5828 et
1554 5775 1802 5848 hymnos
1843 5785 2092 5851 pararet,

2199 1874 2500 1947 disciplina
2528 1875 2710 1930 animi
2724 1875 2810 1930 sui
2831 1875 3090 1930 Iustitiam
3113 1875 3192 1930 sic
3219 1875 3462 1930 effundit
3480 1874 3540 1929 in
3562 1891 3840 1930 sermone

2197 1971 2302 2024 288
2322 1967 2654 2039 appendicis
2673 1985 2836 2023 novae
2855 1967 3288 2039 Augustinianaa
3313 1985 3326 2022 :
3351 1967 3654 2034 Gaudium,
3677 1967 3840 2039 quod

2197 2060 2344 2114 mihi
2368 2061 2648 2116 Dominus
2671 2061 2755 2131 (de
2787 2063 2975 2116 vestra
3009 2064 3208 2116 sancta
3241 2064 3299 2115 et
3331 2059 3490 2115 ﬁdeli
3528 2060 3840 2116 devotione

2197 2153 2496 2221 concessit,
2511 2153 2698 2208 verbis
2709 2169 2827 2210 non
2846 2155 3127 2225 praevaleo
3141 2153 3442 2225 explicare.
3454 2154 3652 2208 Plures
3673 2153 3840 2208 enim

2197 2251 2364 2301 erant
2392 2246 2532 2301 anni
2552 2247 2707 2318 quod
2732 2264 2837 2318 pro
2859 2247 2966 2302 hac
2989 2263 3052 2302 re
3079 2245 3361 2302 aestuabat
3380 2246 3576 2302 anima
3601 2263 3758 2313 mea,
3781 2251 3843 2301 et

2197 2343 2319 2394 tota
2331 2339 2518 2394 cordis
2530 2339 2852 2395 intentione
2867 2339 3268 2395 desiderabam
3283 2343 3346 2394 ut
3359 2339 3530 2394 istam
3546 2339 3844 2410 psallendi

2195 2431 2672 2487 consuetudinem
2697 2433 2856 2488 vobis
2867 2432 2994 2504 pius
3005 2432 3284 2488 Dominus
3300 2431 3632 2503 inspiraret.
3664 2431 3836 2487 Unde

2194 2524 2474 2580 benedico
2487 2525 2798 2580 Dominum
2810 2541 3004 2580 meum
3013 2567 3026 2593 ,
3043 2529 3100 2580 et
3115 2527 3360 2596 quantas
3371 2525 3637 2596 possumj
3645 2525 3842 2596 ugiter

2195 2617 2411 2688 gratias
2436 2635 2568 2690 ago,
2619 2618 2715 2690 qui
2761 2619 3031 2689 dignatus
3069 2623 3155 2673 est
3190 2618 3431 2690 implere
3478 2617 3836 2674 desiderium

2193 2727 2409 2766 meum.
2438 2712 2582 2767 Cum
2613 2711 2769 2766 enim
2789 2728 2889 2766 vos
2910 2728 3019 2782 ego
3049 2712 3129 2766 ita
3144 2713 3390 2784 psallere
3412 2711 3837 2778 desiderarem,

2195 2820 2309 2875 quo
2328 2804 2504 2860 modo
2525 2804 2586 2859 in
2608 2805 2732 2859 aliis
2748 2805 2947 2860 vicinis
2968 2804 3288 2860 civitatibus
3308 2805 3680 2876 psallebatur,
3705 2805 3838 2859 tali-

2196 2902 2286 2951 ter
2309 2897 2458 2951 Deus
2475 2897 2830 2968 praeparavit
2853 2897 3114 2952 animum
3134 2900 3412 2964 vestrum,
3440 2901 3504 2951 ut
3524 2897 3636 2953 hoc
3653 2898 3840 2952 etiam

2195 2989 2420 3056 melius,
2435 2989 2676 3044 Domino
2699 2989 3029 3060 adjuvante,
3057 2989 3414 3060 compleatis.
3445 3012 3473 3040 »
3494 2989 3582 3044 Ad
3621 2989 3754 3045 haec
3777 2991 3840 3044 in

2194 3099 2465 3137 sermone
2486 3083 2618 3137 14οε
2656 3105 2684 3132 ‹‹
2702 3083 2772 3137 Et
2790 3081 2922 3150 ideo
2942 3098 3084 3154 rogo
3105 3099 3225 3149 vos,
3247 3083 3455 3138 fratres
3485 3082 3838 3151 charissimi,

2195 3175 2268 3230 ad
2281 3174 2344 3229 Vi
2350 3175 2515 3246 gilias
2528 3175 2841 3230 matutinas
2857 3175 3072 3247 surgite
3089 3191 3102 3230 :
3119 3175 3193 3230 ad
3202 3175 3476 3244 Tertiam,
3491 3175 3564 3231 ad
3577 3175 3836 3242 Sextam,

2193 3267 2266 3322 ad
2287 3269 2512 3322 Nonam
2532 3271 2666 3322 ante
2689 3269 2886 3324 omnia
2905 3269 3229 3324 convenite.
3253 3269 3450 3324 Nullus
3479 3285 3538 3324 se
3561 3285 3596 3324 a
3627 3273 3836 3324 sancto

2193 3375 2368 3430 apere
2393 3360 2709 3428 subtrahat,
2753 3361 2863 3415 nisi
2899 3377 3072 3432 quem
3101 3361 3429 3430 inﬁrmitas,
3471 3365 3570 3417 aut
3602 3362 3841 3434 publica

2193 3452 2428 3520 utilitas,
2447 3457 2548 3508 aut
2558 3454 2705 3508 forte
2723 3457 2880 3509 certa
2906 3456 2965 3508 et
2987 3453 3222 3524 grandis
3249 3455 3558 3510 necessitas
3578 3455 3839 3511 tenuerit

2193 3547 2554 3616 occupatum.
2587 3547 2700 3600 Nec
2739 3547 2925 3602 solum
2952 3545 3112 3602 vobis
3152 3546 3418 3616 sufﬁciat,
3447 3547 3605 3618 quod
3637 3548 3700 3603 in
3743 3564 3834 3602 ec-

2192 3636 2364 3691 clesia
2389 3636 2612 3693 divinas
2640 3638 2914 3694 lectiones
2942 3637 3151 3694 auditis
3175 3655 3189 3705 ;
3213 3638 3316 3694 sed
3341 3639 3521 3694 etiam
3546 3639 3611 3694 in
3652 3639 3834 3696 domi-

2191 3729 2298 3784 bus
2318 3730 2516 3786 vestris
2544 3734 2643 3786 aut
2662 3731 2772 3802 ipsi
2796 3731 2992 3803 legite,
3021 3735 3122 3786 aut
3147 3731 3289 3786 alios
3325 3732 3591 3804 legentes
3632 3733 3829 3804 requi-

2192 3821 2322 3890 rite,
2355 3827 2413 3878 et
2437 3823 2686 3878 libenter
2704 3823 2918 3879 audite.
2951 3846 2980 3875 »
3005 3826 3089 3880 Ita
3107 3825 3385 3881 Caesarius
3410 3825 3487 3880 ad
3522 3824 3702 3881 laicos
3728 3826 3829 3881 ho-

2193 3915 2384 3970 mines
2416 3916 2656 3971 civitatis
2684 3917 3034 3972 Arelatensis
3063 3935 3076 3972 :
3107 3918 3205 3989 qui
3226 3940 3254 3968 ‹‹
3278 3918 3620 3989 frequenter
3641 3919 3824 3974 etiam

2194 4008 2269 4062 ad
2295 4008 2601 4064 Matutinos
2643 4013 2700 4064 et
2741 4010 3150 4066 Lucernarium
3192 4015 3431 4082 propter
3455 4011 3836 4067 advenientes

2193 4101 2474 4156 recitabat
2515 4103 2802 4172 homilias,
2839 4125 2867 4154 »
2909 4121 2976 4158 ex
3017 4103 3303 4176 Cypriano
3343 4105 3615 4176 episcopo
3659 4105 3827 4161 Tolo-

2193 4194 2358 4248 nensi
2381 4194 2440 4248 in
2469 4195 2589 4265 ejus
2615 4196 2760 4266 Vita,
2803 4213 2960 4252 num.
2991 4199 3044 4266 4,
3077 4218 3106 4248 ‹‹
3137 4202 3201 4252 ut
3229 4199 3418 4252 nullus
3451 4201 3606 4252 esset
3637 4199 3742 4270 qui
3776 4215 3835 4253 se

2195 4287 2266 4342 de
2294 4287 2624 4358 ignorantia
2661 4293 2972 4344 excusaret.
3002 4311 3030 4340 ››
3060 4291 3124 4344 In
3155 4291 3246 4346 his
3278 4290 3496 4362 Vigiliis
3529 4291 3836 4346 matutinis

2195 4396 2312 4435 non
2357 4381 2544 4436 solum
2569 4381 2890 4454 Scripturas
2929 4399 3136 4452 sacras,
3177 4383 3278 4438 sed
3320 4384 3497 4439 etiam
3530 4385 3838 4456 passiones

2110 4495 2171 4568 D
2195 4472 2386 4568 405
2417 4477 2924 4568 martyrumlectas
2943 4475 3116 4532 fuisse
3141 4493 3206 4532 ex
3225 4477 3433 4533 eodem
3462 4478 3716 4534 Caesarie
3745 4478 3838 4534 in-

2195 4566 2508 4637 telligimus
2524 4567 2584 4622 in
2603 4585 2874 4624 sermone
2901 4571 3005 4626 300
3027 4569 3360 4642 appendicis
3387 4587 3549 4632 novae
3563 4573 3839 4642 Augusti-

2198 4659 2384 4714 niante
2415 4677 2427 4715 :
2459 4681 2486 4709 »
2513 4661 2661 4716 Ante
2693 4662 2913 4734 aliquot
2937 4662 3060 4718 dies
3085 4666 3322 4736 propter
3349 4679 3468 4732 eos,
3499 4663 3597 4736 qui
3615 4669 3718 4719 aut
3743 4682 3844 4736 pe-

2197 4752 2298 4807 des
2329 4753 2546 4823 dolent,
2576 4759 2675 4810 aut
2706 4755 2899 4828 aliqua
2938 4756 3194 4828 corporis
3230 4756 3625 4829 inaequalitate
3668 4759 3839 4816 labos

2194 4848 2345 4914 rant,
2361 4849 2604 4917 paterna
2614 4848 2706 4919 pie
2714 4852 2830 4904 tate
2843 4849 3114 4906 sollicitus
3125 4850 3430 4907 consilium
3446 4850 3600 4918 dedi,
3617 4855 3677 4908 et
3695 4869 3846 4924 quo—

2197 4938 2332 4994 dam
2356 4940 2530 4996 modo
2565 4941 2895 5014 supplicavi,
2914 4946 2978 4998 ut
2999 4943 3232 5014 quando
3249 4947 3350 5000 aut
3369 4944 3668 5016 passiones
3697 4963 3845 5018 pro-

2195 5031 2342 5101 lixae,
2371 5038 2470 5089 aut
2495 5037 2648 5089 certe
2683 5035 2890 5106 aliquas
2921 5037 3197 5092 lectiones
3226 5037 3516 5109 longiores
3539 5039 3852 5112 leguntur,

2196 5125 2293 5197 qui
2322 5129 2472 5182 stare
2500 5144 2618 5182 non
2639 5132 2896 5200 possunt,
2929 5129 3223 5186 humiliter
3243 5133 3302 5186 et
3321 5147 3453 5186 cum
3486 5131 3718 5188 silentio
3745 5151 3851 5189 se-

2197 5218 2419 5284 dentes,
2437 5221 2673 5276 attentis
2695 5222 2926 5277 auribus
2947 5223 3187 5279 audiant
3206 5240 3332 5296 quas
3353 5225 3644 5296 leguntur.
3673 5227 3858 5285 Nunc

2195 5329 2328 5368 vero
2361 5313 2568 5385 aliquae
2589 5314 2659 5370 de
2679 5315 2905 5370 ﬁliabus
2933 5316 3144 5372 nostris
3173 5320 3397 5388 putant,
3431 5317 3587 5390 quod
3606 5318 3720 5375 hoc
3737 5327 3862 5378 aut

2196 5423 2420 5475 omnes,
2443 5411 2543 5462 aut
2561 5412 2716 5463 certe
2744 5409 2937 5481 plures
2957 5426 3086 5481 quae
3103 5426 3259 5465 sanae
3284 5415 3418 5466 sunt
3437 5427 3701 5483 corpore,
3725 5413 3864 5470 fre-

2195 5507 2442 5576 quenter
2467 5505 2682 5570 debent
2707 5507 2914 5562 facere.
2933 5508 3078 5563 Nam
3096 5507 3192 5564 ubi
3215 5508 3458 5564 verbum
3472 5509 3578 5564 Dei
3595 5515 3868 5582 coeperit

2194 5597 2444 5666 recitari,
2458 5599 2620 5670 quasi
2636 5599 2694 5654 in
2713 5600 2936 5656 lectulis
2957 5601 3090 5669 suis,
3115 5600 3197 5656 ita
3209 5601 3409 5674 jacere
3427 5603 3648 5671 volunt,
3675 5624 3710 5656 ιο
3730 5609 3858 5662 etc.

2266 5693 2352 5745 3t.
2384 5692 2463 5748 Ex
2487 5691 2577 5747 his
2601 5693 2944 5765 colligimus,
2973 5693 3164 5766 primo
3195 5693 3552 5766 publicarum
3593 5712 3862 5769 precum

2197 5782 2617 5843 institutionem
2649 5805 2765 5843 non
2807 5787 3002 5844 minus
3037 5787 3097 5844 in
3140 5788 3386 5858 gratiam
3429 5790 3626 5860 populi
3655 5807 3862 5863 quam
