4036 6188
208 321 293 372 39ῖ
931 347 935 351 ε
1265 311 1350 368 DE
1386 313 1604 369 CURSU
1643 312 2014 369 GALLICANO
2049 311 2458 378 DISQUISITIO.
3426 317 3530 370 398

205 423 322 479 cieri
335 422 528 477 factam
555 421 746 478 fuisse.
766 421 978 478 Deinde
996 421 1303 477 lectionum
1325 427 1581 493 tempore
1601 422 1798 477 ﬁdeles
1819 432 1878 506 Α
1897 421 2150 476 chalibus
2175 407 2531 492 praecipiunt,
2561 422 2811 494 itemque
2825 437 2928 492 pro
2957 421 3193 494 singulis
3217 421 3521 476 Dominicis

205 517 393 572 stetisse
417 515 478 569 in
501 515 690 586 pedes,
719 516 967 587 exceptis
993 516 1258 571 infirmis.
1288 516 1370 570 Ad
1409 515 1532 570 hac
1583 517 1800 572 nullam
1900 519 1956 569 et
1980 515 2286 585 majoribus
2311 514 2724 570 festivitatibus.
2754 515 2839 569 Ab
2866 515 3067 570 eodem
3112 515 3354 570 Casario
3395 531 3526 570 con-

203 609 280 665 hic
296 608 360 663 de
383 608 582 662 Prima
607 608 788 662 ofﬁcio
813 609 936 664 fieri
961 609 1331 677 mentionem,
1355 609 1498 665 sicut
1511 625 1615 664 nec
1631 610 1800 665 etiam
1899 607 2003 662 diti
2031 611 2163 662 sunt
2187 624 2431 662 canones
2460 609 2677 663 concilii
2705 625 2743 662 ιι
2790 608 3062 674 Vasensis,
3106 608 3266 679 cujus
3311 624 3524 663 canone

201 703 250 757 in
269 701 666 770 Iconstitutione
709 702 968 772 lnjuriosi
1016 702 1262 774 episcopi
1301 702 1640 758 Turonensis
1661 745 1675 773 ,
1730 703 1799 759 de
1899 703 1930 754 3
1961 700 2242 769 statuitur,
2269 705 2330 756 ut
2359 702 2524 772 Kyrie
2552 702 2761 756 eleison
2787 702 2862 756 ad
2886 703 3204 765 Matutinos,
3231 705 3283 756 et
3310 702 3385 756 ad
3408 704 3532 758 mis-

200 811 292 866 qua
315 793 561 849 inferius.
605 796 891 850 Postremo
926 797 1071 851 hanc
1116 796 1389 868 psallendi
1440 812 1700 851 normam
1740 796 1799 850 in
1896 809 2007 857 sas,
2035 798 2084 849 et
2108 795 2185 849 ad
2214 797 2503 866 Vespcram
2527 798 2917 865 frequentatur.
2957 796 3093 849 Eam
3136 794 3206 848 ob
3252 811 3374 850 rem
3420 798 3530 850 Au-

198 887 369 942 vicinis
397 886 672 957 Ecclesiis,
707 893 1014 961 antequam
1043 889 1104 944 in
1143 889 1471 957 Arelatensi,
1508 889 1680 946 fuisse
1719 888 1800 944 in-
1899 885 2096 942 reliani
2113 888 2313 957 regula
2343 888 2398 943 id
2418 889 2722 960 aliquando
2738 891 2845 957 ter,
2876 887 3178 959 aliquando
3195 887 3364 942 etiam
3383 888 3524 942 duo-

198 980 444 1034 stitutam.
1898 980 2082 1035 decies
2101 980 2278 1052 repeti
2299 981 2481 1052 jubet.
2505 981 2770 1052 Ejusdem
2800 981 3020 1036 concilii
3043 997 3225 1036 canon
3263 983 3295 1037 5
3331 981 3524 1036 decer-

255 1076 335 1128 32.
367 1073 484 1128 Non
520 1073 768 1128 multum
811 1073 979 1129 distat
1006 1075 1227 1130 Arelate
1256 1074 1508 1144 Massilia,
1537 1074 1635 1130 ubi
1672 1090 1794 1130 me-
1896 1073 2000 1143 nit,
2059 1076 2126 1130 Ut
2156 1077 2215 1130 in
2243 1076 2484 1131 omnibus
2515 1075 2770 1131 clausulis
2799 1075 3133 1145 psalmorum
3166 1080 3290 1146 post
3343 1074 3528 1129 Gloria

196 1167 272 1221 dio
294 1165 490 1221 saculo
515 1181 551 1218 γ
575 1170 825 1221 versatus
847 1170 932 1221 est
954 1167 1266 1222 Cassianus.
1305 1169 1355 1221 Is
1381 1167 1599 1223 duobus
1621 1168 1686 1222 in
1710 1167 1794 1222 lo-
1897 1167 2111 1222 dicatur
2161 1167 2314 1224 Sicut
2363 1173 2482 1223 erat
2519 1171 2579 1224 in
2618 1169 2880 1224 universis
2920 1167 3042 1238 ejus
3090 1167 3391 1238 provincia
3439 1183 3522 1222 ec-

195 1259 260 1314 cis
281 1274 468 1313 cursus
502 1257 770 1313 Gallicani
813 1259 1096 1326 meminit,
1138 1263 1194 1314 et
1227 1259 1414 1330 primo
1453 1260 1686 1332 quidem
1735 1259 1796 1314 in
1899 1261 2093 1317 clesiis.

195 1351 276 1405 lib.
300 1367 337 1406 ιι
365 1351 808 1419 institutionum,
837 1369 958 1424 cap.
984 1355 1016 1408 8
1045 1368 1060 1406 :
1092 1373 1120 1401 ‹‹
1157 1352 1300 1408 Illud
1337 1352 1508 1408 etiam
1540 1353 1691 1424 quod
1737 1352 1796 1407 in
1969 1357 2056 1408 35.
2089 1355 2300 1409 Prater
2325 1371 2392 1410 ea
2420 1354 2716 1410 Ferreolus
2741 1353 3048 1410 Ucetiensis
3067 1353 3318 1424 antistes,
3349 1353 3407 1407 in
3432 1369 3521 1408 re-

194 1444 279 1498 hac
302 1444 586 1514 provincia
610 1444 874 1515 vidimus,
909 1449 971 1498 ut
998 1460 1110 1500 uno
1138 1449 1421 1514 cantante,
1451 1445 1511 1500 in
1551 1445 1796 1500 clausula
1898 1447 2046 1518 gula
2072 1464 2186 1502 sua
2211 1464 2335 1519 cap.
2368 1451 2432 1503 18
2463 1465 2476 1502 :
2508 1469 2536 1497 ‹‹
2561 1448 2729 1502 Gesta
2753 1452 3093 1518 martyrum,
3121 1446 3327 1518 inquit,
3360 1445 3419 1500 id
3442 1450 3526 1500 est

194 1537 368 1608 psalmi
395 1553 592 1592 omnes
603 1538 886 1593 adstantes
903 1539 1202 1594 concinant
1219 1555 1348 1593 cum
1379 1539 1648 1607 clamore,
1677 1539 1796 1595 Glo-
1894 1540 2182 1611 passiones
2203 1545 2526 1596 sanctorum
2553 1540 2828 1611 ﬁdelium,
2847 1557 2974 1612 qua
2991 1539 3366 1612 quorumdam
3381 1553 3528 1592 com-

192 1632 262 1683 n‘a
284 1633 432 1685 Patri
453 1635 506 1686 et
523 1631 663 1686 Filio
685 1636 738 1686 et
760 1633 995 1702 Spiritui
1021 1636 1226 1695 sancto,
1248 1648 1530 1704 nusquam
1547 1647 1650 1703 per
1667 1648 1790 1686 om-
1893 1635 2162 1704 paginata
2190 1635 2376 1690 studio
2418 1638 2475 1689 et
2517 1647 2780 1690 sermone
2817 1633 3038 1706 digesta
3075 1637 3225 1702 sunt,
3271 1636 3526 1702 tempore

195 1739 303 1777 nem
330 1723 618 1778 Orientem
641 1723 978 1792 audivimus,
1006 1725 1104 1780 sed
1130 1742 1262 1780 cum
1289 1725 1547 1780 omnium
1573 1724 1793 1779 silentio
1818 1795 1852 1798 _
1893 1744 2005 1798 quo
2030 1727 2195 1782 nobis
2219 1727 2374 1783 diem
2401 1726 2762 1798 migrationis
2789 1743 2987 1782 eorum
3013 1726 3149 1782 anni
3165 1730 3314 1780 meta
3332 1741 3526 1780 cursus

197 1815 252 1868 ab
273 1831 332 1870 eo
367 1816 462 1888 qui
514 1819 726 1886 cantat,
759 1817 919 1871 finito
961 1817 1201 1888 psalmo,
1250 1818 1562 1873 orationem
1599 1833 1791 1873 succe-
1813 1795 1870 1868 Β
1894 1821 1983 1876 sui
2015 1821 2236 1892 legibus
2279 1823 2666 1892 repraesentat,
2715 1819 2995 1875 recenseri
3034 1820 3095 1873 in
3135 1819 3382 1874 oratorio
3421 1835 3523 1873 au-

198 1907 328 1963 dere:
354 1908 455 1963 hac
481 1925 616 1964 vero
643 1909 1050 1982 gloriﬁcatione
1083 1910 1368 1966 Trinitatis
1400 1911 1794 1966 tantummodo
1895 1914 2180 1969 dientibus
2203 1913 2419 1968 cunctis
2443 1913 2677 1968 omnino
2703 1911 3080 1967 decernimus.
3112 1933 3141 1960 »
3169 1911 3327 1975 Quod
3351 1909 3525 1966 etiam

197 2000 341 2056 solere
368 2002 710 2073 antiphonas
733 2004 1048 2071 terminari,
1079 2025 1108 2054 »
1141 2004 1198 2059 id
1227 2007 1330 2074 est,
1372 2003 1419 2058 si
1441 2004 1586 2060 bene
1613 2003 1789 2059 inter-

195 2097 371 2168 pretor,
391 2098 625 2153 cantum
644 2096 948 2152 alternum.
977 2099 1116 2152 Nam
1141 2098 1295 2152 hunc
1333 2097 1660 2168 antiphona
1685 2113 1789 2152 no-

195 2190 318 2244 mine
339 2191 486 2262 apud
514 2189 864 2264 antiquiores
883 2195 1142 2248 auctores
1155 2189 1395 2262 intelligi
1420 2187 1613 2263 406
1632 2207 1794 2262 supe-

196 2283 287 2336 rius
317 2283 578 2340 vidimus.
617 2286 775 2342 Alter
807 2285 962 2340 locus
1001 2289 1086 2342 est
1117 2285 1179 2340 in
1218 2285 1318 2340 lib.
1344 2301 1427 2355 111,
1459 2301 1582 2356 cap.
1610 2285 1664 2354 4,
1699 2285 1792 2340 ubi

196 2376 282 2430 duo
314 2394 408 2434 nos
438 2379 606 2435 docet
645 2379 961 2435 Cassianus.
1000 2380 1278 2448 Primum,
1327 2363 1670 2434 matut'mam
1709 2395 1792 2434 so-

195 2469 528 2543 lemnitatem;
553 2472 610 2528 id
643 2477 730 2528 est
751 2473 986 2544 Laudes,
1019 2491 1047 2526 α
1067 2473 1304 2545 expletis
1324 2471 1616 2529 nocturnis
1640 2473 1789 2544 psal-

197 2563 280 2617 mis
301 2568 351 2619 et
373 2565 743 2634 orationibus,
767 2569 895 2638 post
919 2567 1206 2622 modicum
1234 2566 1508 2639 temporis
1526 2567 1790 2624 interval-

196 2655 308 2727 lum,
328 2680 352 2706 »
381 2658 438 2712 in
461 2659 658 2714 Gallia
673 2660 1030 2715 monasteriis
1048 2660 1220 2716 fuisse
1240 2661 1604 2717 celebratam.
1633 2661 1790 2725 Quod

195 2749 332 2804 etiam
351 2751 408 2806 in
430 2754 636 2824 regula
655 2769 756 2807 sua
783 2753 1040 2825 pracipit
1065 2757 1289 2809 sanctus
1315 2755 1646 2810 Benedictus
1667 2771 1684 2824 ;
1713 2759 1791 2809 at-

195 2857 281 2912 que
297 2843 357 2900 de
383 2845 723 2901 Emeritensi
749 2847 993 2902 Ecclesia
1017 2847 1220 2903 hiemis
1250 2851 1507 2920 tempore
1543 2848 1605 2902 in
1633 2863 1792 2903 more

194 2935 332 2992 fuisse
345 2939 509 2994 tradit
523 2940 730 2994 Paulus
745 2940 1022 2996 Diaconus
1042 2942 1104 2996 in
1119 2941 1219 2996 lib.
1241 2941 1311 2997 de
1336 2941 1595 2996 Patribus
1623 2943 1788 2997 Eme-

194 3028 472 3103 ritensibus,
504 3049 636 3104 cap.
671 3037 722 3088 1.
750 3033 1070 3090 Secundum
1097 3040 1200 3104 est,
1231 3036 1467 3090 alteram
1498 3050 1530 3084 (τ
1554 3035 1788 3090 matuti-

195 3137 300 3178 nam
343 3126 776 3194 solemnitatem,
834 3149 863 3176 »
915 3128 1067 3199 quod
1111 3127 1314 3183 Prima
1374 3127 1623 3184 officium
1683 3132 1787 3199 est,

197 3215 290 3272 «in
309 3219 548 3275 occiduis
571 3220 662 3274 vel
689 3221 940 3276 maxime
969 3221 1298 3292 regionibus
1339 3244 1368 3272 »
1416 3222 1788 3277 observatam.

195 3309 246 3362 Et
283 3314 456 3368 tamen
514 3313 823 3384 Casarius,
861 3319 929 3369 ut
969 3315 1138 3369 modo
1190 3315 1434 3371 vidimus
1457 3357 1472 3386 ,
1528 3315 1791 3373 Cassiano

197 3400 391 3459 inferior
443 3410 636 3474 atate,
689 3407 903 3462 nullam
947 3408 1155 3462 Prima
1213 3409 1345 3464 facit
1405 3409 1786 3479 mentionem;

196 3495 271 3549 sed
291 3499 464 3554 tamen
491 3500 558 3554 in
576 3501 884 3572 appendice
910 3502 1123 3574 regula
1150 3519 1266 3557 sua
1293 3518 1418 3558 eam
1459 3501 1657 3558 diebus
1683 3503 1790 3557 Do-

196 3587 376 3645 minicis
401 3609 463 3648 ac
482 3593 648 3648 festis
673 3595 1008 3665 pra'scribit,
1032 3598 1096 3650 ut
1113 3601 1305 3668 postea
1323 3595 1658 3651 videbimus.

247 3684 320 3738 33.
333 3685 444 3740 Non
455 3689 984 3758 pratermittendus
996 3689 1102 3744 hoc
1113 3690 1234 3744 loca
1243 3691 1585 3760 Museus,seu
1598 3688 1681 3760 (ut
1688 3704 1792 3760 per

194 3777 402 3832 vetustus
409 3780 598 3836 Codex
608 3782 857 3854 prafert)
871 3782 1208 3855 Maseus,qui
1226 3801 1254 3835 α
1267 3783 1500 3838 hortatu
1513 3781 1790 3838 sanctiVe-

196 3869 310 3924 nerii
331 3873 576 3946 episcOpi
605 3875 993 3948 (Massiliensis)
1015 3876 1297 3948 excerpsit
1323 3892 1392 3932 ex
1415 3875 1621 3930 sanctis
1649 3875 1791 3931 Scri-

195 3962 341 4030 βίω-ῖς
363 3965 648 4038 lectiones,
677 3969 848 4024 totius
875 3970 1010 4024 anni
1028 3969 1239 4025 festivis
1263 3974 1423 4042 aptas
1436 3969 1788 4038 diebus,res.

197 4059 417 4121 ponsoria
443 4061 619 4116 etiam
647 4066 706 4116 et
744 4062 1094 4134 psalmorum
1148 4064 1392 4136 capitula
1434 4063 1791 4136 temporibus

195 4151 238 4200 et
257 4147 573 4209 lectionibus
600 4157 992 4228 congruentia.
1023 4157 1185 4222 Quod
1214 4174 1354 4229 opus
1379 4161 1494 4212 tam
1532 4171 1786 4212 necessa-

195 4243 316 4302 rium
341 4265 371 4302 a
391 4251 600 4307 lectore
625 4252 686 4308 in
717 4253 958 4309 Ecclesia
993 4255 1412 4326 comprobatur,
1452 4257 1520 4310 ut
1554 4243 1787 4326 expedi-

195 4341 289 4394 tum
315 4347 364 4398 et
389 4345 828 4402 sollicitudinem
853 4347 1034 4419 tollat,
1061 4352 1118 4404 et
1143 4365 1367 4404 moram
1383 4366 1401 4418 ;
1419 4348 1683 4420 plebique
1697 4347 1786 4402 in-

196 4439 325 4502 gerat
356 4438 660 4509 scientiam,
707 4443 764 4496 et
793 4441 1104 4497 celebritati
1155 4443 1440 4498 decorem.
1472 4463 1500 4491 »
1549 4443 1677 4496 Hac
1720 4456 1790 4496 ex

1895 2007 1964 2061 de
1984 2006 2286 2062 Viennensi
2313 2010 2370 2060 et
2387 2005 2698 2061 Arelatensi
2748 2004 3007 2060 Ecclesiis
3045 2003 3304 2075 superius
3340 2002 3526 2057 obser-

1893 2099 2165 2153 vavimus.
2212 2099 2466 2170 Denique
2509 2099 2744 2153 Faustus
2780 2113 2848 2152 ex
2898 2096 3176 2151 monacho
3232 2094 3523 2150 Lerinensi

1893 2191 2190 2264 episcopus
2219 2191 2530 2262 Regiensis,
2565 2193 2704 2246 teste
2730 2189 2957 2246 Sidonio
2987 2189 3046 2243 in
3090 2188 3192 2244 lib.
3237 2204 3311 2256 1x,
3359 2187 3522 2259 epist.

1893 2288 1946 2354 3,
1974 2285 2082 2340 fuit
2109 2305 2137 2334 ‹‹
2165 2301 2400 2357 precum
2427 2283 2640 2356 peritus
2663 2283 3071 2351 insulanarum,
3088 2297 3228 2354 quas
3251 2282 3321 2336 de
3350 2281 3524 2352 pala-

1893 2383 2012 2433 stra
2037 2377 2347 2433 eremitidis
2375 2381 2433 2432 et
2457 2377 2527 2432 de
2556 2379 2754 2431 senatu
2799 2375 3190 2430 Lerinensium
3232 2373 3528 2429 cellulano-

1892 2487 2042 2540 rum,
2073 2470 2134 2524 in
2183 2470 2386 2526 urbem
2415 2485 2641 2541 quoque
2686 2467 2886 2538 (suam)
2931 2466 3239 2532 transtulit,
3281 2459 3428 2520 nihil
3456 2465 3527 2518 ab

1891 2564 2092 2619 abbate
2116 2567 2368 2618 mutatus
2396 2579 2500 2634 per
2525 2561 2897 2618 sacerdotem.
2921 2579 2948 2611 »
2997 2560 3091 2616 His
3137 2558 3398 2614 omnibus
3435 2557 3530 2613 ad-

1884 2657 2130 2729 jungere
2157 2673 2260 2728 par
2283 2660 2368 2712 est
2393 2656 2736 2726 metropoles
2762 2655 3204 2722 Narbonensem,
3238 2651 3525 2723 Burdega-

1890 2751 2126 2819 lensem,
2155 2753 2213 2804 et
2248 2747 2672 2815 Bituricensem,
2724 2763 2968 2818 quarum
3011 2744 3259 2817 episcopi
3299 2743 3354 2798 in
3395 2759 3527 2798 con-

1890 2843 2020 2898 cilio
2048 2841 2358 2914 Agathensi
2375 2840 2510 2896 anni
2541 2843 2666 2907 506,
2695 2855 2908 2894 canone
2935 2841 3023 2906 30,
3070 2837 3414 2904 sancierunt,
3458 2839 3525 2891 ut

1889 2937 2040 2993 idem
2069 2936 2206 2992 ordo
2231 2936 2290 2990 in
2305 2935 2510 2990 divinis
2536 2933 2732 2988 officiis
2744 2933 2957 3004 ubique
2986 2933 3326 2997 servaretur,
3350 2944 3523 3002 quem

1891 3046 2166 3085 canonem
2184 3029 2473 3100 integrum
2501 3028 2562 3082 in
2587 3023 3059 3098 consequentibus
3084 3024 3416 3080 referemus.
3437 3022 3524 3078 Ad

1890 3126 2011 3180 hac
2037 3122 2340 3194 Gregorius
2359 3121 2419 3176 in
2431 3120 2686 3176 Historia
2713 3119 2812 3174 lib.
2845 3135 2884 3188 ι,
2911 3119 3142 3190 cap.29,
3175 3116 3346 3172 tradit
3368 3116 3521 3188 apud

1892 3216 2190 3288 Biturigas,
2212 3211 2406 3287 408
2424 3231 2458 3268 a
2481 3213 2684 3286 primis
2700 3216 2942 3283 accepta
2979 3210 3111 3266 ﬁdei
3149 3208 3520 3280 temporibus,

1890 3310 2128 3367 clericos
2151 3308 2434 3364 ordinatos
2459 3307 2648 3373 fuisse,
2679 3305 2778 3378 qui
2825 3326 2854 3355 ‹‹
2884 3303 3061 3358 ritum
3097 3301 3372 3375 psallendi
3409 3317 3526 3357 sus-

1890 3406 2184 3476 ceperunt.
2212 3425 2240 3453 ››

1961 3501 2048 3553 36.
2077 3498 2204 3550 Hac
2230 3495 2353 3550 fere
2375 3498 2506 3548 sunt
2532 3508 2659 3564 qua
2679 3491 2747 3546 de
2773 3488 3158 3561 Lugdunensi,
3195 3486 3518 3556 Viennensi,

1889 3589 2218 3658 Arelatensi,
2249 3587 2485 3658 aliisque
2498 3584 2697 3639 vicinis
2713 3581 2960 3638 ecclesiis
2987 3580 3149 3636 nobis
3176 3578 3521 3635 observanda

1890 3685 2287 3740 occurrerunt:
2320 3695 2390 3734 ex
2417 3677 2622 3750 quibus
2645 3675 3038 3746 intelligimus,
3069 3673 3255 3745 primo
3289 3671 3522 3744 quidem

1889 3777 2133 3850 psalmos
2171 3773 2240 3828 ab
2284 3788 2397 3826 uno
2436 3772 2642 3826 lectore
2685 3767 2988 3840 aliquando
3025 3766 3197 3822 fuisse
3235 3765 3518 3832 recitatos,

1888 3871 2129 3926 testante
2155 3865 2439 3932 Cassiano,
2485 3867 2542 3919 et
2573 3866 2699 3935 post
2740 3861 2914 3916 ﬁnem
2957 3859 3311 3932 singulorum
3352 3857 3523 3913 versi-

1889 3964 2150 4019 culorum
2176 3962 2362 4020 Gloria
2384 3960 2544 4016 Patri
2571 3957 2641 4012 ab
2667 3955 2930 4012 omnibus
2967 3956 3287 4022 cantatum;
3316 3949 3520 4008 deinde

1889 4074 2021 4114 vero
2045 4072 2170 4111 eam
2187 4052 2514 4127 psalmodia
2533 4050 2890 4122 disciplinam
2909 4047 3256 4115 successisse,
3300 4049 3364 4099 ut
3403 4061 3521 4100 om-

1888 4169 1990 4208 nes
2019 4153 2308 4214 canerent,
2337 4146 2487 4219 quod
2515 4144 2788 4200 Casarius
2810 4141 3034 4197 Arelate
3056 4139 3372 4196 vicinarum
3413 4138 3515 4191 Ec-

1889 4244 2190 4301 clesiarum
2210 4240 2468 4312 exemplo
2486 4237 2746 4294 instituit.
2775 4237 2932 4291 Nunc
2959 4233 3030 4289 ad
3070 4231 3210 4288 alias
3247 4229 3515 4286 Ecclesias

1887 4337 2344 4412 progrediamur.

2625 4429 2658 4499 δ
2685 4428 2773 4482 ιιι.

193 4523 425 4586 Geunadii
443 4550 569 4605 cap.
593 4537 682 4599 79,
711 4534 810 4590 ubi
838 4535 1070 4592 observa
1123 4535 1390 4592 lectiones
1418 4535 1488 4590 ad
1522 4534 1640 4590 dies
1663 4537 1784 4590 tan-
1802 4541 1861 4614 Ι)
1883 4554 1957 4608 De
1997 4547 2202 4617 origine
2237 4549 2288 4600 et
2317 4541 2728 4617 propagatione
2757 4536 3064 4617 diuinorum
3117 4532 3416 4617 οηὶςὶοτξληι

193 4621 293 4676 tum
313 4623 529 4682 festivos
553 4628 857 4700 designari,
890 4645 1006 4685 non
1031 4629 1104 4685 ad
1125 4629 1366 4685 feriales.

251 4715 325 4771 3t.
350 4717 464 4782 Qua
481 4721 702 4778 ratione
728 4723 985 4780 ordinata
996 4723 1210 4779 fuerint
1226 4722 1478 4778 Massilia
1497 4721 1686 4778 divina
1697 4721 1781 4776 of-

196 4805 310 4878 ﬁcia,
349 4828 459 4868 non
499 4813 706 4887 liquet;
763 4819 838 4872 at'
871 4818 939 4873 de
969 4816 1283 4873 Arelatensi
1321 4817 1436 4871 ritu
1473 4815 1785 4887 conjectare

195 4914 456 4968 possumus
482 4923 550 4963 ex
576 4909 788 4982 regulis
815 4911 1040 4966 Casarii
1068 4915 1126 4967 et
1149 4909 1460 4980 Aureliani,
1487 4909 1584 4982 qui
1617 4909 1786 4979 longe

197 4989 444 5054 diversum
472 5017 505 5056 a
529 5002 890 5074 Lugdunensi
918 5004 1152 5060 modum
1172 5004 1566 5076 praescribunt.
1607 5001 1786 5056 Ambo

196 5098 304 5142 vero
325 5090 458 5147 duos
488 5096 707 5151 tantum
732 5101 1036 5153 nocturnos
1061 5097 1270 5170 passim
1301 5098 1363 5152 in
1398 5095 1612 5170 Vigiliis
1646 5110 1782 5150 noc-

199 5181 350 5237 turnis
371 5187 674 5260 assignant,
704 5195 760 5246 et
783 5191 1052 5247 lectiones
1087 5196 1328 5264 uterque
1368 5189 1565 5245 missas
1600 5189 1787 5260 appel-

197 5268 309 5329 lant.
335 5278 399 5332 Et
427 5281 529 5335 tria
557 5282 789 5355 quidem
836 5284 971 5340 folia
1004 5285 1076 5340 ad
1114 5299 1573 5358 unamquamque
1611 5281 1790 5354 exigit

196 5362 465 5442 Cesarius;
489 5377 600 5429 tres
622 5381 722 5432 aut
749 5383 991 5449 quatuor
1014 5379 1269 5452 paginas,
1297 5395 1400 5450 pro
1423 5393 1691 5433 mensura
1714 5376 1784 5430 li-

197 5453 284 5527 bri,
308 5466 644 5545 Aurelianus,
681 5469 868 5544 40³7
903 5471 1004 5544 qui
1032 5472 1304 5529 lectiones
1345 5472 1415 5528 de
1439 5469 1789 5544 passionibus

199 5560 481 5629 martyrum
504 5562 564 5618 in
599 5580 797 5620 eorum
825 5565 985 5621 festis
1036 5567 1370 5639 prascribit,
1408 5570 1474 5621 ut
1510 5563 1789 5637 permittit

199 5646 396 5707 tertium
409 5655 705 5715 concilium
720 5661 1182 5734 Carthaginense.
1200 5661 1284 5717 Ad
1299 5661 1422 5716 hac
1435 5659 1706 5718 Caesarius
1733 5661 1790 5714 et

201 5743 498 5809 Aurelianus
521 5753 579 5810 in
609 5755 906 5813 matutinis
941 5756 1222 5813 Laudibus
1253 5755 1534 5812 canticum
1568 5755 1785 5826 Magni-

199 5835 301 5900 Mat
326 5848 376 5899 et
403 5845 675 5920 hymnum
706 5851 891 5908 Gloria
912 5855 978 5922 in
1023 5853 1242 5909 παριείς
1285 5869 1387 5925 pro
1425 5852 1619 5909 diebus
1659 5867 1785 5922 pas-

1954 4605 2297 4689 Lugdunensi
2317 4605 2572 4674 secunda,
2600 4611 2782 4670 tertia,
2803 4612 2853 4662 et
2881 4609 3102 4677 quarta,
3129 4607 3182 4658 et
3207 4605 3266 4656 in
3283 4605 3514 4671 utraque

1956 4691 2192 4760 Belgica.

1956 4821 2045 4875 3'7.
2083 4812 2417 4872 Psalmodia
2456 4806 2855 4880 antiquitatem
2892 4803 2952 4857 in
2997 4800 3242 4858 secunda
3281 4798 3510 4870 Lugdu-

1886 4911 2068 4980 nensi,
2097 4909 2156 4964 id
2183 4910 2266 4962 est
2293 4906 2351 4960 in
2397 4897 2844 4972 Rothomagensl
2883 4895 3146 4964 Ecclesia,
3185 4891 3407 4948 nullum
3441 4891 3511 4944 il-

1885 5005 2116 5063 lustrius
2141 4997 2502 5058 commendat
2519 4991 2931 5060 testimonium,
2963 5003 3136 5060 quam
3161 4983 3380 5040 Paulini
3400 4983 3514 5054 epi-

1886 5100 2029 5156 stola
2055 5097 2126 5152 ad
2157 5091 2482 5150 Victricium
2497 5089 2545 5161 ej
2555 5085 2798 5143 us'urbis
2814 5082 3164 5154 episcopum.
3199 5099 3229 5128 ιι
3259 5076 3514 5148 Denique

1885 5209 2040 5250 nunc
2065 5189 2507 5258 Rothomagum,
2535 5187 2594 5237 et
2616 5177 2811 5234 vicinis
2840 5179 2972 5230 ante
2995 5171 3322 5245 regionibus
3355 5171 3516 5226 tenui

1886 5286 2116 5344 nomine
2140 5280 2556 5357 pervulgatum,
2581 5273 2642 5328 in
2669 5267 2995 5342 longinquis
3016 5267 3186 5324 etiam
3214 5264 3517 5338 provinciis

1887 5377 2172 5438 nominari
2197 5370 2595 5431 venerabiliter
2627 5365 2914 5433 audimus,
2945 5366 3003 5417 et
3036 5360 3187 5416 inter
3224 5359 3398 5416 urbes
3432 5373 3518 5413 sa-

1887 5475 2056 5532 cratis
2083 5471 2220 5528 locis
2248 5466 2464 5524 nobiles
2484 5477 2616 5518 cum
2639 5459 2831 5514 divina
2848 5455 3013 5511 laude
3027 5453 3340 5510 numerari.
3355 5450 3512 5506 Haud

1887 5567 2196 5633 immerito,
2229 5577 2361 5617 cum
2379 5561 2554 5615 totam
2572 5554 2708 5625 illic,
2739 5551 2919 5625 qualis
2961 5549 3022 5604 in
3047 5548 3274 5604 Oriente
3301 5557 3513 5600 memo-

1886 5667 2065 5730 ratur,
2098 5655 2411 5714 Hierusales
2435 5650 2658 5719 faciem,
2699 5645 3085 5718 apostolorum
3108 5652 3333 5712 quoque
3361 5649 3513 5730 pra.

1889 5727 2128 5813 sentiam
2152 5750 2422 5808 meritum
2446 5750 2560 5802 tua
2587 5739 2908 5801 Sanctitatis
2921 5731 3260 5794 adduxerit:
3291 5727 3389 5800 qui
3407 5742 3510 5800 pe-

1889 5849 2172 5923 regrinam
2199 5842 2490 5903 memoriis
2527 5838 2639 5894 suis
2681 5834 2903 5903 urbem,
2948 5827 3148 5885 affectu
3192 5826 3519 5886 sanctorum
