4036 6188
483 320 584 383 399

1265 321 1593 378 APPENDIX
1630 320 1717 376 AD
1753 320 1973 377 OPERA
2011 317 2243 378 SANCTI
2279 320 2578 380 GERMANI
2615 322 3067 380 PARISIENSIS.-

3730 321 3841 376 400

482 437 805 508 spirituum,
832 436 888 489 et
903 431 1101 487 affectu
1135 446 1369 502 operum
1388 429 1729 498 divinorum,
1752 430 1977 485 sedibus
1992 430 2111 483 suis
2132 442 2190 514 Α
2210 432 2556 503 hymnorum
2584 432 2917 503 composuit,
2932 434 3072 485 teste
3095 429 3460 500 Hieronymo,
3492 431 3548 483 et
3573 431 3700 499 post
3713 444 3851 483 eum

484 533 829 600 comparant,
854 526 951 597 qui
978 525 1039 578 in
1073 528 1129 577 te
1168 524 1290 594 ipso
1313 522 1670 593 aptissimum
1711 522 1815 577 sibi
1862 523 2109 577 diverso-

483 624 634 677 rium
670 621 1064 691 repererunt...
1106 615 1209 670 Ubi
1247 614 1577 685 quotidiano
1631 615 1913 686 sapienter
1969 616 2112 686 psal-

482 714 719 771 lentium
761 727 864 783 per
896 709 1217 779 frequentes
1254 707 1510 762 ecclesias
1552 713 1607 763 et
1644 707 1984 763 monasteria
2021 725 2109 762 se-

482 813 631 863 creta
645 808 937 869 concentu,
964 801 1286 856 castissimis
1312 802 1502 856 ovium
1524 805 1753 856 tuarum
1774 805 1830 855 et
1854 801 2113 857 cordibus

481 900 828 953 delectantur
858 893 1051 967 409
1079 898 1135 949 et
1159 894 1407 963 vocibus,
1460 916 1486 943 »
1542 895 1750 949 scilicet
1788 894 1952 948 amici
1990 892 2106 948 Dei.

480 993 610 1046 Erat
634 1007 770 1061 ergo
794 990 917 1060 jam
943 994 1099 1057 tunc,
1130 988 1188 1043 id
1214 992 1297 1043 est
1341 988 1443 1042 sub
1483 989 1657 1041 finem
1703 988 1888 1042 saeculi
1929 1004 2005 1053 Iv,
2051 987 2108 1041 in

478 1084 574 1137 illa
616 1083 839 1137 civitate
877 1082 1235 1153 quotidianus
1250 1080 1609 1152 psallentium
1638 1083 1963 1147 concentus,
1994 1096 2109 1135 non

477 1177 647 1231 modo
686 1175 1141 1240 inmonasteriis,
1190 1174 1288 1229 sed
1335 1175 1507 1229 etiam
1558 1174 1618 1228 in
1667 1174 1789 1227 aliis
1841 1174 2106 1240 ecclesiis,

477 1270 737 1341 exemplo
764 1269 1191 1335 monachorum,
1223 1284 1363 1338 quos
1387 1268 1523 1321 huic
1547 1266 1887 1321 institutioni
1908 1283 2104 1322 exem-

475 1363 636 1435 plum
664 1362 971 1434 praebuisse
994 1362 1158 1417 facile
1182 1367 1325 1415 esset
1350 1361 1758 1415 demonstrare.

551 1459 638 1511 38.
671 1457 747 1510 De
772 1455 1002 1510 ecclesia
1024 1453 1355 1522 Turonensi,
1388 1470 1517 1524 quae
1563 1453 1727 1507 tertia
1763 1456 1847 1506 est
1887 1452 2109 1523 Lugdu-

476 1549 688 1617 nensis,
737 1548 794 1603 id
829 1548 1120 1602 memoriae
1172 1546 1418 1618 prodidit
1454 1546 1756 1617 Gregorius
1787 1545 1890 1600 sub
1936 1545 2107 1599 tinem

479 1641 737 1697 Historias
779 1658 913 1710 suae,
952 1640 1293 1711 lnjuriosum
1329 1639 1655 1710 episcopum
1701 1638 1911 1693 ibidem
1952 1638 2107 1691 insti-

474 1733 649 1797 tuisse
678 1756 705 1783 «
735 1733 978 1787 Tertiam
1005 1735 1061 1787 et
1081 1733 1303 1787 Sextam
1332 1753 1358 1781 ››
1390 1731 1449 1785 in
1476 1730 1573 1784 illa
1601 1730 1858 1799 Ecclesia,
1909 1731 2107 1801 «quod

477 1827 665 1894 modo,
691 1826 897 1893 subdit,
920 1825 979 1879 in
1007 1825 1103 1879 Dei
1131 1824 1361 1878 nomine
1390 1826 1726 1895 perseverat.
1757 1844 1785 1873 »
1826 1825 1953 1878 Haec
2002 1824 2106 1877 sub
2127 1804 2183 1875 B

476 1935 691 1974 annum
721 1921 844 1973 530.
877 1919 1046 1972 Paulo
1074 1923 1219 1989 post,
1252 1918 1309 1972 id
1339 1922 1423 1972 est
1462 1933 1611 1971 anno
1650 1920 1772 1983 567,
1805 1917 2108 1971 concilium

472 2014 798 2067 Turonense
826 2027 865 2066 ιι
893 2011 1153 2066 ordinem
1176 2010 1451 2082 psallendi
1477 2009 1837 2081 praescripsit,
1866 2010 1964 2081 qui
1990 2013 2107 2063 tam

471 2108 530 2160 in
557 2109 678 2176 ipsa
704 2106 927 2159 basilica
953 2109 1139 2159 sancta
1158 2104 1304 2159 beati
1335 2103 1575 2171 Martini,
1604 2119 1770 2172 quam
1795 2102 1853 2156 in
1880 2103 2007 2157 aliis
2033 2119 2110 2157 eo-

473 2200 645 2253 clesiis
669 2200 1006 2253 servaretur.
1038 2197 1214 2266 Hujus
1240 2196 1323 2250 rei
1361 2196 1542 2268 gratia
1585 2196 1844 2250 conditus
1882 2200 1967 2250 est
2012 2212 2105 2250 ca-

470 2307 587 2346 non
614 2294 694 2357 18,
713 2291 773 2345 in
800 2307 912 2361 quo
927 2290 1063 2362 quid
1096 2289 1330 2359 singulis
1349 2288 1483 2343 anni
1508 2288 1794 2343 mensibus
1819 2289 1894 2343 ad
1921 2291 2105 2344 Matu-

472 2386 646 2438 tinum
682 2382 1037 2453 psallendum
1077 2383 1164 2451 sit,
1185 2381 1470 2450 delinitur,
1498 2382 1653 2436 nulla
1682 2381 1919 2435 aliarum
1946 2382 2109 2435 hora-

472 2492 602 2529 rum
627 2475 914 2530 mentione
942 2475 1108 2543 facta,
1141 2474 1250 2528 nisi
1278 2475 1458 2529 Sexta:
1500 2478 1557 2527 et
1584 2474 1958 2543 Duodecima},
2009 2474 2107 2529 sed

470 2572 693 2623 tantum
719 2568 1096 2639 comparando
1115 2572 1369 2622 veterum
1390 2567 1457 2621 de
1489 2567 1653 2622 Sexta
1685 2572 1741 2621 et
1768 2566 2106 2621 Duodecima

470 2661 789 2715 institutum
813 2678 941 2715 cum
958 2659 1211 2715 Matutini
1230 2660 1637 2728 observatione,
1664 2676 1835 2730 quam
1880 2659 2105 2714 concilii

468 2755 663 2809 Patres
690 2754 1075 2822 instituerunt,
1104 2769 1308 2823 nempe
1334 2757 1399 2806 ut
1420 2769 1538 2807 non
1564 2753 1754 2807 minus
1795 2769 1969 2823 quam
2009 2768 2105 2807 sex

467 2847 671 2919 psalmi
700 2848 759 2900 in
784 2847 1073 2915 Matutino,
1102 2846 1159 2900 id
1195 2850 1278 2900 est
1326 2846 1387 2899 in
1422 2850 1700 2900 nocturno
1738 2845 1942 2911 oflicio,
1983 2862 2108 2916 per-

470 2941 775 3008 solvantur,
809 2956 942 2993 cum
971 2939 1041 2992 ad
1068 2939 1295 2994 Sextam
1330 2942 1388 2992 et
1430 2938 1827 2993 Duodecimam
1868 2939 2104 2993 totidem

472 3033 718 3103 psalmos
745 3035 972 3086 Patrum
999 3036 1207 3086 statuta
1236 3031 1630 3101 preeceperint,
1660 3031 1870 3085 scilicet
1894 3033 2102 3103 Egyp-

468 3124 700 3190 tiorum,
728 3124 797 3178 de
825 3123 1030 3194 quibus
1052 3123 1346 3177 Cassianus
1373 3123 1433 3177 in
1485 3123 1628 3177 libro
1666 3140 1704 3177 ιι
1748 3140 1977 3178 suarum
2013 3126 2103 3178 In-

471 3217 850 3285 stitutionum,
872 3215 1194 3286 capitibus5
1213 3219 1270 3269 et
1289 3218 1341 3283 6,
1360 3215 1462 3269 ubi
1481 3216 1632 3269 hunc
1651 3232 1957 3271 numerum
1972 3217 2106 3271 duo—

470 3308 652 3364 decim
676 3309 1044 3380 psalmorum,
1074 3312 1192 3362 tam
1224 3306 1284 3360 in
1307 3307 1664 3377 vespertinis,
1695 3325 1867 3379 quam
1910 3309 1971 3363 in
2008 3326 2106 3363 no-

470 3402 684 3457 cturnis
700 3400 1105 3456 conventiculis
1121 3400 1552 3455 custodiendum
1575 3416 1645 3455 an
1653 3401 1762 3472 geli
1782 3402 2106 3473 magisterio

469 3496 795 3551 institutum
816 3493 986 3549 fuisse
1011 3492 1234 3548 dicitur.
1280 3493 1383 3547 Ubi
1421 3498 1695 3548 nocturna
1722 3494 2107 3550 conventicula

468 3604 584 3643 non
618 3589 726 3642 alia
754 3593 887 3641 sunt
920 3603 1094 3658 quam
1127 3585 1461 3640 Matutinum
1495 3586 1711 3641 concilii
1746 3588 2103 3659 Turonensis,

470 3682 631 3751 cujus
658 3682 845 3734 Patres
874 3680 943 3734 ad
970 3680 1123 3734 hunc
1144 3680 1333 3735 locum
1373 3685 1763 3751 respexerunt.
1816 3682 2004 3752 Itaque
2035 3681 2106 3735 ad

469 3772 716 3826 Tertiam
746 3777 801 3825 et
826 3772 1070 3839 Sextam,
1102 3788 1241 3842 quas
1277 3772 1584 3841 lnjuriosus
1625 3774 1687 3827 in
1725 3773 1843 3827 dies
1888 3775 2107 3829 ordina-

470 3867 647 3931 verat,
676 3864 978 3918 concilium
1004 3864 1210 3934 adjecit
1235 3864 1470 3934 singulis
1488 3866 1660 3919 etiam
1690 3865 1805 3937 41
1822 3865 1882 3938 ο
1909 3867 2106 3922 diebus

471 3956 828 4012 Matutinum.
859 3960 1002 4010 Ante
1022 3956 1081 4010 id
1107 3961 1335 4027 tempus
1363 3958 1467 4011 sub
1496 3960 1773 4029 Perpetuo
1816 3964 2104 4031 metropo-

470 4049 571 4105 lita
597 4049 854 4104 habitum
885 4053 969 4104 est
986 4065 1132 4103 anno
1157 4050 1259 4105 465
1285 4050 1589 4105 concilium
1630 4052 1975 4122 Veneticum,
2016 4071 2107 4109 cu-

464 4144 562 4215 jus
587 4158 801 4198 canone
839 4147 901 4197 15
924 4142 1206 4197 sancitum
1235 4148 1320 4197 est
1350 4146 1415 4199 Ut
1439 4145 1582 4199 idem
1602 4145 1731 4199 ordo
1759 4134 2031 4201 sacrorum
2057 4152 2108 4202 et

462 4237 744 4309 psallendi
761 4237 1129 4291 observaretur
1154 4238 1302 4291 intra
1318 4240 1675 4306 provinciam,
1699 4243 1749 4292 et
1773 4241 1908 4293 sicut
1918 4255 2103 4306 unam,

468 4330 739 4402 inquiunt
761 4331 973 4398 Patres,
1010 4345 1129 4383 cum
1171 4331 1454 4385 Trinitatis
1492 4332 1816 4398 confessione
1844 4333 2003 4400 ﬁdem
2038 4338 2109 4387 te-

470 4440 675 4488 nemus,
706 4440 870 4478 unam
897 4427 948 4477 et
975 4424 1271 4491 ofﬁciorum
1296 4424 1542 4493 regulam
1570 4428 1864 4479 teneamus.
1902 4426 1970 4480 Et
2012 4443 2104 4479 ca-

2126 3167 2180 3241 C

2216 525 2445 579 Isidoro.
2472 526 2812 581 Exciderunt
2835 523 3035 595 hymni
3059 522 3177 591 illi;
3230 522 3326 577 sed
3354 538 3449 576 eos
3473 520 3691 576 viderat
3724 522 3851 575 Hie-

2211 635 2509 690 ronymus,
2542 636 2610 673 ex
2631 636 2743 690 quo
2779 618 3071 686 discimus,
3100 616 3161 670 in
3203 616 3549 686 hymnorum
3592 615 3849 669 carmine

2214 712 2394 767 Gallos
2429 712 2702 767 indociles
2744 711 2814 765 ab
2859 710 3063 765 Hilario
3115 708 3319 778 vocari,
3372 713 3434 763 ut
3494 708 3614 779 ipse
3656 708 3856 763 Hiero-

2210 821 2418 876 nymus
2441 808 2675 859 testatur
2693 805 2754 858 in
2772 804 3107 875 prmfatione
3127 803 3261 857 libri
3292 820 3331 856 ιι
3349 801 3754 872 commentarii
3774 802 3851 856 ad

2211 898 2448 953 Galatas.
2487 900 2639 952 Unus
2684 914 2754 952 ex
2796 897 2884 952 his
2923 896 3146 967 integer
3185 895 3436 967 hymnus
3465 894 3615 949 inter
3647 894 3851 948 Hilarii

2211 1008 2381 1062 opera
2406 991 2569 1046 nobis
2594 991 2843 1061 reliquus
2872 994 2974 1059 est,
3008 988 3262 1043 iambicis
3282 988 3532 1043 versibus
3560 991 3847 1053 constans,

2210 1084 2311 1155 qui
2336 1084 2465 1138 ﬁliae
2488 1084 2609 1154 ejus
2632 1083 2797 1137 Abraa
2824 1082 3029 1136 missus
3055 1081 3281 1136 dicitur.
3323 1082 3383 1134 In
3416 1096 3480 1135 eo
3513 1080 3733 1151 hymno
3785 1078 3849 1134 ﬁt

2210 1177 2425 1231 mentio
2464 1176 2768 1245 Matutinae,
2792 1176 2883 1230 cui
2909 1175 3064 1229 horae
3088 1174 3136 1228 is
3159 1178 3382 1245 aptatus
3404 1177 3506 1227 est.
3533 1173 3845 1227 Memorato

2209 1269 2447 1340 dignum
2476 1269 2554 1339 id,
2584 1269 2736 1339 quod
2763 1267 3104 1323 Baudonivia
3131 1266 3191 1320 in
3229 1266 3341 1320 fine
3377 1264 3505 1319 libri
3541 1281 3579 1318 ιι
3609 1264 3678 1319 de
3715 1264 3846 1318 Vita

2209 1367 2415 1416 sanctae
2436 1361 2797 1433 Radegundis
2812 1361 3000 1430 tradit,
3022 1359 3233 1414 scilicet
3252 1373 3471 1413 morem
3506 1362 3641 1412 tunc
3666 1357 3845 1412 fuisse

2212 1476 2240 1505 «ι
2262 1455 2322 1510 in
2347 1455 2645 1510 festivitate
2680 1454 2828 1509 beati
2874 1453 3074 1507 Hilarii
3108 1452 3340 1523 reliquis
3371 1452 3726 1505 monasteriis
3739 1451 3846 1505 cir-

2206 1549 2486 1603 cumcirca
2511 1547 2626 1620 41
2644 1547 2693 1619 1
2731 1546 3027 1620 proximis,
3053 1545 3308 1617 usquein
3335 1545 3580 1599 mediam
3609 1548 3838 1599 noctem

2205 1642 2433 1711 Vigilias
2458 1641 2741 1696 celebrare
2760 1658 2777 1709 ;
2810 1644 2865 1694 et
2881 1640 2950 1695 de
2982 1637 3170 1693 media
3189 1642 3354 1693 nocte
3374 1652 3843 1709 unumquemque

2205 1733 2466 1789 abbatem
2490 1750 2621 1789 cum
2650 1734 2765 1788 suis
2785 1732 3053 1788 fratribus
3076 1731 3148 1785 ad
3182 1747 3350 1785 suum
3375 1732 3683 1801 {revertisse
3725 1746 3848 1784 mo-

2206 1827 2519 1882 nasterium
2538 1827 2609 1881 ad
2637 1843 2805 1881 suum
2833 1842 3060 1881 cursum
3090 1823 3511 1879 celebrandum.
3541 1845 3569 1872 »
3590 1823 3848 1894 Denique

2206 1920 2266 1974 in
2292 1920 2534 1974 Ecclesia
2561 1921 2870 1976 Pictavensi
2899 1919 3277 1975 Collectarum
3306 1934 3441 1973 usus
3469 1917 3729 1971 nondum
3764 1916 3850 1969 in-

2206 2013 2449 2069 valuisse
2488 2015 2710 2070 videtur
2757 2020 3015 2086 tempore
3054 2014 3305 2069 Fulberti
3347 2010 3592 2084 episcopi
3632 2011 3849 2065 Carnu-

2208 2107 2400 2176 tensis,
2445 2111 2511 2162 ut
2563 2108 2767 2178 colligo
2808 2124 2878 2162 ex
2923 2108 3156 2179 epistola
3211 2110 3278 2161 79
3332 2104 3404 2159 ad
3458 2102 3846 2175 Hildegarium

2208 2201 2385 2255 sancti
2427 2200 2621 2255 Hilarii
2662 2200 2911 2255 ecclesiae
2960 2201 3237 2255 decanum
3276 2216 3289 2254 :
3342 2220 3369 2247 «
3410 2197 3606 2252 Finitis
3649 2200 3847 2252 autem

2207 2294 2483 2364 capitulis,
2520 2299 2647 2365 post
2693 2294 3013 2349 orationem
3055 2292 3428 2359 Dominicam,
3471 2290 3568 2345 ubi
3614 2290 3844 2356 dicitur,

2206 2390 2444 2455 Domine,
2470 2388 2676 2442 exaudi
2699 2390 2995 2443 orationem
3033 2403 3227 2449 meam,
3275 2384 3466 2440 statim
3517 2388 3659 2439 esset
3701 2383 3840 2437 sub-

2206 2480 2389 2536 denda
2413 2480 2609 2550 oratio,
2637 2497 2761 2552 quas
2802 2497 2871 2535 ex
2895 2480 3040 2535 libro
3082 2478 3522 2535 Sacramentario
3547 2476 3843 2532 recitatur.

2205 2576 2398 2630 Patere
2422 2578 2615 2629 tamen
2640 2573 2943 2629 Ecclesiam
2971 2573 3219 2629 retinere
3257 2588 3427 2627 suum
3460 2587 3629 2625 usum
3662 2584 3846 2641 usque

2205 2667 2275 2721 ad
2304 2683 2571 2738 praesens.
2600 2688 2628 2716 ››
3456 2706 3479 2729 ,

2275 2761 2363 2815 40.
2392 2760 2477 2815 Ad
2502 2764 2761 2831 quartam
2786 2759 3223 2829 Lugdunensem
3250 2761 3387 2812 tunc
3400 2755 3722 2829 pertinebat
3750 2756 3850 2810 Pa-

2205 2853 2470 2908 risiorum
2508 2853 2719 2922 civitas,
2742 2852 2903 2923 cujus
2944 2852 3078 2907 cleri
3108 2852 3331 2906 fervens
3354 2851 3415 2905 in
3454 2848 3657 2905 divinis
3716 2849 3848 2903 lau-

2206 2946 2369 3001 dibus
2421 2945 2803 3017 persolvendis
2860 2945 3111 3000 studium
3152 2944 3310 2999 testis
3349 2942 3598 3014 locuples
3643 2941 3853 2996 asserit

2204 3039 2507 3094 Venantius
2550 3041 2907 3094 Fortunatus.
2952 3040 3000 3093 ls
3024 3038 3085 3092 in
3130 3036 3321 3092 libello
3366 3036 3435 3091 de
3478 3036 3599 3090 Vita
3666 3035 3850 3089 sancti

2205 3132 2468 3187 Germani
2491 3132 2663 3203 hujus
2694 3132 2852 3187 urbis
2881 3130 3151 3202 episcopi,
3202 3145 3337 3185 eum
3351 3129 3541 3183 laudat
3563 3127 3635 3182 ab
3675 3127 3848 3182 inde-

2204 3224 2348 3279 fessa
2372 3224 2701 3295 Vigiliarum
2730 3223 3064 3291 constantia,
3095 3238 3223 3293 quas
3253 3239 3321 3277 ea
3348 3226 3486 3291 erat,
3509 3226 3574 3275 ut
3608 3242 3637 3269 ‹‹
3667 3219 3847 3291 quin-

2205 3316 2477 3389 quaginta
2496 3317 2744 3388 psalmos
2769 3317 2856 3371 vel
2880 3315 3125 3388 amplius
3150 3316 3210 3369 in
3232 3314 3449 3386 templo
3477 3313 3563 3368 sui
3600 3313 3850 3384 pectoris

2205 3410 2442 3465 Domino
2486 3410 2828 3478 decantaret,
2870 3431 2898 3459 ››
2946 3409 3001 3463 id
3047 3412 3133 3463 est
3169 3408 3430 3463 recitaret
3470 3427 3499 3455 ‹‹
3537 3410 3849 3477 antequam

2205 3504 2452 3575 reliquos
2480 3503 2550 3558 de
2576 3519 2774 3575 sopore
2800 3506 3185 3557 commoneret
3207 3515 3531 3571 assurgere:
3575 3519 3604 3548 n
3637 3497 3845 3554 deinde

2204 3600 2268 3652 ut
2308 3618 2336 3645 ‹‹
2361 3613 2419 3651 se
2448 3596 2798 3652 mutantibus
2844 3595 3081 3664 clericis,
3131 3594 3253 3648 sine
3301 3591 3684 3647 vicissitudine
3725 3591 3846 3662 ipse

2206 3690 2539 3745 decantandi
2577 3688 2965 3744 modulamina
3018 3704 3134 3742 non
3184 3686 3394 3741 ﬁniret.
3461 3708 3487 3735 »ι
3554 3686 3845 3739 Postremo

2210 3805 2238 3833 «
2264 3783 2427 3838 tertia
2453 3783 2631 3837 noctis
2654 3784 2794 3837 hora
2825 3780 3151 3853 ingrediens
3179 3780 3239 3834 in
3266 3778 3581 3847 ecclesiam,
3613 3792 3736 3832 non
3763 3780 3845 3829 est

2206 3892 2460 3947 egressus
2487 3876 2724 3931 ulterius
2748 3874 3111 3946 psallentium
3149 3873 3219 3927 ab
3248 3872 3465 3939 ordine,
3509 3870 3684 3925 donec
3725 3869 3841 3923 cla-

2205 3973 2455 4024 rescente
2484 3969 2595 4035 die,
2626 3969 2950 4024 decantatus
2976 3966 3304 4022 solemniter
3326 3979 3522 4019 cursus
3548 3963 3849 4017 universus

2205 4066 2695 4117 consummaretur
2717 4078 2786 4117 ex
2814 4076 3098 4116 canone.»
3129 4059 3223 4114 Hic
3265 4058 3334 4113 de
3367 4056 3562 4112 multis
3602 4072 3708 4110 nos
3754 4054 3852 4110 ad-

2205 4157 2401 4209 monet
2429 4156 2786 4210 Fortunatus.
2816 4154 3024 4224 Primo,
3053 4152 3313 4224 episcopo
3358 4150 3532 4204 moris
3566 4148 3746 4204 fuisse
3783 4153 3849 4202 ut

2206 4248 2435 4303 clericos
2473 4264 2600 4302 suos
2654 4248 2724 4303 ad
2780 4247 3008 4319 Vigilias
3062 4250 3366 4301 nocturnas
3421 4242 3712 4309 excitaret,
3783 4256 3851 4295 ac

2205 4336 2441 4413 proinde
2469 4341 2574 4395 sub
2603 4341 2807 4395 eodem
2828 4345 2976 4396 tecto
3004 4339 3352 4394 cohabitasse
3379 4352 3599 4391 omnes.
3632 4333 3852 4389 Deinde

2206 4435 2435 4489 clericos
2460 4434 2567 4488 sibi
2592 4433 2832 4488 invicem
2862 4433 2922 4487 in
2946 4431 3182 4487 canendi
3204 4431 3351 4485 vices
3377 4427 3728 4484 successisse.
3762 4426 3855 4482 Ad

470 4533 619 4571 none
650 4517 715 4571 14
743 4533 756 4570 :
805 4520 871 4572 Ut
894 4517 1089 4579 clerici,
1114 4518 1211 4586 qui
1238 4519 1297 4571 in
1325 4518 1544 4571 civitate
1560 4518 1789 4584 fuerint,
1828 4523 2106 4576 matutinis

2209 4527 2331 4583 haec
2365 4529 2532 4583 tertia
2570 4527 2751 4582 noctis
2790 4528 2930 4581 hora
2972 4525 3205 4597 Vigilias
3246 4524 3416 4577 fuisse
3455 4521 3753 4577 inchoatas
3789 4521 3853 4575 in

475 4610 686 4677 hymnis
720 4610 990 4667 intersint.
1032 4611 1155 4663 Jam
1202 4626 1338 4679 ergo
1374 4610 1434 4664 in
1474 4610 1761 4681 provincia
1802 4613 2111 4668 Turonensi

475 4701 612 4754 ordo
635 4699 907 4770 psallendi
936 4705 1059 4754 erat
1096 4701 1408 4772 institutus,
1442 4704 1539 4757 sed
1578 4704 1815 4759 fortasse
1852 4721 1969 4760 non
2007 4723 2110 4777 pro

477 4792 717 4864 singulis
742 4791 957 4860 diebus,
987 4792 1083 4845 sed
1110 4809 1213 4862 pro
1238 4794 1435 4849 diebus
1477 4795 1649 4851 festis.
1680 4797 1836 4852 Unde
1877 4799 2112 4869 lnjurio-

477 4902 572 4941 sus
596 4886 655 4941 in
682 4885 801 4940 dies
827 4883 1048 4939 feriales
1072 4884 1319 4938 Tertiam
1348 4892 1404 4940 et
1425 4888 1653 4942 Sextam
1675 4890 1937 4947 instituit.

549 4983 638 5035 39.
669 4976 982 5034 Turonensi
1003 4976 1263 5031 Ecclesia:
1291 4978 1602 5050 adjungere
1651 4984 1794 5038 mihi
1832 4986 1993 5041 liceat
2024 4988 2110 5042 Pi-

475 5077 813 5142 ctavensem,
840 5088 968 5142 quae
1004 5070 1133 5126 licet
1166 5070 1329 5125 alteri
1375 5075 1693 5146 metropoli,
1734 5093 1938 5150 nempe
1974 5081 2109 5135 Bur-

480 5165 785 5236 degalensi,
815 5165 1088 5235 subjecta,
1121 5180 1389 5235 magnam
1417 5169 1604 5221 tamen
1634 5184 1764 5223 cum
1793 5173 2109 5229 eaaffinita-

476 5262 593 5313 tem
614 5258 802 5320 habet,
831 5262 954 5313 tum
980 5257 1051 5312 ob
1077 5258 1362 5330 viciniam,
1386 5263 1512 5314 tum
1545 5261 1616 5316 ob
1642 5268 1897 5319 sanctum
1928 5267 2108 5322 Marti-

476 5367 638 5419 num,
680 5366 850 5421 quem
893 5352 1207 5407 Turonibus
1247 5354 1515 5409 concessit
1553 5354 1797 5411 Hilarius
1834 5360 2108 5415 sanctissi-

475 5460 606 5501 mus
633 5442 985 5498 Pictavorum
1004 5445 1253 5502 antistes.
1284 5447 1420 5502 Huic
1445 5448 1598 5504 inter
1623 5450 1840 5522 primos
1856 5453 2105 5524 psalmo-

474 5540 585 5595 dias
612 5537 895 5609 originem
923 5553 1041 5591 esse
1072 5538 1430 5595 tribuendam
1459 5543 1849 5616 conjiciebam,
1882 5551 2007 5601 tum
2038 5564 2108 5603 ex

474 5649 544 5689 eo
574 5631 727 5705 quod
753 5630 814 5686 in
838 5629 1237 5702 Phrygiamob
1256 5634 1588 5691 catholicam
1610 5637 1779 5694 ﬁdem
1800 5640 2103 5713 relegatus,

475 5724 913 5798 huncpsallendi
929 5740 1149 5780 morem
1188 5742 1256 5781 ex
1281 5727 1409 5782 Asia
1442 5728 1500 5782 in
1551 5730 1782 5786 Galliam
1820 5733 1981 5790 facile
2025 5735 2107 5789 in-

473 5819 678 5877 vehere
706 5819 889 5890 potuit
915 5836 927 5875 :
958 5821 1080 5876 tum
1104 5819 1240 5893 quia
1267 5820 1592 5877 Latinorum
1622 5826 1843 5895 primus
1890 5827 2101 5883 librum

2209 4622 2450 4677 Ecclesia
2488 4621 2803 4676 Parisiaca:
2855 4636 2982 4692 quae
3032 4617 3312 4673 laudabile
3359 4617 3466 4670 hoc
3514 4614 3853 4669 institutum

2209 4715 2378 4770 etiam
2403 4730 2556 4770 nunc
2589 4714 2851 4786 religiose
2896 4716 3099 4778 servat,
3148 4715 3452 4766 nocturnas
3497 4706 3733 4779 Vigilias
3779 4706 3857 4761 ad

2208 4808 2454 4863 mediam
2481 4812 2705 4863 noctem
2731 4806 3121 4879 persolvendo.
3150 4805 3440 4859 Postremo
3457 4801 3600 4855 sacri
3644 4816 3859 4855 cursus

2208 4918 2481 4957 canonem
2506 4907 2642 4958 tunc
2666 4906 2856 4957 ratum
2875 4899 2991 4972 41
3007 4898 3068 4972 2
3089 4914 3153 4952 ac
3173 4897 3353 4952 fixum
3371 4895 3561 4950 fuisse.
3587 4894 3664 4947 De
3684 4893 3861 4966 Lupo

2209 4996 2516 5051 Senonensi
2546 4996 2805 5068 episcopo
2843 4994 2902 5049 id
2939 4994 3110 5048 etiam
3152 4991 3354 5046 litteris
3398 4987 3689 5043 mandavit
3728 4988 3864 5058 ejus

2207 5094 2343 5149 Vitae
2370 5094 2625 5165 scriptor,
2654 5093 2843 5165 ipsum
2874 5112 2902 5145 «
2930 5109 2996 5146 ea
3020 5092 3159 5145 hora
3183 5104 3297 5160 qua
3317 5087 3464 5142 clero
3480 5083 3865 5140 incumbebat

2208 5187 2487 5242 matutina
2512 5202 2785 5259 peragere
2816 5184 3113 5251 solemnia,
3156 5182 3274 5237 suis
3313 5179 3574 5236 manibus
3612 5178 3866 5250 signum

2245 5282 2473 5337 ulsasse.
2503 5302 2530 5330 »

2205 5298 2473 5353 pulsasse.
2503 5302 2530 5330 »

2222 5438 2237 5453 Ἰ
2275 5377 2365 5429 41.
2396 5374 2737 5430 Praeclarum
2769 5390 2900 5429 vero
2927 5376 3010 5428 est
3034 5371 3286 5443 ejusdem
3314 5368 3451 5424 cleri
3505 5364 3871 5421 Parisiacen-

2207 5467 2280 5522 sis
2306 5468 2378 5522 ob
2402 5468 2688 5523 assiduam
2713 5466 3084 5540 psalmodiam
3111 5463 3361 5536 elogium
3379 5460 3531 5534 apud
3572 5458 3872 5515 eumdem

2205 5560 2598 5631 Fortunatum,
2625 5561 2686 5616 in
2718 5560 2816 5616 lib.
2847 5577 2909 5630 ιι,
2935 5558 3189 5615 carmine
3221 5560 3287 5611 lO
3318 5573 3333 5611 :

2424 5651 2571 5701 Celse
2592 5649 2832 5701 Parisiaci
2865 5648 2991 5699 cieri
3014 5646 3304 5697 reverentia
3336 5642 3539 5708 pollens

2483 5713 2730 5777 Ecclesia
2761 5709 3207 5777 genium,_gloria,
3232 5704 3439 5777 munus,
3464 5704 3636 5754 honos
3660 5717 3676 5765 ;

2422 5748 3675 5842 οᾷὧῖξὲ“ὖαῖἷᾷίέξᾶιξίῦὶᾞοῖᾧῖᾇῦἇῖἔοῐεζ

2481 5837 2727 5889 Cursibus
2752 5836 2969 5888 assiduis
2992 5835 3143 5885 dulce
3168 5832 3386 5884 revolvit
3414 5832 3561 5898 Opus.
