4036 6188
201 319 270 371 iOl
1224 313 1312 369 DE
1349 314 1564 370 CURSU
1604 317 1974 374 GALLICANO
2012 319 2421 387 DlSQUlSl'l‘lO.

340 416 449 470 inde
475 416 796 479 sacerdotes,
811 417 1049 468 leviticus
1072 417 1196 468 hinc
1221 419 1379 470 micat
1406 421 1536 472 ordo
1560 437 1574 471 :

391 480 502 546 lllos
533 478 884 546 canities,hos
908 479 1036 546 stola
1059 481 1447 546 pulchrategit.

337 542 527 608 Illijam
553 541 717 608 senio,
740 546 915 591 tamen
930 543 983 608 bi
1007 541 1140 591 bene
1167 541 1396 593 vestibu's
1420 546 1617 608 albent,

432 603 668 667 tplaceat
690 617 894 653 summo
926 603 1064 667 picta
1093 619 1288 655 corona
1321 608 1444 656 Deo.

335 666 387 715 In
405 665 579 728 medio
601 667 892 728 Germanus
920 665 1066 716 adest
1096 669 1306 728 antistes
1333 669 1533 718 honore

389 727 476 786 Qui
506 727 634 790 regit
659 727 781 777 hinc
808 728 1048 791 juvenes,
1077 730 1295 793 subrigit
1321 730 1440 781 inde
1461 745 1631 781 senes.

185 849 242 904 Ex
265 844 600 918 sequentibus
633 845 886 901 versibus
911 846 1100 917 colligi
1130 846 1372 916 videtur,
1414 848 1762 919 psalmorum

184 943 370 995 cantum
398 955 428 990 a
463 938 646 992 media
688 944 851 994 nocte
892 939 963 994 ad
1000 939 1186 995 lucem
1213 941 1544 997 continuum
1569 943 1757 998 fuisse.

182 1037 330 1104 Atque
373 1030 475 1085 huc
501 1031 732 1085 fortasse
777 1036 990 1103 spectat
1031 1033 1180 1104 quod
1222 1050 1287 1088 ex
1340 1035 1603 1090 Germani
1640 1036 1762 1092 Vita

182 1142 281 1180 mox
306 1123 610 1192 retulimus,
641 1125 871 1181 clericos
900 1127 1004 1181 sibi
1034 1127 1093 1182 in
1129 1128 1379 1182 canendo
1413 1129 1758 1185 successisse.

328 1235 464 1303 Miles
489 1234 555 1303 ad
579 1249 722 1284 arma
741 1237 898 1295 celer,
918 1236 1126 1303 signum
1148 1251 1270 1287 mox
1289 1238 1441 1288 tinnit
1471 1239 1526 1289 in
1547 1253 1716 1303 aures,

381 1297 540 1362 Erigit
561 1311 779 1362 excusso
808 1297 1042 1348 membra
1065 1313 1254 1362 sopore
1280 1304 1413 1349 toro.

328 1358 535 1424 Advolat
557 1363 674 1408 ante
703 1360 832 1424 alios
849 1361 1092 1424 mysteria
1109 1358 1257 1410 sacra
1286 1363 1558 1424 requirens

383 1420 610 1487 Undique
636 1421 852 1487 quisque
886 1420 978 1487 suo
1007 1425 1202 1487 templa
1225 1420 1449 1487 petenda
1481 1426 1618 1473 loco.

326 1482 572 1550 ﬂagranti
598 1482 784 1531 studio“
803 1485 1051 1547 pOpulum
1082 1482 1274 1550 domus
1299 1486 1730 1550 irrigatomnem,

386 1544 726 1609 Certatimque
761 1544 978 1609 monent
1005 1548 1121 1609 quis
1149 1547 1291 1608 prior
1315 1544 1573 1597 ire'valet.

327 1605 611 1672 Pervigiles
626 1605 891 1672 noctesad
915 1605 1083 1672 prima
1111 1605 1424 1672 crepuscula,
1437 1610 1682 1672 jungens,

383 1667 637 1718 Coristruit
659 1667 932 1732 angelicas
949 1671 1100 1720 turba
1131 1667 1360 1720 verenda
1383 1667 1588 1721 choros.

3390 315 3491 380 402

1785 439 1843 511 Α
1865 425 2060 496 eisque
2093 447 2120 476 «
2159 427 2501 482 sufﬁcientia
2534 428 2799 484 victualia
2829 429 3141 498 constituit,
3189 432 3247 485 et
3275 431 3493 502 praedia

1864 519 2129 589 quzedam
2162 520 2270 574 illis
2304 521 2562 588 contulit,
2612 540 2836 578 necnon
2873 525 3142 579 (marium
3182 541 3492 581 commune

1862 612 2053 666 usibus
2081 630 2280 668 eorum
2318 615 2581 669 instituit.
2633 639 2661 666 »
2707 619 2788 670 Ita
2828 618 3180 672 Frodoardus
3226 619 3285 672 in
3323 619 3420 673 lib.
3453 635 3493 675 II

1863 722 1986 775 cap.
2005 709 2024 759 l
2041 709 2088 759 1.
2116 707 2494 776 AtRigoberti
2517 709 2656 763 Vita:
2682 709 2926 780 scriptor
2944 713 3115 781 paulo
3147 712 3312 766 aliter
3333 713 3490 768 idem

1863 802 2164 853 attestatur
2180 800 2268 853 his
2279 801 2466 854 verbis
2481 819 2493 855 :
2514 823 2539 850 ‹‹
2553 803 2896 857 Canonicam
2911 804 3126 858 clericis
3148 805 3490 875 religionem

1863 891 2301 947 instituit.Juxta
2323 911 2633 948 numerum
2658 913 2885 967 quoque
2901 914 3124 964 eorum,
3151 901 3358 968 quotus
3394 899 3491 954 illo

1863 985 1922 1038 in
1953 988 2216 1056 tempore
2239 991 2381 1052 erat,
2399 988 2743 1042 sufficientia
2762 993 2819 1043 et
2837 991 3107 1044 continua
3124 991 3204 1044 eis
3225 992 3492 1046 victualia

1864 1079 2176 1146 constituit,
2201 1084 2482 1149 quatenus
2513 1081 2703 1135 divino
2733 1083 2909 1136 cultui
2936 1083 3168 1138 liberius
3203 1088 3375 1156 atque
3412 1085 3494 1138 in-

1865 1171 2104 1224 stantius
2157 1171 2419 1226 insistere
2472 1174 2802 1244 quivissent.
2863 1175 3024 1229 Prius
3069 1177 3277 1247 quippe
3315 1194 3489 1247 quam

1865 1264 2198 1333 exoptabilis
2224 1264 2314 1318 hic
2344 1267 2493 1320 altor
2517 1284 2582 1320 ac
2610 1271 2774 1337 pater
2793 1283 2993 1322 eorum
3027 1269 3341 1336 adveniret,
3373 1287 3491 1324 non

1865 1356 1944 1408 eis
1973 1357 2216 1410 dabatur
2244 1359 2551 1413 canonicus
2583 1360 2767 1430 panis,
2811 1363 2868 1414 et
2895 1378 3010 1414 non
3053 1366 3236 1428 erant,
3272 1365 3333 1416 ut
3362 1366 3493 1417 sunt

1873 1448 2062 1515 hodie,
2097 1450 2376 1517 canonici,
2408 1453 2508 1505 sed
2538 1452 2682 1506 sicut
2725 1453 3116 1507 matricularii.
3155 1456 3223 1507 Et
3262 1454 3335 1508 ad
3371 1456 3493 1509 haec

1868 1558 1957 1595 res
1987 1543 2247 1612 proprias
2269 1561 2399 1597 cum
2432 1546 2846 1600 habitatoribus
2873 1563 3072 1600 earum
3095 1546 3204 1600 illis
3229 1548 3493 1615 contutit,

1864 1634 1959 1703 qui
1990 1634 2227 1704 singulis
2252 1637 2685 1692 necessitatibus
2707 1655 2908 1693 eorum
2934 1643 3211 1710 perpetuo
3244 1640 3494 1694 deservi-

1865 1729 2009 1781 rent.
2035 1727 2258 1781 Primus
2280 1730 2690 1784 Rhemensium
2721 1732 2809 1785 hic
2829 1732 3126 1802 episcopus
3147 1734 3327 1787 fertur
3344 1749 3500 1788 com-

196 1780 208 1793 ,
1034 1781 1044 1791 .
1306 1783 1315 1793 ο
1561 1783 1571 1793 ο
2000 1779 2007 1781 ⁷
2037 1779 2053 1781 ἡ
2079 1779 2084 1780 ⁷
2108 1779 2186 1781 *W’
2202 1779 2251 1781 "‘
2280 1779 2690 1784 _"""_"""‘"'
2721 1779 2808 1785 "'V
2831 1779 3125 1802 '["""“"l""‘v
3147 1779 3221 1787 ’ν’
3239 1779 3318 1787 *⁷⁸⁸
3346 1779 3474 1788 vv"-

177 1779 1838 1895 ῗῗίξῗῗέῗξίίξξῙξ--Ἓθῗη’,ΞΘ-ίῗ-ξίξίξωῄᾳᾞφξδέτῗξῗᾲίῗδξτωΒ
1863 1836 2040 1874 mune
2085 1821 2166 1875 eis
2202 1821 2513 1876 instituisse
2551 1825 2838 1892 aerarium,
2884 1827 3233 1895 generaliter
3262 1827 3493 1880 illorum

177 1875 449 1926 mentorum
495 1888 666 1926 usum
714 1873 774 1927 in
815 1873 1090 1929 Parisiaca
1135 1876 1378 1932 Ecclesia
1417 1881 1550 1932 tunc
1592 1878 1762 1933 fuisse

179 1949 322 2018 subdit
341 1964 488 2020 idem
509 1967 700 2019 Poeta.

324 2083 508 2201 41?
526 2091 661 2162 Hinc
677 2106 808 2156 puer
822 2091 1022 2156 exiguis
1033 2096 1342 2156 attemperat
1354 2107 1548 2201 org’ana
1564 2094 1764 2157 cannis;

381 2157 430 2201 ln
472 2170 499 2201 e
535 2163 691 2201 Senex
725 2155 920 2201 largam
955 2159 1121 2201 raptat
1148 2157 1212 2201 ab
1247 2169 1337 2201 ore
1372 2160 1423 2201 tu
1464 2170 1564 2201 am.

381 2155 691 2218 Indeseneii
725 2155 930 2217 largam
955 2159 1123 2218 raptat
1148 2155 1212 2205 ab
1247 2169 1337 2204 ore
1372 2155 1564 2205 tubam.

321 2215 612 2279 Cimbalica:
638 2215 1036 2279 voces'calamis
1059 2217 1342 2267 miscentur
1364 2219 1546 2279 acutis,

386 2278 795 2341 Disperibusque
824 2278 986 2341 tropis
1009 2279 1178 2329 ﬁstula
1204 2280 1356 2328 dulce
1379 2278 1547 2330 sonat.

318 2339 576 2404 Tympana
599 2339 759 2404 rauca
785 2339 966 2389 senum
995 2341 1210 2404 puerilis
1234 2341 1360 2390 tibia
1383 2343 1596 2397 mulcet.

404 2403 574 2464 Atque
605 2402 876 2451 hominum
904 2402 1148 2466 reparant
1174 2404 1336 2452 verba
1361 2417 1554 2454 canora
1576 2404 1763 2467 lyram.

175 2510 409 2566 Postremo
433 2529 555 2567 non
581 2513 765 2567 solum
793 2514 1046 2581 clericos,
1080 2514 1177 2568 sed
1208 2514 1376 2569 etiam
1427 2515 1598 2568 laicos
1639 2531 1764 2569 can-

175 2603 317 2658 tandis
350 2605 441 2660 Dei
475 2605 742 2660 laudibus
781 2606 999 2662 dedisse
1044 2623 1276 2678 operam
1313 2611 1529 2662 constat
1568 2624 1638 2662 ex
1675 2623 1760 2661 se-

173 2698 328 2767 quenti
352 2714 515 2752 versu
548 2715 561 2751 :

243 2806 476 2857 Pontiﬁcis
513 2807 713 2857 meritis
738 2807 927 2869 clerus,
960 2808 1111 2871 plebs
1139 2809 1312 2872 psallit
1334 2812 1385 2860 et
1411 2808 1594 2858 infans.

223 2929 296 2983 4'2.
343 2931 461 2984 Haec
500 2934 640 2984 sunt
696 2946 824 3001 quae
868 2930 938 2985 de
991 2929 1224 3002 antiquo
1273 2947 1442 2985 cursu
1489 2929 1766 2985 Gallicano

169 3021 287 3091 apud
313 3023 572 3094 probatos
599 3026 856 3077 auctores
875 3017 1147 3094 reperire
1195 3024 1356 3078 nobis
1387 3023 1566 3078 licuit.
1598 3024 1768 3078 Caete-

170 3130 268 3167 rum
296 3131 355 3168 ex
373 3115 493 3170 aliis
536 3115 904 3186 intelligimus
946 3116 1123 3170 serius
1177 3117 1328 3188 apud
1361 3116 1633 3188 quasdam
1661 3117 1764 3170 Ec-

169 3206 325 3261 clesias
343 3209 738 3280 quotidianum
759 3209 1036 3280 psallendi
1061 3226 1281 3265 morem
1297 3209 1608 3264 admissum
1635 3209 1768 3263 fuis-

171 3314 230 3352 se.
259 3302 308 3354 ln
332 3302 575 3358 Ecclesia
599 3302 938 3357 Virdunensi
963 3303 1168 3358 Paulus
1197 3303 1507 3374 episcopus,
1540 3303 1636 3373 qui
1665 3303 1767 3357 sub

1863 1913 2057 1967 usibus
2083 1914 2141 1967 in
2171 1917 2374 1969 saecula
2394 1917 2780 1986 profuturum.
2805 1941 2831 1967 ››
2857 1917 3018 1980 Quod
3041 1918 3383 1987 Rigobertus
3403 1919 3498 1972 hic

1865 2006 2090 2073 dicitur,
2132 2008 2470 2062 canonicam
2512 2009 2732 2062 clericis
2771 2010 3114 2079 religionem
3162 2010 3493 2077 instituisse,

1864 2098 1997 2165 sive,
2025 2102 2084 2152 ut
2112 2100 2474 2154 Frodoardus
2500 2101 2694 2170 habet,
2727 2102 3063 2170 restituisse,
3095 2103 3152 2156 id
3172 2104 3252 2156 ita
3279 2103 3489 2158 intelli-

1864 2192 2120 2261 gendum
2139 2195 2242 2259 est,
2265 2197 2326 2246 ut
2353 2210 2451 2247 eos
2479 2194 2552 2248 ad
2569 2211 2942 2248 communem
2964 2195 3138 2249 vitam
3161 2212 3498 2266 composue-

1864 2284 1956 2351 rit,
1999 2301 2309 2340 commune
2338 2287 2420 2340 eis
2460 2286 2768 2342 tribuendo
2801 2287 3103 2361 aerarium:
3154 2305 3284 2343 cum
3324 2292 3497 2342 antea

1864 2377 2079 2431 reditus
2104 2395 2445 2433 communes
2475 2397 2593 2434 non
2620 2380 2923 2448 haberent,
2959 2382 3060 2434 sed
3090 2381 3299 2452 stipem
3331 2397 3495 2435 suam

1864 2468 1921 2522 in
1962 2470 2082 2524 dies
2118 2471 2189 2524 ab
2229 2471 2495 2543 episcepo
2538 2473 2883 2543 acciperent,
2925 2473 3068 2527 sicut
3102 2472 3496 2539 matricularii,

1865 2563 2116 2616 ecclesiae
2149 2566 2410 2635 catalogo
2444 2565 2694 2635 ascripti.
2720 2567 2924 2620 Beatus
2965 2565 3260 2636 Remigius
3295 2566 3354 2619 in
3395 2581 3497 2618 suo

1865 2655 2040 2725 ipsius
2053 2658 2400 2711 testamento
2423 2659 2640 2711 clerum
2656 2659 2907 2712 ecclesiae
2929 2659 3272 2712 Rhemensis
3293 2663 3351 2713 et
3371 2675 3494 2712 ma-

1866 2747 2183 2802 tricularios
2213 2749 2478 2819 designat
2491 2750 2774 2803 hisverbis
2799 2767 2810 2804 :
2832 2772 2859 2799 ‹‹
2878 2751 3252 2805 Subdiaconis
3285 2751 3497 2805 solidos

1868 2840 2194 2908 duodecim,
2223 2842 2527 2896 lectoribus
2561 2842 2772 2896 solidos
2817 2842 2977 2909 duos,
3035 2843 3280 2897 ostiariis
3318 2848 3374 2896 et
3401 2844 3492 2913 ju-

1867 2933 2124 2987 nioribus
2135 2934 2346 2988 solidos
2359 2935 2502 2988 duos
2506 2935 2683 3005 jubeo
2699 2934 2840 2988 dari.
2861 2936 3212 3006 Pauperibus
3225 2936 3284 2990 in
3302 2936 3499 2990 matri-

1866 3028 1992 3080 cula
2001 3027 2220 3097 positis,
2245 3027 2360 3099 41
2379 3027 2435 3099 5
2457 3032 2590 3082 ante
2605 3030 2757 3082 fores
2771 3029 3024 3082 ecclesia
3037 3031 3496 3100 exspectantibus

1787 3161 1840 3234 Ο
1867 3118 2096 3189 stipem,
2137 3120 2249 3174 duo
2288 3120 2474 3186 solidi,
2506 3120 2656 3174 unde
2690 3138 2748 3174 se
2778 3121 3057 3188 reficiant,
3091 3121 3430 3178 inferantur.
3464 3145 3492 3173 ››

1869 3211 2145 3234 ΩΖ-ΑΞΙΞι-..
2184 3213 2403 3234 -..ΑᾉΣΙΑ
2443 3212 2503 3234 .1-
2535 3212 2772 3234 IF__I-_2-
2819 3213 3181 3234 I__..Ji-_.__,-n!
3221 3232 3311 3234 _-,,
3349 3216 3370 3234 τ
3402 3231 3459 3234 ,η

1869 3211 2145 3266 Similiter
2181 3213 2408 3282 agendo
2437 3212 2508 3266 de
2535 3212 2781 3268 Ecclesia
2819 3213 3186 3284 Lugdunensi
3216 3232 3316 3269 seu
3349 3216 3493 3270 Lau-

1869 3303 2132 3371 dunensi,
2183 3306 2332 3358 solos
2375 3305 2774 3371 subdiaconos,
2820 3307 3080 3372 lectores,
3135 3307 3395 3360 ostiarios
3439 3311 3497 3361 et

168 3407 343 3448 annum
365 3396 461 3450 647
508 3395 698 3449 vivere
737 3395 919 3465 desiit,
960 3396 1113 3450 hunc
1147 3396 1324 3450 ritum
1356 3395 1621 3463 instituit,
1669 3399 1768 3450 aut
1861 3396 2120 3466 juniores
2142 3398 2427 3461 nominat,
2444 3398 2601 3451 nulla
2620 3398 3086 3467 presbyterorum
3104 3401 3202 3450 aut
3229 3398 3495 3452 diacono-

169 3489 287 3540 certe
306 3489 564 3555 restituit,
582 3488 810 3558 praediis
829 3489 976 3543 hanc
1003 3490 1064 3543 in
1093 3505 1216 3543 rem
1235 3506 1267 3542 a
1289 3490 1605 3560 Dagoberto
1631 3505 1767 3560 rege

169 3581 210 3630 et
229 3595 255 3631 a
278 3580 534 3636 Grimone
555 3580 611 3635 in
628 3582 817 3636 dotem
842 3581 1242 3638 canonicorum
1264 3582 1596 3652 impetratis.
1625 3583 1766 3636 Nam

167 3676 269 3726 ante
290 3672 340 3726 id
363 3679 591 3746 tempus
610 3674 844 3729 ecclesia
861 3674 958 3729 illa
990 3697 1017 3724 α
1049 3676 1124 3729 ita
1140 3675 1309 3729 rebus
1329 3675 1596 3730 destituta
1622 3680 1762 3745 erat,

168 3768 213 3817 ut
225 3781 372 3821 nemo
397 3767 739 3823 clericorum
767 3773 912 3822 esset
930 3769 1030 3839 qui
1051 3768 1272 3824 assidue
1301 3769 1383 3836 (ut
1407 3768 1485 3822 sic
1510 3768 1767 3839 praecipit

167 3859 527 3915 ecclesiasticus
556 3861 711 3931 ordo)
742 3861 1041 3915 missarum
1078 3861 1367 3931 solemnia,
1414 3862 1500 3915 vel
1537 3877 1765 3915 consue-

168 3952 259 4004 tum
284 3954 627 4023 psalmorum
657 3953 797 4008 inibi
824 3955 1132 4024 compleret
1178 3971 1402 4008 cursum
1435 3971 1450 4022 ;
1507 3954 1602 4008 sed
1646 3970 1765 4024 prae

165 4040 426 4114 inopiavix
453 4051 512 4102 et
559 4063 692 4101 cum
739 4063 946 4118 magno
992 4047 1181 4102 labore
1216 4063 1320 4118 per
1363 4046 1613 4118 singulos
1648 4046 1765 4102 dies

163 4134 453 4195 adveniebat
486 4139 694 4211 aliquis
733 4139 974 4194 forensis
1020 4140 1334 4210 presbyter,
1381 4146 1436 4195 et
1474 4139 1761 4206 citissime,

162 4230 367 4303 satisque
380 4233 712 4288 indecenter
726 4234 1004 4288 horarum
1021 4238 1078 4288 et
1095 4233 1282 4288 missae
1297 4234 1464 4288 simul
1480 4233 1765 4304 complens

165 4321 332 4394 cilicia,
368 4327 627 4382 mercede
675 4331 921 4400 accepta,
968 4327 1351 4382 revertebatur
1400 4327 1470 4382 ad
1513 4329 1760 4400 propria.

161 4414 394 4473 Similiter
425 4419 710 4475 secundus
739 4423 794 4476 et
821 4420 1039 4487 tertius,
1068 4421 1386 4492 czeterique,
1409 4421 1586 4476 donec
1611 4422 1763 4477 idem

160 4507 269 4562 ordo
293 4513 553 4568 confusus
578 4530 612 4567 a
635 4513 943 4568 novissimo
971 4513 1183 4569 rediret
1201 4514 1272 4568 ad
1297 4513 1568 4585 primum.
1601 4536 1628 4563 »
1649 4516 1758 4569 Ha-
1781 4524 1839 4595 D

157 4604 322 4658 etenus
361 4621 431 4660 ex
473 4605 656 4677 ipsius
703 4606 860 4661 Pauli
898 4607 1070 4677 Actis,
1114 4623 1245 4678 quae
1297 4607 1356 4661 in
1419 4607 1625 4662 saeculo
1691 4623 1762 4662 vn

160 4697 317 4749 nostro
339 4696 647 4754 habentur.

214 4787 289 4843 43.
316 4791 421 4845 Nec
448 4792 571 4848 fere
606 4792 716 4848 alio
744 4794 913 4848 modo
956 4793 1047 4848 hic
1085 4793 1228 4848 ritus
1265 4793 1325 4847 in
1366 4791 1606 4848 Ecclesia
1645 4795 1762 4848 An-

160 4877 514 4940 tissiodorensi
543 4887 648 4942 sub
677 4887 851 4942 finem
878 4888 1068 4942 saeculi
1093 4903 1165 4941 vn
1187 4886 1295 4942 fuit
1320 4887 1635 4942 institutus.
1665 4888 1764 4942 Te-

157 4974 303 5029 tricus
352 4980 565 5051 quippe
611 4980 922 5052 episcOpus,
985 4980 1170 5052 primo
1233 4997 1350 5035 suae
1403 4980 1769 5036 ordinationis

159 5080 303 5136 anno,
331 5073 621 5128 constituit
653 5079 720 5129 ut
738 5074 983 5144 abbates,
1006 5073 1480 5146 archipresbyteri
1509 5078 1564 5129 et
1601 5091 1766 5145 paro-

157 5159 229 5212 chi
248 5162 434 5237 414
467 5167 683 5222 rurales
709 5184 840 5221 cum
869 5167 1164 5222 dominicis
1199 5168 1285 5236 (ut
1321 5171 1455 5222 Acta
1490 5167 1769 5238 episcopo-

159 5266 265 5308 rum
307 5257 542 5330 habent)
589 5260 824 5330 clericis,
879 5261 938 5314 in
989 5261 1215 5315 ecclesia
1265 5261 1442 5316 sancti
1499 5260 1770 5332 Stephani

157 5343 385 5405 divinum
437 5353 820 5423 persolverent
859 5353 1140 5422 ofﬁcium;
1185 5354 1263 5408 ita
1300 5358 1366 5408 ut
1406 5370 1506 5408 sua
1565 5353 1769 5424 cuique

159 5444 498 5514 monasterio,
527 5446 1030 5520 archipresbytero,
1056 5448 1144 5502 vel
1157 5447 1401 5518 parocho
1417 5446 1772 5502 hebdomada

159 5534 512 5607 incumberet,
539 5539 819 5612 assignato
842 5541 1079 5612 singulis
1107 5541 1384 5612 stipendio
1411 5556 1480 5594 ex
1491 5538 1771 5594 dominico

159 5627 378 5686 cellario.

217 5722 298 5777 44.
355 5725 570 5780 Eodem
624 5731 882 5799 tempore
931 5728 1081 5800 apud
1123 5728 1366 5783 Rhemos
1431 5726 1774 5798 Rigobertus

167 5817 396 5882 pontifex
431 5842 460 5868 ιι
491 5821 814 5880 canonicam
840 5822 1052 5881 clericis
1080 5820 1414 5894 religionem
1451 5820 1711 5895 restituit,
1743 5844 1769 5873 ››

1866 3505 1994 3542 rum
2027 3489 2320 3542 mentione
2348 3490 2518 3542 facta.
2539 3489 2720 3542 Perid
2741 3492 2971 3558 tempus
2994 3489 3209 3542 clerum
3232 3489 3493 3544 Ecclesiae

1871 3581 2205 3635 Rhemensis
2234 3581 2307 3635 ad
2330 3581 2520 3635 ofﬁcia
2540 3580 2732 3634 divina
2761 3581 2894 3634 satis
2921 3595 3296 3635 numerosum
3319 3582 3491 3636 fuisse

1866 3674 2000 3727 inde
2029 3673 2217 3743 colligi
2244 3676 2449 3744 potest.
2476 3673 2587 3728 Sed
2614 3659 2742 3726 cum
2775 3677 3099 3744 temporum
3115 3675 3377 3744 procellis
3395 3675 3494 3729 im-

1867 3767 2124 3820 minutus
2159 3766 2375 3833 fuisset,
2419 3783 2551 3820 eum
2583 3767 2830 3842 restituit
2868 3770 3095 3821 sanctus
3130 3767 3490 3838 Rigobertus.

1864 3860 1947 3913 Ab
1979 3860 2146 3929 hujus
2173 3863 2436 3930 tempore
2461 3863 2658 3914 auctus
2678 3860 2896 3914 estsine
2915 3860 3156 3915 dubioin
3181 3862 3494 3916 Rhemensi

1865 3952 2110 4007 Ecclesia
2130 3953 2354 4007 divinus
2375 3954 2576 4020 cultus,
2603 3954 2700 4024 qui
2726 3954 2952 4008 fortean
2983 3954 3139 4025 prius
3167 3955 3240 4009 ob
3267 3956 3494 4009 canoni-

1866 4063 2061 4100 corum
2089 4047 2396 4117 penuriam
2431 4063 2545 4101 non
2574 4047 2655 4100 ita
2677 4048 2951 4102 solemnis
2979 4051 3121 4102 erat.
3163 4050 3321 4102 Nunc
3358 4065 3492 4102 vero

1865 4142 2026 4193 tanta
2043 4140 2158 4194 illic
2188 4141 2491 4211 majestate
2515 4143 2573 4194 et
2591 4141 2810 4194 rituum
2845 4141 3124 4212 gravitate
3146 4141 3486 4207 celebratur,

1866 4235 2082 4303 quanta
2107 4234 2191 4287 vix
2222 4234 2428 4287 inulla
2451 4233 2563 4287 alia
2593 4233 2907 4287 cathedrali
2940 4233 3195 4287 ecclesia.

2597 4348 2626 4419 §
2668 4350 2751 4401 1v.

1867 4409 2174 4496 vicinorum
2215 4443 2513 4509 ofﬁciorum
2537 4443 2807 4564 iustitium.
2829 4443 2885 4494 in
2903 4442 3310 4510 parochialibus
3335 4442 3490 4497 aliis-

2480 4528 2581 4564 aue
2605 4527 2686 4564 ecc
2711 4526 2852 4564 esus.

2480 4528 2581 4581 que
2605 4526 2852 4566 caelestis.

1935 4608 2021 4658 45.
2053 4606 2195 4659 Cum
2215 4603 2404 4658 officia
2435 4604 2626 4658 divina
2669 4621 2784 4657 non
2829 4603 3016 4673 magis
3045 4604 3120 4659 ad
3155 4605 3489 4661 clericorum

1865 4714 2107 4770 pensum
2135 4714 2308 4768 quam
2333 4697 2407 4751 ad
2429 4697 2686 4751 fidelium
2715 4699 3041 4768 exemplum
3072 4699 3331 4754 instituta
3361 4701 3491 4768 sint,

1833 4851 1842 4858 η
1867 4809 1981 4846 non
2014 4808 2217 4862 parum
2250 4791 2527 4844 intererat
2547 4794 2608 4844 ut
2632 4807 2748 4846 non
2770 4792 2952 4845 solum
2977 4790 3034 4844 in
3049 4793 3491 4864 cathedralibus,

1868 4885 1967 4938 sed
1993 4885 2169 4939 etiam
2191 4885 2249 4938 in
2278 4884 2696 4955 parochialibus
2717 4885 2957 4955 aliisque
2981 4886 3231 4939 ecclesiis
3249 4887 3497 4942 celebra-

1867 4981 2084 5045 rentur,
2108 4981 2391 5049 quatenus
2420 4995 2524 5049 per
2547 4978 2798 5032 ecclesiae
2826 4979 3411 5049 cujusquefacullates
3437 4981 3496 5034 id

1871 5073 2083 5126 liceret.
2115 5073 2353 5143 Hujusce
2397 5071 2638 5126 instituti
2677 5073 2899 5126 nullum
2942 5072 3233 5142 antiquius
3270 5073 3496 5129 invenio

1873 5169 2334 5233 monumentum,
2366 5183 2540 5237 quam
2570 5165 2629 5218 in
2667 5165 2908 5220 concilio
2949 5166 3290 5236 Epaoncnsi,
3341 5168 3500 5237 cujus

1871 5276 2092 5314 canone
2115 5263 2179 5313 25
2202 5260 2260 5314 id
2284 5260 2658 5314 constitutum
2695 5262 2814 5313 est:
2843 5261 3158 5315 Sanctorum
3178 5261 3418 5330 reliquiae
3443 5265 3501 5315 in

1870 5357 2120 5409 oratoriis
2142 5354 2427 5408 villa-ribus
2469 5369 2573 5407 non
2594 5357 2892 5422 ponantur,
2924 5355 3031 5407 nisi
3062 5355 3251 5419 forsan
3286 5356 3500 5410 clericos

1872 5448 2220 5517 cujuscunque
2243 5448 2514 5516 parochiw
2539 5448 2738 5501 vici-nos
2763 5462 2868 5500 esse
2889 5449 3184 5516 contingat,
3216 5451 3310 5517 qui
3333 5450 3500 5502 sacris

1872 5542 2132 5595 cineribus
2153 5540 2429 5610 psallendi
2453 5541 2761 5608 frequentia
2787 5541 3145 5604 famulentur.
3177 5540 3291 5593 Mos
3325 5539 3500 5607 igitur

1874 5650 1940 5688 eo
1970 5637 2232 5703 tempore
2260 5636 2403 5700 arat,
2427 5632 2486 5687 id
2514 5637 2599 5686 est
2625 5633 2831 5686 saeculo
2846 5649 2897 5687 Vl
2919 5633 3173 5696 ineunte,
3198 5634 3260 5683 ut
3282 5630 3340 5682 in
3362 5628 3501 5682 locis

1876 5726 1968 5780 ubi
2003 5729 2331 5781 sanctorum
2347 5726 2601 5798 reliquiae
2631 5727 3084 5789 asservabantur,
3101 5721 3290 5775 ofﬁcia
3307 5719 3499 5774 divina

1877 5836 1978 5894 per
2031 5820 2294 5894 pr0prios
2339 5826 2436 5877 aut
2480 5820 2693 5876 vicinos
2743 5819 2978 5875 clericos
3016 5813 3498 5888 persolverentur.
