4036 6188
470 313 574 370 los
1261 312 1590 368 APPENDIX
1627 312 1716 366 AD
1753 311 1974 367 opum
2011 309 2242 366 SANCTI
2279 265 2579 364 cunmm
2617 307 3042 364 PARISIENSIS.
3721 313 3832 368 5.04

462 422 866 478 Consentanea
891 423 978 476 est
1010 419 1144 476 huic
1181 419 1397 475 sanctio
1435 418 1662 474 concilii
1709 417 2100 474 Cabilonensis
2119 416 2398 502 Aﬁdeles
2432 416 2506 472 ad
2545 418 2858 474 nocturnas
2883 429 3082 487 preces
3117 415 3464 488 surgebant,
3505 433 3572 473 ex
3603 417 3830 475 Tertul-

465 515 660 572 medio
708 515 912 570 saeculo
937 529 1014 570 vn
1045 512 1160 584 41
1177 511 1236 584 6
1263 511 1557 580 celebrati,
1585 511 1646 567 in
1672 527 1894 568 canone
1917 505 2095 580 l3,'de
2192 511 2368 578 liano,
2397 509 2457 564 in
2485 508 2780 581 Apologia;
2802 524 2922 580 cap.
2947 510 3010 576 2;
3037 525 3105 564 ex
3126 509 3295 564 Plinii
3319 509 3561 582 epistola
3584 511 3662 568 ad
3697 513 3832 569 Tra-

462 611 714 666 oratoriis
735 624 854 678 qua:
879 623 981 678 per
1004 607 1167 664 villas
1189 609 1346 675 ﬁunt,
1371 611 1434 660 ut
1469 609 1579 661 sint
1610 608 1670 660 in
1690 609 1950 677 potestate
1977 608 2090 677 epi-

459 718 768 774 scoporum;
799 702 898 770 qui
916 715 982 755 ea:
1008 701 1367 768 facultatibus
1390 699 1591 755 ibidem
1633 700 1861 756 collectis
1892 716 2089 771 procu-

461 799 582 852 rent
615 799 679 850 ut
701 795 937 863 ofﬁcium
962 793 1210 849 divinum
1227 795 1399 864 possit
1421 795 1658 864 impleri,
1689 799 1739 849 et
1765 809 1922 850 sacra
1949 795 2088 849 liba-

461 891 608 944 mina
627 888 946 942 consecrari.
989 959 994 964 .

530 981 618 1036 46.
651 979 970 1036 Concilium
1001 977 1359 1034 Emeritense
1387 980 1447 1034 in
1476 979 1786 1049 Lusitania,
1815 985 1944 1053 post
1971 997 2090 1037 me-

459 1073 620 1129 dium
641 1074 913 1128 saeculum
930 1089 1006 1127 vn
1023 1072 1095 1126 de
1117 1072 1482 1142 parochianis
1500 1074 1848 1144 presbyteris
1869 1075 2084 1142 statuit,

459 1184 683 1224 canone
732 1171 817 1234 l9,
868 1170 934 1223 Ut
963 1167 1028 1222 de
1064 1167 1291 1222 ecclesiae
1326 1181 1437 1222 sua
1468 1167 1690 1236 familia
1731 1169 1946 1224 clericos
1985 1169 2090 1223 sibi

455 1263 692 1330 faciant,
709 1276 840 1332 quos
857 1275 958 1331 per
980 1261 1175 1315 bonam
1197 1261 1531 1316 voluntatem
1555 1262 1638 1316 ita
1663 1263 1932 1324 nutriant,
1959 1267 2020 1316 ut
2038 1266 2090 1316 et

409 1351 412 1356 ’
457 1357 692 1425 ofﬁcium
706 1357 951 1410 sanctum
962 1353 1124 1422 digne
1141 1357 1438 1423 peragant,
1467 1357 1520 1408 et
1541 1353 1616 1410 ad
1631 1355 1910 1409 servitium
1931 1369 2087 1410 suum

455 1453 610 1520 aptos
638 1463 722 1504 eos
747 1448 1001 1502 habeant.
1033 1448 1177 1500 Item
1203 1446 1358 1517 apud
1388 1447 1624 1518 Anglos,
1649 1463 1800 1503 auno
1829 1450 1951 1516 787,
1985 1447 2086 1502 de-

456 1545 676 1597 cretum
714 1544 802 1595 est
821 1539 881 1594 in
908 1539 1135 1594 concilii
1161 1539 1560 1595 Celichitensis
1581 1557 1706 1610 cap.
1740 1545 1792 1606 7,
1820 1543 1887 1597 Ut
1909 1557 2086 1596 omnes

455 1637 682 1692 ecclesia
709 1634 942 1706 publica
964 1635 1228 1688 canonicis
1265 1634 1408 1688 horis
1433 1647 1646 1688 cursum
1667 1647 1826 1688 suum
1853 1649 1971 1689 omn
1995 1651 2082 1690 re-

453 1730 693 1784 verentia
718 1727 971 1782 habeant.
986 1725 1147 1780 Unde
1167 1725 1462 1796 Eadgarus
1481 1742 1580 1780 rex
1604 1727 1810 1780 suaculo
1831 1743 1865 1780 x
1887 1726 2081 1796 edixit,

2184 605 2414 677 janum,
2449 603 2520 657 de
2552 601 2922 670 Christianis;
2955 606 3014 658 et
3041 603 3270 658 Eusebii
3297 603 3396 659 lib.
3425 621 3506 673 Ill,
3559 622 3686 678 cap.
3725 609 3828 672 33;

2191 700 2362 770 atque
2376 695 2680 768 Nicephori
2703 695 2800 750 lib.
2826 711 2888 750 in
2907 712 3035 767 cap.
3057 699 3142 764 17,
3158 697 3362 768 quibus
3383 697 3532 753 adde
3545 698 3830 754 Hilarium

2188 791 2247 845 in
2293 792 2584 861 psalmum
2628 805 2815 856 cxvm,
2855 793 2913 844 et
2950 789 3340 847 Ambrosium-
3364 791 3532 846 variis
3565 792 3626 846 in
3665 791 3828 848 locis.

2189 883 2476 940 Solemnis
2502 886 2627 937 erat
2655 882 2831 937 etiam
2851 883 3181 938 Lucernarii
3194 883 3337 938 hora
3359 885 3466 940 sub
3479 885 3660 940 ﬁnem
3687 885 3827 952 diei,

2188 979 2331 1032 teste
2371 975 2683 1031 Prudentio
2723 993 2852 1030 cum
2901 976 3045 1044 aliis,
3084 979 3397 1047 antequam
3440 979 3828 1050 Vesperarum

2189 1073 2518 1125 nostrarum
2550 1069 2694 1123 ritus
2719 1072 2868 1123 esset
2893 1066 3204 1123 institutus.
3234 1069 3491 1140 Scriptor
3533 1072 3824 1127 Constitu-

2190 1164 2411 1218 tionum
2443 1161 2908 1234 apostolicarum,
2941 1162 3000 1216 in
3037 1161 3135 1216 lib.
3169 1178 3288 1229 vm,
3325 1179 3449 1234 cap.
3489 1165 3575 1231 34,
3623 1165 3829 1220 fideles

2189 1272 2393 1310 omnes
2422 1255 2736 1309 universim
2765 1255 3065 1326 alloquens
3089 1271 3100 1309 :
3138 1275 3166 1305 «
3192 1256 3578 1324 Precationes,
3609 1257 3822 1328 inquit,

2186 1349 2356 1403 facite
2390 1364 2587 1414 mane,
2624 1348 2816 1416 tertia,
2853 1351 3030 1414 sexta,
3057 1364 3233 1416 nona,
3257 1365 3512 1420 vespere,
3540 1354 3718 1421 atque
3749 1351 3826 1405 ad

2187 1439 2320 1512 galli
2349 1444 2603 1495 cantum.
2637 1461 2665 1490 ››
2705 1439 2898 1514 418
2928 1442 3132 1498 Postea
3157 1441 3561 1513 refrigescente
3583 1443 3820 1514 pietate,

2185 1533 2384 1588 diebus
2410 1534 2568 1588 festis
2595 1550 2659 1588 ac
2681 1533 2996 1589 Dominicis
3021 1533 3222 1589 ﬁdeles
3251 1551 3286 1589 a
3309 1535 3597 1590 Matutinis
3623 1537 3822 1592 abesse

2182 1626 2450 1697 religioni
2489 1627 2792 1680 duxerunt.
2830 1613 2992 1681 Unde
3040 1626 3322 1682 Ebroinus
3366 1627 3457 1682 die
3498 1629 3821 1697 Dominico,

2185 1737 2317 1774 cum
2331 1719 2402 1774 al)
2419 1719 2529 1773 hoc
2543 1719 2952 1774 Matutinarum
2974 1719 3164 1774 officio
3185 1719 3246 1774 in
3259 1719 3412 1775 aedes
3431 1737 3560 1775 suas
3579 1721 3822 1786 rediret,

449 1834 581 1893 ~cap.
613 1822 702 1887 45,
739 1840 766 1870 (ι
793 1821 866 1874 Ut
895 1819 1021 1889 quis
1056 1819 1217 1873 statis
1237 1817 1596 1889 temporibus
1626 1835 1938 1890 campanas
1968 1822 2088 1892 ραι-
2106 1799 2162 1870 Β
2187 1813 2258 1867 ab
2291 1811 2630 1866 adversariis
2659 1817 2896 1868 necatus
2927 1815 3030 1866 est.
3063 1814 3222 1868 Nunc
3255 1829 3322 1868 eo
3357 1813 3587 1868 devenit
3613 1814 3822 1885 pietas,

454 1918 560 1982 set,
593 1917 650 1968 et
687 1915 750 1967 ut
770 1911 961 1967 omnis
989 1915 1121 1966 tunc
1140 1913 1408 1968 sacerdos
1437 1915 1672 1966 cantum
1703 1929 1872 1968 suum
1915 1913 2087 1987 hora-

451 2007 605 2062 rium
627 2006 686 2060 in
709 2005 949 2060 ecclesia
963 2005 1234 2075 psallat.»
1253 2005 1378 2059 Non
1397 2005 1510 2059 alia
1531 2005 1685 2076 apud
1707 2022 1812 2060 nos
1837 2005 2086 2077 discipli-

453 2116 547 2154 na.
570 2100 714 2154 Nam
729 2099 882 2170 apud
906 2097 1288 2168 Reginonem,
1318 2097 1378 2151 in
1403 2097 1752 2152 Collectione
1775 2115 2086 2168 canonum,

452 2193 548 2247 lib.
567 2209 605 2261 ι,
633 2208 758 2262 cap.
786 2193 909 2258 208,
941 2191 1192 2244 refertur
1209 2189 1436 2245 concilii
1474 2191 1878 2246 Namnetensis
1917 2197 2090 2263 caput

455 2288 540 2352 l9,
569 2285 630 2338 in
656 2285 778 2338 haec
796 2283 971 2338 verba
997 2300 1010 2338 :
1040 2284 1341 2352 Presbyter,
1367 2299 1528 2339 mane
1555 2286 1876 2340 matutinali
1913 2287 2088 2356 ofﬁcio

450 2379 679 2448 expleto,
707 2393 934 2448 pensum
969 2379 1244 2432 servitutis
1275 2392 1386 2432 suae
1409 2378 1647 2432 canendo
1675 2377 1758 2449 (id
1784 2382 1870 2432 est
1896 2378 2084 2449 priva-

451 2469 555 2524 tim
582 2469 900 2541 recitando)
933 2472 1193 2534 Primam,
1229 2472 1485 2533 Tertiam,
1515 2472 1755 2540 Sea'tam,
1773 2473 2088 2542 Nonamque

443 2564 752 2634 persolvat;
798 2565 879 2617 ita
924 2566 1102 2616 tamen
1127 2567 1190 2616 ut
1218 2567 1426 2632 postea,
1469 2563 1614 2618 horis
1649 2555 2084 2634 competentibus,

437 2656 606 2725 juwta
627 2655 1062 2726 possibilitatem,
1085 2660 1184 2710 aut
1201 2671 1238 2710 a
1255 2671 1329 2720 se,
1347 2660 1501 2710 aut-a
1523 2657 1854 2711 scholaribus
1873 2657 2086 2726 publice

446 2749 830 2820 compleantur.
859 2747 1109 2802 Verbum
1134 2750 1370 2803 canendo
1391 2748 1741 2819 interpretor
1771 2749 1844 2803 de
1865 2749 2086 2820 privata

449 2841 917 2909 recitatione,nec
929 2841 1102 2895 aliam
1119 2841 1659 2912 interpretationem
1672 2842 1973 2913 sequentia
1989 2859 2084 2914 pa-

448 2933 684 2988 tiuntur.
701 2933 791 2988 Sic
812 2935 1006 2986 autem
1025 2933 1144 2987 haec
1155 2949 1259 2987 vox
1278 2933 1520 3003 aliaeque
1537 2933 1754 2988 similes
1771 2935 2082 3005 aliquando

448 3029 755 3080 sumuntur
779 3025 934 3096 apud
959 3025 1244 3096 ejusmodi
1268 3030 1550 3096 auctores,
1575 3031 1638 3080 ut
1661 3026 1801 3082 alias
1817 3027 2080 3098 probavi-

448 3134 596 3172 mus.
629 3118 698 3171 Et
717 3117 854 3188 quia
875 3117 997 3172 1133c
1014 3117 1336 3172 observatio
1354 3118 1595 3189 alicujus
1617 3121 1900 3175 momenti
1923 3125 2006 3175 est
2023 3121 2081 3176 in

449 3213 644 3265 nostro
659 3213 1024 3280 argumento,
1041 3227 1221 3264 unum
1237 3209 1416 3266 affero
1430 3210 1815 3267 indubitatum
1834 3214 2086 3284 Remigii

447 3303 962 3357 Antissiodorensis
985 3303 1256 3358 monachi
1274 3304 1697 3373 testimonium,
1713 3305 1810 3376 qui
1823 3305 1882 3360 in
1906 3306 2082 3377 expli-

447 3396 673 3451 catione
697 3413 868 3467 super
892 3397 1190 3452 Canonem
1213 3397 1422 3466 missae,
1439 3397 1536 3452 ubi
1566 3397 1852 3453 rationem
1869 3399 2080 3470 reddit,

446 3505 548 3544 cur
567 3490 763 3546 Canon
803 3489 972 3543 tacite
1003 3489 1312 3545 recitetur:
1348 3511 1375 3540 «
1413 3489 1646 3558 Idcirco,
1691 3490 1896 3562 inquit,
1925 3491 2084 3546 venit

449 3582 804 3638 consuetudo
821 3582 880 3636 in
894 3582 1229 3650 Ecclesia,ut
1240 3583 1409 3637 tacite
1425 3583 1548 3654 ipsa
1566 3583 1884 3639 obsecratio
1908 3587 2082 3656 atque

444 3673 796 3728 consecratio
813 3690 846 3728 a
863 3673 978 3745 41
995 3674 1050 3745 7
1067 3675 1363 3730 sacerdote
1381 3679 1662 3743 cantetur,
1679 3693 1751 3730 ne
1767 3678 1940 3731 verba
1960 3680 2078 3731 tam

444 3782 606 3820 sacra
634 3765 994 3820 vilescerent.
1024 3788 1050 3816 »
1086 3769 1209 3822 Non
1241 3768 1410 3822 aliter
1439 3769 1972 3840 accipiturVerbum
1984 3787 2078 3825 ca-

442 3859 608 3914 nendi
623 3859 681 3912 in
699 3859 971 3929 praedicto
988 3876 1208 3915 canone
1223 3861 1449 3916 concilii
1473 3863 1903 3931 Namnetensis;
1924 3863 2079 3934 quod

445 3967 560 4022 quo
585 3955 850 4023 tempore
871 3953 1222 4008 celebratum
1251 3954 1341 4022 sit,
1365 3954 1650 4009 incertum
1691 3959 1794 4010 est.
1829 3958 1945 4010 Hoc
1985 3973 2078 4010 ca-

442 4043 689 4116 pitulum
715 4044 956 4100 totidem
985 4047 1171 4102 verbis
1199 4049 1377 4102 refert
1411 4049 1752 4103 Hincmarus
1795 4049 1853 4103 in
1904 4049 2079 4119 primi

441 4137 782 4209 Capitularis
823 4139 1060 4194 articulo
1093 4143 1143 4194 9.
1166 4142 1342 4194 Porro
1376 4141 1762 4210 psalmodiam
1789 4141 1847 4194 in
1873 4141 2074 4196 rurali-

439 4231 546 4284 bus
570 4231 746 4286 etiam
790 4233 1041 4288 ecclesiis
1079 4233 1288 4287 saeculo
1327 4249 1401 4287 vn
1432 4232 1680 4302 viguisse
1719 4232 1861 4287 illud
1903 4250 2074 4305 argu-

440 4327 637 4378 mento
652 4325 918 4395 est,quod
932 4329 1160 4380 sanctus
1181 4323 1396 4395 Eligius
1406 4323 1644 4378 Noviom
1653 4325 1804 4379 ensis
1815 4326 2072 4393 antistes,

442 4439 469 4465 ‹‹
497 4433 628 4471 cum
663 4417 932 4473 diceceses
966 4435 1116 4484 suas,
1139 4437 1168 4466 »
1195 4416 1252 4474 id
1283 4418 1369 4470 est
1388 4416 1708 4488 parochias,
1735 4439 1761 4467 ‹‹
1784 4421 1848 4472 ut
1865 4417 2077 4490 episco-

2104 3161 2159 3234 C

2189 1907 2251 1959 ut
2281 1905 2378 1976 qui
2405 1922 2438 1960 a
2463 1905 2640 1959 missa
2653 1907 2742 1959 vel
2770 1905 2994 1976 privata
3023 1922 3140 1960 non
3162 1905 3412 1960 abfuerit
3440 1905 3641 1962 diebus
3671 1924 3822 1979 prte-

2188 1997 2387 2068 ceptis,
2438 1998 2670 2068 egregie
2709 1998 3008 2070 religiosus
3063 1999 3360 2054 habeatur.
3411 1998 3576 2063 Quod
3618 2003 3822 2056 tamen

2187 2091 2329 2145 citra
2364 2091 2648 2145 offensam
2688 2090 2904 2146 dictum
2955 2091 3026 2146 sit
3068 2091 3296 2162 piorum
3352 2092 3676 2160 hominum,
3722 2094 3824 2164 qui

2188 2187 2384 2238 nostra
2402 2183 2580 2238 etiam
2607 2187 2798 2252 aatate,
2841 2185 3160 2256 priscorum
3191 2185 3651 2242 Christianorum
3685 2187 3818 2241 reli-

2188 2277 2424 2347 gionem
2448 2293 2512 2331 ac
2537 2293 2731 2332 mores
2762 2293 2866 2349 pro
2897 2279 3132 2334 modulo
3164 2278 3485 2334 imitantur.

2943 2393 3062 2466 δν.

2219 2487 2532 2542 Divinarum
2560 2487 2858 2556 ofﬁciorum
2892 2489 2952 2542 in
2979 2487 3274 2545 Gallicanis
3299 2489 3528 2544 ecclesiis
3551 2494 3786 2559 antiqua

2683 2559 2956 2614 ordinatio
2983 2559 3322 2613 describitur.

2255 2651 2342 2704 48.
2369 2651 2656 2705 Hactenus
2695 2650 2833 2721 quid
2873 2651 2942 2705 de
2987 2667 3154 2704 cursu
3194 2651 3484 2706 Gallicano
3537 2652 3598 2706 in
3648 2653 3819 2708 variis

2183 2741 2443 2796 Ecclesiis
2492 2743 2797 2798 observare
2828 2743 3006 2810 licuit,
3041 2743 3168 2798 rudi
3199 2759 3372 2814 opere
3408 2747 3817 2816 exposuimus;

2183 2835 2284 2890 sed
2304 2835 2364 2890 in
2387 2853 2498 2906 quo
2525 2836 2618 2890 hic
2647 2851 2847 2891 cursus
2875 2837 3234 2903 consisteret,
3263 2839 3522 2893 nondum
3551 2855 3620 2894 ex
3647 2857 3818 2912 supe-

2183 2929 2430 2984 rioribus
2459 2930 2594 2984 satis
2623 2928 2888 2984 distincte
2912 2930 3274 3002 intelligitur.
3303 2933 3366 2987 ld
3382 2949 3519 2988 vero
3551 2939 3821 2988 accurate

2183 3021 2502 3076 describere
2525 3021 2756 3077 difficile
2791 3026 2896 3086 est,
2935 3027 3059 3078 tum
3081 3025 3217 3095 quia
3243 3024 3450 3079 diversi
3483 3026 3727 3080 fuerunt
3755 3027 3818 3083 in

2183 3113 2352 3168 variis
2386 3114 2701 3170 Galliarum
2727 3115 2990 3170 Ecclesiis
3013 3116 3175 3184 ritus,
3205 3119 3328 3172 tum
3352 3118 3486 3189 quia
3509 3135 3618 3174 nos
3646 3119 3819 3190 huius

2183 3206 2266 3261 rei
2310 3210 2505 3262 vetera
2537 3205 2920 3263 munumenta
2942 3209 3236 3264 deficiunt.
3263 3210 3379 3266 Sed
3405 3213 3607 3266 tamen
3637 3228 3816 3283 gene-

2182 3300 2302 3354 rale
2329 3299 2623 3370 quoddam
2649 3300 2922 3355 Gallicani
2966 3318 3163 3356 cursus
3203 3303 3498 3374 specimen
3545 3304 3652 3359 sub
3699 3322 3818 3360 uno

2182 3395 2490 3463 conspectu
2515 3393 2607 3448 hic
2631 3409 2849 3464 ponere
2873 3394 3056 3450 visum
3091 3399 3194 3462 est,
3225 3397 3298 3452 ad
3325 3398 3613 3468 majorem
3639 3415 3818 3470 argu-

2183 3485 2366 3540 menti
2389 3485 2546 3556 quod
2564 3490 2875 3543 tractamus
2900 3487 3360 3544 illustrationem.

2251 3580 2341 3634 49.
2358 3579 2643 3650 Principio
2662 3579 2722 3634 id
2737 3580 2988 3635 maxime
3007 3586 3281 3638 curarunt
3308 3583 3522 3654 ubique
3534 3584 3810 3656 episcOpi,

2183 3671 2332 3726 utin
2373 3672 2570 3743 quavis
2609 3673 2905 3744 provincia
2933 3675 3241 3730 uniformis
3272 3676 3333 3731 in
3367 3676 3574 3731 divinis
3610 3679 3813 3733 officiis

2180 3765 2322 3820 ritus
2341 3769 2680 3822 servaretur.
2705 3767 2939 3824 Exstant
2957 3768 3113 3823 varia
3130 3769 3239 3824 hac
3259 3769 3330 3824 de
3353 3787 3416 3825 re
3437 3771 3810 3826 decretacum

2181 3858 2334 3929 apud
2375 3859 2582 3926 Gallos,
2626 3862 2750 3914 tum
2797 3861 2951 3931 apud
2995 3861 3293 3932 Hispanos.
3343 3863 3591 3934 Insignis
3629 3868 3718 3919 est
3751 3865 3810 3919 in

2181 3951 2379 4020 primis
2402 3950 2732 4008 constitutio
2762 3953 3021 4008 Toletani
3047 3955 3275 4010 concilii
3298 3973 3372 4024 1v,
3409 3957 3571 4028 cujus
3610 3959 3810 4012 Patres

2180 4046 2308 4114 post
2354 4043 2668 4114 expositam
2705 4046 3046 4101 catholicam
3090 4048 3269 4104 ﬁdem
3315 4049 3456 4104 nihil
3513 4049 3811 4121 antiquius

2178 4136 2522 4203 habuerunt,
2557 4154 2732 4208 quam
2763 4142 2825 4192 ut
2858 4139 3212 4196 uniformem
3249 4142 3530 4213 psallendi
3561 4143 3810 4199 modum

2177 4228 2544 4284 adstruerent
2571 4247 2794 4286 canone
2824 4235 2885 4287 2:
2928 4234 3143 4289 Placuit
3178 4239 3240 4290 ut
3278 4251 3456 4291 omnes
3485 4237 3808 4298 sacerdotes,

2176 4325 2272 4392 qui
2294 4322 2571 4380 catholicae
2603 4324 2730 4394 ﬁdei
2756 4324 2870 4397 41
2888 4324 2948 4398 9
2979 4329 3189 4384 unitate
3215 4330 3632 4400 complectimur,
3665 4331 3810 4386 nihil

2174 4417 2324 4471 ultra
2349 4417 2619 4472 diversum
2644 4423 2740 4473 aut
2763 4419 3036 4476 dissonum
3058 4423 3118 4476 in
3135 4423 3496 4478 ecclesiasticis
3507 4438 3810 4479 sacramen-

436 4509 522 4580 pis
543 4526 672 4564 mos
698 4514 802 4577 est,
834 4510 1115 4574 visitaret;
1141 4527 1169 4560 ιο
1194 4509 1266 4564 ob
1289 4526 1493 4580 pravos
1521 4510 1820 4582 cujusdam
1840 4512 2070 4584 presby—
2088 4522 2147 4594 D
2172 4513 2240 4564 tis
2264 4525 2526 4579 agamus;
2554 4526 2619 4566 ne
2637 4513 2886 4581 quaelibet
2909 4517 3094 4569 nostra
3121 4515 3410 4571 diversitas
3435 4516 3586 4586 apud
3599 4519 3810 4586 ignotos

437 4602 547 4656 teri
580 4619 794 4665 mores,
825 4621 853 4655 ‹‹
885 4602 943 4656 in
973 4618 1088 4656 una
1112 4601 1344 4658 basilica
1371 4602 1666 4660 interdixit
1709 4621 1944 4660 cursum
1982 4607 2070 4660 vel

434 4694 812 4763 oblationem,
831 4715 861 4745 »
893 4697 955 4748 ut
981 4695 1192 4766 legitur
1216 4695 1274 4750 in
1299 4697 1422 4768 ejus
1450 4697 1590 4754 Vitae
1617 4699 1715 4753 lib.
1743 4714 1803 4766 II,
1826 4714 1950 4768 cap.
1979 4701 2066 4753 20.

502 4789 590 4842 47.
636 4789 787 4845 Sane
824 4787 1078 4842 Ricull‘us
1123 4791 1330 4845 saeculo
1381 4808 1434 4844 IX
1479 4791 1779 4863 episcopus
1812 4791 2066 4848 Suessio-

435 4881 630 4936 nensis
653 4881 919 4936 eamdem
941 4882 1061 4936 fere
1080 4881 1553 4937 constitutionem
1576 4884 1752 4940 habet
1771 4884 2012 4940 articulo
2035 4887 2066 4940 3

432 4975 508 5028 ad
553 4991 684 5028 suos
729 4975 1052 5045 parochos:
1111 4997 1138 5024 «
1185 4975 1420 5042 Habete,
1469 4992 1681 5046 quaeso,
1725 4978 1977 5033 studium
2007 4977 2065 5033 in

428 5067 683 5136 psalmos
708 5068 1016 5135 cantando,
1047 5068 1105 5122 in
1139 5067 1364 5122 divinos
1387 5067 1562 5126 libros
1590 5070 1860 5140 legendo,
1889 5071 1948 5126 in
1970 5089 2062 5128 ca-

430 5157 668 5212 nonicas
693 5159 864 5214 horas
889 5159 1285 5227 custodiendo,
1311 5159 1368 5214 id
1387 5164 1472 5216 est
1491 5161 1764 5231 Primam,
1789 5165 2060 5232 Tertiam,

427 5249 680 5316 Sextam,
704 5251 1014 5306 missarum
1045 5254 1386 5324 quotidiana
1405 5255 1788 5311 celebratione
1817 5258 2060 5326 Nonam,

425 5345 702 5413 Vesperas
713 5347 772 5398 et
783 5345 1230 5417 Completorium
1240 5390 1254 5417 ,
1271 5352 1442 5420 atque
1456 5351 1616 5403 matu
1623 5349 1794 5404 tinale
1807 5350 2060 5405 ofﬁcium

427 5436 818 5505 decantando;
841 5442 898 5493 et
919 5439 1154 5497 invitate
1178 5443 1560 5514 parochianos
1577 5447 1814 5512 vestros,
1843 5446 1906 5498 ut
1925 5444 1970 5498 si
1989 5444 2062 5499 ad

421 5530 566 5586 alios
618 5547 816 5586 cursus
849 5533 1044 5589 venire
1101 5552 1219 5592 non
1262 5536 1570 5604 sufficiunt,
1613 5539 1819 5594 saltem
1858 5537 2062 5592 missas

422 5624 622 5680 audire
637 5626 993 5698 frequentius
1009 5629 1296 5697 studeant,
1319 5629 1720 5699 etDominicis,
1743 5635 1916 5704 atque
1934 5631 2057 5686 aliis

421 5717 620 5774 diebus
643 5719 821 5790 festis,
845 5723 1140 5794 Vesperas,
1171 5722 1472 5790 Matutinus
1488 5726 1546 5778 et
1561 5724 1764 5781 missas
1783 5726 2026 5798 frequen
2041 5755 2054 5768 -

422 5813 544 5868 "tare
585 5831 701 5869 non
741 5815 1205 5887 praetermittunt.
1233 5837 1262 5866 »
1287 5815 1494 5871 Primis
1519 5818 1782 5874 Ecclesiae
1815 5818 2054 5888 saeculis,

2169 4618 2261 4658 seu
2282 4604 2526 4659 carnales
2549 4605 2852 4660 schismatis
2878 4621 3110 4662 errorem
3142 4608 3394 4664 videatur
3426 4609 3724 4672 ostendere,
3761 4615 3813 4664 et

2169 4695 2355 4750 multis
2379 4699 2545 4750 emstet
2569 4699 2626 4750 in
2649 4697 2967 4752 scandalum
2990 4701 3230 4756 varietas
3251 4701 3630 4756 Ecclesiarum.
3665 4705 3812 4758 Unus

2169 4803 2294 4857 ergo
2310 4789 2440 4844 ordo
2463 4790 2662 4844 orandi
2696 4795 2862 4860 atque
2898 4792 3174 4861 psallendi
3215 4809 3251 4846 a
3285 4794 3439 4849 nobis
3467 4810 3570 4864 per
3601 4809 3810 4850 omnem

2167 4883 2492 4951 Hispaan
2514 4888 2565 4938 et
2591 4885 2826 4942 Galliam
2847 4891 3184 4941 conservetur
3192 4905 3211 4953 ,-
3229 4902 3369 4943 unus
3391 4888 3581 4943 modus
3603 4890 3664 4942 in
3683 4892 3812 4944 mis-

2164 4989 2352 5030 sarum
2375 4977 2823 5041 solemnitatibus,
2836 4993 2974 5034 unus
2991 4980 3049 5032 in
3066 4982 3402 5050 vespertinis.
3417 4983 3810 5053 matutini-39W

2165 5070 2356 5138 ofﬁciis
2387 5087 2400 5125 :
2429 5085 2522 5125 nec
2547 5071 2762 5127 diversa
2779 5074 2852 5126 sit
2877 5071 3028 5126 ultra
3059 5074 3118 5126 in
3139 5073 3292 5130 nobis
3305 5074 3660 5130 ecclesiastica
3685 5091 3809 5131 con-

2163 5164 2406 5227 suetudo,
2429 5167 2560 5233 quia
2580 5180 2692 5220 una
2717 5165 2822 5234 ﬁde
2847 5167 3181 5221 continemur
3196 5171 3246 5221 et
3263 5182 3446 5236 regno.
3467 5170 3578 5224 Hoc
3595 5171 3742 5225 enim
3757 5175 3812 5224 et

2163 5259 2378 5326 antiqui
2399 5273 2624 5314 canones
2663 5259 3026 5322 decreverunt,
3067 5263 3130 5314 ut
3162 5275 3498 5332 unaquaque
3515 5265 3808 5332 provincia

2163 5354 2214 5405 ct
2227 5351 2522 5420 psallendi,
2555 5356 2606 5405 et
2632 5353 2992 5408 ministrandi
3015 5368 3208 5423 parem
3235 5355 3670 5410 consuetudinem
3701 5359 3804 5413 ha-

2165 5443 2302 5499 beat.
2341 5444 2456 5499 Hoc
2501 5443 2799 5500 decretum
2839 5445 3138 5500 conditum
3176 5449 3262 5501 est
3297 5463 3415 5502 non
3461 5449 3650 5503 solum
3695 5467 3804 5522 pro

2161 5537 2462 5608 Hispaniis,
2486 5537 2588 5593 sed
2607 5536 2782 5593 etiam
2798 5555 2902 5610 pro
2921 5538 3101 5594 Gallia
3119 5539 3496 5610 Narbonensi,
3515 5557 3644 5614 quin
3663 5547 3806 5600 tunc

2159 5629 2588 5700 Visigothorum
2614 5647 2796 5702 regno
2815 5631 3240 5687 continebatur.

2232 5725 2317 5778 50.
2353 5723 2458 5787 Qui
2479 5724 2594 5779 sint
2621 5724 2703 5779 illi
2729 5739 2979 5782 canones
3013 5742 3046 5779 a
3075 5727 3362 5782 Toletanis
3379 5729 3644 5784 Patribus
3670 5732 3796 5786 lau-

2159 5815 2297 5886 dati,
2331 5817 2704 5890 intelligimus
2733 5835 2802 5876 ex
2827 5817 3070 5878 decretis
3100 5821 3347 5878 aliorum
3387 5823 3795 5896 conciliorum,
