4036 6188
235 320 339 374 tos

1318 319 1405 374 DE
1441 319 1657 376 CURSU
1697 319 2068 376 GALLICANO
2115 317 2526 386 DISQUISITIO.

3494 319 3596 373 406

237 441 457 498 nempe
509 423 870 481 Bracarensis
920 423 979 480 in
1037 425 1346 494 Lusitania,
1380 425 1769 482 Gerundensis
1812 425 1872 482 in
1894 439 1952 512 Α
1971 426 2286 483 Turonensi
2315 424 2632 497 praemisso.
2658 423 2814 480 Hanc
2845 421 3003 479 enim
3031 439 3154 481 esse
3184 421 3346 481 istius
3376 423 3603 483 concilii

233 519 555 587 Catalania,
603 523 662 573 et
702 519 855 591 apud
893 519 1082 574 Gallos
1120 520 1372 575 Venetici
1405 523 1464 575 et
1490 521 1865 591 Epaonensis.

233 613 321 669 Sic
354 614 535 669 habet
553 613 894 668 Meneticum
929 629 1082 667 anno
1107 613 1210 668 465
1231 614 1584 668 celebratum
1611 613 1672 669 in
1702 631 1870 668 cano-

233 724 303 762 ne
340 711 408 761 15
433 724 447 761 :
476 711 694 763 Rectum
722 721 931 776 quoque
956 707 1230 773 dumi-mus,
1259 712 1320 761 ut
1343 708 1427 762 vel
1453 709 1605 762 intra
1640 710 1865 777 provin-

228 804 371 854 ciam
405 804 647 856 nostram
675 815 951 854 sacrorum
993 800 1123 855 ordo
1149 805 1198 854 et
1222 800 1636 869 psaltendi,una
1656 803 1728 855 sit
1751 817 1869 856 con-

223 894 496 956 suetudo;
530 898 581 948 et
631 895 767 947 sicut
815 909 983 947 unam
1036 908 1155 946 cum
1208 895 1491 948 Trinitatis
1543 896 1868 961 confessione

223 987 387 1054 ﬁdem
419 991 673 1047 tenemus,
704 1000 870 1039 unam
909 990 958 1039 et
997 987 1284 1053 oﬂiciorum
1307 987 1551 1054 regulam
1576 991 1865 1054 teneamus,

223 1094 286 1132 ne
309 1080 543 1132 variata
569 1079 951 1140 observatione,
991 1079 1051 1130 in
1085 1079 1270 1147 aliquo
1307 1079 1516 1133 devotio
1548 1083 1734 1133 nostra
1762 1080 1869 1134 dis-

222 1187 451 1242 crepare
491 1172 764 1228 videatur.
812 1172 1152 1241 Epaonense
1199 1187 1353 1226 anno
1393 1175 1514 1238 517,
1556 1172 1618 1225 in
1645 1189 1867 1226 canone

223 1267 327 1332 27}:
343 1264 440 1320 Ad
468 1265 788 1319 celebranda
813 1265 1003 1318 divina
1029 1266 1210 1332 ofﬁcia
1235 1265 1478 1320 ordinem
1503 1281 1657 1334 quem
1680 1270 1870 1321 metro-

217 1358 467 1426 politani
492 1360 690 1419 tenent,
714 1359 1072 1426 provinciales
1098 1358 1377 1411 observare
1402 1358 1683 1412 debebunt.

298 1453 389 1503 51.
431 1451 632 1520 Neque
658 1464 794 1503 vero
835 1449 1022 1503 solum
1064 1449 1123 1502 in
1163 1465 1510 1520 unaquaque
1554 1449 1865 1520 provincia,

225 1543 326 1596 sed
359 1541 547 1596 etiam
573 1542 631 1595 in
663 1544 783 1595 tota
807 1542 988 1596 Gallia
1015 1542 1343 1596 communis
1372 1543 1609 1613 quidam
1630 1543 1772 1596 ritus
1795 1542 1871 1596 vis

227 1634 425 1707 gebat,
459 1634 505 1688 si
537 1652 655 1689 non
687 1635 747 1687 in
793 1634 1079 1701 omnibus,
1113 1635 1315 1689 saltem
1337 1634 1396 1689 in
1423 1635 1711 1705 plerisque
1739 1635 1866 1689 uni-

226 1727 456 1794 formis,
495 1727 592 1798 qui
625 1726 922 1781 communi
961 1726 1347 1797 appellatione
1396 1744 1592 1781 cursus
1626 1727 1865 1782 Gallica-

1973 525 2328 580 sententiam
2365 523 2675 594 persuadet
2699 523 2890 594 primo
2916 524 3150 578 Patrum
3181 526 3508 596 exemplum
3535 543 3604 582 ex

1967 619 2234 673 Cassiano
2263 618 2507 688 petitum
2534 618 2608 672 ad
2635 617 3000 688 probandum
3025 617 3330 673 duodecim
3356 620 3604 690 psalmo-

1967 730 2098 767 rum
2131 727 2443 765 numerum
2475 711 2627 780 apud
2643 710 2936 781 Egyptios
2961 711 3280 765 monachos
3302 715 3601 783 receptum

1969 810 2089 859 tam
2121 827 2147 853 ε(
2174 805 2233 858 in
2267 803 2582 869 nocturnis,
2613 824 2640 850 ››
2674 820 2848 873 quam
2875 825 2902 852 ‹‹
2923 804 2980 856 in
3006 805 3344 874 vespertinis
3361 821 3604 860 conven-

1968 899 2172 953 ticulis.
2206 920 2232 946 »
2266 896 2484 951 Deinde
2517 913 2888 966 nequaquam
2918 896 3036 950 veri
3064 897 3253 951 simile
3298 901 3384 952 est
3413 901 3600 953 solum

1970 992 2227 1046 Laudum
2256 990 2531 1057 ofﬁcium,
2565 990 2793 1043 omissis
2822 990 3084 1059 precibus
3117 991 3428 1057 nocturnis,
3457 993 3600 1046 aPa-

1969 1086 2150 1140 tribus
2177 1083 2522 1138 Turonensis
2549 1082 2754 1152 synodi
2781 1083 2953 1136 fuisse
2981 1083 3324 1138 institutum.
3366 1085 3454 1138 Ad
3479 1086 3602 1140 haec

1969 1179 2014 1232 is
2049 1195 2165 1232 non
2199 1180 2324 1232 erat
2363 1177 2622 1232 Laudum
2658 1175 2798 1230 ritus
2828 1192 2932 1246 per
2967 1176 3025 1230 id
3058 1180 3284 1246 tempus
3325 1178 3384 1231 in
3429 1179 3596 1234 Galli-

1969 1271 2124 1326 canis
2152 1270 2421 1337 ecclesiis,
2448 1269 2633 1341 qualis
2655 1270 2714 1323 in
2733 1286 2800 1324 eo
2829 1269 3068 1323 concilio
3092 1269 3434 1340 assignatur.
3455 1273 3600 1326 Nam

1969 1365 2042 1419 ad
2059 1363 2311 1418 ofﬁcium
2337 1362 2658 1432 «temporis
2682 1361 2951 1416 matutini
2973 1360 3000 1410 ἡ
3018 1378 3118 1415 seu
3142 1363 3401 1417 Laudum
3415 1365 3605 1419 Gallus

1966 1461 2353 1511 Arvernorum
2399 1456 2716 1527 episc0pus,
2767 1455 2938 1511 morti
2988 1456 3301 1525 proximus,
3345 1457 3607 1511 recitavit

1973 1572 2000 1597 ‹‹
2031 1551 2318 1620 psalmum
2355 1549 2927 1619 quinquagesimum,
2959 1548 3472 1603 benedictionem»
3503 1566 3602 1604 seu

1969 1643 2256 1697 canticum
2285 1641 2462 1695 trium
2494 1658 2825 1711 puerorum,
2863 1645 2920 1694 et
2945 1663 2973 1689 ‹‹
2998 1642 3429 1696 Alleluiaticum
3461 1643 3605 1712 psal-

1973 1753 2156 1803 mum,
2191 1757 2217 1784 ››
2267 1735 2324 1788 id
2352 1739 2438 1789 est
2484 1735 2773 1804 psalmum
2812 1750 2971 1787 CLVIII
3006 1738 3063 1787 et
3095 1734 3238 1788 duos
3278 1739 3604 1808 sequentes,

224 1837 330 1875 nus
364 1837 399 1874 a
428 1819 750 1890 majoribus
778 1819 988 1874 nostris
1008 1819 1192 1873 dictus
1217 1821 1321 1886 est,
1350 1819 1488 1873 utin
1505 1819 1658 1874 Actis
1691 1802 1946 1875 sanctiB
1974 1830 2071 1900 qui
2099 1802 2340 1885 Alleluia
2367 1843 2470 1898 pro
2487 1802 2658 1881 titulo
2682 1827 2919 1892 habent,
2950 1829 3198 1881 testante
3231 1802 3507 1898 Gregorio
3532 1829 3602 1882 de

225 1912 499 1968 Walarici
541 1912 800 1967 abbatis:
835 1933 862 1960 «
891 1912 1134 1966 Cursum
1163 1928 1299 1966 vero
1333 1915 1454 1966 tam
1487 1912 1870 1967 monasteria-

226 2008 360 2074 lem,
399 2022 586 2077 quam
610 2009 669 2059 et
699 2004 892 2077 420
924 2005 1280 2059 Gallicanum
1312 2021 1528 2075 magno
1561 2004 1750 2058 studio
1781 2005 1870 2059 in-

230 2099 574 2152 desinenter
614 2097 973 2152 observabat.
1008 2120 1035 2147 »
1069 2097 1228 2151 Idem
1260 2097 1331 2151 de
1371 2100 1567 2152 sancto
1599 2097 1869 2152 Serenico

228 2192 468 2262 legitur,
504 2207 713 2261 nempe
741 2190 896 2260 quod
933 2210 964 2239 ‹‹
1003 2190 1217 2260 absque
1261 2189 1535 2260 peculiari
1585 2189 1866 2260 supplica-

227 2286 405 2350 tione,
430 2285 764 2338 Romanum
786 2299 884 2337 seu
908 2282 1286 2351 Gallicanum,
1311 2299 1537 2336 necnon
1564 2286 1621 2336 et
1640 2284 1870 2338 Sancto-

228 2394 353 2431 rum
387 2376 688 2431 Benedicti
719 2379 777 2429 et
805 2375 1145 2430 Columbani
1184 2392 1413 2429 cursum
1445 2375 1602 2429 horis
1630 2369 1892 2445 singulis

231 2470 484 2524 Domino
529 2468 884 2522 decantaret.
919 2491 946 2516 »
975 2471 1173 2538 Itaque
1200 2467 1504 2522 Gallicanae
1532 2484 1734 2522 omnes
1762 2468 1863 2521 Ec-

228 2563 416 2616 clesiae
451 2561 512 2615 in
544 2577 724 2614 unum
763 2560 1015 2631 aliquem
1047 2560 1287 2614 modum
1314 2560 1740 2630 conspirabant,
1770 2559 1866 2630 qui

229 2672 426 2708 cursus
462 2653 783 2709 Gallicanus
810 2653 1126 2707 dicebatur.

296 2751 383 2801 5'2.
433 2748 515 2800 De
548 2746 842 2800 nocturnis
871 2745 1074 2799 ofﬁciis
1099 2745 1158 2798 id
1190 2745 1388 2800 statuit
1415 2761 1568 2798 anno
1598 2747 1698 2798 567
1726 2761 1862 2799 con-

227 2840 426 2895 cilium
453 2841 784 2894 Turonense
816 2855 876 2905 II,
908 2855 1131 2893 canone
1157 2841 1220 2893 18
1253 2854 1266 2892 :
1306 2841 1372 2893 Ut
1396 2840 1455 2891 in
1481 2838 1668 2892 diebus
1712 2839 1866 2904 festis

223 2933 296 2987 ad
319 2935 660 2989 Matutinum
681 2947 775 2986 sea:
798 2933 1106 3001 antiphonae
1152 2932 1288 2984 binis
1333 2932 1562 3000 psalmis
1591 2931 1863 3000 explicen-

227 3032 384 3080 tur...
413 3025 716 3095 Septembri
729 3029 926 3095 septem
944 3025 1254 3094 antiphonae
1277 3024 1414 3078 binis
1432 3024 1690 3094 psalmis;
1720 3025 1866 3080 Octo-

228 3120 308 3172 bri
335 3123 457 3173 octo
483 3118 621 3171 binis
638 3118 896 3187 psalmis;
924 3117 1404 3174 Novembrinovem
1422 3118 1584 3171 ternis
1606 3117 1861 3186 psalmis;
1885 3159 1939 3233 Ο

232 3212 508 3233 ῇ-,-...ι..έ
541 3211 705 3233 J---..-
737 3213 900 3233 Δ-.....⁹-
929 3212 1152 3233 --Α-Ιμέ-
1172 3229 1184 3233 -
1226 3212 1477 3233 τ..μ..-...⁹-
1506 3214 1553 3233 ...ι
1580 3211 1861 3233 π-ι....-...·-

227 3212 508 3267 Decembri
533 3211 709 3265 decem
737 3213 900 3265 ternis
921 3212 1184 3281 psalmis:
1215 3212 1480 3265 Januario
1501 3214 1553 3264 et
1573 3211 1864 3265 Februario

225 3305 417 3360 itidem
439 3319 605 3373 usque
633 3305 709 3357 ad
731 3305 959 3358 Pascha.
987 3304 1094 3357 Ubi
1133 3303 1320 3357 obiter
1358 3302 1611 3369 adverte,
1645 3320 1862 3357 annum

229 3397 500 3450 desinere
528 3396 586 3449 in
615 3397 846 3450 Pascha.
882 3395 994 3450 Sed
1032 3395 1168 3466 quid
1195 3395 1303 3448 sibi
1328 3396 1526 3448 volunt
1553 3396 1672 3449 haec
1704 3395 1860 3450 simi-

227 3489 422 3560 liaque
454 3487 628 3541 verba
657 3504 671 3541 :
704 3489 810 3544 Sese
834 3489 1146 3557 antiphonw
1175 3489 1312 3542 binis
1335 3489 1563 3558 psalmis
1591 3489 1861 3557 explicen-

226 3584 353 3635 tur?
373 3584 466 3633 An
499 3581 691 3650 plures
729 3580 1063 3650 antiphonae
1095 3596 1269 3650 quam
1308 3579 1563 3634 Psalmi?
1593 3581 1711 3634 Imo
1743 3578 1865 3632 bini

225 3678 320 3727 aut
345 3673 506 3728 terni
536 3672 745 3743 psalmi
771 3689 874 3743 pro
907 3673 1145 3744 singulis
1173 3672 1522 3743 antiphonis.
1553 3672 1613 3725 Id
1633 3689 1699 3726 ex
1726 3689 1862 3726 con—

225 3766 608 3838 sequentibus
628 3766 1109 3836 intelligitur,'ubi
1125 3766 1374 3832 additur,
1399 3769 1461 3819 ut
1479 3767 1563 3820 vel
1589 3765 1866 3820 duodecim

221 3861 431 3929 psalmi
461 3859 841 3929 expediantur
864 3859 938 3913 ad
966 3859 1327 3912 Matutinum.
1362 3860 1510 3929 Ergo
1538 3858 1640 3912 sub
1668 3858 1862 3928 singu-

229 3953 293 4006 lis
327 3951 671 4022 antiphonis
695 3952 818 4005 bini
839 3953 1050 4005 Psalmi
1074 3952 1447 4005 canebantur.

296 4049 388 4101 53.
421 4044 570 4108 Quid
596 4047 793 4098 Patres
818 4044 1022 4115 synodi
1045 4044 1393 4098 Turononsis
1412 4043 1672 4098 Matutini
1696 4060 1861 4098 voca-

229 4141 362 4194 bulo
389 4138 483 4192 hic
501 4138 844 4208 signiﬁcent,
868 4153 984 4191 non
1015 4137 1150 4190 levis
1173 4142 1256 4190 est
1271 4137 1594 4191 difﬁcultas.
1621 4137 1866 4200 Quidam

229 4234 387 4287 hunc
420 4233 611 4285 locum
635 4231 704 4283 de
724 4233 1008 4284 nocturno
1038 4230 1225 4284 ofﬁcio
1254 4230 1726 4300 interpretantur,
1747 4229 1867 4299 qui-

228 4325 362 4379 dam
393 4324 466 4378 de
493 4323 626 4378 solis
646 4323 933 4377 Laudibus
957 4322 1277 4388 matutinis,
1298 4340 1440 4392 quas
1458 4322 1867 4377 Matutinorum

229 4418 472 4472 nomine
487 4420 713 4470 sanctus
725 4415 1068 4470 Benedictus
1084 4415 1296 4486 aliique
1316 4419 1539 4469 veteres
1561 4414 1865 4484 designare

1971 1923 2110 1975 Vitis
2133 1924 2368 1976 Patrum
2397 1937 2520 1990 cap.
2550 1925 2601 1972 7.
2633 1921 2847 1972 Praeter
2873 1936 2940 1972 ea
2961 1919 3116 1973 idem
3139 1920 3449 1990 Gregorius
3477 1938 3607 1976 noc-

1971 2019 2169 2069 turnas
2194 2014 2406 2084 publici
2429 2012 2604 2067 ofﬁcii
2630 2029 2828 2082 preces
2857 2029 2974 2066 non
3000 2029 3114 2066 uno
3147 2012 3206 2066 in
3227 2013 3352 2067 loco
3378 2014 3602 2068 Matuti-

1971 2125 2074 2161 nas
2100 2108 2370 2177 appellat.
2401 2106 2624 2162 Primus
2652 2108 2810 2159 locus
2842 2109 2928 2158 est
2957 2105 3016 2158 in
3045 2105 3142 2158 lib.
3180 2122 3195 2159 I
3220 2105 3290 2159 de
3320 2106 3601 2161 Miraculis

1971 2201 2150 2255 sancti
2174 2199 2402 2254 Martini
2431 2215 2554 2269 cap.
2587 2202 2652 2253 33
2688 2215 2700 2253 :
2738 2219 2766 2247 ‹‹
2794 2198 2985 2253 Tertia
3014 2201 3210 2253 autem
3244 2203 3430 2265 nocte,
3456 2203 3606 2269 post-

1970 2310 2143 2364 quam
2183 2291 2523 2346 advenimus
2574 2292 2647 2345 ad
2698 2295 2957 2345 sanctam
3001 2291 3318 2357 basilicam,
3367 2291 3606 2362 vigilare

1969 2383 2548 2456 disposuimus,|quod
2571 2387 2628 2438 et
2652 2383 3036 2454 implevimus.
3056 2405 3084 2433 »
3101 2385 3210 2438 Has
3229 2384 3454 2454 vigilias
3474 2385 3606 2439 Gre-

1969 2478 2130 2548 gorio
2157 2494 2288 2532 cum
2315 2493 2416 2531 suo
2441 2477 2648 2531 clerico
2676 2476 2925 2546 privatas
2942 2477 3114 2531 fuisse
3131 2479 3357 2531 constat
3384 2494 3448 2532 ex
3475 2493 3610 2532 con-

1969 2574 2124 2624 textu
2168 2569 2534 2624 narrationis.
2581 2570 2743 2624 Mane
2788 2572 2984 2623 autem
3020 2571 3192 2636 facto,
3231 2570 3425 2625 subdit
3464 2571 3600 2624 Gre-

1969 2663 2182 2733 gorius,
2217 2663 2383 2731 signo
2412 2663 2485 2715 ad
2504 2661 2808 2715 Matutinas
2836 2666 3150 2727 commoto,
3173 2663 3384 2716 reversi
3410 2679 3605 2716 sumus

1967 2755 2304 2809 dormitum.
2330 2773 2358 2805 ››
2387 2755 2470 2807 En
2487 2754 2717 2823 signum
2741 2753 2932 2825 422
2955 2754 3314 2823 publicarum
3338 2755 3409 2808 de
3437 2757 3604 2808 nocte

1965 2865 2220 2919 precum,
2250 2864 2377 2916 quae
2405 2846 2496 2900 hic
2518 2846 2806 2900 Matutinus
2830 2846 3125 2899 vocantur.
3152 2847 3312 2900 Alter
3338 2847 3496 2900 locus
3519 2850 3604 2900 est

1967 2941 2119 3012 apud
2147 2940 2421 2993 eumdem
2463 2938 2802 3009 Gregorium
2848 2939 2906 2992 in
2950 2938 3048 2992 lib.
3089 2939 3159 2992 de
3203 2938 3341 2992 Vitis
3370 2941 3603 2994 Patrum

1966 3052 2088 3104 cap.
2119 3037 2170 3100 8,
2199 3033 2298 3086 ubi
2327 3032 2576 3086 Nicetius
2607 3031 3005 3101 Lugdunensis
3027 3031 3283 3098 antistes,
3318 3049 3449 3086 cum
3506 3033 3604 3086 ali-

1966 3126 2198 3198 quando
2231 3146 2260 3174 «
2287 3124 2710 3192 surrexissetad
2729 3123 3088 3192 Matutinum,
3112 3125 3447 3195 exspectatis
3470 3125 3606 3180 dua-

1964 3221 2068 3274 bus
2093 3219 2445 3290 antiphonis,
2477 3234 2741 3288 egressus
2767 3217 3015 3288 (dicitur)
3047 3217 3105 3270 in
3133 3218 3470 3287 sacrarium;
3503 3218 3602 3273 ubi

1966 3313 2104 3367 dum
2163 3312 2461 3378 resideret,
2504 3309 2780 3364 diaconus
2824 3309 3257 3380 responsorium
3312 3312 3602 3380 psalmum

1965 3421 2170 3459 canere
2201 3404 2391 3474 coapit,
2422 3425 2450 3452 ››
2479 3402 2756 3456 nimirum
2777 3405 2906 3472 post
2931 3402 3256 3456 lectionem.

2037 3499 2124 3552 54.
2154 3499 2352 3566 Itaque
2389 3495 2706 3550 secundum
2734 3495 3131 3565 praescriptum
3175 3493 3399 3548 concilii
3425 3496 3598 3550 Turo-

1968 3589 2178 3656 nensis,
2203 3588 2506 3642 duodecim
2518 3587 2824 3641 minimum
2848 3586 3105 3657 psalmis,
3122 3587 3601 3642 continentersub

1967 3699 2063 3736 sex
2085 3679 2418 3751 antiphonis
2449 3679 2718 3746 recitatis,
2754 3679 3140 3733 succedebant
3165 3679 3442 3734 lectiones
3471 3697 3602 3734 cum

1967 3776 2081 3829 suis
2125 3773 2523 3844 responsoriis.
2569 3774 2648 3826 De
2693 3788 2896 3826 mense
2929 3773 3187 3842 Augusto
3220 3773 3362 3827 nulli
3395 3775 3604 3844 psalmi

1968 3867 2429 3938 prenscribuntur,
2458 3865 2558 3919 sed
2584 3865 2693 3919 hoc
2717 3867 2947 3919 tantum
2969 3882 2981 3918 :
3003 3868 3129 3920 Toto
3157 3867 3399 3935 Augusto
3424 3869 3603 3919 mani-

1967 3964 2198 4016 cationes
2223 3963 2377 4029 ﬁant,
2415 3961 2545 4028 quia
2602 3960 2923 4025 festivitates
2958 3964 3085 4013 sunt
3123 3964 3174 4013 et
3209 3961 3381 4014 missa:
3401 3963 3608 4015 sancto-

1966 4070 2105 4108 rum.
2139 4052 2324 4116 Quem
2363 4053 2554 4106 locum
2584 4051 2827 4122 explicat
2866 4051 3167 4106 Aimoinus
3193 4052 3252 4104 in
3283 4052 3380 4106 lib.
3415 4069 3478 4106 III
3505 4052 3601 4106 Hi-

1969 4146 2157 4201 storiae
2185 4147 2553 4210 Francorum,
2586 4161 2711 4215 cap.
2744 4147 2803 4199 81
2842 4161 2854 4198 :
2888 4165 2916 4193 ››
2947 4145 3123 4198 Porro
3156 4147 3277 4199 toto
3324 4147 3604 4215 Augusto,

1969 4243 2205 4310 propter
2245 4239 2475 4292 crebras
2514 4237 2870 4302 festivitates,
2905 4236 3323 4290 manicationes
3366 4236 3601 4290 ﬁebant.

1967 4332 2250 4386 Manicare
2279 4334 2472 4385 autem
2509 4348 2683 4384 mane
2719 4325 2958 4399 surgere
2991 4328 3216 4381 dicitur.
3253 4349 3280 4377 ‹‹
3312 4327 3425 4381 Sed
3467 4329 3605 4398 quid

1969 4423 2400 4493 consequentiae
2425 4427 2530 4488 est,
2555 4427 2617 4476 ut
2637 4423 2772 4492 quia
2795 4425 2913 4476 toto
2934 4423 3192 4490 Augusto
3211 4435 3383 4473 mane
3405 4436 3604 4490 surge-
3661 4433 3664 4436 '

228 4513 438 4566 solent.
468 4509 595 4563 Jam
624 4508 882 4580 superius
911 4525 1042 4579 pag.
1077 4512 1176 4562 110
1216 4508 1618 4580 ριάεῐῐιὶεἰπιιιδ,
1649 4507 1867 4561 Matuti-

1975 4519 2145 4570 batur
2165 4516 2236 4570 ob
2257 4517 2588 4585 frequentes
2609 4514 2966 4579 festivitates,
2988 4512 3126 4565 nulli
3144 4512 3350 4582 psalmi
3367 4512 3440 4566 ad
3456 4513 3609 4568 hunc

232 4620 373 4658 num
388 4601 1112 4672 seuMatutinosambiguaa
1139 4618 1259 4655 esse
1283 4601 1737 4672 signiﬁcationis,
1755 4617 1867 4671 quo

232 4705 473 4759 nomine
496 4703 808 4774 aliquando
841 4702 1063 4756 Laudes
1091 4702 1174 4772 (ut
1204 4702 1518 4772 vocamus),
1557 4701 1867 4772 aliquando

231 4799 439 4852 Prima:
486 4797 742 4851 officium
781 4795 1122 4866 exprimitur
1159 4795 1310 4865 apud
1350 4795 1711 4862 Cassianum;
1764 4795 1866 4848 ali-

232 4891 467 4962 quando
493 4906 629 4944 vero
659 4890 843 4961 ipsum
875 4892 1223 4944 nocturnum
1251 4888 1525 4954 ofﬁcium,
1561 4888 1714 4959 quod
1742 4904 1865 4942 ma-

233 4985 433 5039 tutinis
467 4983 622 5037 horis
639 4983 920 5037 celebrari
942 4999 1070 5036 mos
1099 4985 1222 5035 erat
1243 4982 1300 5034 in
1334 4981 1646 5035 Dominicis
1671 4981 1871 5034 diebus

232 5081 284 5130 et
308 5077 471 5132 festis
484 5076 730 5131 minoris
749 5075 930 5148 421
964 5074 1368 5130 solemnitatis.
1394 5075 1640 5144 Duplicis
1660 5074 1872 5144 quippe

233 5171 464 5239 generis
487 5173 654 5223 erant
684 5173 979 5223 nocturnae
1011 5185 1208 5239 preces
1241 5186 1253 5222 :
1290 5168 1413 5222 aliae
1443 5167 1659 5236 Vigilice
1693 5167 1750 5220 in
1790 5183 1874 5219 so-

237 5263 613 5317 lemnioribus
631 5262 788 5320 festis
815 5262 1058 5328 usitatae,
1089 5262 1165 5314 sic
1194 5261 1381 5328 dictae,
1402 5260 1558 5331 quod
1577 5259 1648 5313 ab
1677 5259 1875 5312 ineun-

236 5361 311 5422 te,
341 5360 444 5409 aut
463 5360 617 5410 certe
641 5373 674 5409 a
689 5355 887 5410 media
913 5357 1078 5409 nocte
1093 5353 1562 5408 circiterinitium
1577 5352 1870 5418 ducerent;

237 5450 363 5503 alia;
388 5449 682 5504 Matutinae
708 5448 768 5502 in
797 5447 1064 5518 profestis
1085 5451 1142 5501 et
1160 5446 1496 5513 Dominicis,
1532 5445 1736 5515 quibus
1759 5447 1872 5499 tar-

239 5543 362 5596 dius
394 5545 694 5596 nocturnae
728 5558 925 5612 preces
959 5541 1448 5611 persolvebantur.
1477 5540 1537 5592 In
1567 5539 1674 5591 hoc
1696 5537 1871 5608 signi-

241 5637 408 5690 ﬁcatu
429 5635 772 5690 Matutinum
801 5633 1046 5688 sumitur
1067 5634 1123 5687 in
1147 5632 1388 5687 concilio
1406 5630 1710 5686 Venetensi
1736 5631 1876 5685 anni

245 5730 363 5792 i625,
393 5745 619 5783 canone
651 5729 732 5794 14,
770 5728 864 5781 ubi
891 5727 1219 5799 praecipitur
1235 5730 1295 5780 ut
1311 5726 1500 5779 clerici
1523 5727 1618 5794 qui
1642 5727 1698 5778 in
1741 5727 1873 5779 civi-

243 5827 344 5876 tate
373 5825 581 5890 fuerint
602 5823 890 5880 matutinis
920 5823 1131 5893 hymnis
1159 5821 1440 5889 intersint;
1461 5821 1519 5875 et
1546 5818 1606 5873 in
1637 5818 1876 5878 concilio

1972 4625 2235 4664 mensem
2258 4608 2702 4679 praescribantur
2720 4607 2747 4660 ‘l
2773 4608 3034 4660 Fortasse
3067 4605 3222 4675 quod
3253 4605 3442 4660 missae
3478 4622 3606 4660 san-

1972 4706 2197 4758 ctorum
2223 4706 2359 4755 tunc
2381 4715 2607 4754 summo
2634 4715 2806 4753 mane
2833 4698 3163 4752 dicerentur
3188 4699 3259 4753 ob
3287 4699 3490 4753 messis
3516 4716 3612 4754 ne-

1972 4797 2318 4850 cessitatem.
2343 4795 2487 4847 Nam
2535 4793 2869 4846 festivitates
2907 4792 3019 4845 illae
3045 4793 3332 4862 pleneque
3363 4793 3612 4846 celebra-

1975 4889 2128 4943 tione
2174 4889 2365 4942 missaa
2392 4886 2878 4940 terminabantur.
2909 4885 3396 4955 Antiphonarium
3435 4886 3611 4939 Turo-

1976 4999 2151 5036 nense
2194 4983 2528 5035 recensetur
2565 4979 2719 5033 inter
2752 4979 2950 5044 libros,
2993 4995 3136 5048 quos
3168 4977 3363 5031 medio
3408 4979 3612 5032 saeculo

1973 5093 2069 5129 VIII
2113 5074 2275 5128 Wido
2305 5073 2483 5128 abbas
2519 5071 2948 5128 Foutanellensi
2986 5070 3342 5125 monasterio
3378 5070 3616 5142 largitus

1975 5172 2079 5224 est.
2105 5168 2270 5232 Quod
2304 5168 2374 5222 de
2402 5167 2620 5221 mensis
2645 5165 2886 5235 Augusti
2913 5163 3102 5218 missis
3130 5164 3482 5234 quotidianis
3507 5169 3618 5219 tra-

1977 5262 2059 5315 dit
2088 5261 2416 5329 concilium,
2439 5262 2609 5330 longe
2639 5258 2856 5313 recedit
2884 5275 2917 5312 a
2941 5275 3102 5312 more
3129 5257 3615 5325 Cisterciensium,

1977 5356 2034 5409 id
2063 5360 2147 5410 est
2176 5355 2650 5421 Barbellensium,
2698 5354 2755 5406 in
2795 5351 3022 5406 dioecesi
3055 5351 3368 5406 Parisiensi
3413 5369 3616 5406 mona-

1977 5449 2216 5503 chorum
2251 5465 2262 5502 :
2290 5448 2386 5518 qui
2420 5468 2448 5496 ‹‹
2475 5447 2833 5501 messionum
2861 5449 3127 5516 tempore
3158 5445 3462 5499 cessabant
3484 5463 3517 5498 a
3535 5461 3620 5498 so-

1977 5541 2280 5594 lemnitate
2295 5540 2605 5593 missarum
2616 5562 2663 5605 ,»
2681 5538 2960 5610 quoniam
2977 5539 3320 5608 colligendis
3333 5537 3621 5607 segetibus

1980 5637 2146 5686 erant
2174 5633 2452 5702 occupati.
2504 5633 2781 5696 Quocirca
2804 5633 3106 5704 Philippus
3136 5633 3424 5702 Augustus
3455 5628 3616 5684 insti-

1981 5725 2085 5779 tuit
2107 5720 2173 5778 ut
2203 5724 2485 5796 «singulis
2513 5726 2714 5780 diebus
2745 5744 2938 5793 mane,
2965 5728 3018 5781 in
3049 5723 3374 5779 remedium
3399 5722 3613 5780 animo!

1977 5818 2156 5891 patris
2192 5819 2280 5875 sui
2314 5819 2581 5877 Ludovici
2611 5821 2723 5888 VII,
2754 5822 2853 5892 qui
2883 5820 3003 5874 istic
3025 5816 3280 5888 sepultus
3305 5818 3410 5885 est,
3433 5837 3462 5865 «
3493 5817 3620 5878 Mis.
