3982 6190
384 333 485 398 li0?

1165 337 1494 393 APPENDIX
1532 339 1619 393 AD
1653 338 1880 394 ΟΡΕΒΑ
1917 335 2149 393 SANCTI
2183 337 2481 393 GERMANI
2519 335 2943 392 PARISIENSIS.

3641 329 3752 391 los

380 464 575 504 sarum
605 446 886 503 solemnia
927 445 1373 501 celebrarentur.
1408 467 1436 495 »
1482 445 1698 510 Quibus
1743 444 2009 516 peractis,
2036 459 2096 532 Α
2115 462 2277 514 num,
2309 437 2617 502 lectionem
2641 449 2700 500 et
2722 444 3074 516 capitellum.
3097 441 3201 498 Ubi
3217 439 3452 498 videsin
3477 441 3754 498 omnibus

385 562 414 592 α
446 543 491 597 si
523 558 665 614 quas
689 540 972 596 haberent
996 555 1212 596 messes
1239 558 1266 587 ››
1293 538 1585 615 monachi,
1610 537 1801 612 423
1824 538 2013 610 quoti-

2118 539 2320 594 ofﬁciis
2369 540 2653 610 hymnum
2697 537 2934 609 psalmis
2982 539 3040 591 et
3079 536 3412 608 antiphOnis
3457 535 3750 608 postponi,

385 635 478 690 die
509 637 743 706 possent
771 633 880 687 illis
905 631 1194 686 metendis
1215 647 1454 701 operam
1483 631 1640 686 dare.
1667 653 1696 681 »
1727 632 1906 702 Hujus
1930 631 2018 686 rei
2119 649 2294 704 quem
2316 649 2420 687 nos
2431 632 2769 686 adPrima‘m
2789 635 2846 685 et
2862 634 2978 686 tres
2993 629 3590 700 subsequenteshoras
3609 645 3756 700 prai-

386 729 645 800 diploma
673 726 872 780 datum
901 727 988 778 est
1017 739 1171 778 anno
1202 726 1358 791 H86,
1390 723 1609 778 editum
1642 725 1700 778 in
1727 725 1828 780 lib.
1861 741 1913 778 γι
1943 725 2013 780 de

385 822 466 876 Re
489 818 878 890 diplomatica.

453 916 540 967 55.
583 912 671 965 Ad
701 909 935 981 Vigilias
968 927 1068 965 seu
1110 913 1419 967 nocturnas
1464 928 1662 982 preces
1702 911 2011 981 aliquando

376 1004 484 1077 ipsi
510 1003 781 1076 episcopi,
811 1003 1119 1074 aliquando
1154 1004 1202 1057 is
1227 1003 1316 1057 cui
1343 1004 1465 1058 haec
1492 1004 1564 1058 ab
1591 1004 1673 1058 eis
1702 1003 2014 1060 commissa

372 1100 581 1165 fuerat,
608 1096 843 1152 clericos
869 1096 1210 1151 excitabant.
1245 1097 1325 1151 De
1348 1100 1543 1152 sancto
1583 1098 1870 1152 Germano
1905 1099 2008 1152 Pa-

371 1190 644 1246 risiorum
667 1191 936 1262 episcopo
962 1191 1303 1244 Fortunatus
1323 1191 1517 1257 tradit,
1534 1190 1592 1244 id
1615 1207 1718 1261 per
1736 1207 1794 1244 se
1820 1191 2008 1262 ipsum

375 1285 728 1357 praestitisse,
755 1287 820 1338 ut
845 1283 1105 1354 superius
1125 1283 1392 1338 vidimus.
1422 1283 1700 1338 Caesarius
1719 1285 2011 1338 Arelaten-

375 1379 450 1432 sis
491 1378 641 1432 hanc
693 1393 892 1431 curam
936 1377 1230 1446 Stephano
1272 1377 1516 1431 diacono
1551 1376 1898 1446 injunxerat,
1943 1395 2010 1432 ex

375 1471 516 1525 Vita:
544 1470 668 1548 ejus
693 1469 790 1524 lib.
825 1486 883 1535 ιι,
915 1485 1076 1523 num.
1105 1471 1156 1523 4.
1188 1469 1296 1534 Qui
1338 1469 1615 1524 Caesarius
1657 1470 1716 1524 id
1741 1471 2007 1525 observa-

373 1563 490 1630 bat,
524 1583 552 1611 ‹‹
581 1565 641 1616 ut
667 1563 855 1616 nullus
882 1578 1137 1629 suorum,
1167 1561 1265 1632 qui
1293 1579 1488 1616 secum
1510 1561 1844 1628 manebant,
1873 1565 2008 1616 ante

373 1655 579 1710 horam
610 1654 937 1726 legitimam
971 1655 1337 1709 excitaretur.
1362 1677 1390 1705 »
1415 1657 1498 1709 Ita
1525 1658 1752 1709 sanctus
1773 1655 2011 1709 Benedi-

373 1753 500 1803 ctus
530 1747 787 1802 ofﬁcium
817 1746 1180 1817 signiﬁcandi
1212 1747 1388 1801 ofﬁcii
1419 1747 1595 1801 divini
1626 1746 1877 1818 imponit
1907 1748 2007 1801 ab-

2116 742 2333 797 ponere
2353 726 2624 780 solemus.
2647 723 2979 780 Lucernarii
3003 721 3275 790 ofﬁcium,
3303 724 3366 776 ut
3383 722 3752 778 Duodecime

2113 819 2411 890 prmvium,
2433 818 2826 872 celebrabalur
2851 833 2918 872 eo
2952 819 3216 886 tempore
3243 831 3357 886 quo
3382 816 3634 870 lucernae
3661 832 3754 870 ac-

2111 912 2508 967 cendebantur
2529 911 2604 966 ad
2631 909 3063 976 Duodecimam,
3087 908 3145 962 id
3170 911 3257 963 est
3276 907 3352 962 ad
3372 909 3670 980 Vesperas.

2186 1008 2271 1059 59.
2301 1007 2364 1060 In
2393 1003 2618 1060 concilii
2652 1001 2998 1058 Turonensis
3028 1017 3249 1056 canone
3295 1001 3652 1072 praelaudato
3683 1002 3752 1056 ﬁt

2112 1098 2331 1154 mentio
2359 1098 2430 1152 de
2459 1098 2630 1154 Sexta
2645 1100 2702 1151 et
2721 1095 3097 1162 Duodecima,
3126 1111 3245 1149 non
3271 1094 3627 1162 deﬁniendo,
3645 1095 3750 1150 sed

2110 1191 2504 1262 comparando
2536 1189 2832 1262 utriusque
2868 1189 3060 1244 ofﬁcia
3086 1187 3158 1242 ab
3189 1187 3442 1259 antiquis
3483 1189 3751 1243 Patribus

2110 1284 2370 1339 instituta
2397 1283 2587 1356 425
2615 1300 2750 1338 cum
2771 1282 3068 1349 Matutino,
3097 1281 3258 1352 cujus
3299 1281 3554 1335 ofﬁcium
3585 1281 3645 1334 in
3677 1297 3750 1336 eo

2107 1377 2347 1432 concilio
2387 1377 2674 1431 deﬁnitur.
2704 1377 2794 1431 Sic
2824 1376 3034 1447 quippe
3063 1377 3548 1444 argumentantur
3575 1373 3752 1444 hujus

2107 1470 2331 1526 concilii
2349 1471 2547 1524 Patres
2577 1487 2590 1524 :
2635 1471 2774 1536 Quia
2801 1472 3028 1524 Patrum
3054 1471 3268 1524 statuta
3291 1471 3664 1537 praeceperunt
3687 1472 3751 1521 ut

2106 1564 2182 1618 ad
2214 1566 2434 1621 Sextum
2466 1579 2560 1618 sere
2589 1563 2792 1633 psalmi
2823 1563 3081 1616 dicantur
3113 1577 3232 1616 cum
3267 1561 3533 1623 Alleluia,
3567 1565 3622 1615 et
3671 1559 3751 1614 ad

2106 1657 2480 1712 Duodecimam
2511 1656 2793 1711 duodecim
2814 1655 3019 1724 psalmi
3055 1657 3182 1709 item
3224 1669 3344 1708 cum
3367 1652 3630 1716 Alleluia,
3652 1668 3754 1708 cur

2109 1750 2185 1803 ad
2209 1751 2540 1804 Matutinum
2563 1764 2671 1803 non
2695 1751 2822 1802 item
2847 1748 2936 1802 vel
2957 1747 3235 1802 duodecim
3257 1747 3632 1817 explicentur?
3669 1747 3754 1800 Ex

373 1841 516 1907 bati,
550 1843 651 1894 aut
677 1839 942 1910 diligenti
971 1838 1140 1893 alicui
1168 1839 1472 1906 fratri,'cui
1498 1839 1674 1894 abbas
1698 1839 1847 1899 vices
1877 1857 2007 1896 suas
2027 1819 2084 1892 Β
2109 1841 2314 1912 quibus
2337 1841 2522 1895 verbis
2545 1839 2783 1894 dubium
2803 1843 2890 1894 est
2915 1857 2988 1893 an
3015 1838 3317 1894 concilium
3344 1837 3568 1892 statutis
3584 1842 3748 1892 vete-

377 1932 757 1988 commiserit.
829 2003 832 2008 _

444 2028 530 2080 56.
571 2024 891 2080 Concilium
926 2025 1298 2079 Narbonense
1327 2025 1468 2079 anni
1516 2027 1637 2092 589,
1680 2043 1902 2081 canone
1946 2029 1997 2092 2,

367 2117 644 2190 praecipit,
668 2121 734 2172 ut
759 2120 819 2172 in
842 2120 946 2187 fine
974 2117 1226 2188 cujusque
1253 2119 1455 2187 psalmi
1483 2118 1668 2188 gloria
1694 2119 1932 2182 dicatur,
1952 2123 2005 2174 et

361 2227 462 2282 per
485 2211 780 2266 intervalla
823 2210 1108 2280 majorum.
1144 2211 1287 2264 Nam
1316 2211 1526 2280 psalmi
1565 2210 1900 2281 prolixiores
1941 2211 2002 2266 in

367 2304 510 2358 duas
551 2305 901 2374 pausationes
936 2302 1360 2370 dividebantur,
1392 2307 1442 2357 et
1471 2318 1572 2372 per
1614 2319 2005 2374 quamcumque

359 2398 738 2467 pausationem
791 2397 974 2453 Gloria
1021 2398 1308 2452 Trinitatis
1366 2396 1776 2451 decantabatur.
1837 2396 2001 2460 Quod

367 2487 543 2542 etiam
569 2488 767 2542 statuit
791 2491 1020 2542 sanctus
1048 2487 1407 2542 Benedictus.
1439 2488 1526 2542 Ad
1559 2489 1681 2542 haec
1706 2490 1856 2545 Sicut
1885 2493 2004 2544 erat

366 2584 498 2651 post
523 2581 709 2638 Gloria
753 2581 918 2634 addit
964 2580 1272 2634 concilium
1317 2582 1564 2634 Vasense
1605 2598 1665 2648 ιι,
1699 2597 1918 2636 canone
1947 2585 1996 2634 5.

365 2672 628 2744 Denique
658 2676 866 2744 praeter
891 2675 1113 2742 hymnos
1142 2675 1522 2730 Ambrosianos
1550 2673 1854 2728 concilium
1890 2675 1998 2728 Tu-

364 2782 610 2820 ronense
635 2783 672 2820 ιι
700 2783 836 2822 mox
853 2766 1172 2833 laudatum,
1199 2783 1421 2820 canone
1443 2769 1531 2833 23,
1553 2765 1806 2820 admittit
1822 2767 2000 2821 etiam

365 2875 463 2913 eos
495 2858 593 2930 qui
617 2859 774 2928 digni
793 2863 921 2913 sunt
945 2861 1126 2926 forma
1147 2861 1382 2914 cantari.

433 2955 517 3004 57.
547 2951 753 3005 Primae
784 2950 1038 3005 ofﬁcium
1067 2952 1301 3022 quando
1321 2951 1584 3022 primum
1613 2951 1671 3005 in
1701 2942 1881 3006 Gallia
1914 2970 1998 3007 re-

361 3046 595 3113 ceptum
633 3043 724 3108 sit,
749 3060 867 3096 non
894 3046 1136 3097 constat.
1171 3043 1493 3111 Cassianus,
1523 3043 1584 3097 in
1606 3043 1704 3098 lib.
1730 3060 1747 3097 ι
1775 3045 1999 3099 Institu-

361 3135 608 3200 tionum,
639 3151 762 3206 cap.
805 3136 856 3200 4,
888 3138 1087 3189 auctor
1125 3138 1210 3189 est
1238 3137 1386 3190 hanc
1420 3157 1447 3185 «
1491 3136 1831 3191 Matutinam
1861 3136 1996 3208 (quo
2019 3174 2073 3248 Ο

366 3227 598 3248 μωευ-
645 3227 843 3248 n_:__
893 3228 1133 3248 ,μοιεωη
1190 3228 1478 3248 ειμιιεηευ
1522 3229 1566 3248 ςη
1833 3231 1842 3240 -
1934 3232 1995 3248 κ.

365 3227 604 3282 nomine
642 3227 850 3282 Primae
887 3228 1140 3282 ofﬁcium
1187 3228 1481 3299 intelligit)
1519 3229 1577 3282 in
1623 3229 1875 3284 occiduis
1912 3232 1998 3284 vel

366 3320 616 3375 maxime
629 3320 1342 3392 regionibusobservatam
1369 3343 1395 3369 ››
1426 3321 1619 3376 fuisse.
1637 3322 1802 3386 Quod
1831 3341 1904 3377 an
1929 3323 1998 3378 de

356 3413 539 3468 Gallia
565 3413 1018 3483 intelligendum
1054 3414 1146 3480 sit,
1180 3414 1444 3469 dubitare
1483 3415 1636 3480 licet,
1681 3432 1811 3470 cum
1841 3417 2000 3470 nulla

363 3505 583 3560 mentio
597 3506 805 3560 Primae
827 3507 928 3561 ﬁat
947 3506 1006 3560 in
1033 3506 1441 3562 constitutione
1459 3507 1722 3578 Injuriosi
1749 3508 2000 3580 episcopi

363 3599 730 3666 Turonensis,
765 3599 865 3670 qui
891 3600 1144 3654 Tertiam
1173 3603 1230 3653 et
1264 3601 1497 3654 Sextam
1548 3600 1811 3668 instituit,
1843 3603 2000 3657 nulla

359 3691 568 3745 Prima:
589 3692 745 3746 fucta
758 3691 1251 3756 mentione.Quod
1264 3693 1441 3748 etiam
1457 3691 1648 3765 424
1663 3693 1734 3747 de
1751 3693 1996 3749 Cresario

358 3783 676 3837 Arelatensi
690 3783 948 3854 superius
964 3784 1230 3838 vidimus.
1245 3787 1316 3838 At
1336 3785 1540 3856 reponi
1557 3789 1764 3856 potest,
1791 3787 1996 3841 Prima:

362 3874 600 3945 quidem
615 3875 871 3929 ofﬁcium
885 3875 1085 3929 diebus
1096 3876 1488 3943 ferialibus,de
1502 3878 1708 3948 quibus
1721 3877 1840 3948 agit
1850 3879 1932 3950 lnj
1941 3897 1999 3933 u-

357 3966 500 4020 riosi
521 3967 874 4034 constitutio,
891 3983 1006 4021 non
1019 3969 1190 4022 fuisse
1206 3969 1621 4040 praescriptum,
1637 3971 1739 4024 sed
1769 3974 1994 4026 tantum

359 4059 584 4114 festivis
604 4077 670 4114 ac
701 4059 1032 4114 Dominicis.
1067 4061 1232 4115 Certe
1259 4061 1538 4116 Caesarius
1579 4063 1638 4116 in
1670 4065 1872 4133 regula
1896 4082 1998 4120 sua

361 4152 448 4206 his
462 4153 596 4208 solis
616 4156 827 4224 praeter
853 4153 1172 4208 Sabbatum
1195 4153 1417 4220 diebus,
1441 4154 1658 4210 scilicet
1683 4156 1997 4226 majoribus

366 4246 528 4300 festis
550 4249 608 4300 et
632 4245 966 4313 Dominicis,
998 4247 1253 4302 Primam
1284 4247 1603 4319 praescribit
1639 4249 1727 4302 his
1764 4249 1949 4304 verbis
1981 4268 1994 4305 :

365 4339 640 4394 «Deinde
685 4339 933 4394 dicenda
973 4341 1058 4393 est
1105 4340 1300 4395 Prima
1337 4357 1469 4395 cum
1515 4341 1750 4411 psalmis
1798 4359 1911 4410 sex,
1942 4348 1998 4398 et

353 4432 626 4501 hymnus,
657 4434 934 4503 Fulgentis
974 4437 1163 4489 auctor
1201 4435 1414 4490 aetheris
1449 4451 1465 4486 :
1514 4433 1810 4490 Lectiones
1846 4436 1993 4503 dum,

2103 1951 2233 1988 rum
2261 1936 2493 1988 Patrum
2523 1933 2758 2003 (scilicet
2777 1931 3177 1998 Orientalium,
3205 1931 3276 1985 de
3299 1930 3506 2001 quibus
3523 1931 3750 1986 Cassia-

2105 2045 2211 2080 nus
2241 2026 2300 2080 in
2323 2026 2470 2080 libro
2507 2026 2566 2097 ιι)
2602 2024 2910 2080 δᾱιιωεθιιίι
2953 2024 3010 2078 in
3053 2023 3401 2096 assignando
3451 2023 3636 2078 Sexta:
3683 2027 3746 2077 et

2103 2118 2466 2174 Duodecimn).
2486 2117 2696 2173 ofﬁcio.

2173 2214 2262 2266 60:
2283 2211 2650 2266 Duodecimus
2671 2210 2923 2265 ofﬁcium
2940 2227 2972 2264 a
2989 2208 3378 2280 Cornpletario
3403 2209 3746 2264 distinctum

2101 2304 2273 2360 fuisse
2287 2308 2446 2375 patet
2457 2321 2524 2358 ex
2543 2305 2745 2374 regula
2758 2302 3071 2357 Aureliani.
3093 2305 3154 2356 In
3180 2303 3356 2356 veteri
3381 2302 3585 2356 Missali
3605 2303 3746 2357 Gal-

2101 2397 2288 2452 licana
2331 2397 2459 2451 duae
2503 2398 2834 2450 referuntur
2878 2395 3171 2450 orationes
3211 2411 3314 2466 pro
3361 2395 3745 2461 Duodecima,

2103 2506 2310 2560 nempe
2353 2506 2457 2560 pro
2506 2489 2724 2560 Vigiliis
2762 2488 3081 2543 Nativitatis
3120 2487 3348 2542 Domini
3384 2492 3440 2542 et
3480 2488 3744 2543 Pascha.

2100 2582 2388 2636 Posterior
2414 2582 2618 2636 horam
2653 2583 2834 2645 notat,
2865 2581 3047 2634 Deum
3102 2580 3490 2650 deprecando,
3524 2585 3587 2635 ut
3610 2597 3748 2636 ver-

2099 2680 2250 2746 gente
2261 2675 2348 2728 die
2360 2691 2558 2728 vacem
2571 2673 2794 2744 rugitus
2814 2673 3100 2740 exaudiat,
3117 2675 3582 2744 etsuperveniente
3605 2674 3753 2728 cali-

2099 2770 2222 2838 gine
2255 2768 2420 2822 noctis
2463 2767 2664 2820 ﬁdeles
2706 2765 2937 2820 luminis
2977 2764 3060 2819 sui
3106 2765 3414 2836 splendore
3461 2765 3740 2820 illustrat.

2101 2863 2296 2931 Itaque
2323 2863 2570 2930 vergente
2591 2859 2698 2922 die,
2715 2858 2774 2912 id
2801 2861 2888 2912 est
2906 2859 3050 2913 hora
3075 2857 3215 2912 lucis
3227 2857 3450 2924 ultima,
3469 2859 3577 2913 hoc
3609 2859 3750 2913 om-

2100 2953 2250 3006 cium
2275 2951 2616 3006 celebratur.

2171 3048 2228 3099 6l
2244 3086 2256 3099 .
2286 3044 2562 3100 Caesarius
2590 3044 2665 3098 ad
2690 3043 3100 3098 Lucernarium
3124 3060 3225 3098 seu
3252 3045 3527 3114 Vesperas
3553 3043 3749 3099 bene-

2099 3137 2412 3192 dictionem
2439 3138 2651 3208 populo
2689 3136 3146 3207 impertiebatur,
3179 3152 3246 3191 ex
3273 3137 3412 3190 Vita:
3437 3136 3561 3206 ejus
3585 3137 3750 3192 libro

2102 3248 2160 3297 ιι,
2185 3247 2346 3284 num.
2377 3233 2441 3284 l2
2471 3247 2484 3284 :
2510 3251 2537 3278 «
2565 3231 2799 3284 Factum
2829 3233 2916 3284 est
2945 3233 3006 3283 ut
3025 3229 3280 3300 quodam
3305 3231 3568 3300 tempore
3597 3246 3753 3300 qua-

2098 3327 2228 3378 tuor
2254 3323 2306 3378 ei
2332 3322 2584 3394 episcopi
2611 3322 2686 3376 ad
2718 3338 3016 3377 occursum
3046 3323 3329 3388 venirent,
3359 3338 3488 3376 cum
3526 3323 3749 3392 quibus

2099 3417 2171 3470 ad
2198 3415 2607 3472 Lucernarium
2633 3415 2707 3469 ad
2753 3415 3048 3469 basilicam
3088 3414 3270 3470 sancti
3311 3414 3589 3486 Stephani
3635 3415 3744 3470 de-

2099 3509 2337 3563 scendit.
2368 3509 2628 3578 Cumque
2655 3509 2879 3578 expleto
2900 3507 3246 3566 Lucernario
3267 3507 3748 3565 benedictionem

2097 3603 2308 3673 populo
2337 3601 2606 3668 dedisset,
2637 3622 2664 3649 »
2695 3603 2803 3654 etc.
2836 3601 3050 3654 Praeter
3075 3616 3144 3654 ea
3173 3617 3322 3672 saepe
3349 3601 3620 3656 homilias
3638 3607 3747 3656 aut

2099 3696 2218 3766 ipse
2250 3717 2278 3744 ‹‹
2307 3683 2646 3749 memoriter
2671 3714 2698 3742 ››
2735 3692 3033 3760 recitabat,
3061 3696 3178 3759 aut,
3227 3694 3272 3748 si
3317 3695 3551 3764 quando
3584 3697 3744 3750 vale-

2097 3787 2236 3842 tudo
2271 3803 2387 3842 non
2417 3787 2658 3852 sinebat,
2693 3803 2797 3856 per
2839 3786 2980 3840 alios
3022 3785 3252 3840 recitari
3297 3787 3555 3854 curabat,
3588 3792 3741 3851 tam,

2102 3904 2127 3928 ‹‹
2156 3881 2228 3934 ad
2248 3879 2570 3946 Matutinos,
2596 3899 2624 3927 »
2652 3895 2826 3950 quam
2851 3901 2879 3927 ‹‹
2902 3880 2976 3934 ad
2997 3879 3426 3948 Lucernarium,
3456 3884 3520 3934 ut
3543 3882 3748 3936 nullus

2097 3977 2264 4040 esset,
2295 3973 2392 4043 qui
2437 3989 2496 4026 se
2535 3973 2606 4026 de
2641 3971 2972 4044 ignorantia
3009 3975 3322 4027 excusaret.
3357 3994 3384 4022 η
3427 3974 3630 4044 Neque
3683 3975 3746 4030 id

2097 4067 2281 4120 solum
2323 4065 2524 4119 diebus
2553 4066 2788 4130 festivis,
2819 4065 2920 4120 sed
2960 4069 3020 4118 et
3061 4065 3352 4120 ferialibus
3395 4067 3745 4136 praestabat.

2098 4157 2326 4229 Legesis
2353 4157 2817 4213 admonitionem
2852 4157 2909 4211 in
2941 4174 3272 4213 sermonem
3299 4162 3367 4214 22
3394 4159 3750 4230 appendicis

2099 4267 2260 4304 novae
2286 4249 2737 4322 Augustinianm.
2784 4251 2866 4304 De
2895 4251 3002 4304 hac
3050 4250 3471 4318 benedictione,
3502 4268 3640 4322 qua
3667 4255 3750 4309 ab

2097 4343 2378 4416 episcopis
2419 4345 2506 4398 vel
2545 4343 2909 4414 prmsbyteris
2950 4343 3009 4398 in
3048 4343 3164 4398 ﬁne
3211 4344 3626 4400 Matutinarum
3683 4353 3752 4401 et

2097 4439 2476 4508 Vesperarum
2499 4435 2762 4503 dabatur,
2787 4436 3068 4506 legendus
3095 4439 3182 4492 est
3201 4453 3387 4492 canon
3409 4440 3477 4492 30
3501 4439 3750 4495 concilii

359 4541 472 4578 una
492 4525 563 4578 de
579 4525 791 4594 Veteri,
821 4525 936 4580 alia
963 4525 1033 4580 de
1065 4542 1212 4580 novo
1242 4527 1630 4596 Testamento,
1661 4531 1719 4581 et
1760 4528 1991 4598 capitel-
2013 4537 2074 4610 D
2096 4530 2455 4601 Agathensis.
2482 4531 2554 4585 Et
2580 4531 2711 4598 quia
2727 4533 2971 4584 convenit
2997 4530 3239 4585 ordinem
3265 4528 3458 4602 426
3483 4532 3757 4589 Ecclesia

353 4616 492 4668 lum.
517 4617 633 4670 Hoc
664 4617 840 4672 modo
869 4618 1170 4674 Dominica
1200 4620 1285 4672 vel
1309 4619 1559 4675 Sabbato
1587 4623 1644 4674 et
1675 4621 1990 4691 majoribus

353 4705 752 4762 festivitatibus
782 4709 907 4763 ﬁeri
933 4710 1124 4766 debet.
1159 4733 1186 4760 ››
1219 4711 1386 4775 Quod
1413 4711 1458 4766 si
1482 4711 1758 4768 Caesarius
1786 4713 1989 4768 Primae

355 4797 612 4882 ofﬁcium
639 4800 1172 4856 sanctimonialibus
1193 4820 1296 4874 pro
1326 4805 1528 4859 diebus
1548 4805 1844 4861 ferialibus
1869 4825 1987 4862 non

331 4892 642 4963 imposuit,
683 4895 867 4948 multo
906 4893 1098 4948 minus
1139 4895 1392 4950 insolens
1447 4914 1568 4952 esse
1614 4898 1786 4954 debet
1832 4901 1987 4971 quod

349 4985 508 5039 idem
540 4986 598 5040 in
633 4986 872 5041 ecclesia
899 5003 1000 5041 sua
1031 4988 1368 5053 cathedrali,
1386 4989 1648 5060 itemque
1679 4993 1988 5063 lnjuriosus

355 5077 412 5130 in
448 5095 550 5133 sua
595 5079 735 5133 illud
779 5079 1002 5134 eisdem
1033 5080 1233 5135 diebus
1263 5082 1824 5152 praetermittendum
1853 5103 1986 5141 cen-

351 5170 588 5224 suerint.
603 5172 869 5232 ,Totidem
887 5174 1140 5243 psalmos
1159 5175 1522 5243 etlectiones,
1547 5193 1678 5232 cum
1697 5180 1983 5250 capitello,

351 5262 740 5334 eamdemque
769 5265 1051 5336 hymnum
1078 5267 1151 5322 ad
1175 5267 1430 5323 Primam
1461 5268 1708 5325 instituit
1725 5273 1982 5328 Aurelia-

349 5371 475 5421 nus,
499 5355 601 5410 sed
628 5373 757 5411 eam
788 5357 988 5413 diebus
1016 5360 1258 5432 singulis
1279 5361 1599 5433 assignasse
1620 5363 1862 5418 videtur.

425 5450 510 5504 58.
554 5448 710 5503 ldem
738 5449 810 5504 ad
840 5451 1256 5523 subsequentes
1289 5455 1463 5509 horas
1504 5454 1681 5526 exigit
1721 5471 1814 5510 sex
1843 5458 1985 5527 psal-

348 5557 493 5606 mos,
529 5545 652 5595 tum
683 5546 811 5612 post
837 5545 1241 5616 antiphonam,
1265 5547 1569 5617 hymnum,
1597 5549 1906 5604 lectionem
1927 5555 1986 5604 et

347 5633 677 5703 capitellum
698 5652 710 5701 ;
735 5636 809 5690 ad
830 5636 1239 5694 Lucernarium
1258 5640 1543 5708 psalmum
1561 5641 1978 5710 directaneum,

349 5725 716 5796 antiphonas,
732 5729 894 5796 duas,
911 5730 1216 5799 hymnum,
1233 5731 1630 5800 etcapitellum
1645 5750 1658 5799 ;
1675 5735 1750 5789 ad
1762 5737 1983 5791 Duode-

342 5816 554 5874 cimam
581 5820 834 5891 psalmos
883 5820 1086 5878 decem
1121 5825 1178 5878 et
1206 5824 1355 5893 octo,
1386 5822 1788 5896 antiphonam,
1813 5829 1978 5900 hym-

2089 4624 2158 4678 ab
2196 4623 2437 4678 omnibus
2456 4621 2740 4690 aequaliter
2767 4623 3050 4685 custodiri,
3070 4622 3398 4678 studendum
3435 4627 3534 4686 est,
3563 4630 3635 4679 ut
3661 4628 3752 4681 si-

2089 4720 2178 4770 cut
2201 4716 2396 4784 ubique
2421 4717 2502 4784 ﬁt,
2531 4719 2582 4769 et
2601 4718 2725 4784 post
2750 4716 3098 4786 antiphonas,
3143 4715 3484 4774 Collecticnes
3507 4731 3616 4786 per
3647 4734 3755 4774 or-

2088 4809 2267 4863 dinem
2294 4809 2364 4863 ab
2391 4809 2650 4877 episcopis
2673 4809 2762 4862 vel
2781 4809 3129 4878 presbyteris
3151 4809 3439 4874 dicantur;
3463 4813 3517 4864 et
3541 4811 3762 4879 hymni

2086 4903 2347 4956 matutini
2366 4902 2452 4956 vel
2473 4903 2768 4970 vespertini
2789 4902 2978 4957 diebus
3002 4902 3248 4957 omnibus
3271 4902 3634 4958 dccantentur
3649 4923 3672 4970 ;
3699 4913 3760 4960 et

2087 4997 2144 5048 in
2170 4995 2497 5050 conclusione
2524 4997 2921 5051 matutinarum
2955 4995 3042 5050 vel
3065 4997 3494 5066 vespertinarum
3529 4999 3757 5054 missa-

2085 5087 2228 5149 rum,
2269 5091 2388 5158 post
2427 5088 2650 5156 hymnos
2695 5088 2954 5158 capitella
2986 5087 3053 5142 de
3089 5087 3318 5158 psalmis
3357 5088 3647 5156 dicantur;
3699 5098 3762 5146 et

2079 5180 2233 5251 plebs
2263 5180 2483 5235 collecta
2521 5183 2762 5236 oratione
2797 5181 2872 5235 ad
2907 5195 3183 5250 uesperam
3214 5181 3284 5234 ab
3321 5183 3560 5252 episcopo
3609 5198 3761 5239 own

2087 5273 2444 5328 benedictione
2472 5274 2808 5328 dimittatur.
3327 5335 3341 5346 ε

2157 5369 2242 5420 6'2.
2273 5367 2402 5420 Haec
2420 5369 2552 5420 sunt
2574 5383 2700 5436 quin
2723 5366 2794 5420 de
2818 5381 2987 5420 cursu
3007 5364 3296 5421 Gallicana
3324 5367 3478 5438 apud
3501 5371 3763 5426 veteres

2085 5463 2349 5514 auctores
2377 5459 2680 5513 observare
2728 5459 3038 5530 potuimus.
3081 5459 3300 5514 Saecula
3332 5475 3386 5514 ιι
3419 5461 3763 5520 uniformis

2085 5569 2260 5621 penes
2281 5552 2514 5607 clericos
2537 5555 2662 5606 erat
2683 5551 3023 5624 psalmodiis:
3046 5551 3366 5622 disciplina,
3389 5556 3453 5607 ut
3468 5570 3534 5608 ex
3555 5555 3765 5613 Ama-

2083 5644 2209 5699 larii
2235 5646 2638 5716 supplemento
2669 5644 2741 5699 ad
2770 5644 2980 5698 librum
2998 5643 3068 5698 de
3087 5643 3294 5699 divinis
3309 5645 3542 5713 Officiis,
3565 5649 3758 5706 aliis-

2082 5753 2192 5808 que
2221 5737 2587 5808 scriptoribus
2625 5737 3020 5808 intelligimus.
3054 5737 3116 5792 ld
3145 5738 3361 5793 factum
3385 5755 3420 5794 a
3449 5741 3754 5810 tempore

2081 5845 2193 5902 quo
2220 5830 2427 5888 Paulus
2451 5847 2603 5904 papa
2639 5830 2700 5890 in
2737 5830 2980 5892 Galliam
3012 5830 3328 5890 transmisit
3363 5831 3764 5906 Antiphoni:-
