4036 6188
191 309 286 369 100
1277 311 1364 369 DE
1399 313 1616 372 CURSU
1653 313 2027 371 GALLICANO
2063 313 2474 382 DlSQUlSlTlO.
3435 311 3539 369 410

183 420 328 475 rium
356 419 705 486 Romanum,
735 415 894 489 cujus
919 420 1248 490 exemplum
1268 420 1591 476 Harduinus
1607 420 1809 476 Fonta-
1828 432 1888 506 Α
1905 419 2273 500 languentem
2299 435 2596 478 sacrorum
2621 419 3014 477 ministrorum
3033 417 3306 494 pietatem
3321 418 3541 492 legibus

182 512 342 570 nellaa
360 512 609 566 reclusus
629 512 766 566 tunc
786 511 1149 582 descripsisse
1165 516 1544 570 memoratur.
1566 515 1816 570 Psalmo—
1915 513 2203 581 excitaret,
2229 519 2296 570 ut
2320 514 2522 570 saltem
2541 514 2759 587 aliquot
2770 514 2938 569 horas
2961 513 3164 569 divinis
3175 513 3439 569 laudibus
3457 512 3542 568 in-

182 606 280 660 dia
304 605 510 670 ritum,
539 603 639 675 qui
674 603 845 660 hodie
873 621 1105 676 quoque
1139 605 1198 660 in
1235 607 1518 678 plerisque
1565 608 1814 662 ecclesiis
1914 609 2221 676 sumerent,
2235 623 2480 679 quorum
2500 607 2684 662 omnis
2700 607 2964 678 cogitatio
2979 607 3039 661 in
3052 607 3234 662 Deum
3262 610 3320 662 et
3341 607 3412 663 de
3425 607 3542 662 Deo

179 698 500 762 Gallicanis,
529 697 708 768 viget,
728 697 1028 769 descripsit
1051 699 1358 770 Gregorius
1379 701 1471 754 VII
1487 700 1545 754 in
1573 701 1812 755 concilio
1914 714 2032 753 esse
2062 699 2307 756 deberet.
2339 700 2465 756 Sive
2491 715 2628 772 ergo
2666 715 2732 754 ea
2763 701 2856 755 lex
2895 704 2998 769 est,
3031 700 3146 755 sive
3167 700 3536 769 consuetudo,

180 793 465 857 Romano,
525 790 684 860 cujus
723 789 1020 845 decretum
1070 793 1317 848 refertur
1367 792 1438 847 de
1482 794 1808 850 Consecrat.

180 884 300 940 dist.
337 887 390 951 5,
422 900 547 955 cap.
581 885 643 939 In
667 883 773 938 die.

911 977 942 1049 §
978 979 1064 1031 v1.

177 1072 241 1125 De
264 1069 598 1142 obligatione
623 1071 931 1142 clericorum
955 1071 1034 1124 ad
1055 1085 1266 1126 cursum
1285 1073 1549 1142 priuatim
1573 1075 1806 1128 recitan-

423 1140 585 1206 dum;
625 1141 719 1194 ubi
746 1141 812 1195 de
835 1143 1214 1197 itinerantibus
1238 1140 1558 1212 et'z'nﬁrmis.

237 1258 324 1310 63.
359 1255 545 1309 Tanta
570 1254 907 1311 Christianis
925 1255 1194 1311 omnibus
1219 1257 1400 1312 Deum
1429 1256 1702 1327 precandi
1725 1273 1810 1310 ra-

171 1348 243 1400 tio
269 1351 328 1400 et
360 1347 675 1401 necessitas
711 1347 1014 1414 incumbit,
1053 1351 1114 1401 ut
1142 1348 1347 1418 jugem
1385 1351 1443 1402 et
1482 1366 1598 1404 non
1637 1333 1812 1404 inter-

173 1439 406 1494 missam
421 1439 495 1493 ab
508 1440 593 1493 eis
608 1440 931 1494 orationem
945 1440 1138 1512 exigat
1150 1442 1475 1512 Apostolus,
1497 1445 1806 1512 quantum-

171 1533 243 1586 vis
266 1532 511 1587 diversis
541 1533 869 1588 ﬂuctuantis
900 1551 966 1588 ac
996 1533 1222 1587 misera:
1252 1533 1380 1588 vitta
1423 1534 1808 1590 incommodis

171 1641 228 1678 ac
254 1625 408 1679 curis
438 1625 852 1680 distrahantur.
882 1627 1003 1680 Non
1049 1625 1242 1681 minor
1285 1627 1407 1680 sine
1447 1627 1640 1694 dubio,
1689 1627 1806 1682 imo

173 1718 417 1773 strictior
447 1718 694 1776 assidua:
723 1719 1074 1790 precationis
1105 1719 1380 1790 obligatio
1411 1720 1648 1775 clericos
1675 1737 1804 1792 spe-

1915 807 2031 862 qua
2057 791 2305 847 ministri
2331 793 2476 848 sacri
2499 793 2570 848 ad
2597 793 2909 848 recitandas
2935 793 3103 848 horas
3131 793 3428 848 canonicas
3451 796 3540 849 te-

1911 888 2138 954 nentur,
2179 889 2368 940 sancta
2403 888 2460 940 et
2501 885 2833 940 inviolabilis
2877 901 2997 941 esse
3049 885 3259 940 debet:
3295 901 3428 940 cum
3471 885 3544 940 sit

1911 977 2176 1047 quaedam
2197 976 2595 1049 interpretatio
2612 977 2760 1048 juris
2778 977 2974 1047 divini,
3002 983 3238 1050 ortaque
3253 978 3325 1032 sit
3339 994 3408 1033 ex
3421 978 3543 1049 ipsa

1911 1069 2248 1125 clericorum
2283 1070 2632 1138 conditione,
2679 1071 2780 1142 qui
2818 1070 2921 1126 toti
2963 1071 3154 1126 divino
3197 1071 3374 1126 cultui
3406 1073 3541 1129 sunt

1910 1161 2236 1233 mancipati.
2278 1163 2386 1219 Sed
2413 1163 2504 1218 his
2532 1163 2776 1230 omissis,
2807 1163 2918 1218 duo
2943 1163 3103 1218 nobis
3127 1164 3234 1218 hoc
3260 1165 3380 1218 loco
3421 1164 3537 1218 dis-

1909 1254 2188 1326 quirenda
2211 1259 2363 1311 sunt.
2399 1258 2602 1323 Unum,
2635 1273 2749 1328 quo
2775 1272 2844 1312 ex
2868 1262 3124 1328 tempore
3158 1258 3280 1312 hinc
3319 1257 3536 1312 divino-

1913 1363 2042 1402 rum
2069 1347 2389 1404 ofﬁciorum
2420 1349 2639 1420 privata
2680 1349 2930 1404 recitatio
2957 1349 3019 1404 in
3047 1349 3286 1404 Ecclesia
3317 1355 3541 1422 recepta

1910 1439 2001 1509 sit,
2041 1440 2356 1512 praesertim
2393 1441 2547 1512 apud
2588 1441 2790 1496 Gallos.
2834 1443 3110 1510 Alterum,
3158 1458 3273 1514 quo
3305 1442 3539 1499 demum

1907 1533 2110 1588 saeculo
2133 1533 2194 1588 in
2221 1534 2408 1605 legem
2432 1534 2670 1590 evaserit
2688 1535 2778 1590 hae
2803 1535 3172 1604 consuetudo,
3211 1540 3268 1591 et
3300 1551 3374 1591 an
3410 1535 3535 1592 fue-

1907 1625 1983 1680 rit
2009 1625 2102 1680 lex
2131 1625 2233 1680 illa
2260 1626 2558 1697 generalis.

1979 1721 2068 1772 65.
2096 1720 2277 1790 Atque
2301 1723 2367 1773 ut
2405 1735 2438 1773 a
2463 1718 2639 1790 priori
2676 1719 2968 1791 incipiam,
3017 1737 3133 1776 non
3165 1738 3281 1777 uno
3314 1721 3376 1776 in
3416 1721 3538 1777 loco

173 1814 295 1877 ctat,
320 1814 525 1882 utpote
549 1811 646 1882 qui
666 1811 829 1882 quasi
843 1811 1078 1882 quidam
1093 1811 1244 1866 inter
1261 1813 1440 1867 Deum
1458 1816 1515 1867 et
1539 1812 1806 1868 homines
1825 1796 1882 1868 B
1905 1810 2214 1865 Venantius
2235 1812 2573 1866 Fortunatus
2591 1817 2889 1882 memorat,
2904 1814 3184 1868 Germano
3197 1813 3540 1869 Parisiorum

177 1903 472 1974 sequestri,
499 1903 734 1974 speciali
761 1903 927 1958 titulo
954 1903 1231 1975 Majestati
1263 1904 1466 1959 divinas
1491 1905 1808 1960 consecrati

176 2014 233 2050 ac
274 1996 598 2067 mancipati
629 1999 780 2062 sunt,
825 2000 999 2066 atque
1045 2015 1079 2050 a
1125 1997 1368 2070 terrenis
1413 1998 1808 2053 sollicitudinis

175 2088 345 2160 magis
368 2087 566 2161 427
584 2088 749 2142 liberi
777 2092 832 2142 et
849 2089 1160 2144 immunes.
1179 2089 1542 2161 Quapropter
1563 2091 1807 2162 apostoli

176 2183 242 2236 sic
271 2180 526 2236 orationi
557 2198 680 2235 sese
716 2181 1024 2236 adstrictos
1049 2198 1174 2236 esse
1197 2182 1544 2250 sentiebant,
1593 2186 1672 2250 ut,
1716 2200 1804 2238 re-

175 2274 294 2329 licta
320 2274 586 2330 diaconis
608 2274 899 2328 inferioris
923 2275 1228 2330 ministerii
1252 2292 1408 2342 cura,
1431 2279 1583 2331 totos
1604 2293 1663 2330 se
1685 2294 1808 2348 pre-

175 2368 374 2422 cationi
387 2371 452 2422 et
470 2367 865 2438 przedicationi
879 2367 1039 2421 verbi
1055 2367 1159 2422 Dei
1177 2367 1438 2423 addictos
1465 2369 1806 2457 profiteren-

173 2465 272 2515 tur.
305 2460 422 2518 Sed
457 2460 735 2531 quoniam
763 2461 1021 2514 humana
1047 2461 1429 2528 imbecillitas,
1463 2466 1634 2532 atque
1662 2463 1808 2517 adeo

176 2553 467 2624 multiplex
491 2553 728 2624 hujusce
748 2553 876 2607 vitae
896 2553 1206 2608 necessitas
1226 2571 1344 2608 non
1373 2554 1588 2625 patitur
1616 2559 1678 2610 ut
1704 2555 1806 2609 ho-

174 2646 351 2702 mines
376 2645 660 2700 continua
679 2645 892 2700 mentis
917 2646 1241 2701 intentione
1263 2647 1323 2700 in
1347 2647 1449 2701 Dei
1469 2647 1732 2702 laudibus
1753 2652 1812 2702 et

176 2739 429 2794 oratione
449 2742 830 2809 occupentur;
849 2739 967 2793 imo
989 2739 1166 2794 etiam
1179 2741 1296 2794 Deo
1309 2740 1498 2811 magis
1511 2744 1808 2810 acceptum

177 2832 239 2886 sit
265 2837 326 2887 ut
349 2832 550 2887 clerici
573 2832 700 2886 aliis
721 2832 942 2886 ordinis
981 2832 1070 2886 sui
1119 2832 1341 2899 ofﬁciis,
1387 2851 1517 2904 qua:
1565 2833 1810 2904 proximi

175 2926 371 2980 caritas
404 2924 602 2995 exigit,
631 2924 952 2979 identidem
972 2924 1342 2991 incumbant;
1370 2925 1500 2980 ideo
1521 2925 1812 2981 «diversas

176 3018 367 3072 orandi
394 3019 592 3084 horas,
627 3038 654 3067 »
679 3022 744 3072 ut
769 3017 1151 3089 Hieronymus
1189 3019 1262 3073 ad
1311 3019 1680 3074 Eustochium
1725 3020 1808 3075 lo-

177 3111 381 3182 quitur,
417 3133 446 3160 «
469 3111 684 3166 habere
710 3110 944 3176 debent,
975 3114 1033 3164 ut
1075 3111 1121 3164 si
1167 3112 1316 3166 forte
1360 3111 1554 3183 aliquo
1597 3112 1812 3166 fuerint

177 3220 338 3275 opere
360 3203 616 3258 nimium
631 3203 870 3271 detenti,
895 3203 1080 3274 ipsum
1099 3220 1197 3258 eos
1209 3204 1282 3258 ad
1305 3205 1560 3259 officium
1583 3208 1812 3276 tempus

177 3297 505 3352 admoneat.
531 3318 558 3345 n
580 3299 766 3367 Atque
789 3297 900 3350 hoc
920 3296 1159 3350 demum
1171 3301 1338 3368 pacto
1353 3297 1508 3368 jugis
1535 3297 1812 3354 orationis

175 3394 524 3462 prteceptum
545 3389 785 3460 implere
811 3393 1070 3460 possunt,
1097 3407 1162 3443 ex
1183 3391 1526 3460 Augustino,
1545 3413 1572 3440 «
1591 3391 1636 3445 si
1655 3393 1810 3446 nullo

177 3482 261 3538 die
288 3483 752 3538 intermittantur
777 3499 954 3554 opera
995 3481 1219 3536 orandi.
1249 3506 1277 3532 »
1314 3485 1511 3550 Porro,
1557 3488 1618 3538 ut
1651 3484 1809 3538 idem

177 3579 395 3630 sanctus
423 3576 634 3630 Doctor
659 3575 740 3629 ait
759 3575 820 3629 in
845 3575 1088 3646 epistola
1115 3575 1188 3629 ad
1213 3575 1482 3642 Probam,
1506 3575 1686 3630 «ideo
1707 3593 1812 3647 per

178 3674 320 3723 certa
345 3669 651 3724 intervalla
673 3669 946 3723 horarum
978 3686 1043 3722 ac
1063 3672 1393 3740 temporum
1418 3668 1595 3723 etiam
1622 3669 1812 3722 verbis

179 3778 449 3833 rogamus
470 3762 673 3828 Deum,
705 3765 767 3815 ut
786 3761 924 3832 ipsis
942 3777 1138 3816 rerum
1168 3761 1348 3831 signis
1374 3777 1480 3815 nos
1509 3761 1695 3815 acrius
1723 3778 1812 3816 ex-

177 3855 430 3909 citemus.
458 3854 700 3925 Dignior
730 3853 892 3908 enim
925 3857 1200 3925 sequetur
1221 3853 1477 3920 effectus,
1501 3870 1674 3925 quem
1705 3854 1813 3908 fre-

180 3948 439 4017 quentior
463 3945 740 4017 praecedit
766 3947 1023 4002 affectus.
1050 3969 1078 3996 n
1217 4007 1232 4018 ⁸

241 4043 324 4095 6i.
360 4041 578 4096 Sancta
605 4040 726 4094 haec
755 4038 1036 4094 institutio
1060 4039 1200 4094 nulli
1227 4056 1343 4094 non
1370 4037 1644 4110 probatur
1667 4055 1680 4094 :
1709 4040 1809 4094 sed

179 4132 368 4188 durior
396 4132 598 4187 multis
627 4133 857 4187 videtur
886 4133 984 4186 illa
1011 4133 1288 4203 obligatio
1317 4148 1430 4204 qua
1459 4131 1563 4186 sub
1585 4132 1814 4187 lethalis

180 4226 384 4296 peccati
417 4243 590 4298 poena
615 4226 736 4280 haec
770 4225 1094 4280 divinorum
1132 4225 1455 4280 ofﬁciorum
1491 4225 1752 4280 recitatio
1777 4241 1811 4280 a

177 4319 339 4373 sacris
359 4319 644 4375 ministris
675 4318 937 4390 exigitur.
988 4319 1239 4373 Censent
1268 4319 1482 4390 quippe
1526 4317 1812 4388 ejusmodi

180 4410 439 4466 homines
466 4411 746 4466 novitiam
775 4412 924 4465 hanc
946 4427 1070 4464 esse
1120 4410 1560 4481 obligationem,
1613 4409 1812 4480 priscis

1830 3154 1885 3228 C

1905 1902 2186 1973 episcopo,
2241 1903 2341 1974 qui
2382 1903 2570 1959 medio
2613 1905 2819 1958 saeculo
2862 1921 2916 1959 v1
2962 1906 3121 1974 vixit,
3173 1907 3327 1961 hunc
3367 1907 3538 1963 fuisse

1905 2011 2145 2076 morem,
2174 1999 2238 2050 ut
2259 1996 2656 2068 quotidianum
2686 2014 2917 2052 cursum
2950 1998 3210 2068 religiose
3251 2000 3536 2071 persolve-

1907 2091 2012 2142 ret.
2041 2088 2182 2142 Nam
2207 2088 2267 2142 in
2295 2088 2417 2159 ejus
2445 2089 2584 2144 Vitae
2611 2089 2798 2161 capite
2825 2093 2889 2146 63
2917 2091 3265 2146 mentionem
3298 2091 3430 2147 facit
3465 2092 3538 2147 de

1911 2199 1939 2227 «
1969 2182 2196 2235 cantato
2224 2196 2397 2235 cursu
2422 2180 2626 2236 Tertiae
2649 2201 2678 2232 ››
2708 2198 2815 2252 per
2827 2183 3195 2253 Germanum,
3217 2184 3277 2239 id
3301 2188 3386 2239 est
3401 2183 3538 2240 reci-

1907 2274 2059 2341 tato;
2087 2276 2144 2327 et
2169 2271 2486 2344 signantius
2511 2275 2694 2346 capite
2722 2278 2789 2329 '76
2822 2294 2838 2330 :
2867 2297 2895 2330 ς(
2920 2276 3026 2340 Qui
3052 2277 3312 2348 equitans
3335 2276 3396 2332 in
3439 2277 3536 2332 iti-

1907 2381 2064 2434 nere,
2095 2365 2306 2437 in‘quit,
2337 2382 2563 2438 semper
2587 2368 2656 2422 de
2685 2369 2798 2423 Deo
2824 2368 3058 2440 aliquid,
3087 2373 3186 2425 aut
3210 2370 3379 2425 verbo
3403 2386 3539 2425 con-

1909 2456 2057 2526 tulit,
2085 2463 2183 2513 aut
2207 2459 2471 2527 cantavit,
2514 2476 2746 2516 cursum
2787 2461 2943 2516 nudo
2982 2463 3160 2532 capite
3186 2462 3398 2532 dicens,
3439 2462 3544 2518 etsi

1907 2549 2006 2603 nix
2031 2553 2130 2604 aut
2155 2550 2340 2606 imber
2363 2557 2615 2624 urgeret.
2648 2573 2676 2604 »
2706 2554 3013 2626 Gregorius
3041 2571 3176 2610 vero
3201 2555 3541 2612 Turonensis

1908 2640 1987 2695 ita
2011 2642 2203 2698 cursui
2229 2643 2520 2700 recitando
2546 2645 2718 2700 etiam
2741 2647 2996 2702 addictus
3024 2651 3163 2717 erat,
3189 2653 3252 2703 ut
3280 2669 3308 2697 «
3335 2661 3539 2719 exper-

1911 2733 2160 2803 gefactus
2189 2735 2335 2789 circa
2359 2736 2614 2792 medium
2633 2738 2830 2805 noctis,
2847 2739 2917 2794 ad
2937 2755 3166 2794 cursum
3188 2741 3544 2796 reddendum

1910 2830 2189 2897 surgeret,
2221 2848 2248 2876 »
2278 2828 2340 2882 in
2355 2828 2611 2883 Historiae
2635 2830 2734 2886 lib.
2761 2846 2882 2900 νηί,
2913 2847 3036 2902 cap.
3067 2835 3154 2886 15.
3175 2831 3368 2905 429
3396 2832 3542 2888 Etin

1909 2917 2008 2973 lib.
2033 2935 2087 2988 v,
2117 2936 2241 2991 cap.
2274 2924 2360 2990 17,
2392 2937 2524 2975 cum
2546 2921 2594 2976 is
2619 2923 2770 2994 apud
2793 2923 3031 2979 Parisios
3048 2907 3372 2980 versaretur
3389 2929 3540 2981 tem-

1909 3027 2046 3082 pore
2073 3011 2291 3066 concilii
2321 3029 2334 3067 :
2368 3035 2396 3063 «
2415 3014 2490 3068 Ea
2507 3030 2634 3070 vero
2654 3019 2841 3086 noete,
2863 3017 3069 3088 inquit,
3101 3017 3408 3072 decantatis
3435 3034 3541 3073 no-

1911 3104 2260 3159 cturnalibus
2286 3106 2538 3178 hymnis,
2571 3128 2599 3157 »
2627 3107 2685 3163 id
2711 3114 2796 3164 est
2820 3109 3088 3180 privatim
3116 3110 3384 3178 recitatis,
3417 3130 3445 3163 ‹‹
3461 3128 3545 3165 os-

1911 3195 2056 3250 tium
2091 3197 2401 3252 mansionis
2445 3202 2653 3254 nostrze
2700 3201 2965 3273 gravibus
2992 3203 3160 3258 audio
3217 3203 3545 3258 verberibus

1911 3289 2057 3361 cogi.
2093 3311 2122 3338 ››
2162 3291 2316 3346 Idem
2352 3291 2421 3347 de
2453 3309 2511 3348 se
2549 3293 2668 3364 ipse
2709 3299 2948 3349 testatur
2987 3295 3048 3350 in
3093 3295 3189 3352 lib.
3228 3313 3302 3362 rx,
3335 3313 3457 3367 cap.
3487 3298 3539 3350 6.

1909 3383 2102 3454 Neque
2130 3382 2182 3437 id
2211 3384 2484 3456 peculiari
2524 3386 2799 3457 religione
2833 3387 3102 3457 faciebat,
3141 3388 3236 3443 sed
3275 3405 3344 3442 ex
3384 3403 3541 3442 more

1910 3475 2152 3530 aliorum
2181 3477 2556 3533 sacerdotum.
2586 3479 2726 3532 Nam
2751 3479 2811 3532 in
2839 3480 2984 3534 libro
3014 3481 3083 3534 de
3109 3479 3292 3535 Gloria
3330 3479 3544 3534 confes-

1910 3584 2101 3622 sorum
2129 3585 2249 3638 cap.
2278 3571 2368 3638 31,
2395 3569 2515 3641 agit
2539 3570 2609 3624 de
2647 3571 2897 3642 quodam
2939 3571 3286 3644 presbytero,
3339 3571 3437 3643 qui
3481 3571 3540 3627 in

1907 3659 2111 3715 itinere
2152 3661 2641 3732 constitutus,cum
2681 3664 2833 3734 apud
2878 3679 3188 3736 pauperem
3233 3665 3542 3736 quemdam

1909 3753 2223 3824 hospitatus
2245 3759 2410 3822 esset,
2459 3774 2488 3807 α
2525 3756 2693 3827 juxta
2729 3774 2950 3813 morem
2981 3758 3336 3814 sacerdotum
3379 3762 3541 3814 nocte
3628 3796 3639 3805 -

1908 3845 1978 3902 ab
2005 3850 2183 3901 stratu
2209 3863 2310 3902 suo
2335 3849 2772 3919 consurrexisse,
2805 3854 2863 3905 et
2889 3851 3134 3907 orationi
3178 3850 3458 3907 adstitisse
3511 3873 3539 3900 »

1909 3937 2260 4009 perhibetur.
2303 3941 2458 3996 Unde
2505 3941 2564 3996 in
2605 3942 2702 3998 lib.
2742 3943 2812 3998 de
2852 3943 2990 3999 Vitis
3019 3946 3272 4013 Patrum,
3319 3961 3442 4016 cap.
3483 3947 3538 4013 7,

1910 4031 2209 4103 Gregorius
2229 4033 2599 4106 Lingonensis
2612 4037 2838 4106 praesul,
2871 4058 2899 4086 «
2937 4040 3100 4093 nocte
3115 4037 3185 4092 de
3210 4041 3390 4092 stratu
3414 4054 3540 4106 suo,

1910 4124 2068 4180 nullo
2101 4125 2394 4196 sentiente,
2423 4144 2792 4200 consurgens,
2826 4130 2899 4185 ad
2913 4112 3248 4200 orationem,
3271 4131 3385 4185 Deo
3413 4134 3540 4186 tan-

1910 4221 2034 4272 tum
2061 4223 2220 4289 teste,
2247 4221 2552 4292 pergebat;
2586 4223 2728 4277 ostio
2753 4222 3019 4278 divinitus
3033 4227 3300 4288 reserato,
3328 4226 3542 4277 attente

1910 4311 2611 4384 psallebatinbaptisterio.
2634 4336 2662 4364 »
2692 4315 2802 4369 Hoc
2822 4315 3201 4386 psallentium,
3226 4333 3255 4366 α
3271 4319 3542 4386 tanquam

1910 4403 2222 4459 multarum
2245 4421 2466 4475 vocum,
2483 4423 2584 4477 per
2601 4406 2775 4462 trium
2799 4407 3070 4461 horarum
3090 4411 3147 4462 et
3167 4407 3286 4462 fere
3300 4407 3542 4478 amplius

182 4504 532 4576 temporibus
565 4505 852 4575 ignotam,
899 4521 1003 4558 nec
1055 4505 1168 4558 ulla
1223 4503 1488 4558 Ecclesiae
1538 4495 2159 4592 universzeDspatium
2183 4496 2536 4553 audiebatur.
2567 4520 2593 4546 »
2639 4500 2854 4568 Postea,
2903 4519 2931 4550 α
2969 4499 3202 4570 impleto
3235 4515 3422 4569 cursu,
3460 4516 3545 4555 re-

181 4597 301 4667 lege
325 4597 685 4669 impositam,
715 4597 815 4652 sed
837 4615 871 4651 a
892 4596 1243 4651 scholasticis
1270 4599 1327 4650 et
1348 4613 1381 4650 a
1402 4612 1638 4650 casuum
1667 4594 1814 4650 arbi-

183 4690 280 4743 tris
310 4691 631 4745 inductam.
662 4691 730 4744 Et
749 4689 985 4762 quidem
1005 4689 1324 4760 optandum
1352 4691 1501 4743 esset
1521 4691 1582 4742 ut
1603 4687 1814 4744 Christi

185 4782 575 4838 ministrorum
601 4783 861 4838 voluntas
881 4782 962 4836 ita
979 4785 1182 4853 sponte
1211 4797 1313 4836 sua
1340 4783 1596 4836 curreret
1625 4780 1699 4836 ad
1724 4781 1810 4835 of-

187 4874 305 4930 ﬁcia
327 4876 579 4948 pietatis,
607 4879 669 4930 ut
695 4875 852 4931 nullo
883 4876 1079 4946 legum
1101 4873 1336 4929 stimulo
1360 4873 1666 4946 indigeret.
1699 4873 1812 4929 Sed

183 4968 333 5023 tanta
344 4972 431 5023 est
443 4969 776 5040 depravatio
789 4967 1461 5035 consuetudinum,tanta
1471 4966 1812 5038 opinionum

180 5061 412 5129 vanitas,
447 5065 509 5115 ut
535 5063 728 5132 legum
759 5061 1112 5116 adminicula
1138 5059 1460 5114 necessaria
1492 5059 1606 5114 sint
1629 5060 1703 5114 ad
1728 5076 1814 5114 re-

180 5155 460 5210 vocandos
485 5155 670 5210 bonos
700 5171 913 5221 mores,
945 5171 1016 5208 ne
1047 5153 1277 5225 penitus
1298 5153 1626 5226 intereant;
1661 5156 1718 5206 et
1739 5153 1814 5206 ad

183 5247 539 5302 retinendam
561 5248 861 5319 pietatem,
882 5245 1075 5320 428
1105 5264 1177 5301 ne
1208 5246 1309 5301 Dei
1336 5245 1543 5301 oblivio
1573 5244 1811 5300 tandem

183 5340 398 5396 animos
437 5343 696 5412 occupet.
735 5340 899 5406 Quod
931 5356 1070 5394 sane
1098 5355 1454 5411 magnopere
1485 5337 1811 5392 timendum

182 5437 317 5487 esset
347 5434 418 5489 de
451 5433 647 5488 multis
679 5450 904 5501 eorum,
933 5432 1034 5504 qui
1064 5432 1258 5487 divino
1273 5431 1445 5486 cultui
1476 5430 1808 5501 mancipati,

183 5523 254 5579 ita
269 5543 462 5582 rerum
481 5526 843 5582 saecularium
855 5526 1006 5580 curis
1023 5542 1088 5580 ac
1111 5525 1415 5580 desideriis
1429 5524 1808 5594 abripiuntur,

186 5621 240 5669 ut
263 5619 366 5674 nisi
397 5619 474 5675 ad
503 5620 688 5675 Deum
710 5619 1066 5691 precandum
1093 5618 1346 5690 quadam
1374 5619 1500 5688 lege
1529 5616 1810 5671 admone-

187 5715 389 5782 rentur,
411 5712 606 5768 minus
628 5712 697 5768 de
715 5714 834 5768 Deo
855 5711 1160 5784 cogitaturi
1178 5712 1369 5766 essent
1389 5725 1562 5780 quam
1586 5709 1692 5780 ipsi
1715 5726 1812 5765 ste-

188 5803 414 5864 culares.
444 5808 642 5880 Itaque
661 5807 735 5862 ad
763 5805 1022 5862 Ecclesia:
1047 5803 1388 5876 religionem
1411 5801 1733 5874 pertinebat
1751 5807 1812 5859 ut

1913 4591 2135 4644 vertens
2157 4590 2228 4644 ad
2257 4591 2547 4661 lectulum,
2580 4590 2657 4645 ita
2682 4608 2741 4646 se
2767 4596 2928 4647 caute
2968 4609 3141 4664 super
3181 4598 3421 4648 stratum
3453 4594 3546 4649 de-

1913 4684 2178 4755 ponebat,
2205 4689 2272 4740 ut
2303 4701 2532 4756 prorsus
2557 4702 2726 4742 nemo
2751 4687 3005 4744 sentiret;
3034 4709 3062 4737 »
3095 4687 3346 4761 Denique
3375 4689 3546 4761 (quod

1914 4778 2158 4833 maxime
2185 4779 2256 4834 ad
2286 4794 2408 4833 rem
2439 4779 2589 4852 facit)
2614 4780 2918 4852 Gregorius
2944 4782 3284 4838 Turonensis
3324 4782 3546 4838 Salonio

1913 4874 1970 4926 et
1989 4870 2292 4942 Sagittario
2318 4872 2614 4946 episcOpis,
2655 4875 2811 4946 quod
2836 4890 3066 4930 cursum
3105 4891 3328 4930 sacrum
3359 4875 3544 4948 negli-

1914 4968 2134 5033 gerent,
2163 4963 2302 5020 vitio
2319 4965 2487 5021 vertit
2511 4966 2569 5020 in
2589 4966 2688 5023 lib.
2719 4984 2771 5034 v,
2800 4984 2924 5039 cap.
2943 4971 3006 5024 21
3031 4983 3044 5022 :
3066 4989 3094 5016 ‹‹
3121 4968 3288 5022 Nulla
3317 4983 3548 5038 prorsus

1912 5055 1981 5110 de
2006 5056 2119 5111 Deo
2143 5063 2262 5112 erat
2287 5059 2524 5126 mentio,
2551 5059 2742 5116 nullus
2765 5061 2998 5116 omnino
3034 5076 3232 5115 cursus
3257 5060 3549 5116 memorias

1912 5148 2242 5206 habebatur.
2267 5173 2295 5200 ››

1984 5245 2070 5296 66.
2088 5243 2366 5300 Incertum
2379 5263 2492 5318 quo
2503 5250 2760 5318 tempore
2789 5245 3130 5301 celebratum
3154 5246 3229 5302 sit
3248 5247 3551 5304 concilium

1913 5335 2308 5405 Namnetense,
2339 5339 2500 5410 cujus
2523 5354 2801 5394 canonem
2833 5342 2897 5394 16
2929 5339 3157 5395 adducit
3183 5340 3416 5398 ineunte
3441 5359 3547 5396 saa-

1912 5433 2042 5484 cuto
2071 5447 2102 5486 x
2131 5431 2348 5502 Regina
2368 5431 2538 5486 abbas
2562 5431 2908 5487 Prumiensis
2932 5433 2989 5486 in
3016 5432 3118 5489 lib.
3151 5451 3189 5503 ι,
3224 5451 3348 5507 cap.
3392 5438 3498 5491 208
3531 5455 3544 5490 :

1909 5525 2210 5593 Presbyter,
2233 5540 2390 5580 mane
2413 5527 2734 5580 matutinali
2749 5527 2924 5596 ofﬁcio
2945 5527 3175 5598 expleto,
3193 5545 3417 5599 pensum
3439 5544 3552 5583 ser-

1910 5619 2100 5672 vitutis
2127 5632 2238 5672 sua?
2259 5617 2497 5672 canendo
2525 5617 2602 5688 (id
2643 5621 2730 5676 est
2770 5619 3074 5692 recitando)
3111 5623 3372 5681 Primam,
3414 5622 3546 5673 Ter-

1912 5711 2065 5773 tiam,
2090 5711 2331 5775 Sextum,
2361 5713 2676 5782 Nonamque
2709 5714 3002 5784 persolvat,
3042 5716 3171 5777 etc.,
3209 5727 3339 5782 quae
3385 5726 3553 5782 supe-

1910 5802 2028 5858 rius
2050 5802 2368 5860 retulimus.
2387 5805 2748 5862 Particularis
2772 5807 3004 5878 quidem
3017 5804 3142 5858 haec
3157 5801 3413 5873 Synodus
3441 5813 3550 5876 est,
