3982 6190
449 305 542 362 411

1231 307 1560 364 ΑΡΡΕΝΒΙΧ
1595 307 1682 362 AD
1719 307 1940 366 OPERA
1975 309 2210 368 SANCTI
2247 309 2547 366 GERMANI
2585 307 3012 364 PARISIENSIS.

3707 309 3816 366 412

445 437 560 476 non
589 419 918 477 universalis
945 435 958 476 :
993 421 1089 477 sed
1115 426 1304 477 tamen
1331 421 1452 492 ejus
1479 419 1781 476 auctoritas
1817 423 1964 478 valet
2001 423 2072 478 ad
2095 437 2153 509 Α
2173 423 2508 480 censebatur
2540 421 2871 494 gravissima
2903 421 2997 478 illa
3035 417 3327 493 obligatio,
3365 435 3486 476 non
3526 417 3620 492 pia
3665 419 3818 476 meri

445 515 792 588 probandam
833 514 1088 570 Ecclesia;
1131 519 1266 569 tunc
1303 514 1572 586 temporis
1609 515 2074 572 consuetudinem

447 625 510 663 ac
535 609 742 680 legem.
779 608 1130 678 Suﬁ'ragatur
1169 608 1610 679 Chrodegangus
1661 609 1944 664 Mettensis
1981 626 2076 664 an-

447 703 604 757 tistes
629 707 752 771 post
776 701 1026 756 medium
1053 702 1321 755 Sir-culum
1350 700 1550 774 430
1579 717 1695 756 vm.
1745 705 1794 757 ls
1823 703 1976 758 enim
2016 703 2076 758 in

449 795 660 865 regula
687 794 966 848 canonicis
992 795 1338 866 praescriptas
1377 812 1500 866 cap.
1545 799 1612 850 27
1659 795 1734 850 ita
1771 797 2028 868 praecipit
2060 813 2074 850 :

455 905 480 930 α
511 881 858 952 Quicumque
892 899 960 936 ex
987 883 1134 936 clero
1171 883 1230 936 in
1272 883 1472 938 itinere
1511 900 1640 938 cum
1686 886 1946 956 episcopo
1991 885 2079 939 vel

449 991 576 1030 cum
603 975 712 1029 alio
739 976 1192 1047 proﬁciscuntur,
1216 976 1474 1031 ordinem
1497 993 1686 1048 suum,
1713 979 1773 1032 in
1801 981 2080 1049 quantum

447 1069 554 1123 iter
577 1069 662 1123 vel
693 1069 835 1123 ratio
861 1069 1204 1139 permiserit,
1237 1085 1351 1124 non
1375 1070 1705 1142 negligant;
1736 1075 1793 1126 et
1831 1087 1946 1124 non
1987 1087 2080 1124 eos

449 1163 656 1217 debent
691 1163 982 1232 praeterire
1019 1163 1174 1217 hora:
1216 1164 1552 1232 constitutae,
1601 1167 1718 1217 tam
1763 1165 1832 1218 de
1884 1163 2080 1218 ofﬁciis

449 1255 651 1310 divinis
679 1272 848 1326 quam
865 1255 1110 1310 aliunde.
1134 1278 1160 1304 ››
1184 1257 1374 1326 Neque
1395 1257 1452 1311 id
1476 1257 1662 1310 solum
1689 1257 1768 1327 pii
1797 1257 2000 1312 moniti
2025 1259 2084 1312 et

450 1349 666 1403 consilii
683 1349 860 1402 instar
878 1353 1017 1415 erat,
1047 1349 1144 1403 sed
1163 1349 1240 1403 ita
1262 1354 1616 1421 przeceptum
1633 1351 1992 1418 censebatur,
2021 1352 2083 1403 ut

451 1442 550 1512 qui
597 1458 756 1496 secus
803 1442 1082 1509 fecissent,
1131 1443 1344 1512 peccati
1404 1459 1462 1497 se
1513 1459 1638 1498 reos
1687 1447 2078 1515 agnoscerent.

453 1535 606 1589 Unde
647 1535 932 1600 Alcuinus,
961 1535 1021 1588 in
1057 1535 1302 1588 formula
1340 1536 1717 1602 confcssionis,
1762 1537 1868 1590 col.
1923 1539 2018 1590 166
2065 1551 2078 1589 :

458 1649 484 1676 ‹‹
511 1628 736 1682 Peccavi
763 1629 910 1698 quod
931 1628 1224 1698 negligens
1239 1629 1323 1682 fui
1344 1629 1412 1682 de
1430 1645 1556 1682 meo
1571 1645 1759 1698 cursu,
1784 1631 1960 1700 quem’
1982 1645 2085 1699 per

453 1722 619 1775 horas
647 1722 938 1775 canonicas
958 1722 1245 1775 exsolvere
1274 1723 1477 1792 debui;
1509 1726 1566 1776 et
1591 1722 1660 1776 de
1692 1739 1820 1778 mea
1843 1722 2084 1792 psalmo-

454 1814 562 1880 dia,
593 1819 649 1868 et
671 1815 740 1868 de
771 1813 910 1867 meis
936 1814 1307 1883 orationibus,
1341 1819 1446 1870 etc.
1482 1835 1510 1866 »

526 1911 612 1960 67.
645 1907 860 1961 8ωοιιΙο
885 1923 938 1961 IX
963 1908 1196 1962 ineunte
1225 1907 1500 1962 scribebat
1539 1911 1735 1962 auctor
1767 1907 1883 1974 ille,
1925 1907 2085 1977 cujus

453 2001 664 2054 librum
690 2000 756 2054 de
779 2001 1168 2056 Benedictione
1201 2001 1294 2055 Dei
1318 2001 1620 2056 Stevartius
1641 2001 1834 2069 edidit,
1861 2017 2083 2054 nuncu-

453 2097 650 2164 patum
681 2093 978 2147 Bathurico
1008 2094 1266 2164 episcopo
1295 2093 1702 2164 Batisponensi.
1733 2095 1828 2148 Hic
1864 2111 1996 2149 vero
2026 2094 2086 2148 in

455 2186 786 2258 prazfatione
811 2203 912 2239 sua
937 2187 1113 2257 carpit
1139 2187 1440 2240 nonnullos
1461 2188 1773 2241 sacerdotes
1799 2192 1854 2241 et
1880 2187 2090 2258 episco-

457 2296 576 2351 pos,
607 2279 726 2350 qui,
760 2283 822 2333 ut
847 2280 1079 2335 liberius
1108 2279 1274 2351 genio
1303 2279 1601 2350 indulgere
1633 2279 1867 2350 possint,
1898 2280 2086 2350 prius-

456 2389 626 2443 quam
652 2371 962 2427 dormitum
985 2377 1132 2442 eant,
1168 2394 1194 2422 ‹‹
1223 2378 1524 2427 nocturnas
1543 2373 1770 2443 Vigilias
1814 2373 2088 2428 desidiose

455 2465 850 2536 persolventes,
885 2469 1062 2520 stratu
1091 2483 1226 2519 mox
1268 2466 1566 2520 decubant.
1615 2467 1917 2536 Surgentes
1958 2481 2090 2519 vero

457 2558 593 2611 dum
612 2573 670 2612 se
695 2557 942 2611 vestibus
985 2557 1247 2626 induunt,
1290 2558 1490 2612 diurna
1533 2562 1817 2628 peragunt
1861 2557 2085 2612 ofﬁcia:

455 2653 716 2720 putantes
746 2649 852 2703 sibi
883 2649 1138 2706 sufﬁcere
1167 2667 1338 2720 pssse,
1359 2651 1406 2704 si
1432 2651 1630 2704 saltem
1657 2667 1888 2721 quoquo
1921 2649 2090 2704 modo

455 2743 548 2796 illa
573 2743 890 2811 decantent,
924 2763 951 2791 »
981 2743 1036 2796 id
1063 2748 1145 2797 est
1163 2743 1417 2797 recitent.
1471 2765 1498 2791 ί(
1543 2743 1730 2814 Ignari
1768 2743 1900 2814 quia
1936 2743 2091 2796 horae

457 2840 588 2890 sunt
611 2835 672 2888 in
703 2840 891 2890 sancta
917 2836 1158 2890 Ecclesia
1199 2836 1535 2906 constitutae,
1577 2836 1784 2906 quibus
1819 2852 1922 2906 per
1942 2835 2094 2890 diem

458 2933 514 2982 et
537 2933 758 2982 noctem
801 2929 1004 2982 divina:
1037 2929 1320 2983 servitutis
1355 2929 1536 2982 ofﬁcia
1577 2929 2090 2998 persolvantur.....

457 3021 602 3083 Quas
629 3021 674 3072 si
693 3020 1058 3090 negligimus,
1087 3027 1406 3075 sanctorum
1421 3023 1652 3074 Patrum
1669 3020 1939 3075 institutis
1957 3037 2091 3074 con-

457 3111 721 3180 traimus;
765 3113 971 3182 quibus
1015 3114 1292 3167 contraire
1335 3113 1716 3183 periculosum
1755 3115 1857 3166 est.
1902 3114 2094 3183 Neque

461 3205 612 3258 enim
639 3209 874 3274 possunt
899 3205 1356 3259 communionem
1402 3210 1652 3260 sanctam
1694 3205 1954 3259 Ecclesiae
1997 3206 2095 3259 ha-

460 3298 610 3365 bere,
631 3297 728 3368 qui
742 3297 1146 3367 ejusinstituta,
1163 3299 1266 3352 etsi
1303 3315 1418 3352 non
1441 3298 1644 3366 verbis,
1670 3298 1935 3369 operibus
1962 3315 2094 3352 vero

459 3391 800 3462 impugnare
825 3391 1120 3446 nituntur:
1151 3391 1288 3445 dum
1315 3391 1466 3462 quod
1493 3391 1914 3462 permaximum
1930 3395 2014 3445 est
2033 3391 2094 3446 in

461 3489 648 3537 sancta
681 3483 939 3552 Ecclesia,
983 3485 1028 3538 si
1057 3501 1186 3538 cum
1231 3485 1500 3538 charitate
1545 3489 1600 3538 et
1632 3483 1854 3554 pietatis
1905 3484 2093 3538 studio

460 3581 784 3647 peragatur,
817 3577 875 3630 id
905 3581 987 3631 est
1009 3577 1190 3632 laudis
1217 3577 1420 3632 divinae
1443 3577 1759 3648 psalmodia
1785 3577 2092 3646 modulata,

463 3675 518 3724 et
541 3670 842 3724 missarum
861 3671 1150 3738 solemnia,
1174 3687 1276 3724 nec
1295 3671 1651 3742 temporibus
1677 3671 1964 3741 congruis,
1993 3687 2096 3724 nec

465 3761 736 3830 religiosis
779 3762 1062 3816 celebrant
1102 3762 1414 3817 affectibus.
1477 3785 1503 3812 η
1548 3765 1730 3826 Quam
1769 3764 1936 3834 longe
1979 3767 2098 3816 erat

465 3857 658 3906 auctor
682 3853 778 3908 ille
805 3871 838 3908 a
867 3855 1144 3908 sententia
1169 3872 1365 3909 eorum
1395 3855 1492 3926 qui
1535 3855 1857 3909 divinorum
1890 3855 2099 3910 ofﬁcio-

465 3962 594 3999 rum
621 3946 1009 4000 recitationem
1037 3947 1120 4000 vel
1145 3947 1205 4000 in
1231 3946 1412 4019 431
1451 3963 1624 4001 unam
1653 3947 1963 4018 conjiciunt
2001 3948 2099 4001 ho-

465 4055 607 4107 ram,
639 4039 724 4093 vel
759 4039 910 4092 inter
945 4047 1177 4110 ἀδιάφορα
1215 4044 1519 4110 reponunt.
1559 4042 1630 4092 At
1669 4056 1840 4110 quam
1875 4040 2098 4111 religio-

465 4132 576 4184 sior
605 4135 724 4185 erat
749 4132 1062 4202 Liudgerus
1088 4132 1400 4202 episcopus,
1439 4133 1539 4202 qui
1567 4133 1722 4186 nulla
1757 4133 1906 4203 regis
1947 4149 2098 4187 reve-

465 4225 646 4278 rentia
689 4225 872 4295 potuit
923 4225 1196 4295 tantisper
1242 4225 1443 4278 abduci
1484 4241 1517 4278 a
1579 4241 1747 4279 cursu
1810 4225 2096 4280 recitando

381 4329 384 4332 '
466 4318 636 4388 (quod
662 4317 832 4372 etiam
854 4318 922 4372 de
943 4323 1134 4372 sancto
1161 4318 1310 4372 Saba
1337 4316 1588 4390 legitur),
1616 4322 1787 4372 noctu
1813 4333 1944 4372 cum
1983 4317 2094 4372 cle-

465 4409 592 4464 ricis
620 4411 736 4465 suis
761 4410 950 4465 divine
973 4409 1154 4464 ofﬁcia
1183 4410 1496 4481 persolvere
1523 4409 1739 4463 solitus.

2173 517 2390 574 consilii
2421 517 2757 574 admonitio.
2787 515 2934 571 Audi
2967 515 3236 571 Iacobum
3279 531 3314 570 a
3351 513 3593 569 Vitriaco
3622 513 3682 569 in
3713 514 3814 570 Hi-

2175 612 2362 667 storiae
2389 610 2751 666 occidentalis
2777 626 2903 681 cap.
2933 610 3001 664 34
3025 625 3037 663 :
3071 628 3100 662 ι(
3125 609 3277 664 Licet
3313 613 3506 663 autem
3555 607 3818 663 sacerdos

2175 706 2420 777 privatas
2465 704 2746 759 orationes
2790 707 2846 758 et
2887 707 3126 758 secretas
3177 701 3608 774 deprecationes
3649 700 3820 755 variis

2178 799 2324 853 circa
2353 814 2514 852 curas
2531 797 2858 851 animarum
2877 795 3341 867 occupationibus
3367 795 3620 848 intentus
3639 795 3824 866 possit

2178 891 2481 963 aliquando
2518 890 2826 956 dimittere,
2854 889 3023 944 horas
3043 893 3232 942 tamen
3258 887 3552 942 canonicas
3577 903 3692 940 non
3723 887 3822 942 de-

2177 985 2273 1040 bet
2332 983 2612 1038 omittere.
2653 982 2791 1036 Alias
2831 981 2982 1037 enim
3025 980 3303 1035 orationes
3333 983 3465 1034 sunt
3491 979 3819 1048 voluntatis,

2179 1079 2268 1132 hac
2293 1081 2482 1132 autem
2511 1075 2878 1130 necessitatis.
2905 1095 2933 1123 ››
2965 1073 3058 1128 His
3101 1073 3242 1128 adde
3277 1072 3592 1127 sanctiones
3633 1071 3820 1126 conci-

2179 1171 2239 1225 lii
2283 1169 2612 1224 Basileensis
2651 1173 2706 1223 et
2761 1167 3150 1222 Lateranensis
3198 1165 3300 1220 sub
3345 1167 3528 1221 Leone
3576 1167 3642 1234 X,
3689 1180 3824 1235 que

2181 1262 2538 1319 beneﬁciatos
2566 1261 2899 1330 (Basileense
2926 1259 3082 1314 addit
3106 1259 3277 1313 sacris
3301 1258 3596 1313 ordinibus
3621 1257 3818 1312 initia-

2181 1358 2284 1427 tos)
2313 1356 2384 1410 ad
2415 1355 2803 1409 recitationem
2825 1351 3090 1408 Breviarii
3119 1351 3464 1418 astringunt.

2253 1452 2340 1504 70.
2369 1451 2645 1503 Praetereo
2692 1447 2824 1500 alias
2873 1445 3110 1500 aliarum
3137 1444 3510 1499 Ecclesiarum
3551 1443 3828 1498 constitu-

2181 1542 2380 1610 tiones,
2411 1540 2590 1612 qualis
2616 1543 2700 1595 est
2735 1538 2956 1594 concilii
2991 1537 3242 1592 Toletani
3277 1555 3330 1593 1v
3367 1538 3426 1593 in
3473 1554 3686 1592 canone
3729 1539 3822 1604 10,

2183 1635 2279 1689 ubi
2303 1633 2684 1689 sacerdotibus
2705 1636 2760 1688 et
2789 1631 3055 1702 subjectis
3081 1631 3294 1686 clericis
3321 1633 3424 1686 sub
3465 1632 3624 1703 gravi
3649 1631 3830 1686 inter-

2181 1728 2491 1782 minatione
2506 1725 2696 1798 432
2716 1725 2975 1797 praecipit
2993 1725 3342 1779 Dominicam
3355 1725 3670 1781 orationem
3687 1745 3832 1799 quo-

2103 1811 2160 1882 B
2183 1821 2318 1876 tidie
2343 1825 2441 1875 aut
2465 1824 2524 1874 in
2543 1821 2780 1890 publico,
2811 1823 2910 1872 aut
2935 1821 2994 1873 in
3015 1821 3234 1889 privato
3262 1821 3440 1887 officio
3459 1823 3704 1876 recitari.
3737 1823 3824 1877 Ex

2184 1930 2296 1985 quo
2323 1913 2662 1984 intelligitur
2701 1911 2981 1983 privatam
3023 1911 3198 1966 divini
3237 1910 3405 1966 ofﬁcii
3433 1913 3832 1970 recitationem

2185 2006 2400 2062 clericis
2438 2007 2588 2077 apud
2615 2006 2885 2076 Hispanos
2911 2005 3080 2058 etiam
3111 2009 3246 2058 tunc
3265 2011 3606 2076 praeceptam
3625 2007 3828 2076 fuisse,

2187 2100 2244 2154 id
2270 2105 2353 2155 est
2377 2103 2508 2154 ante
2533 2099 2805 2153 saeculum
2826 2113 2921 2152 vn.
2951 2097 3161 2151 Eodem
3191 2099 3392 2152 saeculo
3420 2099 3570 2169 apud
3597 2099 3830 2154 Graecos

2185 2194 2444 2261 Joannes,
2500 2195 2878 2262 cognomento
2925 2191 3431 2261 Eleemosynarius,
3485 2213 3514 2241 «
3565 2192 3836 2248 divinum

2187 2284 2418 2354 quidem
2447 2283 2834 2338 ecclesiasticae
2861 2282 3072 2354 regulae
3097 2282 3346 2336 ofﬁcium
3367 2299 3500 2337 cum
3511 2285 3836 2340 attentione

2191 2377 2414 2444 mentis,
2467 2376 2766 2446 cordisque
2807 2375 3142 2430 contritione
3179 2375 3474 2447 praeﬁnitis
3517 2379 3838 2450 peragebat

2189 2469 2556 2540 temporibus.
2592 2489 2620 2517 ››
2649 2468 2754 2524 Ubi
2787 2471 2981 2523 auctor
3015 2469 3237 2523 Graacus
3263 2476 3387 2524 Θείαν
3417 2477 3713 2542 λειτουργίαν
3741 2477 3835 2526 τοῦ

2189 2567 2583 2627 ἐκκλησιαστικοῦ
2633 2568 2832 2625 κανόνος
2885 2561 3148 2632 appellat.
3207 2562 3284 2616 De
3349 2561 3532 2615 ofﬁcio
3599 2563 3836 2633 publico

2193 2655 2588 2727 intelligendus
2637 2653 2858 2709 concilii
2889 2653 3341 2724 Carthaginensis
3381 2671 3438 2708 1v
3488 2671 3668 2709 canon
3715 2657 3786 2711 49
3815 2676 3832 2710 :

2194 2750 2428 2806 Clericus
2445 2749 2540 2818 qui
2561 2750 2759 2818 absque
2784 2749 3086 2818 corpusculi
3103 2749 3191 2802 sui
3213 2749 3584 2816 inaequalitate
3605 2749 3840 2817 Vigiliis

2192 2843 2354 2904 deest,
2394 2843 2679 2912 stipendiis
2712 2843 2981 2911 privetur.
3027 2841 3236 2895 Eodem
3270 2843 3481 2911 spectat
3531 2857 3714 2896 canon
3763 2843 3838 2897 14

2193 2935 2412 2989 concilii
2437 2934 2762 2988 Venetensis
2797 2951 2809 2988 :
2845 2935 3096 2997 Clericus,
3125 2949 3280 3003 quem
3306 2936 3454 2987 intra
3478 2949 3656 2989 muros
3701 2937 3838 2988 civ-i-

2195 3031 2320 3083 tatis
2345 3045 2454 3083 sum
2463 3043 2678 3082 manere
2705 3029 3021 3088 constiterit,
3045 3030 3098 3081 et
3119 3043 3152 3080 a
3171 3029 3456 3082 matutinis
3477 3027 3694 3096 hymnis
3715 3030 3838 3082 sine

2189 3122 2463 3192 probabili
2490 3123 2828 3176 excusatione
2855 3120 3196 3189 egritudinis
3237 3122 3486 3175 inventus
3525 3121 3704 3186 fuerit
3747 3121 3842 3175 de—

2191 3217 2377 3282 fuisse,
2405 3218 2602 3284 septem
2646 3214 2832 3268 diebus
2885 3229 2918 3267 a
2948 3215 3310 3270 communione
3339 3213 3601 3266 habeatur
3635 3219 3834 3268 attra-

2197 3323 2344 3370 neus,
2372 3309 2476 3360 etc.

2265 3404 2352 3454 7t.
2383 3401 2504 3454 Non
2530 3400 2712 3453 solum
2739 3398 3087 3466 itinerantes,
3127 3398 3224 3452 sed
3277 3397 3444 3452 etiam
3485 3398 3836 3470 gravissimis

2195 3493 2404 3546 morbis
2423 3492 2654 3558 detenti,
2679 3491 2928 3545 ofﬁcium
2964 3491 3218 3545 divinum
3237 3495 3335 3544 aut
3357 3491 3462 3561 ipsi
3494 3491 3832 3558 recitabant,

2195 3591 2293 3640 aut
2321 3602 2514 3640 coram
2539 3601 2598 3639 se
2623 3584 2847 3638 recitari
2873 3583 3166 3638 curabant.
3201 3585 3278 3637 De
3298 3584 3569 3655 Eugendo
3595 3600 3698 3638 seu
3723 3587 3838 3638 Au-

2198 3683 2366 3749 gento
2395 3679 2592 3732 abbate
2620 3677 2859 3745 Jurensi,
2889 3677 2986 3747 qui
3013 3677 3115 3730 sub
3140 3693 3356 3730 annum
3379 3679 3482 3731 5m
3506 3677 3577 3731 ad
3597 3693 3834 3747 superos

2197 3771 2354 3838 abiit,
2385 3771 2442 3825 id
2467 3769 2736 3825 traditum
2767 3775 2850 3824 est
2873 3771 2942 3824 ab
2964 3785 3248 3840 anonymo
3269 3769 3493 3840 aequali,
3515 3769 3668 3840 quod
3699 3785 3834 3824 cum

2199 3864 2346 3918 ultra
2373 3863 2802 3934 sexagenariam
2823 3866 3047 3916 aetatem
3078 3881 3106 3912 α
3129 3878 3224 3916 sex
3251 3862 3368 3916 fere
3384 3861 3677 3915 mensibus
3699 3863 3842 3916 inae-

2197 3957 2462 4028 qualitate
2483 3972 2750 4026 corporea
2773 3955 3068 4023 laboraret,
3099 3971 3396 4026 nunquam
3431 3959 3624 4008 tamen
3659 3971 3840 4009 cano-

2197 4049 2322 4103 nico
2347 4065 2526 4120 usque
2551 4049 2622 4102 ad
2646 4049 2847 4102 horam
2875 4047 3140 4102 defuisset
3155 4047 3363 4101 cursui.
3395 4069 3422 4095 ››
3447 4047 3602 4102 Idem
3629 4048 3838 4102 scribi-

2199 4147 2291 4196 tur
2341 4142 2410 4196 de
2463 4141 2757 4195 Benedicto
2792 4140 3096 4195 Anianensi
3129 4140 3351 4209 abbate,
3401 4140 3470 4193 de
3515 4139 3845 4195 Adalhardo

2197 4234 2537 4302 Corbeiensi,
2578 4239 2634 4288 et
2658 4233 2799 4288 aliis.
2825 4237 2896 4288 At
2925 4232 3274 4300 Benedictus,
3303 4237 3681 4303 cognomento
3709 4234 3842 4287 Bis-

2197 4344 2387 4398 copus,
2421 4327 2568 4381 Beda
2589 4326 2847 4396 testante)
2875 4341 3005 4380 cum
3034 4345 3062 4376 «
3091 4339 3206 4378 non
3223 4325 3382 4379 facile
3397 4325 3468 4378 ad
3487 4326 3848 4396 explendum

2199 4421 2423 4476 solitum
2447 4420 2772 4491 psalmodize
2788 4435 3020 4473 cursum
3043 4417 3297 4489 linguam
3317 4433 3580 4472 vocemve
3609 4423 3848 4489 poterat

537 4507 622 4558 68-
657 4506 772 4558 Huc
799 4508 1012 4574 Spectat
1039 4503 1234 4558 Leonis
1258 4519 1418 4574 papa?
1441 4505 1505 4556 ἰν
1534 4503 1768 4556 homilia
1804 4505 2005 4573 quarta
2029 4502 2100 4556 ad
2119 4528 2177 4599 D
2199 4514 2404 4583 levare,
2429 4529 2531 4584 per
2561 4512 2808 4583 singulas
2839 4511 3058 4565 diurnae
3081 4509 3196 4564 sive
3237 4514 3530 4564 nocturnas
3571 4511 3856 4564 orationis

469 4595 820 4665 presbyteros
847 4601 902 4650 et
929 4597 1242 4651 sacerdotes
1267 4615 1279 4650 :
1309 4617 1336 4644 ‹‹
1365 4595 1535 4650 Omni
1560 4599 1722 4650 nocte
1765 4596 1836 4650 ad
1877 4599 2103 4649 noctur-

467 4703 568 4740 nas
594 4687 758 4740 horas
783 4687 997 4757 surgite
1025 4705 1040 4756 ;
1074 4705 1302 4743 cursum
1330 4693 1578 4743 vestrum
1619 4688 1774 4742 horis
1811 4687 1975 4742 certis
2012 4689 2105 4742 de-

469 4783 718 4847 cantata;
764 4780 1064 4834 missarum
1091 4781 1492 4836 celebrationes
1529 4782 1726 4836 devote
1767 4781 2038 4852 peragite,
2073 4801 2100 4829 ››

467 4873 626 4937 Quod
661 4871 898 4927 totidem
941 4873 1124 4927 verbis
1157 4874 1362 4944 repetit
1411 4874 1709 4928 Ratherius
1759 4874 1818 4928 in
1869 4873 2106 4928 homilia

469 4965 732 5037 synodica
756 4966 827 5020 ad
851 4983 984 5020 suos
1011 4967 1388 5037 presbyteros.

541 5061 628 5112 59.
657 5059 869 5113 Szeculo
899 5077 934 5114 x
973 5058 1218 5113 occurrit
1251 5059 1312 5112 in
1362 5058 1582 5114 statutis
1623 5059 1866 5130 Eadgari
1903 5059 2106 5130 Anglo-

471 5167 600 5204 rum
629 5151 775 5222 regis
802 5152 1042 5206 formula
1062 5152 1444 5221 confessionis,
1490 5153 1638 5223 apud
1675 5152 2103 5222 Spelmannum,

467 5259 602 5314 pag.
631 5243 735 5298 459
767 5261 780 5297 :
817 5265 844 5294 «
869 5245 1150 5299 Conﬁteor
1169 5262 1260 5301 me
1285 5247 1454 5300 horas
1479 5261 1632 5301 meas
1667 5245 1958 5299 canonicas
2001 5260 2104 5297 ne-

472 5335 729 5405 glexisse.
771 5357 797 5385 »
845 5339 908 5391 Et
935 5353 1006 5392 ne
1031 5338 1155 5408 quis
1183 5339 1300 5394 leve
1331 5343 1626 5411 peccatum
1670 5355 1786 5392 esse
1821 5340 2000 5408 putet,
2048 5336 2106 5390 id

469 5429 716 5482 maxime
746 5429 1172 5498 advertendum,
1206 5432 1356 5504 quod
1389 5433 1538 5486 inter
1563 5429 1982 5485 accusationum
2009 5444 2104 5481 ca-

469 5521 605 5592 pita,
629 5539 758 5593 quae
785 5523 982 5577 Joanni
1007 5525 1094 5578 XII
1123 5525 1344 5596 objecta
1373 5529 1523 5592 sunt,
1551 5529 1720 5594 atque
1749 5523 2012 5578 Ottonem
2037 5521 2106 5575 ad

469 5631 600 5670 eum
629 5617 1110 5672 exauctorandum
1153 5619 1531 5684 adduxerunt,
1573 5633 1754 5671 unum
1808 5620 1908 5684 est,
1955 5613 2106 5686 quod

475 5727 498 5756 ιι
549 5710 838 5764 Matutinas
885 5717 942 5765 et
981 5711 1272 5764 canonicas
1317 5710 1484 5764 horas
1525 5725 1644 5763 non
1688 5709 2042 5775 celebrasset,
2071 5727 2098 5754 n

471 5801 620 5868 apud
647 5801 1078 5872 Liutprandum,
1111 5802 1170 5856 in
1197 5802 1293 5856 lib.
1327 5817 1378 5855 vi
1412 5817 1532 5876 cap.
1560 5805 1614 5854 '7.
1642 5803 1764 5856 Jam
1800 5817 1936 5872 ergo
1972 5805 2106 5855 tunc

2203 4607 2371 4661 horas
2397 4606 2612 4676 aliquos
2635 4605 2706 4658 ad
2727 4621 2786 4658 se
2805 4604 3051 4657 fratrum
3077 4601 3340 4656 vocabat:
3371 4603 3576 4673 quibus
3589 4603 3858 4658 Psalmos

2204 4703 2494 4754 consuetos
2514 4699 2733 4752 duobus
2759 4697 2818 4751 in
2844 4697 3028 4750 choris
3047 4695 3459 4763 resonantibus,
3483 4699 3538 4749 et
3557 4695 3680 4766 ipse
3705 4713 3854 4750 cum

2205 4793 2302 4860 eis,
2349 4796 2627 4863 quatenus
2665 4793 2906 4861 poterat,
2956 4789 3246 4860 psallebat.
3290 4809 3318 4836 »
3373 4787 3535 4852 Quod
3581 4787 3718 4844 item
3783 4791 3864 4844 de

2205 4886 2441 4940 Gervino
2469 4882 2790 4939 Centulensi
2831 4881 3030 4936 abbate
3073 4881 3366 4935 memoriae
3401 4881 3692 4951 proditum
3737 4889 3864 4937 est.

2280 4977 2474 5050 433
2521 4981 2610 5031 72.
2639 4981 2708 5030 At
2737 4975 2798 5029 hi
2819 4973 3082 5029 monachi
3103 4979 3282 5028 erant.
3313 4973 3506 5028 Certe:
3541 4975 3639 5028 sed
3670 4975 3866 5030 etiam

2207 5071 2390 5127 clerici
2433 5070 2601 5142 paulo
2641 5069 2833 5123 minus
2872 5084 3044 5138 quam
3077 5066 3342 5120 monachi
3385 5067 3496 5120 Deo
3534 5070 3872 5123 consecrati

2206 5169 2372 5234 sunt;
2401 5162 2610 5234 duplici
2631 5163 2796 5217 titulo
2819 5161 3070 5232 plerique
3099 5159 3299 5214 divinis
3317 5159 3515 5213 ofﬁciis
3541 5161 3878 5216 recitandis

2207 5257 2454 5322 obnoxii,
2511 5272 2718 5327 nempe
2767 5253 2931 5308 titulo
2967 5252 3418 5322 consecrationis,
3471 5259 3527 5308 et
3585 5253 3882 5310 beneﬁcii

2207 5350 2586 5418 ecclesiastici,
2615 5349 2768 5419 quod
2793 5347 3084 5400 monachis
3129 5361 3244 5399 non
3284 5345 3578 5416 competit.
3623 5347 3686 5400 Et
3727 5349 3886 5418 qui-

2207 5445 2334 5499 dem
2373 5443 2578 5510 Gallus,
2619 5443 3004 5494 Arvernorum
3052 5439 3344 5509 episcopus
3383 5442 3628 5507 sanctus,
3669 5443 3890 5498 morti

2205 5537 2516 5607 proximus,
2551 5555 2578 5583 ‹‹
2603 5533 2939 5588 adveniente
2967 5532 3058 5587 die
3083 5531 3266 5602 tertia,
3303 5553 3331 5582 ››
3363 5547 3490 5602 quas
3519 5535 3638 5586 erat
3663 5531 3892 5590 Domi-

2207 5629 2332 5684 nica
2357 5629 2495 5698 dies,
2541 5627 2856 5682 albescente
2888 5627 3012 5697 jam
3053 5626 3208 5694 c0310,
3261 5624 3576 5697 interrogat
3619 5623 3774 5696 quid
3813 5629 3888 5684 in

2207 5721 2437 5777 ecclesia
2479 5721 2804 5794 psallerent.
2854 5743 2882 5769 ‹‹
2920 5719 3192 5774 Dixerunt
3227 5717 3676 5773 benedictionem
3721 5735 3882 5776 sese

2205 5815 2460 5890 psallere,
2489 5834 2517 5868 »
2545 5815 2602 5872 id
2625 5819 2708 5871 est
2740 5813 3022 5871 canticum
3051 5813 3367 5872 Benedicite.
3406 5833 3432 5860 ‹‹
3467 5815 3536 5868 At
3572 5811 3662 5866 ille
3689 5815 3890 5884 psal-
