4036 6188
218 335 308 390 413
1279 335 1366 390 AD
1403 335 1621 392 CURSU
1658 336 2030 394 GALLICANO
2066 337 2478 408 DISQUISI'I‘IO.

213 457 298 498 mo
335 438 817 513 quinquagesimo
852 445 912 497 et
949 441 1354 498 benedictione
1397 443 1720 514 decantata,
1767 447 1826 500 et
1843 455 1904 532 Α
1924 450 2196 521 opusculo
2223 451 2309 506 39.
2338 451 2460 506 lum
2484 453 2543 506 et
2565 450 3020 524 Chrodegangus
3041 451 3329 510 Mettensis
3341 451 3552 526 episco-

215 534 543 592 alleluiatico
560 551 688 591 cum
698 535 964 608 capitello
980 537 1672 608 expleto,’consummavlt
1699 539 1822 594 ofﬁ-
1920 560 2027 615 pus
2053 543 2113 598 in
2145 546 2360 615 regulae
2380 561 2508 616 cap.
2537 547 2639 601 26:
2673 565 2702 596 «
2721 547 2834 600 Nec
2860 562 2990 601 cum
3015 546 3250 615 baculis,
3276 549 3376 604 aut
3402 564 3554 604 cam-

212 630 348 684 cium
372 630 561 684 totum
593 628 870 700 temporis
903 629 1192 698 matutini,
1225 652 1253 680 »
1283 631 1504 686 Laudes
1527 647 1814 688 vocamus.
1919 637 2089 705 butis,
2119 641 2217 692 aut
2248 637 2490 692 fustibus
2516 637 2576 692 in
2601 639 2796 705 choro,
2827 639 3072 710 exceptis
3099 640 3402 710 debilibus,
3451 641 3552 700 sed

212 725 324 778 Haec
348 739 416 777 ex
446 722 725 793 Gregorio
751 722 822 776 de
849 723 988 778 Vitis
1009 724 1266 792 Patrum,
1290 741 1415 796 cap.
1444 728 1496 780 6.
1919 731 2184 801 religiose
2205 730 2316 786 illis
2335 730 2603 785 standum
2621 734 2677 786 et
2702 732 3064 803 psallendum
3092 737 3194 788 est.
3225 735 3371 790 Sunt
3394 735 3550 792 enim

270 819 353 871 73.
383 815 472 871 Ad
503 815 840 871 itinerantes
875 817 1032 888 quod
1058 805 1283 886 attinet,
1313 834 1430 874 non
1470 819 1644 874 modo
1681 819 1815 874 reli-
1921 823 2157 895 quidam
2170 824 2508 879 clericorum
2535 824 2703 895 quiin
2720 825 3084 881 saecularibus
3098 827 3347 898 negotiis
3369 831 3428 882 et
3447 827 3557 884 dis-

211 909 359 978 giosi,
391 908 494 963 sed
520 909 695 964 etiam
734 909 924 964 clerici
959 911 1259 966 saeculares
1293 911 1470 967 etiam
1503 913 1822 984 antiquitus
1920 917 2340 988 ceptationibus
2377 934 2526 989 pene
2564 920 2748 973 totum
2790 918 3222 990 infatigabiliter
3261 921 3554 977 deducunt

209 1000 390 1056 divina
423 1002 620 1057 ofﬁcia
662 1003 1082 1074 persolvebant.
1128 1005 1191 1058 Id
1237 1005 1510 1076 exemplis
1559 1005 1820 1077 superius
1921 1010 2104 1077 diem;
2130 1015 2188 1064 et
2204 1013 2412 1066 moxut
2432 1010 2730 1066 ecclesiam
2753 1011 2826 1066 ad
2855 1011 3112 1067 divinum
3133 1013 3386 1068 ofﬁcium
3417 1031 3551 1086 per-

209 1095 502 1167 probatum
540 1099 644 1163 est,
682 1095 897 1151 scilicet
929 1113 995 1151 ex
1038 1097 1313 1169 Gregorio
1350 1099 1668 1154 Turonensi
1697 1099 1816 1170 epi-
1921 1104 2678 1174 agendumintraverint,ita
2697 1104 3219 1176 fatigatividentur,
3233 1111 3297 1161 ut
3311 1125 3415 1163 nec
3429 1125 3553 1165 ora-

207 1205 361 1260 scopo
382 1193 441 1244 et
472 1205 542 1243 ex
564 1190 766 1260 regula
787 1190 1222 1262 Chrodegangi;
1243 1208 1315 1246 ne
1344 1195 1606 1264 repetam
1628 1208 1816 1247 exem-
1919 1196 2064 1252 tioni
2087 1213 2308 1264 vacare,
2343 1215 2447 1252 nec
2481 1199 2553 1252 ad
2591 1198 2954 1270 psallendum
2983 1202 3132 1254 stare
3161 1205 3376 1272 queant
3409 1219 3421 1256 :
3451 1203 3551 1256 sed

207 1284 350 1353 plum
375 1282 562 1338 sancti
606 1283 878 1338 Germani
931 1283 1184 1355 episcopi
1231 1285 1564 1352 Parisensis,
1614 1285 1820 1356 quibus
1919 1291 2108 1362 potius
2129 1291 2414 1358 sedentes,
2445 1308 2561 1346 non
2589 1292 2814 1359 divinis,
2839 1293 3317 1348 sedvanissolent
3337 1295 3550 1350 instare

207 1375 340 1431 adde
363 1377 692 1447 exemplum
716 1375 1020 1447 Epiphanii
1049 1379 1304 1449 episcopi
1320 1371 1650 1434 Ticinensis.
1680 1379 1818 1443 Inde
1919 1384 2182 1456 loquelis,
2215 1406 2242 1434 »
2291 1388 2400 1439 etc.
2431 1385 2578 1449 Quid
2623 1385 2696 1439 sit
2734 1385 3020 1440 cambutis
3050 1385 3225 1440 inniti
3260 1387 3320 1440 in
3362 1388 3550 1442 ofﬁcio

207 1472 283 1524 est
307 1469 460 1540 quod
483 1468 674 1524 clerici
701 1485 903 1524 omnes
926 1471 1182 1527 Psalmos
1199 1471 1484 1527 memoria
1503 1475 1702 1526 tenere
1725 1471 1820 1526 de-
1919 1477 2132 1544 divino,
2171 1477 2545 1549 intelligimus
2575 1495 2642 1532 ex
2670 1477 2796 1534 Vita
2827 1495 2936 1534 ms.
2967 1479 3148 1533 sancti
3171 1479 3402 1534 Victurii
3429 1480 3552 1551 epi-

205 1562 404 1617 hebant
427 1578 497 1616 ex
523 1579 814 1628 canonum
839 1563 1186 1636 praescripto.
1208 1565 1391 1628 Quam
1418 1565 1491 1620 ob
1517 1583 1642 1620 rem
1671 1567 1818 1621 Gen-
1919 1571 2074 1641 scopi
2091 1571 2560 1638 Cenomanensis,
2589 1571 2681 1625 cui
2695 1575 2924 1627 sanctus
2945 1592 2971 1621 «
2988 1572 3264 1626 Martinus
3280 1573 3439 1627 dedit
3460 1573 3556 1628 ba-

175 1655 396 1742 ‘nadius
423 1655 464 1710 C
497 1657 558 1710 P.
588 1654 910 1726 patriarcha
946 1677 975 1706 «
1017 1657 1312 1711 neminem
1353 1659 1678 1726 ordinabat,
1721 1661 1821 1730 qui
1919 1665 2108 1717 culum
2130 1663 2269 1734 (seu)
2293 1667 2764 1733 sustentaculum,
2786 1682 2958 1736 super
2978 1664 3133 1736 quod
3155 1666 3345 1720 solent
3365 1681 3552 1720 sacer-

208 1747 528 1802 Psalterium
551 1765 669 1803 non
688 1748 856 1803 sciret
873 1749 1231 1816 memoriter,
1250 1772 1279 1800 »
1309 1768 1378 1805 ex
1395 1751 1696 1806 Theodoro
1722 1753 1820 1808 Le—
1839 1821 1884 1827 _
1921 1755 2082 1810 dotes
2107 1755 2244 1810 fusis
2257 1755 2337 1827 (id
2355 1759 2442 1810 est
2455 1757 2787 1826 fundendis)
2809 1757 3166 1812 orationibus
3188 1757 3550 1814 sustentari.»

209 1847 345 1897 ctore
387 1842 549 1913 apud
597 1841 1045 1896 eruditissimum
1069 1843 1375 1911 Valesium,
1397 1860 1532 1915 pag.
1563 1847 1684 1900 554.
1732 1847 1820 1900 An
1839 1821 1896 1892 B
1920 1852 1982 1904 In
2007 1821 2335 1920 pervetusto
2365 1850 2593 1918 Codice,
2623 1851 2721 1920 qui
2741 1821 2929 1904 Vitam
2953 1851 3135 1904 sancti
3159 1851 3556 1907 Amandi'l‘ra-

209 1935 462 1990 lectiones
491 1935 672 1990 etiam
705 1935 1018 2015 recitarent
1047 1936 1404 2004 itinerantes,
1438 1938 1547 1992 erit
1578 1938 1822 1994 fortasse
1915 1943 2187 2014 jectensis
2201 1943 2454 2014 episcopi
2470 1944 2747 2010 continet,
2771 1944 2924 2015 apud
2947 1945 3228 1999 Elnonem
3243 1949 3552 2012 asservato,

211 2029 292 2100 qui
317 2029 594 2100 inquirat.
627 2029 778 2085 Sane
803 2014 1075 2084 monachi
1100 2031 1553 2086 saltemlihellos
1577 2048 1677 2086 seu
1712 2033 1818 2088 Co-
1920 2036 2036 2091 vidi
2057 2035 2340 2106 ejusmodi
2363 2035 2767 2108 episcoporum
2789 2037 3094 2108 imagines,
3113 2038 3210 2108 qui
3238 2055 3353 2092 una
3373 2033 3553 2092 manu

211 2122 342 2177 dices
362 2122 537 2194 hujus
558 2122 642 2178 rei
669 2123 854 2194 gratia
881 2123 1204 2194 gestabant.
1223 2125 1368 2178 Nam
1399 2126 1462 2178 ut
1479 2125 1745 2180 omittam
1763 2127 1822 2180 id
1921 2129 2136 2200 pedum
2153 2130 2438 2200 pastorale
2462 2132 2709 2200 gestant,
2732 2129 2844 2184 alia
2860 2130 3127 2184 baculum
3153 2147 3474 2196 recurvum,
3495 2133 3554 2184 et

211 2217 343 2286 quod
362 2216 679 2286 deEquitio
693 2215 898 2271 abbate
912 2219 1110 2271 narrat
1125 2217 1434 2287 Gregorius
1449 2218 1704 2289 Magnus,
1725 2220 1821 2290 qui
1923 2222 2158 2292 quidem
2187 2221 2532 2289 breviorem,
2560 2239 2674 2294 quo
2700 2240 2759 2277 se
2793 2223 2898 2294 ipsi
2937 2223 3091 2278 inter
3115 2223 3402 2278 orandum
3439 2241 3554 2278 sus-

211 2309 452 2380 Equitius
473 2330 503 2360 «
535 2325 727 2365 sacros
746 2309 980 2365 Codices
1006 2309 1066 2364 in
1093 2309 1331 2380 pelliciis
1357 2311 1595 2366 sacculis
1622 2312 1820 2367 dextro
1865 2308 1870 2311 ’
1921 2315 2240 2369 tentabant.
2277 2315 2456 2370 Hodie
2485 2331 2714 2386 quoque
2739 2315 2799 2370 in
2839 2315 3079 2370 ecclesia
3104 2317 3285 2372 sancti
3323 2316 3556 2387 Georgii

211 2401 438 2473 laevoque
453 2403 643 2457 latere
666 2407 899 2473 portare
917 2403 1156 2470 solebat,
1180 2423 1208 2452 »
1233 2403 1387 2474 quod
1403 2403 1575 2458 etiam
1598 2403 1668 2458 de
1690 2405 1823 2460 Fru—
1921 2407 2370 2478 apudVenetias,
2393 2408 2678 2479 ejusmodi
2699 2409 2982 2464 cambutis
3001 2409 3154 2464 inter
3166 2409 3450 2464 orandum
3471 2408 3558 2464 uti

210 2497 380 2550 ctuoso
408 2495 684 2566 episcopo
725 2495 1054 2550 Bracarensi
1090 2496 1355 2567 legimus,
1389 2496 1582 2570 434
1606 2498 1817 2569 Grego-
1921 2502 2108 2554 solent
2132 2501 2398 2556 homines
2411 2501 2721 2571 promiscui
2751 2519 2934 2570 sexus,
2969 2505 3034 2556 ut
3057 2519 3152 2556 me
3176 2503 3404 2558 monuit
3431 2518 3558 2556 eru-

208 2588 381 2643 riusIX
410 2589 480 2643 de
507 2588 816 2644 monachis
845 2590 998 2644 foras
1023 2589 1364 2660 profecturis
1380 2589 1440 2643 id
1459 2589 1675 2658 statuit,
1703 2611 1732 2641 «
1760 2593 1824 2645 ut
1921 2593 2070 2648 ditus
2097 2597 2155 2647 et
2181 2594 2525 2648 venerabilis
2559 2595 2830 2650 Claudius
2859 2595 3220 2651 Castellanus
3247 2595 3558 2652 canonicus

213 2681 300 2751 ipsi
325 2682 492 2736 horas
537 2681 732 2736 dicant
771 2681 832 2736 in
873 2681 985 2749 via,
1036 2685 1096 2736 et
1139 2682 1210 2736 de
1255 2682 1414 2736 libris
1452 2683 1822 2752 provideatur
1918 2686 2181 2741 Ecclesiae
2216 2687 2568 2742 Parisiensis.
2591 2687 2678 2741 Ad
2705 2689 2827 2742 haec
2847 2689 2906 2742 in
2938 2687 3132 2744 libello
3160 2689 3400 2760 supplici
3431 2704 3554 2743 mo-

211 2773 405 2830 iisdem.
437 2796 466 2824 »
499 2775 572 2829 Id
598 2774 826 2844 generis
847 2775 989 2830 duos
1014 2791 1118 2846 pro
1143 2775 1550 2830 itinerantibus
1585 2775 1822 2831 Codices
1921 2780 2239 2834 nachorum
2260 2780 2627 2834 Fuldensium
2653 2781 2726 2834 ad
2743 2782 3010 2836 Carolum
3031 2782 3302 2852 Magnum
3332 2781 3391 2836 hi
3419 2796 3551 2835 con-

213 2867 260 2920 in
278 2867 516 2922 sacrario
547 2867 909 2922 Cisterciensi
929 2867 1241 2938 aliquando
1261 2867 1526 2935 vidimus,
1551 2884 1696 2938 quos
1713 2869 1821 2922 hoc
1921 2873 2443 2944 queruntur,-quod
2480 2889 2597 2944 prae
2627 2873 2882 2944 Ratgarii
2915 2873 3137 2928 abbatis
3174 2873 3384 2928 duritia
3411 2873 3547 2944 ipsis

211 2959 360 3014 modo
385 2959 662 3015 describit
677 2960 957 3032 Iosephus
985 2961 1374 3032 Meglingerus
1395 2961 1454 3014 in
1483 2960 1691 3016 Itinere
1717 2978 1820 3016 suo
1921 2965 2164 3020 inﬁrmis
2180 2986 2207 3014 «
2223 2981 2328 3019 nec
2348 2965 2616 3020 baculum
2639 2971 2743 3036 pro‘
2757 2965 3172 3020 sustentatione
3195 2966 3346 3020 ferre
3371 2965 3562 3033 liceat,

211 3051 550 3108 Cisterciensi
581 3069 594 3108 :
627 3074 654 3103 ‹‹
679 3053 880 3108 Libelli
911 3053 1088 3108 trium
1119 3053 1434 3125 digitorum
1454 3053 1821 3109 latitudinem
1920 3075 2025 3114 nec
2049 3058 2124 3113 ad
2145 3057 2594 3126 inclinatorium,
2628 3059 2784 3130 quod
2813 3076 2919 3114 nos
2954 3059 3264 3116 formulam
3293 3059 3557 3114 dicimus.

214 3160 312 3199 non
331 3147 632 3214 excedunt,
646 3149 772 3219 plus
792 3151 989 3202 tamen
1011 3147 1391 3218 longitudinis
1411 3147 1647 3202 habent.
1670 3149 1818 3202 Dum
1841 3181 1892 3220 ρ
1919 3149 2202 3205 morando
2233 3149 2536 3204 inhaerere.
2553 3171 2581 3199 »
2609 3150 2781 3205 Multo
2804 3149 2995 3204 minus
3013 3149 3166 3204 sanis
3187 3149 3398 3220 (neque
3423 3165 3560 3203 vero

3449 345 3552 400 41ιὶ·
3646 399 3657 410 ,

213 3239 406 3294 clausos
431 3239 664 3311 aspicis,
689 3240 850 3311 parvi
877 3243 1194 3312 apparent;
1217 3243 1277 3296 at
1295 3240 1479 3312 aperti
1501 3240 1671 3312 triplo
1701 3257 1821 3296 ma-

207 3328 343 3398 jores
369 3333 642 3399 evadunt,
681 3333 850 3400 foliis,
881 3350 1010 3404 quae
1051 3349 1116 3387 ex
1142 3333 1484 3388 membrana
1521 3334 1652 3388 rudi
1681 3350 1816 3390 con-

213 3425 362 3492 stant,
391 3428 478 3481 ter
523 3426 895 3498 complicatis,
928 3426 1218 3492 deorsum,
1249 3429 1306 3480 et
1321 3426 1602 3482 ambobus
1630 3427 1822 3482 lateri-

214 3509 318 3567 bus.
336 3515 536 3586 Neque
561 3515 619 3569 in
643 3517 883 3585 utraque
906 3518 1068 3585 parte
1088 3515 1294 3569 litteris
1319 3515 1634 3586 implentur
1656 3515 1820 3587 pagi-

214 3620 305 3671 nae,
335 3607 429 3661 sed
458 3607 706 3662 interius
733 3609 992 3672 tantum;
1027 3607 1108 3662 ita
1133 3610 1197 3662 ut
1223 3607 1356 3662 licet
1381 3607 1584 3662 folium
1615 3624 1648 3662 a
1680 3609 1819 3663 folio

212 3697 472 3771 sejungas,
515 3700 622 3755 nisi
647 3700 810 3770 plicaa
839 3699 1220 3771 explicentur,
1251 3701 1423 3754 nulla:
1453 3699 1658 3755 littera:
1687 3717 1819 3772 pro-

213 3791 358 3846 stent.
413 3792 555 3856 Qua:
605 3792 844 3864 quidem
900 3792 1304 3847 minutissimas
1352 3791 1548 3863 paucis
1593 3793 1822 3864 syllabis

214 3885 340 3937 totas
381 3885 655 3955 periodos
710 3885 1045 3941 brevissimo
1103 3885 1448 3956 compendio
1499 3885 1818 3941 absolvunt.

211 3974 350 4030 Nulla
373 3994 658 4048 compage
685 3994 784 4032 seu
815 3981 1154 4048 tegumento
1195 3978 1548 4044 vinciuntur;
1575 3978 1676 4033 sed
1705 3995 1820 4033 uno

215 4066 261 4121 in
283 4069 451 4124 latere
483 4070 647 4125 filum
665 4071 898 4142 colligat
918 4071 1076 4135 folia,
1107 4087 1180 4124 ne
1204 4070 1490 4137 difﬂuant,
1520 4089 1585 4126 ac
1611 4071 1820 4126 deinde

213 4163 442 4218 sacculus
465 4181 538 4218 ex
562 4164 717 4219 corio
739 4164 962 4218 libellos
987 4163 1208 4235 recipit.
1239 4185 1266 4212 »
1295 4166 1426 4220 Haec
1455 4165 1569 4219 ille.

271 4256 349 4309 74.
384 4256 614 4322 Quanta
640 4273 810 4328 porro
831 4257 1155 4310 reverentia
1186 4257 1392 4310 divinis
1415 4257 1616 4312 ofﬁciis
1641 4257 1818 4312 inter-

211 4362 318 4401 esse
345 4351 597 4404 solerent
620 4349 870 4420 majores
900 4349 1101 4416 nostri,
1131 4349 1512 4422 intelligimns
1559 4367 1627 4404 ex
1669 4350 1821 4404 facto

210 4441 370 4496 sancti
397 4441 620 4498 Martini
648 4441 901 4514 episcopi
924 4443 1290 4509 Turonensis,
1314 4459 1489 4514 quem
1517 4463 1545 4491 «
1562 4442 1620 4496 in
1650 4443 1824 4498 eccle-

1921 3243 1965 3298 it
1988 3246 2194 3314 petunt
2223 3241 2554 3314 Fuldenses)
2587 3243 2707 3298 haec
2734 3243 3096 3314 indulgentia
3117 3242 3560 3309 concedebatur,

1921 3339 1984 3391 ut
1995 3335 2186 3410 436
2201 3340 2460 3408 tempore
2475 3335 2652 3390 divini
2667 3335 2843 3390 ofﬁcii
2857 3336 3124 3391 formulas
3137 3335 3560 3389 incumberent.

1989 3433 2076 3484 '75.
2109 3430 2196 3484 Ad
2239 3433 2560 3484 extremum
2602 3429 2854 3482 maxime
2894 3429 2990 3498 pia
3035 3431 3093 3480 et
3139 3430 3336 3481 sancta
3365 3429 3453 3480 est
3481 3427 3565 3497 (ut

1913 3523 2039 3592 jam
2069 3521 2333 3592 diximus)
2365 3521 2462 3576 illa
2491 3521 3002 3576 ecclesiasticarum
3032 3519 3431 3590 precationum
3462 3519 3554 3573 in-

1921 3615 2160 3681 stitutio,
2196 3614 2310 3668 sive
2338 3613 2583 3685 publice,
2611 3613 2724 3668 sive
2755 3613 3024 3684 privatim
3067 3611 3382 3667 recitandae
3425 3611 3558 3666 sint.

1923 3707 2069 3772 Quid
2088 3706 2246 3761 enim
2267 3706 2453 3788 aptius
2473 3706 2547 3760 ad
2568 3707 2684 3760 Deo
2713 3705 2971 3760 debitum
3002 3706 3220 3760 cultum
3254 3705 3564 3760 honorem-

1923 3817 2031 3871 que
2048 3799 2488 3870 persolvendum
2509 3799 2537 3854 ?
2567 3802 2666 3853 aut
2677 3798 2816 3871 quid
2829 3799 2902 3854 ad
2915 3798 3277 3855 excitandam
3302 3797 3562 3853 ﬁdelium

1921 3893 2197 3964 pietatem
2213 3891 2704 3948 accommodatius
2721 3896 2784 3946 ut
2793 3893 2883 3946 vel
2909 3909 3009 3948 suo
3025 3893 3201 3964 ipsius
3220 3891 3555 3948 testimonio

1923 3984 2182 4057 probavit
2207 3985 2575 4056 Augustinus,
2609 4001 2784 4056 quam
2829 3987 3188 4040 Psalmorum
3231 3986 3293 4040 in
3326 3985 3567 4040 ecclesia

1922 4081 2122 4133 cantus
2142 4078 2170 4132 ?
2187 4081 2314 4133 Jam
2329 4095 2464 4134 vero
2479 4077 2621 4132 nihil
2642 4078 2715 4132 ad
2735 4077 3129 4134 refricandam
3150 4077 3249 4132 Dei
3270 4077 3399 4149 Opt.
3421 4079 3562 4133 Max.

1920 4170 2264 4226 memoriam
2281 4171 2567 4226 efﬁcacius
2590 4188 2767 4242 quam
2781 4171 3068 4242 ejusmodi
3085 4187 3283 4242 preces
3301 4169 3566 4240 privatim

1923 4263 2232 4318 recitandae
2277 4281 2290 4317 :
2338 4280 2582 4334 quarum
2633 4263 2910 4334 obligatio
2940 4263 2986 4316 si
3033 4261 3324 4316 nonnullis
3370 4259 3569 4314 durior

1921 4357 2147 4411 videtur
2171 4359 2228 4410 et
2255 4355 2559 4423 morosior,
2605 4355 2930 4410 timendum
2953 4356 3039 4408 est
3060 4371 3130 4408 ne
3159 4353 3218 4407 id
3245 4370 3311 4407 ex
3353 4351 3568 4406 divina-

1921 4466 2052 4502 rum
2069 4465 2263 4503 rerum
2275 4449 2446 4503 taedio
2477 4453 2535 4502 et
2559 4447 2790 4502 fastidio
2813 4446 3050 4502 oriatur.
3079 4447 3224 4502 Cum
3258 4444 3417 4500 enim
3440 4445 3570 4499 Bre-

213 4532 282 4587 sia
309 4551 476 4590 nemo
509 4551 766 4607 unquam
794 4534 995 4590 sedere
1021 4535 1332 4607 conspexit,
1365 4557 1393 4584 »
1438 4538 1502 4590 ut
1526 4535 1738 4620 legitur
1765 4535 1824 4590 in
1843 4543 1903 4614 Ι)
1924 4540 2349 4612 viarium(quod
2361 4539 2703 4610 vocant)tria
2715 4539 3378 4610 contineatmagnopere
3406 4536 3568 4591 utilia

213 4623 296 4679 lib.
325 4644 359 4683 ιι
389 4629 459 4683 de
486 4629 611 4700 ejus
629 4627 772 4682 Vita.
803 4627 966 4692 Quod
991 4629 1169 4682 etiam
1193 4629 1262 4682 de
1286 4631 1480 4684 sancto
1503 4627 1822 4699 Epiphanio

210 4722 466 4780 Ticinensi
510 4725 786 4797 episcopo
819 4725 1113 4780 Ennodius
1149 4726 1326 4781 tradit
1371 4742 1384 4780 :
1435 4748 1462 4773 »
1517 4728 1569 4780 Is
1604 4725 1822 4796 junctis

211 4817 430 4884 pedibus
457 4835 638 4890 usque
671 4816 743 4873 ad
773 4819 1334 4874 consummationem
1365 4818 1590 4890 mystici
1634 4820 1824 4890 operis

209 4912 340 4962 stare
362 4929 418 4966 se
441 4912 654 4966 debere
674 4911 996 4980 constituit;
1021 4911 1100 4967 ita
1119 4914 1181 4965 ut
1194 4912 1438 4967 humore
1449 4911 1823 4983 vestigiorum

209 5000 372 5057 locum
400 5021 567 5059 suum
597 5004 942 5076 depingeret
969 5008 1027 5058 et
1054 5006 1226 5075 longe
1253 5004 1662 5076 aspicientibus
1679 5004 1826 5059 indi-

209 5098 365 5150 caret.
381 5097 706 5162 »Quosdam
720 5100 916 5152 tamen
935 5097 1192 5152 formulis
1205 5097 1534 5156 accubuisse
1551 5099 1825 5153 discimus

211 5202 268 5240 ex
289 5189 557 5260 Gregorio
586 5190 644 5245 in
667 5189 764 5244 lib.
807 5207 927 5257 vm,
960 5208 1083 5260 cap.
1117 5193 1204 5257 31,
1241 5190 1336 5244 ubi
1370 5191 1441 5246 de
1479 5193 1822 5246 Praetextato

208 5277 638 5354 Rothomagensi
656 5283 924 5354 pontifice
943 5299 1122 5354 agens
1145 5299 1156 5337 :
1181 5304 1209 5332 «
1228 5283 1820 5354 Adveniente,inquit,

207 5370 490 5430 dominicae
500 5375 936 5430 resurrectionis
953 5375 1066 5442 die,
1082 5399 1109 5425 »
1134 5376 1194 5431 id
1209 5379 1295 5430 est
1313 5375 1624 5443 dominica,
1645 5395 1673 5425 «
1690 5391 1822 5431 cum

207 5464 452 5523 sacerdos
479 5468 888 5540 (Praetextatus)
917 5469 989 5524 ad
1015 5469 1314 5541 implenda
1335 5467 1718 5524 ecclesiastica
1745 5469 1824 5523 of-

209 5555 322 5614 ficia
341 5561 413 5616 ad
433 5562 727 5618 ecclesiam
753 5562 1034 5618 maturius
1052 5566 1434 5635 properasset,
1476 5561 1824 5632 antiphonas

205 5649 347 5717 juxta
365 5655 837 5710 consuetudinem
884 5656 1136 5728 incipere
1184 5653 1378 5728 435
1430 5672 1534 5726 per
1558 5655 1823 5711 ordinem

212 5747 377 5815 C(Bpit.
396 5749 648 5820 Cumque
678 5749 828 5804 inter
851 5750 1213 5820 psallendum
1237 5751 1292 5804 f0
1305 5749 1507 5803 rmulze
1523 5749 1825 5804 decumbe-

217 5839 304 5906 τρι,
334 5863 358 5887 υ
383 5843 485 5896 etc.
527 5842 587 5898 Id
627 5846 823 5898 tamen
868 5843 1160 5918 improbat
1197 5845 1398 5900 Petrus
1429 5843 1714 5914 Damiani,
1763 5844 1822 5900 in

1925 4637 1982 4688 et
2011 4632 2394 4688 aediﬁcatione
2411 4635 2604 4704 plena,
2625 4631 2726 4686 Dei
2753 4631 3020 4686 videlicet
3043 4631 3265 4698 laudes,
3293 4631 3569 4685 lectiones

1925 4729 1982 4779 et
2006 4726 2318 4792 orationes,
2367 4725 2508 4779 nihil
2551 4723 2776 4779 homini
2819 4723 3092 4794 religioso
3137 4723 3380 4790 suavius,
3425 4723 3568 4777 nihil

1923 4819 2192 4885 sanctius,
2222 4835 2396 4889 quam
2425 4818 2524 4872 Dei
2554 4817 2754 4872 laudes
2795 4835 2862 4872 ex
2889 4817 3131 4872 Psalmis
3185 4817 3565 4888 depromptae,

1925 4929 2052 4982 quae
2069 4913 2329 4966 mentem
2348 4912 2422 4966 ad
2443 4912 2622 4967 Deum
2645 4911 2878 4984 rapiunt
2897 4914 3126 4966 etsacro
3149 4909 3324 4964 divini
3349 4909 3570 4963 amoris

1924 5004 2179 5075 igniculo
2205 5004 2546 5060 accendunt.
2572 5005 2721 5071 Quid
2743 5021 2876 5060 vero
2899 5002 3293 5058 ecclesiasticis
3314 5000 3567 5056 homini-

1923 5098 2028 5152 bus
2052 5098 2342 5169 antiquius
2365 5116 2488 5155 esse
2518 5099 2690 5154 debet
2711 5101 2809 5153 aut
2830 5095 3169 5154 familiarius
3185 5112 3359 5166 quam
3380 5095 3571 5151 lectio-

1926 5208 2028 5246 nes
2073 5208 2140 5246 ex
2187 5191 2496 5263 Scripturis
2525 5191 2750 5258 divinis,
2787 5207 2915 5262 quae
2943 5189 3256 5261 plurimum
3297 5188 3356 5244 in
3399 5189 3572 5244 sacris

1925 5285 2126 5340 ofﬁciis
2156 5285 2349 5341 locum
2380 5285 2641 5341 habent?
2663 5283 2924 5354 Denique
2955 5281 3054 5354 qui
3081 5282 3337 5354 pressius
3368 5285 3428 5337 et
3447 5281 3576 5338 soli-

1925 5377 2050 5432 dius
2081 5379 2155 5433 ad
2177 5378 2547 5434 devotionem
2563 5393 2738 5440 quam
2763 5376 3058 5432 orationes
3079 5393 3181 5432 seu
3209 5377 3477 5432 Collectze
3499 5376 3570 5431 ab

1924 5471 2176 5526 Ecclesia
2202 5471 2478 5543 probatae,
2509 5486 2640 5524 cum
2672 5470 2968 5542 frequenti
3002 5469 3341 5526 recitatione
3371 5468 3566 5524 Domi-

1925 5564 2068 5618 nicae
2099 5563 2490 5635 precationis?
2516 5563 2664 5618 Nihil
2693 5563 2888 5636 itaque
2915 5562 3016 5619 Dei
3048 5562 3324 5619 ministris
3353 5575 3560 5616 conve-

1926 5657 2176 5712 nientius
2205 5656 2422 5711 institui
2451 5661 2680 5728 poterat
2705 5675 2878 5729 quam
2910 5658 3138 5713 illarum
3167 5667 3401 5726 precum
3425 5652 3562 5706 Bre-

1922 5749 2187 5816 viarium,
2211 5749 2257 5804 si
2285 5750 2462 5805 modo
2490 5769 2523 5805 a
2552 5751 2734 5806 nimia
2766 5751 3110 5824 prolixitate,
3136 5750 3191 5799 et
3220 5745 3291 5798 ab
3329 5741 3570 5800 incertis

1925 5843 2176 5900 historiis
2189 5844 2672 5918 sitrepurgatum.
2697 5845 2758 5900 Id
2783 5861 2887 5916 pro
2910 5858 3010 5898 sua
3025 5835 3385 5913 providentia
3403 5834 3573 5897 iden~
