4036 6188
391 283 494 343 415
1187 285 1517 343 ΑΡΡΕΝῡΙΧ
1553 285 1641 340 AD
1676 283 1900 340 OPERA
1935 279 1985 333 Si

2151 277 2168 332 l
2203 279 2502 335 GERMANI
2539 273 2969 334 PARJSIENSIS.
3641 281 3745 334 416

391 393 568 452 tidem
611 399 882 453 curarunt
905 393 1114 450 summi
1137 393 1448 465 pontiﬁces,
1486 389 1842 448 emendando
1879 391 2009 446 Bre-
2035 384 2185 468 Atia
2225 385 2428 454 ofﬁcia,
2461 385 2678 457 aliaque
2715 385 2774 440 id
2821 399 2998 456 genus
3044 383 3310 441 exercitia
3347 383 3590 441 virtutis.
3619 386 3750 442 Hac

391 491 566 546 viario
582 491 850 556 Romano,
865 488 1014 560 quod
1039 487 1280 542 aliorum
1305 487 1630 557 exemplum
1655 501 1774 540 esse
1791 483 2011 540 debeat.
2113 483 2330 549 oportet
2357 479 2564 548 facere,
2599 479 2696 534 sed
2721 478 2842 550 pias
2865 477 3040 533 etiam
3064 479 3416 550 precationes
3443 495 3560 534 non
3585 480 3750 535 omit-

396 581 502 636 Sed
555 581 688 652 quia
730 579 907 632 multa
945 577 1004 630 in
1039 577 1156 630 dies
1195 593 1228 630 a
1261 576 1395 630 viris
1421 575 1596 630 doctis
1625 574 2010 637 illustrantur,
2113 577 2254 628 tere.

395 691 522 730 eam
545 675 678 730 inse
704 687 900 727 curam
925 671 1094 726 etiam
1117 673 1484 740 susceperunt
1500 667 1752 738 episc0pi
1767 665 2014 720 maxime
2187 669 2274 719 77.
2309 666 2496 736 Neque
2525 665 2728 720 desunt
2767 667 3026 738 diligenti
3063 683 3126 720 ac
3171 667 3399 722 cordato
3435 667 3556 722 viro
3599 673 3748 723 tem-

393 767 674 834 Gallicani,
694 781 942 836 quorum
967 764 1072 818 hac
1093 763 1150 817 in
1171 781 1234 818 re
1250 762 1516 818 sedulitas
1533 767 1588 816 et
1601 760 1800 831 religio
1821 758 2008 830 437
2115 759 2266 828 poris
2277 758 2566 813 intervalla
2581 763 2638 812 et
2649 759 2804 814 feriae
2818 761 2890 814 ad
2907 764 3212 831 utrumque
3227 761 3633 831 prastandum,
3651 761 3754 816 ubi

392 861 525 916 alios
553 860 622 913 ad
663 859 814 913 idem
843 875 986 930 opus
1009 856 1210 912 merito
1237 856 1446 910 incitat.
1475 857 1542 908 Et
1566 855 1798 925 quidem
1835 853 1894 906 in
1920 869 2013 906 ec-
2115 853 2287 907 semel
2309 852 2431 922 ejus
2457 851 2714 906 animum
2747 853 2946 923 pietas,
2983 859 3040 908 et
3081 853 3398 908 divinarum
3423 870 3637 920 rerum,
3669 871 3756 910 se-

392 951 710 1007 clesiasticis
737 951 936 1006 ofﬁciis
967 973 994 1000 ‹‹
1025 966 1140 1004 non
1167 949 1390 1004 novella
1417 947 1602 1002 audiri
1630 947 1792 1001 decet
1817 947 1902 1000 vel
1931 946 2014 999 le-
2116 945 2280 999 clusis
2307 945 2601 1000 inutilibus
2629 946 2799 1014 curis,
2826 946 3136 1001 sollicitudo
3171 946 3457 1016 imbuerit,
3489 964 3620 1002 cum
3663 948 3750 1002 le-

391 1045 498 1112 via,
527 1064 554 1096 »
587 1049 650 1099 ut
684 1044 878 1099 scribit
905 1043 1218 1098 Bernardus
1248 1042 1308 1096 in
1333 1041 1564 1112 epistola
1613 1045 1716 1096 312
1747 1039 1818 1094 ad
1845 1041 2014 1092 Arre-
2119 1054 2318 1109 gamus
2333 1038 2628 1093 saeculares
2653 1038 2800 1092 viros
2829 1039 2950 1108 (nec
2978 1045 3169 1094 nostra
3193 1043 3356 1094 aestate
3371 1041 3544 1095 etiam
3566 1057 3752 1096 exeme

393 1153 694 1204 marenses,
732 1161 758 1186 ‹‹
787 1138 886 1192 sed
911 1141 1058 1191 certe
1091 1135 1414 1190 authentica
1445 1138 1500 1188 et
1524 1133 1774 1204 antiqua,
1807 1149 1934 1202 qua:
1961 1136 2018 1186 et
2117 1132 2213 1204 pla
2236 1131 2480 1200 desunt),
2508 1131 2624 1185 imo
2667 1131 2836 1186 etiam
2869 1147 3054 1202 reges,
3087 1133 3184 1204 qui
3233 1138 3462 1189 strenue
3491 1150 3612 1188 rem
3639 1151 3750 1205 pu-

387 1231 686 1288 Ecclesiam
713 1230 1012 1298 aediﬁcent,
1033 1234 1090 1283 et
1109 1228 1544 1283 ecclesiasticam
1565 1227 1858 1280 redoleant
1895 1241 2018 1294 gra-
2115 1225 2321 1280 blicam
2347 1240 2448 1294 per
2489 1240 2548 1278 se
2591 1225 2696 1294 ipsi
2733 1225 3219 1295 administrabant,
3263 1227 3412 1281 inter
3449 1230 3533 1282 tot
3567 1243 3750 1298 nego-

387 1325 636 1380 vitatem.
668 1323 825 1387 Quod
853 1323 896 1376 si
949 1339 1094 1376 nova
1123 1321 1320 1376 audire
1345 1321 1502 1390 libet,
1531 1323 1586 1373 et
1616 1335 1782 1372 causa
1825 1317 2015 1387 requi-
2117 1317 2324 1371 tiorum
2365 1317 2558 1371 turbas
2608 1317 2819 1372 eisdem
2867 1319 3283 1390 precationibus
3335 1337 3448 1374 non
3485 1321 3748 1376 defuisse.

390 1419 482 1484 rit,
513 1434 598 1484 ea,
629 1421 690 1470 ut
716 1417 848 1484 dixi,
869 1415 1190 1486 recipienda
1234 1413 1572 1480 censuerim,
1601 1428 1729 1483 quae
1756 1411 2019 1465 cordibus
2119 1409 2294 1479 Hujus
2319 1409 2402 1464 rei
2426 1415 2592 1464 testes
2619 1411 2759 1464 duos
2787 1413 3034 1482 appello,
3067 1413 3356 1467 Alfredum
3383 1413 3598 1470 scilicet
3631 1417 3750 1468 An-

389 1506 760 1574 audientium,
794 1521 906 1575 quo
937 1503 1202 1574 gratiora,
1231 1519 1298 1556 eo
1335 1502 1556 1555 utiliora
1600 1501 1796 1554 reddat
1821 1503 1877 1553 et
1899 1498 2016 1554 elo-
2120 1503 2344 1574 glorum
2395 1519 2612 1574 regem,
2669 1509 2726 1557 et
2768 1508 3025 1559 sanctum
3075 1505 3438 1560 Ludovicum.
3491 1507 3755 1562 Alfredus

388 1599 508 1670 quii
533 1599 778 1668 dignitas
806 1602 862 1651 et
886 1596 1148 1650 auctoris.
1177 1597 1348 1648 Porro
1369 1611 1530 1648 sensa
1557 1593 1871 1646 indubitata
1900 1607 2014 1645 res-
2118 1595 2350 1667 quippe,
2369 1595 2647 1650 referente
2667 1596 2801 1651 Vitas
2827 1599 2949 1668 ejus
2965 1598 3236 1669 scriptore
3255 1603 3511 1654 accurato
3526 1603 3754 1666 Assero,

388 1691 693 1763 plendeant
745 1690 993 1756 veritate,
1045 1693 1246 1742 sonent
1288 1687 1586 1757 justitiam,
1639 1685 2090 1763 humilitatem_
2124 1709 2150 1736 «
2179 1687 2326 1742 inter
2367 1687 2514 1742 bella
2556 1693 2612 1742 et
2648 1690 2944 1758 praesentis
2991 1691 3120 1746 vitae
3163 1691 3482 1762 frequentia
3519 1691 3762 1762 impedi-

389 1753 676 1850 suadeant,
709 1784 946 1837 doceant
971 1753 1307 1852 aequitatem
1328 1797 1341 1834 :
1364 1795 1493 1850 quae
1513 1753 1684 1832 etiam
1709 1779 1904 1832 lumen
1935 1795 2022 1833 ve-
2039 1753 2097 1824 B
2123 1785 2334 1848 menta,
2367 1796 2586 1835 necnon
2611 1753 2968 1853 paganorum
2995 1753 3377 1840 infestatidnes
3406 1789 3463 1839 et
3481 1753 3762 1856 quotidia-

389 1881 571 1936 ritatis
601 1879 884 1934 mentibus
927 1879 1172 1950 pariant,
1205 1878 1446 1931 formam
1473 1875 1744 1944 moribus,
1793 1892 2022 1930 crucem
2121 1891 2220 1929 nas
2249 1872 2498 1944 corporis
2539 1873 2920 1943 inﬁrmitates,
2969 1877 3118 1932 inter
3145 1878 3310 1949 regni
3345 1877 3758 1949 gubernacula,

387 1975 554 2042 vitiis,
585 1972 872 2027 affectibus
903 1972 1278 2039 devotionem,
1303 1969 1556 2024 sensibus
1585 1969 1959 2038 disciplinam.
1989 1989 2018 2018 »
2123 1966 2492 2022 nihilominus
2521 1967 2752 2022 missam
2781 1969 3034 2040 quotidie
3061 1971 3276 2037 audire,
3309 1972 3552 2042 psalmos
3579 1987 3760 2042 quos-

385 2067 487 2122 Tot
513 2067 705 2132 verba,
727 2070 811 2120 tot
834 2066 1079 2132 oracula,
1105 2063 1456 2118 sanctissimo
1487 2062 1744 2116 Ecclesiae
1769 2063 1930 2116 Patre
1957 2079 2021 2116 ac
2121 2063 2252 2116 dam
2283 2065 2338 2116 et
2363 2060 2664 2130 orationes,
2695 2065 2752 2116 et
2777 2063 2944 2117 horas
2970 2063 3200 2118 diurnas
3227 2068 3286 2117 et
3325 2069 3627 2119 nocturnas
3655 2079 3758 2119 ce—

389 2161 618 2214 doctore
649 2159 841 2229 digna.
2119 2155 2358 2222 lebrare,
2413 2157 2470 2207 et
2519 2153 2776 2208 ecclesias
2837 2161 3118 2211 nocturno
3157 2161 3432 2228 tempore,
3489 2157 3764 2212 orationis

459 2257 548 2306 76.
570 2254 873 2319 Cmterum,
903 2255 963 2305 ut
983 2253 1054 2306 ad
1099 2266 1332 2320 scopum
1357 2249 1607 2316 redeam,
1637 2263 1841 2318 parum
1873 2248 2018 2302 inte-
2121 2269 2306 2322 causa,
2333 2255 2479 2309 clam
2519 2264 2552 2300 θ.
2587 2250 2702 2303 suis
2731 2251 2885 2305 adire
2931 2250 3161 2304 solebat.
3195 2269 3222 2302 »
3265 2251 3352 2305 Sic
3393 2266 3524 2305 vero
3567 2255 3759 2306 totum

389 2351 504 2400 rest
529 2361 642 2416 quo
663 2345 794 2415 jure
822 2343 1072 2414 primum
1101 2343 1331 2398 inducta
1351 2343 1422 2396 sit
1446 2343 1566 2396 hinc
1586 2341 1853 2396 Breviarii
1879 2341 2018 2395 reci-
2121 2347 2418 2418 cujuslibet
2450 2346 2560 2402 diei
2593 2360 2822 2400 cursum
2853 2343 3224 2414 expendebat,
3267 2364 3294 2391 ‹‹
3330 2347 3394 2398 ut
3419 2347 3544 2398 octo
3587 2343 3762 2398 horas

387 2438 544 2493 tandi
573 2438 858 2509 obligatio,
887 2437 1010 2507 lege
1039 2453 1112 2492 an
1141 2435 1570 2502 consuetudine,
1599 2451 1730 2489 cum
1763 2434 2020 2506 legitimo
2121 2441 2180 2494 in
2208 2427 2522 2506 scribendo,
2555 2439 2796 2509 legendo
2824 2441 2880 2492 et
2918 2437 3160 2505 orando;
3206 2441 3330 2490 octo
3358 2437 3420 2490 in
3457 2453 3592 2491 cura
3625 2453 3760 2492 cor-

389 2531 760 2586 fundamento
783 2529 1077 2598 innitatur,
1103 2529 1309 2584 scilicet
1334 2531 1619 2599 pracepto
1639 2528 1888 2598 generali
1909 2544 2020 2598 quo
2119 2533 2300 2604 poris;
2329 2537 2452 2588 octo
2471 2533 2530 2586 in
2545 2531 2896 2603 expediendo
2915 2529 3078 2600 regni
3103 2529 3330 2600 negotio
3345 2530 3712 2602 transigeret,
3731 2553 3760 2580 ιι

389 2623 692 2678 Christiani
719 2639 915 2677 omnes
933 2623 1004 2678 ad
1017 2623 1220 2693 jugem
1240 2621 1624 2692 precationem
1651 2626 1936 2690 tenentur,
1966 2625 2023 2675 et
2121 2627 2274 2698 quod
2303 2627 2372 2680 de
2406 2642 2472 2680 eo
2503 2625 2698 2679 scribit
2725 2623 3038 2677 Willelmus
3081 2623 3393 2676 monachus
3417 2623 3760 2678 Malmesbu-

390 2717 615 2788 speciali
647 2717 740 2770 Dei
790 2716 1184 2770 ministrorum
1223 2714 1566 2782 conditione,
1597 2714 1698 2786 qui
1743 2717 1862 2768 toto
1903 2729 2021 2767 sese
2121 2719 2339 2774 riensis.
2370 2719 2594 2774 Utinam
2619 2716 2820 2770 similis
2849 2715 3114 2770 sedulitas
3139 2715 3358 2770 animos
3401 2721 3620 2770 nostros
3655 2733 3762 2771 oc-

390 2809 576 2864 divino
604 2809 780 2863 cultui
809 2807 1222 2878 manciparunt.
1251 2809 1300 2860 ls
1317 2806 1472 2860 enim
1497 2807 1752 2860 divinum
1773 2811 1832 2860 et
1865 2823 2022 2876 apos-
2121 2815 2370 2882 cuparet.
2402 2812 2478 2865 Do
2521 2815 2710 2864 sancto
2757 2809 3033 2863 Ludovico
3073 2808 3132 2862 id
3177 2809 3466 2863 memoriae
3510 2809 3766 2880 prodidit

391 2903 624 2956 tolicum
650 2901 718 2954 de
746 2901 1096 2955 indesinente
1122 2900 1374 2954 oratione
1403 2905 1754 2970 praeceptum
1781 2899 2022 2970 implere
2122 2909 2318 2959 auctor
2344 2905 2467 2976 ejus
2496 2903 2726 2974 aqualis
2751 2901 2812 2955 in
2839 2917 3098 2956 sermone
3129 2901 3362 2971 inedito,
3393 2918 3564 2972 quem
3599 2918 3760 2956 nun-

391 2999 669 3061 censetur,
703 3014 728 3042 ιι
761 2994 859 3063 qui
885 2993 1163 3046 canonicis
1189 2993 1344 3046 horis
1367 2993 1642 3062 quotidie,
1663 2993 1828 3062 juxta
1847 2993 2022 3046 ritum
2121 3015 2293 3068 quam
2317 2997 2450 3052 satis
2475 2996 2734 3051 laudatus
2753 2995 3027 3048 Antonius
3045 2995 3386 3049 Herovallius
3411 2995 3574 3049 nobis
3601 3011 3764 3049 com-

391 3085 773 3140 ecclesiasticaa
793 3085 1126 3152 traditionis,
1157 3085 1478 3155 psalmodiis
1491 3085 1859 3156 precibusque
1883 3102 2018 3139 con-
2041 3113 2096 3185 Ο
2121 3091 2428 3146 municavit
2457 3107 2470 3144 :
2505 3109 2532 3141 «
2562 3089 2773 3143 Omnes
2803 3088 2970 3142 horas
2999 3087 3308 3154 canonicas,
3335 3093 3392 3142 et
3419 3089 3488 3142 de
3515 3087 3766 3159 gloriosa

389 3179 560 3232 suetis
590 3179 766 3232 Deum
793 3177 1023 3230 laudare
1052 3180 1108 3230 et
1143 3193 1346 3246 rogare
1383 3193 1498 3230 non
1534 3179 1766 3246 desistit,
1801 3197 1827 3228 »
1854 3183 1915 3232 ut
1941 3179 2021 3234 ait
2052 3177 2096 3185 “”
2123 3185 2348 3256 Virgine
2378 3199 2604 3254 semper
2621 3198 2753 3236 cum
2779 3185 2910 3236 nota
2933 3181 3232 3246 audiebat;
3261 3181 3534 3235 submisse
3561 3186 3764 3236 tamen

393 3271 536 3326 Beda
561 3271 620 3324 in
645 3272 808 3324 Lucae
838 3287 960 3340 cap.
997 3273 1082 3324 18.
1111 3269 1254 3324 Sunt
1279 3270 1506 3340 quidem
1533 3275 1590 3324 et
1614 3270 1724 3324 alia
1765 3287 1878 3326 non
1909 3272 2016 3325 mi-
2121 3277 2346 3333 easdem
2375 3277 2524 3330 inter
2557 3292 2614 3330 se
2645 3281 2700 3329 et
2729 3275 3085 3346 capellanum
3114 3291 3282 3328 suum
3308 3279 3364 3328 et
3405 3291 3510 3344 pro
3559 3275 3764 3329 defun~

389 3363 833 3418 norismomenti
849 3379 1136 3416 sacrorum
1151 3362 1544 3417 ministrorum
1557 3363 1739 3418 officia
1752 3369 2016 3432 etonera;
2121 3371 2224 3426 ctis
2255 3386 2462 3425 novem
2489 3369 2758 3424 lectiones
2793 3368 3044 3439 quotidie
3079 3367 3316 3422 dicebat.
3345 3367 3522 3422 Media
3561 3366 3760 3440 439

391 3473 574 3527 neque
599 3455 671 3510 ad
713 3456 820 3510 hoc
859 3471 1040 3508 unum
1089 3455 1169 3508 eis
1203 3455 1474 3526 assignati
1517 3461 1649 3510 sunt
1673 3461 1786 3510 tam
1815 3458 2023 3528 copiosi
2123 3469 2286 3518 nocte
2329 3463 2596 3532 surgebat
2624 3462 2694 3516 ad
2738 3461 3122 3516 conﬁtendum
3172 3461 3430 3528 Domino,
3463 3465 3521 3515 et
3557 3461 3762 3531 regina

393 3549 648 3604 Ecclesia!
697 3553 1026 3619 proventus,
1057 3549 1216 3620 quasi
1245 3549 1480 3602 recitato
1508 3549 1684 3604 semel
1713 3551 2019 3620 Breviario,
2121 3558 2284 3612 bonae
2325 3555 2615 3612 memoriae
2659 3554 2964 3626 aliquando
3011 3569 3140 3608 eum
3191 3557 3420 3624 propter
3467 3553 3652 3624 frigus
3687 3553 3760 3609 de

391 3641 643 3696 muneris
689 3641 776 3694 Sili
820 3657 1108 3694 summam
1177 3641 1364 3695 statim
1435 3643 1802 3712 expleverint.
1853 3646 2021 3708 QUEB-
2125 3651 2459 3704 vestimento
2500 3649 2687 3720 aliquo
2739 3647 3046 3719 operiebat.
3095 3665 3122 3698 »
3164 3646 3252 3702 Sic
3289 3645 3432 3700 nulli
3475 3663 3755 3718 unquam,

392 3734 522 3786 dam
551 3732 762 3803 quippe
785 3732 890 3786 alia
917 3733 986 3786 ab
1027 3733 1414 3788 ecclesiasticis
1441 3735 1568 3788 viris
1597 3737 1922 3806 exiguntur,
1953 3739 2026 3792 le-
2125 3743 2295 3798 etiam
2339 3741 2785 3812 occupatissimo,
2841 3739 3021 3794 deerit
3055 3743 3280 3810 tempus
3335 3743 3390 3793 et
3443 3739 3624 3794 otium
3685 3739 3758 3794 ad

392 3825 500 3878 ctio
552 3829 608 3878 et
653 3823 904 3878 studium
944 3831 1264 3878 sanctarum
1301 3826 1718 3896 Scripturarum
1765 3835 1822 3884 et
1857 3847 2026 3884 sacrae
2127 3837 2238 3890 Deo
2282 3835 2617 3902 vacandum,
2647 3833 2694 3887 si
2753 3832 2978 3904 pietatis
3023 3831 3272 3887 studium
3323 3847 3438 3888 non
3489 3832 3756 3888 defuerit.

387 3915 726 3986 traditionis,
753 3915 926 3970 divini
970 3915 1162 3988 438
1201 3918 1354 3972 verbi
1407 3920 1745 3989 praedicatio,
1783 3924 2024 3980 Charita-

1469 4297 1662 4372 440
1735 4265 2683 4384 ΑΡΡΕΝΒΙΧ

543 4447 1099 4550 Contz'nens
1163 4450 1824 4581 probationes
1911 4459 2409 4586 quasdam
2487 4459 2968 4590 Lz'turgz'w
3061 4455 3612 4560 Gallicana;

1493 4609 1587 4694 et
1669 4627 2036 4699 cursus
2123 4597 2664 4702 Gallicani.

1867 4789 2286 4804 __——_

425 4886 461 4940 l.
507 4901 766 4942 noumcs
809 4901 968 4940 ram
1011 4903 1307 4952 ADVENTUS,
1347 4907 1414 4944 AD
1457 4908 1648 4948 MISSAM
1703 4911 1979 4952 omcwu.
2039 4911 2098 4982 D
2191 4901 2348 4956 Dicat
2377 4901 2655 4970 presbyter
2695 4919 2711 4954 :
2749 4901 2853 4954 Per
2909 4897 3098 4952 omnia
3131 4897 3334 4952 saecula
3400 4879 3768 4950 saeculorum.

829 4983 915 5035 Ea:
940 4981 1154 5036 Missal-t'
1179 4981 1586 5038 Mazarabum'.
2041 4981 2075 4982 ί
2123 4993 2186 5058 R}.
2218 4995 2417 5047 Amen.

458 5071 592 5125 Ecce
644 5089 813 5143 super
851 5079 1072 5128 montes
1117 5074 1288 5144 pedes
1326 5076 1756 5146 evangelizantis
1799 5097 2016 5150 pacem,
2193 5089 2254 5142 1n
2280 5087 2514 5142 adventu
2541 5089 2753 5142 Domini
2779 5101 2882 5141 non
2911 5085 3160 5146 dicimus,
3198 5081 3388 5137 Gloria
3415 5081 3474 5136 in
3505 5081 3771 5146 excelsis,

387 5162 628 5228 alleluia,
662 5169 716 5218 et
735 5167 1118 5220 annuntiantis
1145 5167 1311 5234 bona,
1340 5169 1560 5224 alleluia
1592 5187 1604 5223 :
1637 5170 1856 5226 celebra
1879 5175 2022 5228 Juda
2127 5181 2411 5235 Dominicis
2439 5181 2622 5235 diebus
2658 5185 2708 5234 et
2731 5181 2907 5246 feriis,
2937 5178 3028 5233 sed
3058 5180 3268 5232 tantum
3305 5175 3488 5230 diebus
3525 5175 3770 5240 festiuis.

385 5254 710 5311 festivitates
737 5263 863 5312 tuas
897 5259 1138 5325 alleluia,
1177 5265 1232 5314 et
1269 5261 1440 5317 redde
1487 5262 1722 5316 Domino
1763 5269 1889 5318 vota
1927 5271 2024 5318 tua
2839 5278 3030 5328 Oratio.

387 5347 628 5402 alleluia.
659 5349 698 5410 Ῡ
731 5391 742 5403 .
771 5351 1037 5406 Dominus
1065 5353 1216 5408 dabit
1241 5355 1474 5410 verbum
1504 5357 2024 5428 evangelizantibus
2199 5367 2341 5421 Deus
2368 5366 2466 5437 qui
2493 5381 2595 5436 per
2619 5365 2905 5435 angelicos
2944 5365 3142 5417 choros
3175 5361 3480 5416 adventum
3505 5359 3626 5416 Filii
3681 5362 3782 5416 tui

393 5443 448 5496 in
477 5441 684 5496 virtute
731 5443 930 5498 multa.
959 5447 1046 5500 I’s.
1079 5447 1144 5500 Et
1173 5449 1362 5502 redde.
1395 5455 1434 5514 Ῡ
1469 5493 1480 5504 .
1510 5451 1692 5506 Gloria
1743 5457 1798 5506 et
1845 5452 2025 5505 honor
2127 5459 2351 5513 Domini
2387 5457 2564 5513 nostri
2602 5459 2732 5512 Jesu
2758 5457 2962 5512 Christi
2995 5455 3330 5510 annuntiare
3371 5453 3614 5520 voluisti,
3661 5455 3780 5524 qui

393 5535 539 5590 Patri
566 5539 622 5590 et
649 5535 785 5591 Filio
815 5541 870 5591 et
889 5537 1122 5608 Spiritui
1149 5546 1339 5596 sancto
1365 5543 1424 5596 in
1465 5545 1665 5600 saecula
1687 5547 2026 5602 saaculorum
2127 5569 2229 5624 per
2257 5553 2591 5622 angelorum
2617 5551 2918 5624 praeconia,
2953 5549 3138 5604 Gloria
3189 5549 3248 5602 in
3293 5547 3524 5604 excelSis
3549 5547 3680 5610 Deo,
3711 5553 3784 5603 et

392 5645 577 5684 amen-
613 5629 677 5684 Et
705 5629 900 5685 redde-
1433 5694 1438 5698 ,
2129 5648 2186 5700 in
2219 5651 2366 5700 terra
2393 5663 2504 5718 pax
2542 5645 2868 5700 hominibus
2899 5643 3060 5698 bonae
3092 5641 3408 5708 voluntatis,
3437 5640 3782 5696 adclaman-

465 5755 485 5783 '
519 5756 652 5812 Vide
672 5774 802 5832 pag.
831 5761 899 5814 25
929 5763 982 5818 et
1007 5775 1162 5833 seqq.
