3982 6190
174 311 251 366 il?
788 312 875 368 AD
913 313 1400 372 PRECEDENTIA
1439 315 1772 373 LITURGIE
1810 315 2228 377 MONUMENTA
2267 321 2599 378 APPENDIX
2640 321 2865 379 PRIMA.

3407 323 3510 381 418

170 418 295 472 tibus
323 416 738 514 demonstrasti,
769 422 1014 477 concede
1039 425 1103 477 ut
1147 424 1208 478 in
1262 425 1432 495 hujus
1477 426 1772 480 dominicae
1799 443 1857 514 Α
1879 430 2068 484 Habeo
2097 430 2276 501 igitur
2305 432 2547 502 gloriam
2574 431 2633 485 in
2656 431 2878 486 Christo
2904 431 3034 486 Jesu
3071 431 3138 487 ad
3171 430 3371 488 Deum.
3395 433 3514 487 Non

167 511 566 566 resurrectionis
603 512 920 585 festivitate,
959 533 1073 587 pax
1111 519 1276 572 terris
1315 518 1531 573 reddita
1575 536 1778 574 conva-

165 605 331 672 lescat,
364 610 420 659 et
443 607 708 661 fraternae
733 608 1046 664 dilectionis
1083 611 1308 667 caritate
1348 611 1617 668 innovate
1655 630 1777 684 per-

165 701 395 752 maneat.
427 698 491 762 R).
519 702 717 756 Amen.

209 794 370 845 Dicat
394 793 658 847 sacerdos.

210 885 320 938 Per
345 883 787 940 misericordiam
816 891 994 958 tuam,
1027 889 1170 944 Deus
1199 894 1409 957 noster,
1447 891 1547 961 qui
1588 907 1646 944 es
1683 891 1776 945 be-

159 976 418 1045 nedictus,
449 981 505 1031 et
529 979 683 1045 vivis,
715 984 772 1034 et
805 981 994 1035 omnia
1023 983 1172 1054 regis
1193 983 1253 1037 in
1301 984 1505 1037 saecula
1549 985 1774 1038 saeculo-

156 1085 290 1122 rum.
340 1067 402 1130 ﬂ).
448 1073 644 1125 Amen.
690 1070 750 1130 Ῠ.
799 1073 1066 1128 Dominus
1102 1075 1174 1130 sit
1199 1091 1422 1146 semper
1461 1075 1768 1131 vobiscum.

157 1174 205 1236 Ig‘.
237 1168 301 1220 Et
321 1182 454 1220 cum
480 1167 683 1238 spiritu
713 1172 830 1223 tuo.

327 1308 511 1363 Lectio
540 1309 667 1364 libri
693 1311 870 1365 Esaiae
895 1313 1212 1384 prophetas.
1247 1316 1497 1384 Capitqu
1526 1331 1577 1368 Χ.

213 1445 274 1508 nl.
308 1448 422 1500 Deo
452 1449 685 1518 gratias.

211 1540 349 1593 Ecce
391 1540 713 1596 dominator
739 1542 1007 1596 Dominus
1053 1544 1408 1598 exercituum
1451 1543 1769 1615 confringet

150 1631 500 1702 lagunculam
523 1633 704 1705 441
741 1635 800 1688 in
828 1639 1069 1704 terrore,
1100 1640 1155 1690 et
1183 1637 1385 1691 excelsi
1410 1640 1623 1691 statura
1641 1653 1765 1691 suc-

150 1725 415 1793 cidentur,
446 1727 780 1782 etsublimes
799 1727 1270 1796 humiliabuntur,
1299 1735 1356 1784 et
1373 1729 1770 1785 subvertantur

1879 524 2032 577 enim
2060 524 2242 578 audeo
2269 524 2481 596 aliquid
2526 525 2682 595 loqui
2721 541 2918 579 eorum
2964 541 3091 595 qua:
3130 542 3233 596 per
3267 542 3358 580 me
3396 543 3510 580 non

1878 616 2048 671 efﬁcit
2080 617 2352 683 Christus,
2397 618 2456 672 in
2497 619 2875 674 obedientiam
2910 619 3186 689 gentium,
3241 619 3302 673 in
3342 620 3513 674 verbo

1877 712 1933 763 et
1967 709 2144 776 factis,
2175 710 2234 763 in
2259 711 2466 766 virtute
2494 711 2786 782 signorum
2808 716 2862 766 et
2886 712 3297 782 prodigiorum,
3321 713 3380 767 in
3407 713 3514 767 vir-

1873 806 1992 856 tute
2023 802 2260 872 Spiritus
2289 804 2498 872 sancti;
2529 804 2608 858 ita
2634 810 2698 858 ut
2731 805 2802 858 ab
2829 803 3021 875 442
3057 806 3367 859 Jerusalem
3410 821 3513 875 per

1874 895 2174 950 circuitum
2208 913 2387 967 usque
2435 897 2503 951 ad
2553 898 2832 967 Illyricum
2873 897 3210 968 repleverim
3251 899 3509 968 Evange-

1872 987 2014 1042 lium
2039 989 2265 1043 Christi.
2296 990 2384 1044 Sic
2411 994 2601 1044 autem
2631 990 2926 1060 prmdicavi
2972 991 3079 1045 hoc
3120 991 3507 1061 Evangelium,

1871 1097 1988 1136 non
2004 1081 2110 1135 'ubi
2134 1082 2459 1137 nominatus
2505 1087 2587 1137 est
2630 1083 2900 1152 Christus,
2943 1100 3015 1138 ne
3054 1100 3224 1154 super
3262 1084 3509 1138 alienum

1869 1174 2304 1229 fundamentum
2332 1175 2694 1244 mdiﬁcarem,
2721 1176 2864 1230 sicut
2900 1176 3174 1247 scriptum
3216 1181 3333 1231 est:
3380 1177 3509 1240 Qui-

1868 1267 1973 1321 bus
1997 1284 2111 1322 non
2139 1273 2223 1323 est
2248 1269 2646 1324 annuntiatum
2673 1270 2741 1323 de
2763 1285 2829 1323 eo
2857 1269 3154 1338 videbunt,
3187 1274 3243 1324 et
3271 1270 3368 1340 qui
3392 1287 3506 1324 non

1868 1359 2171 1415 audierunt
2206 1361 2545 1433 intelligent.
2592 1364 2826 1434 Propter
2868 1362 3022 1432 quod
3051 1366 3107 1416 et
3156 1362 3508 1433 impediebar

1868 1453 2179 1523 plurimum
2210 1454 2400 1508 venire
2438 1457 2507 1509 ad
2543 1471 2656 1524 vos,
2699 1459 2754 1509 et
2795 1455 3113 1525 prohibitus
3157 1471 3282 1508 sum
3328 1471 3508 1525 usque

1868 1545 2072 1600 adhuc.
2110 1548 2266 1601 Nunc
2289 1564 2419 1602 vero
2444 1548 2681 1602 ulterius
2701 1548 2890 1602 locum
2916 1565 3030 1602 non
3068 1548 3282 1602 habens
3327 1548 3384 1600 in
3421 1548 3509 1601 his

1867 1639 2210 1710 regionibus,
2255 1641 2624 1711 cupiditatem
2664 1644 2855 1695 autem
2881 1641 3098 1695 habens
3139 1640 3404 1695 veniendi
3438 1641 3508 1693 ad

1868 1747 1962 1786 vos
1996 1748 2064 1786 ex
2108 1732 2300 1786 multis
2342 1733 2465 1803 jam
2517 1733 2966 1804 praecedentibus
3015 1733 3207 1801 annis;
3266 1749 3394 1787 cum
3449 1733 3506 1787 in

150 1818 416 1872 condensa
441 1820 614 1874 saltus
641 1821 762 1890 ejus
790 1821 959 1888 ferro,
993 1826 1050 1876 et
1089 1822 1330 1876 Libanus
1369 1839 1497 1876 cum
1537 1823 1767 1878 excelsis
1788 1807 1843 1878 Β
1866 1825 2188 1896 Hispaniam
2227 1825 2507 1897 proﬁcisci
2539 1843 2779 1897 coepero,
2808 1843 2970 1896 spero
2999 1827 3148 1896 quod
3175 1827 3508 1896 praeteriens

150 1911 316 1966 cadet.
352 1910 507 1983 [Cap.
535 1913 630 1985 XL]
665 1915 732 1967 Et
758 1914 1081 1986 egredietur
1105 1915 1262 1986 virga
1292 1916 1360 1970 de
1403 1916 1589 1970 radice
1616 1919 1766 1971 Jesse

149 2008 193 2058 et
214 2004 316 2059 ﬂos
343 2006 415 2060 de
452 2007 637 2061 radice
666 2007 787 2077 ejus
825 2009 1106 2077 ascendet,
1153 2014 1209 2062 et
1245 2009 1557 2079 requiescet
1597 2025 1768 2080 super

150 2114 263 2153 eum
283 2100 526 2170 Spiritus
567 2100 807 2169 Domini,
855 2100 1082 2171 spiritus
1128 2101 1414 2172 sapientiae
1457 2107 1513 2156 et
1555 2087 1766 2156 intelle-

147 2199 272 2261 ctus,
302 2193 533 2264 spiritus
562 2193 777 2247 consilii
808 2199 865 2247 et
900 2194 1270 2260 fortitudinis,
1309 2195 1538 2265 spiritus
1581 2195 1762 2249 scien-

147 2286 226 2340 tiae
255 2291 312 2340 et
338 2286 562 2356 pietatis
586 2303 599 2340 :
640 2291 695 2341 et
718 2287 958 2357 replebit
984 2303 1115 2342 eum
1146 2287 1377 2358 spiritus
1403 2287 1622 2342 timoris
1657 2290 1760 2343 Do-

147 2379 292 2433 mini.
325 2380 453 2433 Non
481 2380 794 2434 secundum
840 2380 1113 2435 visionem
1147 2380 1440 2434 oculorum
1463 2381 1762 2451 judicabit,

147 2488 315 2542 neque
329 2473 645 2527 secundum
664 2474 924 2528 auditum
943 2474 1166 2528 aurium
1189 2480 1421 2545 arguet;
1443 2475 1538 2529 sed
1551 2475 1766 2545 judica-

147 2564 220 2619 bit
250 2566 308 2619 in
338 2565 562 2634 justitia
599 2583 894 2638 pauperes,
947 2572 1002 2622 et
1049 2573 1250 2637 arguet
1287 2567 1345 2620 in
1370 2568 1637 2638 aequitate
1662 2584 1765 2638 pro

149 2659 444 2712 mansuetis
487 2664 676 2713 terras.
704 2661 772 2713 Et
800 2659 1077 2730 percutiet
1101 2666 1312 2714 terram
1337 2661 1496 2730 virga
1525 2661 1638 2714 oris
1658 2661 1763 2728 sui,

150 2755 198 2803 et
218 2751 418 2820 spiritu
443 2751 726 2806 labiorum
741 2769 978 2807 suorum
988 2753 1290 2808 interﬁciet
1301 2753 1564 2824 impium.
1580 2755 1647 2806 Et
1662 2753 1768 2808 erit

142 2844 346 2912 justitia
365 2844 663 2916 cingulum
691 2846 1018 2900 lumborum
1038 2846 1086 2916 ej
1096 2863 1180 2913 us,
1199 2852 1254 2900 et
1282 2845 1420 2900 fides
1433 2845 1767 2901 cinctorium

149 2952 334 2990 renum
384 2937 527 3006 ejus.
583 2938 864 2993 Habitabit
892 2939 1058 3009 lupus
1091 2955 1220 2992 cum
1252 2942 1431 3010 fagno,
1463 2945 1519 2994 et
1559 2939 1768 3010 pardus

150 3044 267 3082 cum
295 3030 460 3084 hazdo
501 3031 794 3085 accubabit
827 3049 840 3085 :
883 3032 1091 3086 vitulus
1132 3036 1189 3086 et
1218 3033 1306 3086 leo
1344 3036 1400 3085 et
1438 3031 1554 3086 ovis
1601 3033 1767 3086 simul

1866 1917 2088 1971 videam
2127 1935 2240 1985 vos,
2282 1923 2339 1972 et
2380 1936 2412 1972 a
2450 1919 2606 1973 vobis
2647 1919 2891 1973 deducar
2935 1919 3087 1982 illuc,
3139 1919 3184 1972 si
3231 1919 3386 1973 vobis
3439 1937 3508 1975 ex

1866 2015 2027 2080 parte
2046 2011 2296 2080 primum
2321 2011 2526 2066 fruitus
2554 2013 2736 2066 fuero.
2767 2014 2923 2066 Nunc
2967 2011 3144 2082 igitur
3184 2012 3510 2082 proﬁciscar

1865 2102 1924 2156 in
1965 2104 2274 2159 Jerusalem
2305 2105 2625 2160 ministrare
2665 2105 2887 2160 sanctis.
2933 2106 3317 2160 Probaverunt
3355 2105 3507 2160 enim

1866 2197 2181 2251 Macedonia
2213 2202 2269 2251 et
2317 2198 2525 2252 Achaia
2565 2198 2919 2253 collationem
2955 2199 3204 2270 aliquam
3232 2199 3414 2254 facere
3448 2199 3509 2253 in

1866 2305 2144 2360 pauperes
2189 2295 2512 2346 sanctorum
2533 2292 2630 2362 qui
2658 2297 2790 2346 sunt
2819 2292 2878 2345 in
2913 2293 3240 2347 Jerusalem.
3295 2292 3511 2346 Placuit

1867 2382 2021 2436 enim
2050 2383 2148 2450 eis,
2179 2388 2234 2437 et
2264 2389 2396 2439 sunt
2421 2385 2699 2439 debitores
2726 2401 2946 2440 eorum.
2979 2387 3118 2439 Nam
3159 2385 3205 2438 si
3240 2385 3504 2456 spiritua-

1865 2475 2006 2530 lium
2032 2492 2227 2530 eorum
2253 2477 2555 2549 participes
2582 2478 2716 2533 facti
2744 2483 2875 2533 sunt
2901 2478 3160 2549 gentiles,
3206 2477 3413 2533 debent
3454 2485 3510 2533 et

1865 2569 1925 2623 in
1951 2569 2274 2624 carnalibus
2309 2571 2628 2626 ministrare
2675 2572 2773 2626 eis.
2818 2572 2931 2625 Hoc
2974 2571 3151 2642 igitur
3191 2587 3321 2626 cum
3371 2587 3505 2626 con-

1867 2679 2240 2730 summavero,
2269 2667 2325 2718 et
2349 2664 2704 2734 assignavero
2741 2665 2820 2718 eis
2849 2665 3098 2719 fructum
3128 2666 3300 2732 hunc,
3338 2664 3508 2734 proﬁ-

1866 2754 2039 2808 ciscar
2062 2771 2165 2826 per
2189 2771 2286 2809 vos
2325 2756 2385 2809 in
2429 2757 2771 2826 Hispaniam.
2820 2756 2944 2811 Scio
2994 2761 3184 2810 autem
3234 2757 3505 2827 quoniam
3604 2809 3614 2818 ,

1865 2847 2096 2901 veniens
2123 2849 2193 2902 ad
2219 2864 2336 2914 vos,
2369 2849 2426 2903 in
2453 2849 2796 2904 abundantia
2846 2848 3250 2904 benedictionis
3291 2849 3508 2905 Christo

1866 2941 2112 2996 veniam.
2143 2941 2205 3005 Β).
2233 2944 2434 2996 Amen.

1938 3036 2093 3089 Dicat
2113 3035 2359 3089 sacerdos
2391 3054 2406 3089 :
2453 3035 2724 3089 Dominus
2750 3035 2820 3089 sit
2845 3051 3070 3106 semper
3095 3035 3408 3091 vobiscum.
3436 3035 3506 3099 ιν.

150 3123 528 3191 morabuntur,
567 3129 624 3178 et
645 3141 790 3195 puer
815 3125 1083 3194 parvulus
1110 3124 1351 3180 minabit
1388 3141 1502 3180 eos.
1551 3125 1768 3180 Vitulus
1791 3170 1839 3195 η
1868 3127 1935 3181 Et
1964 3143 2116 3181 cum.

153 3220 200 3268 et
220 3231 378 3270 ursus
413 3222 733 3287 pascentur,
763 3217 929 3272 simul
955 3218 1308 3288 requiescent
1334 3219 1502 3272 catuli
1545 3234 1763 3287 eorum,

154 3312 200 3360 et
223 3308 302 3362 leo
322 3310 482 3380 quasi
510 3310 614 3364 bos
641 3310 895 3365 comedet
921 3311 1130 3380 paleas.
1163 3313 1228 3364 Et
1265 3311 1636 3366 delectabitur
1674 3313 1764 3366 in-

151 3399 258 3454 fans
281 3402 348 3456 ab
374 3403 549 3457 ubere
578 3419 748 3473 super
770 3403 1049 3457 foramina
1075 3403 1306 3474 aspidis,
1331 3409 1387 3458 et
1434 3405 1493 3458 in
1527 3421 1767 3459 caverna

150 3494 336 3564 reguli,
366 3496 468 3565 qui
507 3496 817 3551 ablactatus
843 3496 1032 3564 fuerit,
1070 3513 1301 3550 manum
1354 3513 1516 3551 suam
1558 3498 1763 3552 mittet.

151 3585 255 3640 Non
279 3589 648 3642 nocebunt'et
687 3605 800 3643 non
851 3588 1109 3643 occident
1154 3588 1213 3644 in
1261 3590 1525 3644 universo
1575 3596 1766 3646 monte

150 3685 326 3735 sancto
353 3697 502 3748 meo,
532 3682 664 3752 quia
687 3681 899 3752 repleta
934 3687 1018 3736 est
1054 3684 1205 3736 terra
1254 3682 1484 3738 scientia
1521 3684 1763 3753 Domini,

151 3772 277 3827 sicut
299 3790 460 3845 aqua;
482 3775 655 3828 maris
684 3775 1005 3845 operientis.
1039 3777 1100 3828 In
1129 3776 1218 3830 die
1260 3775 1354 3830 illa
1396 3776 1578 3831 Radix
1618 3779 1765 3831 Jesse

152 3867 236 3936 qui
261 3872 366 3922 stat
396 3868 455 3921 in
475 3867 705 3938 signum
732 3869 1094 3939 populorum,
1118 3869 1302 3939 ipsum
1334 3875 1528 3939 gentes
1563 3871 1762 3941 depre-

155 3959 436 4027 cabuntur,
489 3965 544 4014 et
586 3960 692 4014 erit
748 3960 1072 4031 sepulcrum
1131 3961 1253 4032 ejus
1308 3963 1632 4032 gloriosum.
1698 3969 1763 4033 lt}.

155 4055 335 4107 Amen.

213 4148 363 4200 Dicat
383 4146 667 4216 presbyter:
683 4149 740 4200 in
759 4161 920 4200 cornu
934 4149 1213 4202 sinistrum
1233 4148 1458 4225 altaris:
1487 4148 1764 4204 Dominus

155 4238 215 4290 sit
255 4255 478 4310 semper
517 4238 825 4294 vobiscum.
886 4237 950 4300 Β).
995 4242 1061 4294 Et
1103 4257 1254 4295 cum.
1299 4242 1605 4297 Psallendo.
1659 4243 1764 4306 Qui

155 4329 238 4385 dat
262 4332 446 4386 nivem
474 4333 621 4386 sicut
644 4333 856 4402 lanam,
878 4333 1146 4388 nebulam
1170 4335 1322 4389 velut
1343 4335 1595 4389 cinerem
1610 4352 1764 4406 spar-

159 4424 254 4492 git;
280 4426 376 4496 qui
399 4426 606 4480 emittit
624 4426 989 4497 chrystallum
1017 4444 1177 4481 suam
1203 4428 1347 4482 sicut
1373 4429 1550 4483 frusta
1575 4429 1758 4499 panis.

1789 3170 1842 3243 C

1905 3220 2090 3275 Lectio
2120 3219 2294 3274 sancti
2328 3219 2615 3290 Evangelii
2653 3221 2966 3276 secundum
2992 3223 3223 3278 Lucam.
3265 3225 3397 3294 Cap.
3430 3237 3508 3279 ιιι.

1939 3310 2002 3372 nl.
2038 3314 2237 3370 Chorus
2265 3332 2282 3366 :
2315 3313 2499 3367 Gloria
2527 3313 2647 3380 tibi,
2669 3315 2923 3369 Domine.

1934 3407 2096 3459 Anno
2122 3404 2322 3476 quinto
2341 3405 2558 3460 decimo
2577 3406 2802 3476 imperii
2831 3407 3037 3460 Tiberii
3077 3407 3329 3476 Caesaris,
3373 3425 3500 3478 pro-

1867 3502 2096 3552 curante
2127 3498 2324 3552 Pontio
2349 3497 2525 3551 Pilato
2555 3499 2832 3568 Iudaeam,
2865 3499 3143 3554 tetrarcha
3179 3505 3370 3554 autem
3410 3502 3512 3555 Ga-

1865 3590 2003 3645 lileae
2045 3591 2280 3656 Herode,
2325 3591 2585 3661 Philippo
2627 3595 2819 3646 autem
2859 3592 3036 3647 fratre
3073 3592 3192 3661 ejus
3227 3595 3507 3648 tetrarcha

1869 3683 2066 3737 ltureae
2106 3686 2161 3737 et
2196 3683 2566 3736 Traconitidis
2601 3682 2868 3753 regionis,
2907 3689 2963 3738 et
2997 3684 3216 3738 Lisania
3273 3685 3511 3740 Abilinaa

1866 3775 2174 3845 tetrarcha;
2232 3776 2334 3828 sub
2393 3775 2741 3846 principibus
2799 3777 3150 3832 sacerdotum
3215 3781 3382 3832 Anna
3450 3784 3510 3834 et

1866 3868 2111 3939 Caipha;
2139 3868 2350 3922 factum
2377 3874 2462 3922 est
2485 3869 2720 3922 verbum
2748 3870 2973 3924 Domini
3001 3886 3172 3941 super
3189 3871 3509 3927 Johannem

1865 3961 2142 4015 Zacharias
2184 3961 2368 4015 ﬁlium
2416 3961 2474 4015 in
2521 3962 2775 4032 deserto;
2806 3967 2862 4018 et
2885 3962 3039 4018 venit
3062 3963 3121 4018 in
3151 3980 3380 4019 omnem
3407 3982 3497 4020 re-

1868 4055 2096 4126 gionem
2117 4055 2392 4123 Jordanis,
2425 4056 2738 4125 pradicans
2781 4057 3127 4128 baptismum
3164 4058 3511 4128 paenitentia:

1863 4148 1923 4202 in
1967 4148 2358 4203 remissionem
2395 4154 2773 4219 peccatorum,
2825 4151 2969 4205 sicut
3011 4151 3283 4220 scriptum
3327 4156 3409 4204 est
3451 4152 3510 4205 in

1864 4240 2010 4295 libro
2053 4257 2384 4296 sermonum
2426 4243 2616 4312 Esayze
2668 4242 3007 4312 prophetae:
3059 4245 3175 4296 Vox
3219 4243 3511 4297 clamantis

1863 4334 1923 4388 in
1949 4335 2168 4389 deserto
2197 4354 2212 4388 :
2241 4337 2436 4388 Parate
2458 4335 2606 4389 viam
2643 4335 2890 4402 Domini,
2938 4338 3113 4390 rectas
3147 4335 3313 4388 facite
3349 4335 3510 4389 semi-

1865 4431 1950 4480 tas
1975 4427 2116 4497 ejus.
2147 4428 2342 4481 Omnis
2374 4426 2536 4480 vallis
2559 4427 2918 4496 implebitur;
2950 4432 3007 4480 et
3035 4428 3218 4480 omnis
3258 4443 3422 4481 mons
3455 4434 3510 4482 et

157 4519 281 4570 Ante
313 4519 512 4573 faciem
533 4519 763 4590 frigoris
809 4520 930 4590 ejus
972 4521 1099 4591 quis
1137 4519 1452 4575 subsistet?
1491 4519 1551 4580 Ῠ.
1604 4519 2021 4604 MittitDcollis
2067 4519 2493 4586 humiliabitur;
2538 4523 2594 4572 et
2644 4523 2810 4573 erunt
2853 4535 3022 4589 prava
3074 4520 3133 4574 in
3175 4519 3405 4589 directa,
3454 4527 3511 4576 et

156 4610 373 4666 verbum
404 4628 572 4666 suum
599 4617 656 4666 et
678 4611 994 4682 liquefaciet
1013 4630 1100 4682 ea,
1150 4614 1248 4668 ﬁat
1281 4614 1512 4684 spiritus
1547 4613 1668 4684 ejus
1711 4619 1767 4669 et

158 4700 317 4758 ﬂuent
339 4722 523 4776 aquae.
555 4709 618 4761 P.
652 4708 816 4760 Ante.

218 4799 362 4852 Dicat
387 4799 632 4854 sacerdos
659 4818 675 4852 :
704 4799 1000 4854 Silentium
1027 4800 1216 4854 facite.

217 4890 509 4962 Sequentia
547 4892 806 4964 Epistolas
848 4893 1002 4947 Pauli
1057 4893 1290 4964 apostoli
1338 4893 1406 4946 ad
1460 4894 1762 4948 Romanos.

157 4980 274 5053 Cap.
300 5001 388 5040 xv.

215 5079 540 5148 Respondeat
566 5079 754 5134 chorus
781 5098 797 5133 :
831 5079 940 5134 Deo
969 5079 1196 5151 gratias.

216 5169 448 5227 Fratres.
488 5172 684 5226 Certus
719 5167 843 5226 sum
883 5189 989 5243 ego
1030 5172 1150 5242 ipse
1188 5173 1256 5227 de
1292 5172 1766 5244 vobis,.quoniam

158 5266 205 5315 et
227 5262 324 5334 ipsi
347 5265 503 5336 pleni
545 5265 676 5320 estis
725 5265 1043 5335 dilectione,
1085 5266 1289 5337 repleti
1332 5265 1489 5320 omni
1515 5266 1764 5335 scientia,

157 5352 221 5407 ita
269 5364 329 5412 ut
362 5358 589 5429 possitis
630 5359 772 5414 alter
818 5359 1153 5414 alterutrum
1188 5375 1443 5414 monere.
1488 5359 1768 5414 Audacius

156 5453 329 5505 autem
353 5451 551 5522 scripsi
588 5451 761 5521 vobis,
803 5451 1022 5520 fratres,
1057 5469 1124 5507 ex
1164 5458 1342 5523 parte,
1382 5458 1674 5524 tamquam
1708 5451 1767 5506 in

154 5545 469 5600 memoriam
497 5560 595 5599 vos
622 5545 916 5612 reducens,
946 5551 1179 5617 propter
1216 5546 1459 5618 gratiam
1486 5562 1615 5617 quae
1642 5545 1770 5600 data

155 5640 224 5690 est
247 5638 387 5693 mihi
426 5655 460 5692 a
487 5639 622 5707 Deo,
656 5642 716 5693 ut
741 5639 849 5694 sim
867 5639 1124 5694 minister
1153 5639 1358 5695 Christi
1380 5641 1511 5695 Jesu
1539 5639 1597 5693 in
1625 5655 1765 5711 gen-

154 5725 302 5802 tibus,
335 5731 692 5788 sanctiﬁcans
735 5732 1110 5805 Evangelium
1159 5732 1273 5803 Dei,
1319 5738 1384 5787 ut
1431 5733 1528 5788 fiat
1562 5732 1768 5788 oblatio

156 5825 390 5892 gentium
431 5830 665 5897 accepta
704 5830 762 5881 et
812 5825 1151 5884 sanctiﬁcata
1179 5827 1242 5882 in
1291 5825 1501 5898 Spiritu
1556 5831 1765 5885 sancto.

1867 4628 2063 4683 aspera
2090 4613 2150 4665 in
2175 4611 2289 4665 vias
2315 4611 2514 4682 planas
2538 4627 2551 4664 :
2585 4615 2642 4664 et
2661 4611 2872 4666 videbit
2898 4613 3080 4666 omnis
3111 4630 3238 4667 caro
3265 4614 3506 4668 salutare

1867 4705 1986 4760 Dei.
2016 4704 2240 4759 Dicebat
2265 4720 2401 4775 ergo
2429 4704 2500 4758 ad
2527 4705 2719 4758 turbas
2745 4704 2843 4774 qui
2871 4705 3126 4761 exierant
3164 4711 3230 4761 ut
3261 4706 3503 4778 baptiza-

1867 4802 2066 4852 rentur
2093 4798 2162 4851 ab
2190 4798 2310 4868 ipso
2338 4816 2354 4851 :
2394 4796 2692 4852 Genimina
2731 4797 3071 4869 viperarum,
3101 4801 3227 4871 quis
3263 4802 3508 4856 ostendit

1867 4891 2022 4945 vobis
2049 4891 2248 4962 fugere
2273 4908 2305 4944 a
2345 4893 2581 4944 ventura
2617 4891 2737 4946 ira?
2779 4891 2945 4946 facite
2985 4909 3121 4963 ergo
3162 4895 3376 4947 fructus
3419 4894 3505 4948 di-

1870 5001 2013 5056 gnos
2059 4984 2427 5054 paenitentiz-e.
2467 4986 2532 5039 Et
2579 5001 2651 5038 ne
2691 4985 2968 5055 coeperitis
3010 4986 3239 5040 dicere:
3282 4988 3505 5041 Patrem

1869 5078 2144 5132 habemus
2167 5077 2471 5132 Abraham.
2505 5077 2638 5131 Dico
2654 5079 2807 5132 enim
2833 5077 3010 5146 vobis,
3031 5078 3163 5149 quia
3197 5083 3397 5150 potens
3429 5085 3515 5135 est

1869 5173 2014 5226 Deus
2039 5171 2107 5225 de
2127 5171 2411 5242 lapidibus
2435 5171 2556 5224 istis
2599 5171 2865 5226 suscitare
2907 5171 3047 5225 filios
3090 5171 3348 5228 Abrahae.
3390 5175 3512 5230 Jam

1869 5264 2021 5318 enim
2065 5264 2274 5319 securis
2311 5264 2380 5318 ad
2420 5264 2666 5318 radicem
2702 5263 2915 5318 arboris
2954 5264 3133 5335 posita
3185 5271 3287 5322 est.
3317 5268 3512 5323 Omnis

1869 5374 2005 5430 ergo
2025 5358 2192 5412 arbor
2214 5356 2406 5428 443
2419 5373 2534 5410 non
2559 5356 2766 5410 faciens
2783 5357 3032 5412 fructum
3059 5359 3274 5415 bonum
3294 5361 3513 5416 excide-

1871 5454 1982 5520 tur,
2013 5455 2070 5506 et
2094 5451 2154 5504 in
2178 5450 2372 5520 ignem
2391 5448 2666 5504 mittetur.
2697 5450 2764 5503 Et
2786 5449 3216 5523 interrogabant
3237 5469 3370 5509 eum
3397 5458 3511 5509 tur-

1867 5544 1974 5614 bas,
2015 5543 2262 5598 dicentes
2291 5558 2304 5596 :
2333 5542 2480 5605 Quid
2515 5558 2650 5613 ergo
2678 5542 2988 5599 faciemus?
3017 5546 3382 5618 Respondens
3404 5561 3506 5600 au-

1866 5642 1985 5693 tem
2022 5636 2240 5691 dicebat
2273 5635 2385 5689 illis
2429 5653 2446 5704 ;
2492 5635 2596 5700 Qui
2635 5635 2809 5692 habet
2848 5637 2985 5694 duas
3022 5639 3238 5694 tunicas
3275 5637 3369 5691 det
3392 5651 3512 5693 non

1869 5729 2122 5800 habenti,
2150 5733 2207 5784 et
2231 5729 2330 5801 qui
2349 5728 2520 5786 habet
2544 5745 2695 5786 escas
2727 5730 2987 5788 similiter
3016 5732 3200 5786 faciat.
3228 5730 3514 5789 Venerunt

1867 5829 2056 5883 autem
2082 5827 2138 5880 et
2180 5823 2469 5897 publicani
2493 5829 2560 5883 ut
2587 5824 3025 5897 baptizarentur,
3065 5827 3121 5880 et
3147 5822 3412 5884 dixerunt
3439 5826 3512 5893 ad
