3982 6190
439 289 542 350 419

1222 293 1554 349 APPENDIX
1592 290 1678 348 AD
1715 292 1936 348 OPERA
1973 289 2205 349 SANCTI
2241 290 2538 348 GERMANI
2578 286 3003 348 PARISIENSIS.

3701 283 3815 348 420

437 403 602 457 illum
631 417 646 456 :
674 399 952 472 Magister,
975 400 1112 472 quid
1137 400 1408 456 faciemus
1425 401 1452 455 ?
1471 405 1542 455 At
1566 401 1658 457 ille
1677 401 1820 456 dixit
1846 402 1918 456 ad
1943 417 2038 457 eos
2064 417 2078 454 :
2101 413 2162 486 Α
2182 402 2240 456 et
2265 400 2323 454 in
2354 403 2662 472 conspectu
2688 399 2982 454 seniorum
3017 397 3264 454 alleluia.
3297 406 3358 470 ψ.
3383 398 3510 454 Haec
3531 399 3687 454 dicet
3709 403 3820 455 Do-

439 496 593 551 Nihil
617 495 859 566 amplius
894 510 1070 565 quam
1097 493 1247 566 quod
1274 494 1648 550 constitutum
1676 499 1761 550 est
1788 495 1966 564 vobis,
1997 497 2079 549 fa-

441 589 620 644 ciatis.
644 587 1068 657 lnterrogabant
1087 592 1278 642 autem
1299 602 1432 642 eum
1461 592 1517 642 et
1539 588 1766 656 milites,
1789 588 2034 644 dicentes
2065 606 2078 644 :

441 681 589 746 Quid
602 679 870 735 faciemus
890 683 945 733 et
956 695 1058 732 nos
1077 679 1103 734 ‘l
1125 679 1192 734 Et
1209 679 1287 734 ait
1300 679 1412 734 illis
1437 696 1450 735 :
1472 679 1776 736 Neminem
1797 683 2080 738 concutia-

445 775 537 843 tis,
560 788 744 843 neque
775 771 1116 826 calumniam
1141 772 1380 841 faciatis,
1403 777 1461 828 et
1494 774 1744 829 contenti
1775 779 1947 830 estote
1980 775 2082 830 sti-

444 865 669 938 pendiis
697 865 912 919 vestris.
952 865 1318 922 Existimante
1353 870 1546 922 autem
1573 868 1808 938 populo,
1841 873 1898 922 et
1925 869 2081 939 cogi-

443 959 690 1013 tantibus
732 958 996 1014 omnibus
1034 959 1094 1013 in
1138 959 1398 1015 cordibus
1445 961 1560 1015 suis
1601 960 1671 1016 de
1708 961 1980 1030 Johanne,
2011 977 2084 1017 ne

441 1051 586 1106 forte
614 1051 733 1122 ipse
759 1056 903 1106 esset
937 1052 1228 1122 Christus;
1261 1054 1553 1125 respondit
1577 1053 1859 1109 Iohannes
1893 1055 2084 1110 dicens

448 1144 714 1200 omnibus
741 1161 755 1199 :
788 1147 904 1217 Ego
934 1144 1164 1217 quidem
1193 1163 1341 1218 aqua
1366 1147 1591 1219 baptizo
1622 1164 1738 1217 vos,
1765 1147 1954 1202 veniet
1979 1165 2082 1203 au-

447 1243 565 1293 tem
592 1239 792 1293 fortior
819 1255 912 1294 me
936 1245 1066 1311 post
1100 1256 1214 1311 me,
1242 1241 1403 1311 cujus
1430 1257 1545 1296 non
1579 1257 1707 1296 sum
1741 1241 1949 1313 dignus
1972 1241 2084 1296 sol-

450 1347 580 1386 vere
608 1331 911 1402 corrigiam
935 1333 1436 1389 calciamentorum
1455 1335 1600 1406 ejus.
1631 1336 1750 1406 Ipse
1778 1351 1876 1390 vos
1899 1334 2084 1406 bapti-

455 1424 602 1479 zabit
630 1425 690 1478 in
717 1425 929 1496 Spiritu
957 1431 1150 1481 sancto
1181 1430 1238 1481 et
1268 1427 1408 1497 igni,
1435 1428 1596 1498 cujus
1623 1427 2004 1482 ventilabrum
2025 1427 2087 1482 in

453 1534 628 1572 manu
659 1517 801 1588 ejus,
834 1523 890 1573 et
913 1520 1181 1592 purgabit
1215 1536 1406 1576 aream
1431 1536 1614 1589 suam,
1643 1525 1702 1575 et
1724 1521 2091 1592 congregabit

452 1611 707 1666 triticum
732 1611 792 1665 in
817 1611 1090 1668 horreum
1131 1631 1317 1683 suum,
1345 1615 1536 1686 paleas
1563 1619 1756 1669 autem
1793 1615 2092 1669 comburet

450 1705 572 1776 igni
612 1705 1051 1777 inextinguibili.
1083 1707 1254 1762 Multa
1281 1708 1514 1779 quidem
1543 1713 1599 1763 et
1626 1708 1735 1762 alia
1761 1709 2084 1780 exhortans,

454 1798 874 1870 evangelizabat
898 1800 1126 1870 populo.
1156 1796 1220 1862 Isi.
1249 1803 1449 1858 Amen.

524 1895 682 1948 Dicat
711 1893 992 1962 presbyter
1039 1912 1055 1948 :
1094 1894 1365 1950 Dominus
1398 1895 1471 1950 sit
1515 1912 1740 1968 semper
1774 1895 2084 1952 vobiscum.

457 1988 521 2054 lt}.
550 1986 618 2040 Et
645 2001 796 2040 cum.

359 2067 365 2078 ’
526 2081 682 2135 Dicat
734 2081 963 2135 chorus:
992 2081 1205 2136 Lauda.
1255 2083 1517 2137 Alleluia.
1565 2091 1626 2153 ψ.
1679 2083 1834 2138 Mitte
1901 2082 2086 2149 nobis,

455 2173 720 2242 Domine,
743 2173 1016 2228 auxilium
1048 2173 1119 2229 de
1141 2177 1360 2242 sancto,
1386 2179 1445 2229 et
1463 2175 1535 2231 de
1565 2175 1703 2232 Sion
1734 2180 1796 2230 tu
1819 2193 1954 2232 erue
1985 2193 2090 2231 nos

459 2266 705 2321 alleluia.
736 2270 957 2324 Interim
996 2269 1214 2338 quando
1251 2270 1441 2325 chorus
1476 2270 1612 2324 dicit
1651 2271 1912 2338 Alleluia,
1939 2271 2094 2340 offert

457 2359 702 2414 sacerdos
735 2361 965 2416 hostiam
1006 2377 1125 2416 cum
1151 2363 1336 2426 calice,
1373 2367 1426 2418 et
1459 2379 1578 2419 cum
1617 2364 1950 2420 orationibus
1975 2379 2093 2434 qua

460 2457 774 2522 sequuntur.

529 2545 908 2618 Acceptabilis
931 2546 1002 2601 sit
1027 2548 1306 2619 Majestati
1325 2552 1456 2617 tuae,
1482 2549 1849 2622 omnipotens
1876 2554 2091 2604 aeterne

459 2639 626 2706 Deus,
659 2639 782 2694 haec
807 2640 1042 2710 oblatio,
1071 2657 1246 2713 quam
1270 2642 1372 2700 tibi
1397 2643 1690 2698 offerimus
1716 2660 1820 2716 pro
1840 2644 2093 2698 reatibus

341 2799 350 2807 ο
463 2735 522 2786 et
543 2731 894 2787 facinoribus
923 2734 1134 2788 nostris
1165 2739 1221 2789 et
1251 2752 1355 2806 pro
1386 2735 1696 2791 stabilitate
1739 2743 1950 2793 sanctae
1999 2752 2092 2792 ca-

462 2825 686 2880 tholica
720 2829 778 2879 et
800 2828 1239 2898 apostolicae...”
1273 2828 1408 2883 fidei
1437 2829 1767 2886 cultoribus.
1795 2833 1905 2886 Per
1933 2831 2090 2886 Chri-

465 2921 614 2972 stum
641 2919 951 2974 Dominum
973 2924 1252 2976 nostrum.
1277 2924 1337 2975 In
1368 2923 1606 2978 nomine
1621 2924 1802 2978 Patris
1818 2932 1856 2994 +
1876 2929 1936 2979 et
1973 2924 2093 2978 Filii

467 3014 526 3064 et
553 3011 796 3082 Spiritus
826 3013 1024 3067 sancti.
1057 3016 1264 3068 Amen.
1292 3017 1620 3072 Dimittendo
1644 3022 1904 3086 patenum
1937 3033 2097 3088 super

467 3105 788 3174 corporales.
839 3106 1040 3160 Deinde
1073 3110 1306 3177 accipiat
1337 3109 1556 3163 calicem
1591 3112 1975 3180 sanctiﬁcando
1997 3114 2093 3167 sic.
2117 3149 2172 3224 C

470 3197 531 3224 In
562 3197 797 3224 ..Λα-ξηιλ
828 3197 1007 3224 n-s-:-
1041 3205 1052 3224 l
1091 3203 1143 3224 ..ι
1169 3199 1286 3224 Di”:
1321 3205 1371 3224 -L
1402 3201 1640 3224 0—2-2.1---
1670 3205 1844 3224 _-m-1,'
1909 3223 1921 3224 γ
1944 3223 1985 3224 κη

470 3197 534 3250 ln
562 3197 799 3252 nomine
827 3197 1010 3252 Patris
1028 3205 1068 3268 -ι-
1088 3203 1147 3254 et
1167 3199 1290 3254 Filii
1317 3205 1376 3255 et
1402 3201 1644 3272 Spiritus
1667 3205 1868 3273 sancti,
1901 3223 2093 3261 amen.

1189 3300 1380 3352 Oratio.

540 3382 846 3438 Offerimus
864 3383 987 3452 tibi,
1010 3385 1274 3453 Domine,
1297 3387 1535 3443 calicem
1555 3389 1629 3444 ad
1641 3389 2098 3446 benedicendum

473 3477 817 3548 sanguinem
841 3479 1046 3535 Christi
1072 3479 1173 3534 ﬁlii
1203 3480 1307 3548 tui,
1337 3481 1832 3554 deprecamurque
1854 3485 2101 3540 clemen-

467 3569 610 3625 tiam
646 3574 828 3640 tuam,
869 3576 933 3627 ut
980 3576 1114 3630 ante
1147 3578 1518 3646 conspectum
1549 3576 1755 3632 divina:
1793 3578 2100 3648 Majestatis

471 3667 604 3731 tuae,
641 3681 773 3720 cum
807 3665 985 3722 odore
1021 3668 1314 3723 suavitatis
1357 3669 1648 3738 ascendat,
1688 3687 1794 3742 per
1827 3671 2098 3727 eumdem

471 3755 760 3812 Christum
786 3759 1097 3815 Dominum
1123 3763 1404 3817 nostrum.
1426 3764 1633 3818 Amen.
1677 3766 1850 3819 Ponat
1882 3767 2101 3821 calicem

465 3864 630 3920 super
656 3866 832 3914 aram,
849 3857 914 3906 et.
929 3855 1162 3924 accipiat
1187 3855 1414 3923 ﬁliolam
1437 3858 1551 3912 sine
1573 3859 2015 3926 sanctificatione,
2050 3864 2102 3915 et

465 3946 638 4011 ponat
657 3957 818 4014 super
840 3945 1062 4001 calicem
1088 3947 1312 4002 dicendo
1335 3951 1413 4004 sic
1441 3967 1458 4002 :

1185 4047 1373 4098 Oratio.

547 4127 745 4202 444
793 4129 951 4184 Hanc
1006 4131 1382 4201 oblationem,
1435 4150 1780 4205 quaesumus,
1833 4137 2098 4207 Domine,

471 4221 726 4294 placatus
771 4223 1032 4292 admitte,
1070 4228 1129 4279 et
1167 4225 1428 4282 omnium
1491 4227 1856 4284 offerentium
1901 4247 2102 4286 eorum

455 4333 574 4388 .pro
605 4317 812 4389 quibus
851 4318 954 4373 tibi
991 4318 1232 4374 offertur
1253 4323 1491 4392 peccata
1521 4321 1779 4394 indulge,
1814 4339 1919 4395 per
1942 4324 2099 4380 Chri-
2130 4368 2138 4377 .

471 4412 622 4466 stum
648 4411 956 4468 Dominum
982 4415 1264 4482 nostrum,
1295 4430 1486 4470 amen.

544 4507 613 4560 Et
635 4503 784 4562 dicat
799 4506 1006 4576 junctis
1020 4509 1268 4565 manibus
1287 4509 1601 4566 inclinanda
1619 4525 1692 4566 se.

1126 4622 1132 4628 ·
1181 4611 1375 4662 Oratio.

545 4697 607 4752 ln
645 4690 848 4766 spiritu
876 4689 1212 4751 humilitatis
1247 4699 1305 4750 et
1327 4696 1388 4751 in
1427 4697 1622 4753 animo
1658 4697 1904 4753 contrito
1941 4699 2108 4753 susci-

473 4790 721 4864 piamur,
741 4786 1007 4856 Domine,
1027 4790 1150 4856 ate,
1174 4793 1233 4843 et
1248 4789 1326 4844 sic
1346 4790 1448 4845 ﬂat
1467 4791 1807 4846 sacriﬁcium
1824 4794 2104 4861 nostrum,

477 4888 540 4940 ut
563 4901 598 4940 a
624 4888 682 4939 te
717 4881 1095 4953 suscipiamur
1122 4881 1316 4950 hodie,
1349 4887 1411 4936 ut
1449 4884 1673 4954 placeat
1699 4885 1822 4953 tibi,
1864 4885 2106 4941 Domine

476 4980 642 5034 Deus.
675 4977 836 5044 Veni,
867 4979 1063 5030 sancte
1097 4975 1340 5046 Spiritus
1369 4977 1774 5047 sanctiﬁcator,
1819 4979 2108 5035 sanctifica

476 5072 586 5126 hoc
611 5071 953 5126 sacriﬁcium
993 5067 1063 5125 de
1093 5069 1360 5124 manibus
1389 5070 1532 5126 meis
1561 5071 1662 5126 tibi
1694 5077 2104 5145 praeparatum.

477 5165 580 5220 Hic
599 5169 772 5236 ponat
812 5167 1081 5220 incensum
1119 5166 1177 5218 in
1214 5165 1507 5230 thuribulo,
1547 5171 1600 5221 et
1629 5167 1858 5222 incenset
1899 5169 2108 5237 sacrifi-

477 5260 622 5313 cium
656 5261 706 5313 si
733 5259 1022 5328 placuerit.
1059 5261 1250 5314 Postea
1285 5260 1503 5314 inclinet
1531 5275 1586 5316 se
1621 5261 1868 5316 sacerdos
1901 5263 1962 5316 in
1995 5277 2108 5317 me-

477 5351 632 5407 dium
655 5351 852 5407 altaris
877 5350 1081 5421 junctis
1103 5353 1375 5417 manibus,
1406 5358 1457 5408 et
1481 5353 1629 5409 dicat
1653 5354 1772 5409 alta
1799 5369 1924 5409 voce
1949 5373 1966 5409 :
1992 5353 2107 5408 Ad-

459 5444 670 5516 juvate
694 5459 810 5513 me,
851 5445 1078 5515 fratres,
1110 5445 1170 5502 in
1211 5445 1565 5502 orationibus
1605 5445 1824 5516 vestris,
1853 5449 1913 5500 et
1950 5449 2110 5502 orate

481 5553 586 5611 pro
611 5550 707 5594 me
755 5537 831 5594 ad
869 5539 1071 5596 Deum.
1109 5543 1310 5600 Chorus
1346 5541 1668 5612 respondeat
1713 5557 1730 5594 :
1769 5539 2016 5611 Adjuvet
2054 5543 2112 5596 te

481 5633 654 5688 Pater
681 5635 740 5688 et
766 5633 937 5689 Filius
966 5637 1026 5688 et
1053 5633 1295 5706 Spiritus
1309 5637 1558 5690 sanctus.
1585 5635 1918 5692 Etsacerdos
1935 5638 2114 5691 vertat

389 5757 404 5769 ι
481 5740 536 5782 se
552 5726 630 5782 ad
647 5729 912 5800 populum
935 5731 988 5784 et
1001 5729 1177 5797 faciat
1201 5728 1596 5799 offertoriumsi
1613 5730 1862 5793 voluerit,
1890 5733 1942 5786 et
1963 5729 2112 5786 dicat

483 5817 672 5873 chorus
693 5822 1032 5890 sacriﬁcium.
1064 5819 1353 5890 Regnabit
1385 5819 1662 5876 Dominus
1685 5821 1746 5878 in
1771 5823 2110 5892 Jerusalem,

2181 493 2390 560 minus,
2416 493 2525 548 erit
2554 493 2715 564 quasi
2741 497 2908 564 pater
2936 491 3330 547 habitantibus
3369 493 3709 560 Jerusalem,
3758 497 3820 547 et

2184 587 2280 657 qui
2319 586 2648 641 inhabitant
2673 587 2733 640 in
2761 586 2920 652 Sion,
2949 589 3008 640 et
3030 584 3180 640 dabo
3219 587 3442 640 clavem
3469 586 3679 641 domus
3709 587 3822 640 Da-

2182 683 2276 737 vid
2300 700 2472 754 super
2496 684 2769 738 humeros
2796 683 2939 754 ejus,
2973 687 3031 738 et
3059 684 3283 756 aperies
3314 701 3329 752 ;
3361 687 3422 739 et
3456 701 3573 740 non
3605 687 3692 738 est
3717 684 3821 756 qui

2183 781 2412 834 claudat
2435 782 2770 848 Jerusalem,
2793 781 3040 836 alleluia.

2254 881 2353 933 Hic
2378 880 2613 948 accipiat
2636 879 2881 934 sacerdos
2909 895 3114 950 aquam
3156 882 3214 934 in
3259 879 3534 941 manibus,
3577 883 3631 934 et
3669 879 3822 934 dicat

2183 971 2396 1026 silentio
2437 987 2598 1041 super
2634 973 2955 1028 oblationem
2995 989 3114 1028 cum
3151 973 3322 1028 tribus
3347 972 3574 1042 digitis:
3603 974 3665 1026 In
3711 988 3820 1026 no-

2185 1063 2341 1117 mine
2367 1064 2547 1118 Patris
2566 1065 2604 1126 +
2624 1067 2682 1118 et
2710 1065 2834 1119 Filii
2860 1069 2918 1119 et
2943 1065 3184 1136 Spiritus
3212 1065 3393 1120 sancti
3425 1081 3638 1136 regnas
3667 1065 3824 1120 Deus

2186 1151 2244 1205 in
2272 1154 2477 1206 smeula
2507 1154 2868 1221 saeculorum,
2901 1171 3094 1209 amen.

2253 1256 2477 1311 Inclinet
2503 1271 2558 1312 se
2581 1261 2705 1312 ante
2726 1257 2922 1320 altare,
2941 1263 2991 1313 et
3015 1257 3169 1333 dicat
3185 1259 3246 1311 in
3266 1257 3482 1312 silentio
3507 1257 3670 1312 istam
3698 1270 3822 1310 ora-

2187 1351 2382 1404 tionem
2407 1368 2424 1402 :

2257 1437 2540 1491 Accedam
2570 1437 2643 1491 ad
2673 1441 2728 1492 te
2754 1437 2812 1492 in
2837 1437 3160 1492 humilitate
3194 1437 3424 1509 spiritus
3447 1437 3586 1507 mei,
3613 1437 3826 1508 loquar

2189 1529 2263 1583 ad
2289 1532 2366 1597 te,
2399 1529 2532 1600 quia
2572 1531 2814 1584 multam
2847 1547 3029 1600 spem,
3069 1534 3128 1584 et
3169 1531 3575 1586 fortitudinem
3612 1529 3826 1584 dedisti

2189 1622 2352 1676 mihi.
2379 1623 2458 1677 Tu
2483 1639 2642 1694 ergo,
2665 1623 2744 1677 fili
2775 1623 2974 1690 David,
3005 1623 3102 1694 qui
3119 1624 3404 1678 revelatus
3422 1623 3719 1696 mysterio,
3749 1621 3828 1676 ad

2191 1730 2294 1771 nos
2319 1715 2377 1770 in
2403 1732 2639 1771 carnem
2665 1716 2890 1784 venisti,
2920 1717 3074 1771 clave
3105 1717 3286 1772 crucis
3311 1721 3423 1772 tuae
3451 1719 3673 1771 secreta
3694 1731 3832 1770 cor-

2108 1783 2164 1855 Β
2189 1810 2274 1865 dis
2304 1810 2420 1864 mei
2467 1809 2724 1882 adaperi,
2766 1783 3002 1865 mittens
3038 1827 3220 1866 unum
3263 1810 3334 1865 de
3363 1810 3682 1882 Seraphin,
3726 1809 3832 1880 qui

2187 1903 2456 1959 candenti
2480 1904 2730 1959 carbone
2759 1903 2880 1972 illo,
2904 1903 3000 1976 qui
3019 1903 3090 1960 de
3119 1903 3282 1959 altari
3312 1907 3412 1960 tuo
3433 1904 3691 1959 sublatus
3718 1905 3834 1969 est,

2189 1996 2485 2052 sordentia
2525 1997 2678 2051 labia
2715 2013 2848 2052 mea
2885 1997 3182 2067 emundet,
3237 2001 3496 2054 mentem
3544 1995 3836 2065 enubilet,

2191 2089 2436 2145 docendi
2485 2089 2790 2144 materiam
2841 2089 3254 2159 subministret,
3309 2095 3373 2145 ut
3423 2092 3626 2163 lingua
3693 2106 3834 2162 qua

2191 2183 2582 2255 proximorum
2612 2183 2845 2237 utilitati
2879 2200 2984 2254 per
3013 2184 3312 2239 caritatem
3338 2184 3530 2252 servit,
3560 2201 3636 2239 ne
3666 2200 3835 2240 erro-

2192 2281 2269 2335 ris
2296 2280 2525 2335 insonet
2564 2297 2781 2348 casum,
2825 2281 2926 2336 sed
2971 2281 3227 2336 veritatis
3271 2283 3508 2337 resultet
3553 2282 3678 2337 sine
3711 2282 3836 2336 ﬁne

2192 2374 2562 2445 praeconium,
2593 2391 2700 2445 per
2724 2377 2779 2429 te
2805 2375 2955 2428 Deus
2985 2391 3149 2430 meus
3177 2375 3273 2447 qui
3290 2375 3426 2430 vivis
3445 2380 3504 2431 et
3527 2391 3745 2447 regnas
3775 2376 3839 2430 in

2193 2469 2399 2523 saecula
2424 2469 2785 2536 saeculorum,
2813 2485 3004 2523 amen.

2765 2636 2990 2680 INCIPIT
3032 2635 3242 2681 MISSA.

2263 2721 2418 2776 Dicat
2448 2720 2724 2790 presbyter
2757 2736 2775 2772 :
2803 2721 3080 2776 Dominus
3118 2720 3190 2776 sit
3233 2735 3462 2792 semper
3505 2719 3839 2776 vobiscum.

2195 2812 2258 2878 Β).
2289 2817 2357 2871 Et
2383 2833 2512 2872 cum
2534 2815 2756 2887 spiritu.

2891 2904 3085 2955 Oratio.

2267 2997 2458 3071 445
2489 2999 2811 3053 Adventum
2837 2997 3068 3053 Domini
3093 2999 3276 3054 nostri
3297 3000 3428 3054 Jesu
3453 2999 3688 3067 Christi,
3721 3001 3846 3056 fra-

2198 3096 2314 3147 tres
2349 3091 2722 3159 dilectissimi,
2763 3092 2908 3147 votis
2945 3091 3212 3147 omnibus
3255 3093 3681 3164 praestolantes,
3739 3095 3843 3149 Dei

2196 3185 2379 3242 Patris
2414 3184 2895 3256 omnipotentiam
2919 3185 3314 3256 imploremus,
3344 3189 3409 3240 ut
3431 3186 3610 3242 corda
3635 3191 3842 3244 nostra

2198 3279 2478 3350 puriﬁcet,
2507 3282 2566 3332 et
2594 3295 2836 3349 corpora
2861 3279 3232 3334 immaculata
3260 3284 3578 3334 conservet.
3605 3281 3726 3335 Det
3743 3281 3845 3335 ha-

2198 3372 2480 3427 bilitatem
2501 3371 2760 3427 ﬁdelium
2778 3372 3070 3426 mentibus
3091 3372 3343 3427 ﬁdeliter
3371 3389 3657 3444 quaerere,
3681 3374 3844 3445 quod

2199 3465 2367 3520 saluti
2401 3469 2596 3536 posset
2625 3465 2917 3536 prodesse.
2946 3467 3349 3537 Exspectemus
3375 3466 3733 3522 conscientia
3764 3483 3848 3524 εε-

2199 3576 2336 3614 cura
2355 3562 2681 3628 venturum,
2706 3575 2880 3630 quem
2907 3575 3080 3630 super
3104 3575 3340 3614 omnem
3369 3559 3768 3632 principatum
3790 3565 3844 3614 et

2199 3656 2544 3724 potestatem
2559 3653 2846 3707 credimus
2862 3654 3194 3708 exaltatum.
3214 3653 3405 3708 Simus
3417 3653 3594 3708 etiam
3610 3653 3842 3724 persiu-

2201 3747 2338 3817 gula
2365 3749 2662 3800 momenta
2687 3745 2930 3814 solliciti,
2964 3749 3026 3800 ut
3056 3762 3387 3800 mereamur
3421 3746 3646 3801 habere
3678 3747 3838 3817 prin-

2201 3839 2249 3892 ci
2253 3839 2432 3909 pium,
2449 3855 2620 3910 quem
2634 3839 2925 3894 credimus
2942 3842 3001 3893 et
3017 3840 3269 3894 fatemur
3279 3839 3353 3894 ad
3361 3839 3715 3910 judicandos
3736 3856 3840 3895 nos

2201 3932 2354 3987 vivos
2383 3935 2441 3986 et
2459 3936 2719 3987 mortuos
2739 3932 2797 3986 in
2826 3932 3011 4002 gloria
3031 3948 3154 3987 esse
3179 3936 3503 3987 venturum.
3535 3929 3601 3994 Β).
3623 3935 3839 3988 Amen.

2201 4027 2356 4080 Dicat
2373 4026 2656 4096 presbyter
2677 4037 2696 4074 :
2726 4027 2835 4080 Per
2863 4025 3318 4080 misericordiam
3349 4029 3528 4094 tuam,
3551 4027 3710 4081 Deus
3734 4043 3842 4082 no-

2203 4121 2338 4186 ster,
2379 4117 2477 4190 qui
2513 4135 2574 4172 es
2616 4118 2972 4188 benedictus,
3011 4123 3071 4174 et
3106 4119 3244 4175 vivis
3273 4122 3334 4174 et
3367 4119 3566 4175 omnia
3585 4120 3751 4191 regis
3783 4121 3844 4174 in

2203 4212 2409 4266 saecula
2419 4213 2777 4268 saeculorum.
2798 4210 2860 4274 ιν.
2883 4215 3086 4267 Amen.
3105 4216 3262 4268 Dicat
3276 4213 3556 4284 presbyter
3579 4213 3850 4269 elevando

2202 4321 2413 4361 manus.
2462 4306 2722 4361 Oremus.
2767 4303 2830 4370 ﬂ}.
2893 4307 3113 4370 Chorus,
3152 4306 3345 4378 Agios,
3389 4306 3584 4378 Agios,
3640 4308 3847 4379 Agios,

2203 4399 2444 4456 Domine
2477 4400 2646 4468 Deus,
2676 4416 2775 4454 rex
2793 4403 3031 4468 aeterne,
3063 4400 3167 4455 tibi
3190 4399 3391 4455 laudes
3419 4403 3479 4456 et
3503 4400 3746 4472 gratias.

2127 4520 2187 4594 D
2278 4505 2467 4558 Postea
2491 4502 2639 4557 dicat
2654 4503 2937 4572 presbyter
2963 4518 2979 4554 :

2279 4595 2588 4651 Ecclesiam
2627 4599 2887 4650 sanctam
2913 4596 3261 4652 catholicam
3288 4595 3346 4650 in
3381 4584 3750 4652 orationibus
3793 4597 3853 4652 in

2206 4692 2401 4744 mente
2435 4689 2769 4757 habeamus,
2803 4693 2864 4743 ut
2906 4705 3037 4744 eam
3074 4691 3349 4744 Dominus
3373 4689 3509 4758 ﬁde,
3544 4694 3603 4744 et
3629 4705 3764 4761 spe,
3797 4696 3858 4745 et

2207 4782 2442 4837 caritate
2471 4783 2751 4853 propitius
2775 4783 3054 4854 ampliare
3080 4783 3367 4855 dignetur.
3385 4783 3602 4838 Omnes
3625 4785 3856 4856 lapsos,

2207 4875 2476 4948 captivos,
2497 4875 2775 4944 inﬁrmos,
2793 4880 2964 4948 atque
2985 4877 3324 4950 peregrinos
3339 4878 3399 4932 in
3418 4881 3620 4933 mente
3633 4877 3862 4934 habea-

2208 4986 2354 5036 mus,
2385 4972 2448 5022 ut
2471 4984 2568 5023 eos
2592 4969 2866 5024 Dominus
2896 4971 3176 5042 propitius
3218 4971 3530 5039 redimere,
3553 4988 3780 5026 sanare
3802 4975 3862 5026 et

2208 5063 2535 5117 confortare
2571 5063 2860 5135 dignetur.
2902 5061 2964 5125 nl.
3017 5067 3220 5122 Chorus
3260 5079 3279 5113 ο·
3327 5067 3562 5134 Ρτωειδ,
3602 5069 3864 5132 εἰει-ηε,

2209 5155 2578 5228 omnipotens
2602 5156 2770 5211 Deus.

2278 5262 2434 5314 Dicat
2451 5260 2731 5330 presbyter
2755 5260 2926 5314 aliam
2954 5261 3271 5316 orationem.

2279 5352 2540 5420 Purifica,
2567 5351 2807 5407 Domine
2832 5353 3000 5423 Deus,
3025 5354 3197 5409 Pater
3220 5354 3611 5426 omnipotens,
3644 5371 3874 5426 pecca-

2210 5449 2402 5500 torum
2423 5461 2634 5501 arcana
2659 5450 3009 5516 nostrorum,
3039 5451 3385 5520 cunctasque
3419 5447 3710 5521 propitius
3739 5467 3878 5507 ma-

2211 5541 2366 5595 culas
2377 5541 2542 5596 ablue
2555 5544 2942 5612 peccatorum,
2958 5557 3024 5596 ac
3039 5545 3270 5613 praesta,
3293 5542 3560 5612 Domine,
3584 5545 3647 5596 ut
3659 5542 3872 5600 bene-

2211 5633 2339 5688 ﬂcio
2368 5633 2597 5705 pietatis
2618 5638 2750 5704 tute,
2774 5634 2984 5690 nostris
3009 5635 3347 5691 criminibus
3372 5635 3702 5706 emundati,
3733 5657 3878 5696 me-

2211 5726 2493 5784 tuendum
2503 5729 2936 5802 terribilemque
2950 5729 3264 5786 adventum
3275 5730 3510 5786 Domini
3522 5731 3714 5788 nostri
3726 5734 3760 5790 ,ι
3766 5750 3880 5790 esu

2213 5819 2420 5878 Christi
2451 5823 2549 5880 filii
2576 5824 2656 5879 tui
2685 5829 3082 5898 exspectemus
3101 5825 3348 5884 interriti
3379 5827 3630 5900 :sicque,
3655 5829 3728 5884 te
3765 5829 3883 5886 mi-
