3982 6190
162 304 234 357 421

776 299 866 356 AD
902 297 1390 388 PRfECEDENTIA
1430 297 1762 356 LITURGIAE
1798 298 2210 356 MONUMENTA
2249 298 2582 355 APPENDIX
2620 301 2846 358 PRIMA.

3387 297 3488 360 422

156 411 363 476 serante,
402 404 497 461 hic
539 404 835 478 percipere
881 423 1206 464 mereamur
1241 406 1498 462 omnium
1539 405 1762 461 veniam
1782 406 2044 492 Asocies
2071 407 2482 474 numerandos,
2513 424 2656 478 quos
2687 408 2748 462 in
2785 407 2921 462 ﬁdei
2961 407 3298 480 primordio,
3331 427 3365 464 a
3392 412 3483 465 Jo-

159 500 476 567 delictorum,
505 503 572 554 ut
605 503 770 555 tuum
805 500 867 554 in
889 500 1084 556 futuro
1103 499 1386 572 judicium
1429 499 1588 554 nobis
1629 515 1758 553 sen-

159 595 332 649 tiamus
356 593 591 648 omnino
620 592 1007 663 mitissimum,
1038 598 1095 648 et
1117 593 1366 649 dexterae
1392 597 1504 647 ture
1531 591 1760 663 partici-

156 705 233 759 pes
265 687 416 756 facti,
454 703 489 741 a
533 691 588 742 te
623 701 948 741 mereamur
983 690 1273 758 perpetua:
1310 685 1438 740 vitae
1473 685 1764 756 percipere

153 780 452 852 praemium,
480 783 761 850 tuumque
800 777 1218 850 censequemur
1246 778 1540 848 invictum,
1570 776 1761 832 inﬁni-

155 878 254 928 tum
276 876 336 928 et
359 871 738 928 fortissimum
762 887 1030 944 regnum.
1064 871 1128 935 Β).
1159 873 1360 926 Amen.

203 969 352 1022 Dicat
391 965 672 1036 presbyter
701 983 716 1018 :
749 965 856 1019 Per
893 964 1337 1020 misericordiam
1380 967 1560 1031 tuam,
1602 964 1749 1018 Deus

152 1063 341 1126 noster,
369 1058 434 1112 in
469 1058 631 1130 cujus
667 1061 990 1129 conspectu,
1029 1061 1356 1112 sanctorum
1382 1056 1768 1128 apostolorum

151 1159 194 1209 et
225 1157 566 1224 martyrum,
609 1151 992 1208 confessorum
1026 1155 1196 1222 atque
1223 1150 1510 1221 virginum
1537 1149 1768 1204 nomina

151 1245 464 1302 recitantur.
492 1243 555 1304 Β).
588 1245 810 1303 Chorus.
852 1247 1052 1300 Amen.
1091 1247 1248 1300 Dicat
1273 1245 1552 1314 presbyter
1579 1261 1596 1298 :
1626 1243 1768 1298 Offe-

149 1344 262 1394 ruut
280 1339 400 1394 Deo
427 1337 666 1392 Domino
692 1337 1036 1392 oblationem
1063 1337 1380 1394 sacerdotes
1399 1335 1598 1406 nostri,
1619 1352 1768 1408 papa

149 1431 447 1501 Romensis,
461 1436 517 1486 et
535 1430 744 1502 reliqui
770 1447 874 1502 pro
905 1447 964 1486 se
999 1434 1057 1486 et
1084 1447 1187 1502 pro
1218 1430 1377 1485 omni
1395 1431 1546 1484 clero
1571 1446 1636 1484 ac
1653 1430 1767 1500 ple—

147 1526 286 1580 bibus
317 1524 577 1580 Ecclesiee
609 1523 837 1579 sibimet
863 1523 1224 1595 consignatis,
1261 1523 1350 1578 vel
1375 1539 1480 1594 pro
1506 1522 1768 1577 universa

147 1617 500 1673 fraternitate.
518 1619 658 1672 Item
670 1616 916 1672 offerunt
922 1616 1166 1671 universi
1178 1615 1512 1687 presbyteri,
1527 1615 1764 1683 diaconi,

1863 501 2057 554 hanne
2087 500 2148 554 in
2177 500 2428 555 Jordane
2459 501 2810 572 paenitentiae
2833 501 3000 556 undis
3028 517 3306 574 aquarum
3339 503 3492 558 ablu-

1862 595 1970 659 tos,
2007 610 2040 647 a
2073 596 2126 646 te
2172 597 2465 664 postremo
2508 610 2614 665 per
2647 593 2848 648 Filium
2874 594 2934 648 in
2961 595 3173 665 Spiritu
3206 600 3403 651 sancto
3435 599 3493 651 et

1863 685 1984 756 igni
2033 685 2436 756 cognoscimus
2487 685 2824 758 baptizatos.
2875 689 3210 758 Respondeat
3254 691 3443 744 chorus
3472 709 3490 742 .-

1861 780 2067 833 Amen.
2098 781 2255 834 Dicat
2289 779 2570 849 presbyter
2601 796 2617 831 :
2646 780 2792 844 Quia
2822 783 2882 834 tu
2917 797 2977 834 es
3006 797 3140 835 vera
3165 781 3352 852 447
3383 799 3493 853 pax

1865 874 2062 926 nostra
2088 875 2146 926 et
2173 872 2420 926 Charitas
2451 872 2791 944 indisrupta,
2821 873 2956 927 vivis
2975 877 3166 928 tecum
3197 878 3254 928 et
3281 891 3492 945 regnas

1865 981 1996 1019 cum
2029 964 2242 1036 Spiritu
2267 968 2466 1020 sancto
2489 983 2634 1020 unus
2654 967 2800 1021 Deus
2815 965 2874 1020 in
2899 969 3107 1022 saecula
3130 968 3488 1023 saeculorum.

1867 1055 1910 1122 nl
1935 1099 1947 1112 .
1983 1059 2184 1116 Chorus
2208 1077 2224 1114 :
2253 1061 2458 1113 Amen.
2487 1061 2646 1115 Dicat
2673 1061 2954 1130 presbyter
2983 1062 3204 1116 elevatis
3246 1063 3493 1117 manibus

1864 1154 1923 1205 in
1949 1151 2134 1206 caelum
2164 1171 2180 1205 :
2209 1152 2404 1206 Gratia
2438 1151 2540 1208 Dei
2587 1153 2770 1207 Patris
2814 1153 3246 1224 omnipotentis,
3287 1171 3398 1225 pax
3427 1170 3491 1208 ac

1867 1243 2094 1298 dilectio
2120 1245 2348 1299 Domini
2369 1245 2550 1300 nostri
2577 1247 2707 1300 Jesu
2738 1245 2946 1301 Christi
2967 1249 3024 1299 et
3048 1247 3491 1302 communicatio
3555 1299 3561 1304 .

1867 1337 2110 1408 Spiritus
2148 1338 2328 1392 sancti
2367 1337 2440 1392 sit
2470 1355 2700 1409 semper
2739 1356 2870 1394 cum
2903 1339 3170 1394 omnibus
3195 1341 3378 1396 nobis.
3413 1338 3490 1402 Β).

1869 1433 2068 1488 Chorus
2095 1449 2112 1482 :
2157 1432 2225 1485 Et
2263 1448 2392 1485 cum
2437 1431 2703 1486 omnibus
2745 1433 2912 1486 bonae
2967 1433 3294 1488 voluntatis.
3343 1435 3496 1488 Dicat

1860 1525 2178 1594 presbyter:
2218 1524 2520 1588 Quomodo
2551 1523 2766 1590 astatis,
2815 1541 3018 1595 pacem
3048 1525 3238 1580 facite.
3272 1528 3334 1593 Β).
3369 1527 3498 1583 Cho—

1865 1631 1976 1672 rus.
2005 1618 2212 1671 Pacem
2236 1633 2428 1670 meam
2459 1617 2532 1672 do
2549 1617 2727 1683 vobis,
2751 1633 2954 1688 pacem
2979 1635 3174 1673 meam
3206 1634 3496 1673 commen-

149 1711 339 1780 clerici,
379 1727 445 1765 ac
485 1710 682 1782 populi
710 1709 1137 1766 circumstantes
1169 1707 1366 1782 446
1395 1708 1456 1763 in
1490 1709 1768 1763 honorem
1869 1708 1942 1763 do
1971 1709 2158 1775 vobis;
2193 1725 2308 1764 non
2348 1709 2491 1764 sicut
2520 1709 2770 1764 mundus
2809 1710 2925 1777 dat,
2960 1727 3163 1781 pacem
3203 1711 3275 1766 do
3315 1711 3492 1766 vobis.

151 1808 462 1859 sanctorum
485 1819 590 1874 pro
615 1819 673 1858 se
702 1807 759 1857 et
786 1803 921 1857 suis.
955 1799 1020 1865 ﬂ).
1051 1803 1286 1860 Chorus:
1313 1801 1568 1857 Oﬂ‘erunt
1590 1818 1693 1872 pro
1709 1785 1844 1858 seB
1868 1806 1928 1868 y.
1966 1803 2184 1856 Novum
2209 1801 2571 1874 _mandatum
2609 1803 2682 1856 do
2725 1803 2904 1870 vobis,
2957 1807 3018 1856 ut
3057 1803 3308 1874 diligatis
3353 1805 3495 1859 invi-

153 1903 194 1952 et
208 1913 306 1968 pro
327 1896 600 1952 universa
617 1895 993 1952 fraternitate.
1013 1897 1168 1950 Dicat
1185 1895 1428 1950 sacerdos
1448 1914 1464 1950 :
1487 1894 1770 1948 Facientes
1869 1911 2014 1949 cem.
2033 1885 2330 1952 Reiteretitr
2351 1914 2366 1950 :
2390 1896 2596 1949 Pacem
2618 1911 2812 1950 meam
2834 1895 2908 1950 do
2929 1895 3107 1950 vobis.
3139 1903 3198 1965 ψ.
3228 1897 3419 1951 Gloria
3441 1901 3498 1951 et

152 1989 738 2045 commemorationem
784 1987 1244 2042 beatissimorum
1291 1987 1673 2058 apostolorum
1715 1989 1772 2040 et
1868 1988 2058 2042 honor
2078 1987 2228 2042 Patri
2262 1991 2320 2042 et
2345 1987 2483 2042 Filio
2514 1991 2572 2042 et
2592 1987 2823 2060 Spiritui
2847 1991 3042 2042 sancto
3074 1988 3133 2042 in
3166 1990 3372 2044 saecula
3399 2006 3497 2044 sae-

152 2088 477 2154 martyrum,
523 2081 782 2153 gloriosae
822 2084 1028 2135 sanctas
1063 2080 1250 2135 Mariae
1286 2079 1544 2152 virginis,
1571 2079 1772 2133 Zacha—
1871 2081 2133 2135 culorum
2164 2097 2356 2135 amen.
2379 2084 2680 2138 Reiteretur
2706 2100 2722 2136 :
2754 2082 2962 2135 Pacem
2983 2097 3195 2136 meam.

153 2175 248 2244 rite,
306 2173 602 2246 Johannis,
664 2173 968 2243 lnfantum,
1017 2173 1187 2242 Petri,
1243 2171 1421 2240 Pauli,
1478 2170 1768 2238 Johannis,
1938 2176 2159 2229 Interim
2193 2175 2411 2244 quando
2439 2175 2639 2232 Chorus
2678 2175 2813 2230 dicit
2843 2191 2860 2226 :
2885 2175 3093 2229 Pacem
3121 2190 3334 2242 meam,
3365 2175 3500 2230 acci-

152 2268 344 2338 Jacobi,
407 2268 672 2334 Andreae,
725 2265 989 2338 Philippi,
1043 2267 1296 2334 Thomse,
1351 2263 1767 2334 Bartholomaei,
1863 2269 1990 2338 piat
2021 2267 2264 2322 sacerdos
2301 2283 2489 2338 pacem
2526 2268 2592 2322 de
2624 2272 2828 2338 patena
2870 2267 3091 2322 dicendo
3128 2271 3204 2324 sic
3233 2287 3248 2322 :
3282 2267 3497 2323 Habete

152 2361 401 2431 Matthsei,
429 2359 638 2429 Jacobi,
669 2359 916 2416 Simonis
943 2363 1000 2414 et
1024 2359 1203 2430 Judec,
1236 2357 1500 2429 Matthiae,
1527 2357 1693 2413 Marci
1717 2361 1774 2412 et
1871 2360 2126 2415 osculum
2159 2359 2480 2416 dilectionis
2505 2363 2563 2414 et
2587 2361 2841 2431 pacis,ut
2856 2360 2974 2432 apti
2991 2360 3111 2415 sitis
3122 2361 3498 2416 sacrosanctis

151 2453 320 2509 Lucas.
349 2453 416 2516 Β).
451 2455 652 2512 Chorus
675 2464 694 2498 ι’
721 2454 789 2507 Et
827 2451 1087 2507 omnium
1122 2455 1460 2523 martyrum.
1500 2453 1657 2506 Dicat
1687 2465 1773 2505 sa-
1870 2451 2156 2524 mysteriis
2191 2453 2406 2507 Dei.....
2452 2455 2522 2508 Et
2558 2455 2745 2510 statim
2783 2454 2874 2509 det
2910 2469 3098 2524 pacem
3145 2453 3367 2510 diacono
3417 2453 3502 2510 vel

153 2547 316 2602 cerdos
333 2566 350 2601 :
373 2548 516 2601 item
539 2562 644 2618 pro
670 2545 963 2617 spiritibus
986 2544 1342 2616 pausantium
1365 2543 1576 2613 Hilarii,
1597 2543 1769 2598 Atha-
1863 2561 2058 2617 puero,
2081 2551 2133 2601 et
2151 2561 2290 2616 puer
2311 2547 2530 2617 populo.
2560 2549 2747 2602 Postea
2773 2547 2994 2602 inclinet
3017 2563 3072 2602 se
3093 2547 3338 2602 sacerdos
3364 2548 3498 2616 jun‘

154 2641 296 2706 nasii,
328 2639 572 2707 Martini,
600 2638 903 2708 Ambrosii,
930 2637 1252 2709 Augustini,
1279 2635 1578 2708 Fulgentii,
1601 2636 1774 2690 Leau-
1869 2641 1968 2694 etis
1989 2639 2238 2693 manibus
2262 2643 2312 2692 et
2336 2640 2516 2694 dicat:
2538 2639 2791 2694 Introibo
2822 2639 2896 2693 ad
2925 2641 3104 2694 altare
3133 2639 3250 2695 Dei.
3273 2642 3335 2707 η).
3369 2641 3498 2698 Cho-

153 2733 244 2802 dri,
275 2732 517 2801 Ysidori,
547 2732 740 2802 David,
771 2731 1000 2799 Juliani,
1032 2731 1172 2786 item
1189 2730 1416 2797 Juliani,
1441 2728 1608 2796 Petri,
1633 2728 1773 2783 item
1869 2747 1964 2786 rus
1991 2748 2006 2782 :
2037 2731 2124 2785 Ad
2141 2733 2323 2785 Deum
2349 2731 2447 2802 qui
2461 2732 2714 2786 laetiﬁcat
2723 2731 3084 2802 juventutem
3105 2747 3318 2787 meam.
3355 2735 3503 2788 Pres«

153 2827 306 2896 Petri,
343 2825 636 2892 Johannis,
666 2825 822 2880 Servi
858 2823 976 2893 Dei,
1018 2823 1270 2892 Visitani,
1307 2821 1546 2890 Viventi,
1578 2820 1770 2889 Felici,

153 2918 426 2990 Cypriani,
479 2917 777 2988 Vincentii,
826 2916 1094 2986 Gerontii,
1141 2915 1440 2985 Zachariae,
1487 2913 1770 2986 Cenapoli,

155 3009 438 3080 Dominici,
487 3010 650 3080 Iusti,
705 3009 1016 3078 Saturnini,
1074 3009 1300 3078 Salvati,
1361 3007 1498 3064 item
1547 3005 1770 3076 Salvati,

155 3104 432 3174 Bernardi,
451 3103 774 3174 Reimundi,
790 3102 1078 3172 Johannis,
1097 3101 1416 3169 Celebruni,
1431 3099 1770 3168 Gundisalvi,

1874 2825 2024 2893 byter
2043 2829 2214 2894 ponat
2237 2839 2461 2878 manum
2487 2839 2648 2894 super
2670 2825 2888 2878 calicem
2917 2829 2970 2879 et
2992 2825 3142 2880 dicat
3167 2837 3184 2872 :
3218 2823 3502 2880 Aures‘ad

1871 2915 2196 2972 Dominum.
2229 2921 2291 2984 κ).
2323 2917 2523 2974 Chorus
2549 2933 2566 2968 :
2597 2916 2886 2971 Habemus
2905 2917 2976 2971 ad
2994 2916 3324 2972 Dominum.
3351 2919 3506 2973 Dicat

1866 3011 2148 3082 presbyter
2179 3029 2196 3064 :
2231 3010 2470 3065 Sursum
2505 3009 2701 3065 corda.
2736 3008 2800 3072 Β).
2837 3011 3038 3069 Chorus
3074 3032 3091 3068 :
3122 3011 3402 3065 Levemus
3432 3008 3504 3065 ad

1874 3101 2205 3158 Dominum.
2228 3105 2384 3158 Dicat
2403 3105 2684 3174 presbyter
2710 3103 3025 3158 inclinanda
3048 3118 3102 3158 se
3115 3103 3320 3173 junctis
3337 3104 3509 3159 mani-

155 3149 432 3174 --η-...η
451 3149 774 3174 -.--..........,
791 3149 1078 3172 --.η-..-η
1103 3149 1416 3169 ---ν---.η
1437 3149 1770 3168 ν--μ-πη,
1874 3149 2205 3158 ---..---_.--.
2228 3149 2379 3158 ηπ--.
2403 3149 2458 3174 ι..
2477 3149 2667 3173 πη--.
2713 3149 3021 3158 -.-ν.-.....-..-
3048 3149 3318 3173 νυν-..-ην

153 3195 380 3266 Martini,
440 3196 718 3265 Roderici,
765 3195 1058 3266 Johannis,
1101 3194 1338 3265 Guterii,
1387 3193 1588 3264 Sancii,
1639 3149 1850 3248 itemC
1880 3197 2018 3252 bus:
2047 3196 2166 3250 Deo
2191 3211 2258 3250 ac
2289 3196 2536 3251 Domino
2573 3198 2770 3250 nostro
2809 3198 2942 3251 Jesu
2979 3195 3202 3251 Christo
3235 3195 3373 3252 Filio
3405 3196 3506 3251 Dei

157 3288 345 3357 Sancii,
371 3289 671 3360 Dominici,
697 3288 925 3359 Juliani,
953 3287 1222 3361 Philippi,
1249 3285 1538 3358 Stephani,
1577 3285 1778 3340 Johan-

157 3381 254 3452 nis,
281 3383 422 3438 item
459 3381 754 3454 Johannis,
792 3381 1014 3438 Felicis.
1042 3387 1107 3452 ἢ).
1136 3380 1337 3437 Chorus
1367 3398 1384 3434 :
1414 3381 1482 3436 Et
1519 3378 1778 3435 omnium

158 3475 532 3546 pausantium.

223 3590 368 3644 Dicat
383 3587 674 3659 presbyter
691 3591 816 3658 post
843 3589 1066 3642 nomina
1097 3605 1114 3640 :

220 3685 286 3741 Te
328 3700 684 3758 quaesumus,
729 3683 970 3739 Domine
1011 3685 1143 3739 Jesu
1182 3681 1422 3750 Christe,
1466 3685 1533 3737 ut
1556 3678 1779 3736 dilectio

160 3777 418 3834 adventus
446 3777 532 3832 tui
557 3777 637 3832 ita
659 3777 718 3831 in
749 3777 917 3832 nobis
941 3780 1293 3848 permaneat,
1321 3791 1394 3830 ne
1418 3773 1490 3830 ad
1523 3780 1578 3831 te
1613 3775 1782 3830 corda

160 3876 337 3926 nostra
353 3885 637 3942 umquam
649 3869 916 3926 recedant
929 3887 946 3940 ;
971 3871 1163 3942 sicque
1185 3886 1290 3924 nos
1297 3869 1419 3940 jam
1432 3869 1492 3923 in
1509 3873 1782 3924 aeternam

163 3964 571 4020 advocationem
606 3963 866 4031 asscribe,
895 3967 963 4018 ut
990 3963 1062 4018 ad
1094 3962 1354 4018 futurum
1385 3979 1504 4022 non
1542 3961 1781 4017 confun-

167 4057 372 4128 damur,
385 4073 522 4112 cum
536 4056 606 4112 ad
619 4056 996 4128 judicandum
1011 4055 1233 4112 veneris
1243 4055 1460 4112 orbem.
1476 4051 1542 4118 Β).
1562 4056 1780 4122 Chorus,

163 4155 346 4207 Amen.
393 4153 552 4207 Dicat
581 4150 863 4220 presbyter
900 4168 916 4204 :
955 4149 1097 4214 Quia
1140 4152 1206 4204 tu
1249 4165 1306 4204 es
1351 4148 1464 4204 vita
1504 4148 1782 4217 vivorum,

160 4243 352 4300 sanitas
369 4243 756 4310 inﬁrmorum,
789 4259 854 4298 ac
887 4242 1112 4315 requies
1139 4243 1398 4298 omnium
1422 4241 1680 4297 fidelium
1694 4241 1787 4296 de-

157 4335 471 4394 functorum
497 4338 561 4393 in
591 4341 804 4394 aeterna
828 4337 1034 4392 saecula
1051 4337 1412 4392 saeculorum.
1442 4336 1506 4400 ﬂ}.
1539 4337 1740 4394 Chorus
1766 4353 1783 4389 :

165 4431 356 4487 Amen.

730 4508 903 4559 Oratio
926 4507 993 4558 ad
1019 4521 1222 4574 pacem.

235 4590 381 4648 Dicat
403 4592 686 4664 presbyter
711 4611 728 4648 :

241 4685 466 4742 Domine
485 4680 632 4742 Deus
657 4686 1036 4758 omnipotens,
1059 4687 1158 4758 qui
1183 4702 1288 4758 pro
1317 4681 1553 4740 humani
1575 4682 1796 4756 generis

171 4779 545 4852 redemptione
581 4785 926 4836 coaeternum
963 4780 1067 4836 tibi
1101 4779 1562 4851 coaequalemque
1591 4776 1797 4832 Filium

174 4878 414 4949 angelica
448 4879 903 4948 annuntiatione,
941 4893 1046 4950 per
1080 4859 1271 4934 Mariae
1305 4875 1544 4949 virginis
1569 4880 1798 4932 uterum

175 4984 342 5042 usque
366 4972 436 5028 ad
461 4989 567 5028 nos
590 4971 815 5029 voluisti
840 4971 1244 5042 transmittere,
1272 4974 1442 5044 atque
1468 4974 1600 5026 ante
1624 4968 1799 5041 ipsius

178 5061 291 5118 Filii
319 5067 400 5120 tui
432 5067 741 5122 adventum
777 5066 1091 5122 Johannem
1127 5066 1394 5138 dignatus
1425 5080 1484 5120 es
1516 5062 1799 5119 destinare

177 5171 504 5228 praeconem,
535 5165 600 5216 ut
633 5176 736 5232 per
772 5161 900 5232 ejus
934 5159 1238 5216 veridicam
1275 5159 1336 5214 in
1365 5158 1586 5214 deserto
1621 5151 1798 5211 eremi

179 5252 628 5319 praedicationem
644 5255 891 5327 populus
905 5252 1182 5326 pauitans
1199 5257 1568 5308 veternorum
1583 5249 1796 5304 facino-

185 5359 303 5400 rum
327 5348 604 5421 acciperet
638 5349 880 5416 veniam,
905 5364 1012 5420 per
1035 5347 1169 5402 novi
1199 5350 1391 5402 autem
1414 5343 1666 5400 hominis
1701 5341 1801 5396 Dei

185 5452 408 5510 regnum
467 5441 904 5513 evangelizantis
969 5438 1172 5496 divinae
1234 5439 1521 5495 Trinitatis
1575 5437 1802 5508 plenam

187 5534 413 5590 mundus
462 5535 738 5608 consequi
782 5538 1076 5590 mereatur
1127 5533 1476 5590 ineffabilem
1522 5528 1798 5602 gratiam;

193 5621 318 5682 dona
349 5628 516 5684 nobis
543 5629 604 5684 in
629 5629 737 5684 hoc
781 5635 1041 5700 tempore
1075 5627 1366 5684 Adventus
1403 5621 1692 5695 Unigeniti
1719 5621 1805 5678 tui

196 5721 428 5779 eamdem
465 5722 621 5796 pacis
665 5722 908 5796 gratiam
954 5737 1128 5796 quam
1159 5720 1222 5777 in
1255 5717 1550 5794 praeterita
1595 5715 1805 5789 largire

195 5809 430 5885 dignatus
473 5832 535 5873 es
582 5817 814 5886 smnia;
867 5820 925 5872 et
959 5815 1071 5873 illis
1122 5831 1226 5872 nos
1283 5814 1346 5872 in
1399 5827 1630 5870 occursu
1671 5809 1806 5867 ﬁdei

1881 3288 1978 3360 qui
2010 3291 2095 3344 est
2123 3288 2182 3342 in
2216 3288 2390 3355 caelis,
2443 3287 2648 3358 dignas
2687 3287 2888 3343 laudes
2932 3287 3254 3359 dignasque
3294 3289 3507 3360 gratias

1879 3382 2216 3436 referamus.
2255 3384 2326 3437 Et
2367 3381 2590 3436 dicendo
2627 3397 2643 3432 :
2681 3380 2902 3436 Gratias
2957 3381 3300 3448 referamus,
3348 3383 3509 3436 elevet

1879 3474 2122 3530 sacerdos
2149 3489 2340 3529 manus
2363 3475 2422 3528 in
2463 3474 2656 3528 altum.
2690 3469 2752 3535 Β).
2785 3475 2984 3532 Chorus
3010 3484 3028 3520 ε
3050 3472 3298 3543 Dignum
3333 3476 3391 3528 et
3412 3473 3504 3544 ju-

1884 3571 2035 3622 stum
2057 3569 2162 3622 est.
2193 3568 2382 3622 Postea
2407 3567 2556 3621 dicat
2572 3566 2855 3636 presbyter
2878 3583 2895 3620 :

2597 3665 2797 3716 lnlatio.

1956 3751 2206 3824 Dignum
2226 3754 2284 3806 et
2295 3751 2516 3822 justum
2550 3752 2636 3804 est
2660 3767 2765 3805 nos
2795 3749 2898 3805 tibi
2933 3747 3147 3822 gratias
3173 3765 3368 3822 agere,
3401 3751 3510 3809 Do-

1887 3845 2043 3900 mine
2083 3848 2299 3912 sancte,
2330 3847 2499 3899 Pater
2539 3847 2774 3911 aeterne,
2808 3844 3178 3915 omnipotens
3205 3845 3375 3914 Deus,
3410 3863 3515 3918 per

1884 3941 2076 3994 Jesum
2111 3937 2396 3992 Christum
2432 3936 2634 3992 Filium
2681 3940 2844 3991 tuum
2882 3936 3190 3992 Dominum
3231 3942 3514 4009 nostrum,

1885 4049 2060 4104 quem
2083 4031 2378 4087 Johannes
2402 4029 2590 4085 fidelis
2626 4030 2846 4085 amicus
2874 4031 3168 4102 praecessit
3193 4033 3513 4101 nascendo;

1883 4128 2174 4201 praecessit
2211 4128 2267 4182 in
2301 4127 2540 4183 desertis
2580 4128 2762 4183 eremi
2806 4128 3196 4198 praedicando,
3228 4129 3519 4200 praecessit

1883 4221 2264 4293 baptizando;
2297 4221 2450 4277 viam
2478 4237 2708 4292 quoque
2739 4237 3073 4292 praeparans
3095 4220 3298 4291 judicii
3333 4238 3399 4276 ac
3424 4238 3513 4276 re-

1887 4314 2226 4387 demptoris,
2255 4314 2588 4370 convocavit
2615 4317 2946 4386 peccatores
2977 4313 3051 4368 ad
3080 4313 3477 4384 paenitentiam
3501 4328 3515 4382 ;

1887 4412 1947 4463 et
1976 4409 2254 4480 populum
2286 4405 2566 4464 Salvatori
2605 4407 2936 4478 adquirens,
2961 4405 3271 4477 baptizavit
3298 4405 3358 4461 in
3393 4409 3517 4464 Jor-

1810 4513 1870 4585 D
1893 4499 2042 4556 dane
2062 4503 2298 4573 peccata
2325 4499 2558 4571 propria
2587 4500 2961 4566 conﬁtentes;
2990 4514 3108 4554 non
3136 4498 3402 4556 homines
3431 4500 3517 4556 in-

1894 4593 2160 4649 novando
2220 4594 2454 4664 plenam
2495 4593 2798 4648 conferens
2836 4591 3102 4662 gratiam,
3149 4592 3252 4648 sed
3282 4589 3522 4666 piissimi

1895 4686 2204 4742 Salvatoris
2229 4701 2574 4741 ammonens
2609 4687 2936 4756 exspectare
2967 4687 3370 4758 praesentiam;
3403 4702 3521 4744 non

1894 4779 2194 4835 remittens
2213 4778 2335 4850 ipse
2365 4781 2600 4850 peccata
2628 4776 2702 4833 ad
2723 4795 2782 4833 se
2807 4777 3188 4848 venientibus,
3211 4779 3311 4836 sed
3327 4777 3524 4835 remis-

1897 4873 2120 4929 sionem
2152 4874 2522 4944 peccatorum
2551 4869 2626 4926 ad
2652 4871 2911 4927 futurum
2939 4873 3218 4944 pollicens
3243 4889 3366 4928 esse
3393 4887 3520 4934 cre-

1898 4965 2200 5032 dentibus;
2245 4968 2308 5020 ut
2340 4963 2822 5021 descendentibus
2866 4965 2926 5019 in
2961 4979 3112 5038 aqua
3149 4962 3522 5040 paenitentiae,

1899 5061 1970 5114 ab
1997 5059 2093 5114 illo
2125 5061 2426 5130 sperarent
2439 5054 2764 5114 remedium
2784 5056 3182 5130 indulgentiae,
3201 5075 3374 5133 quem
3393 5079 3527 5121 ven-

1897 5155 2092 5208 turum
2127 5151 2440 5206 audiebant
2471 5151 2709 5223 plenum
2750 5149 2902 5206 dono
2933 5150 3188 5208 veritatis
3215 5157 3275 5209 et
3303 5159 3524 5228 gratiae.

1901 5244 2225 5318 Baptizatur
2248 5244 2424 5316 igitur
2455 5244 2527 5298 ab
2553 5260 2622 5298 eo
2653 5243 2908 5300 Christus
2929 5261 2996 5299 ex
3017 5245 3302 5304 elemento
3322 5250 3527 5308 visibili

1901 5341 1960 5394 et
1981 5337 2181 5410 spiritu
2201 5336 2496 5392 invisibili:
2528 5336 2886 5391 ducebantur
2915 5354 3022 5410 por
3047 5339 3420 5399 obedentiam
3453 5345 3526 5400 ad

1899 5429 2387 5497 misericordiam;
2415 5444 2521 5500 per
2549 5429 2732 5484 filium
2779 5429 2986 5486 sterilis
3031 5433 3106 5488 ad
3134 5435 3316 5492 ﬁlium
3343 5436 3522 5508 Virgi-

1903 5525 2022 5593 nis;
2052 5541 2158 5596 per
2190 5518 2383 5595 448
2409 5521 2736 5578 Iohannem
2779 5523 3077 5582 hominem
3122 5545 3422 5600 magnum,
3451 5528 3528 5585 ad

1901 5618 2187 5676 Christum
2218 5615 2520 5672 hominem
2559 5617 2762 5672 Deum.
2807 5617 2916 5683 Qui
2946 5637 3077 5676 cum
3102 5622 3268 5676 Patre
3310 5623 3368 5674 et
3397 5619 3522 5693 Spi-

1903 5711 2016 5769 ritu
2036 5713 2234 5767 sancto
2263 5709 2511 5766 adorant
2526 5710 2719 5783 angeli
2746 5713 2918 5785 atque
2937 5711 3285 5784 archangeli,
3307 5712 3526 5776 throni.

1907 5804 2332 5864 dominationes
2356 5807 2416 5862 et
2437 5806 2772 5877 potestates,
2800 5805 2883 5862 ita
2911 5805 3166 5862 dicentes
3195 5818 3210 5864 :
