4036 6188
459 320 564 376 423
615 324 620 328 ’

537 426 600 491 ﬂ).
626 428 865 486 Chorus:

537 521 799 587 Sanctus,
843 519 1104 584 Sanctus,
1146 517 1406 583 Sanctus,
1463 517 1741 572 Dominus
1779 518 1929 572 Deus
1983 517 2083 572 Sa-

464 615 662 671 baoth.
715 611 872 667 Pleni
907 613 1038 664 sunt
1075 609 1197 663 caeli
1245 611 1301 662 et
1341 613 1496 664 terra
1543 611 1728 680 gloria
1771 611 2090 680 majestatis

463 711 604 773 tua);
641 721 860 761 osanna
875 703 992 757 lilio
1017 702 1217 772 David,
1241 719 1462 757 osanna
1480 703 1540 757 in
1563 704 1814 758 excelsis.
1846 702 2087 757 Benedi-

465 804 585 854 ctus
610 798 708 868 qui
737 795 892 850 venit
910 795 968 849 in
997 794 1229 850 nomine
1249 795 1498 862 Domini,
1518 813 1737 851 osanna
1753 796 1812 850 in
1835 795 2084 850 excelsis.

531 919 689 972 Dicat
707 916 992 986 presbyter
1005 919 1131 985 post
1156 915 1400 970 Sanctus
1433 931 1446 968 :

529 1018 672 1072 Vere
709 1021 937 1072 sanctus
977 1021 1034 1071 et
1067 1017 1351 1090 gloriosus
1384 1016 1658 1072 Dominus
1706 1019 1902 1070 noster
1931 1016 2090 1070 Jesus

459 1111 714 1167 Christus
745 1110 914 1165 Filius
942 1113 1088 1178 tuus,
1120 1127 1292 1181 quem
1321 1110 1458 1164 olim
1496 1109 1782 1163 credimus
1821 1108 2086 1163 incarna-

458 1208 584 1260 tum
606 1204 776 1258 fuisse
807 1221 910 1275 pro
937 1205 1116 1258 salute
1148 1204 1388 1258 humani
1417 1202 1677 1274 generis;
1703 1205 1761 1256 et
1802 1219 1954 1256 nunc
1995 1218 2088 1255 ex-

461 1301 784 1370 spectamus
807 1297 880 1352 ad
897 1297 1180 1368 judicium
1200 1300 1504 1351 venturum
1533 1295 1590 1350 in
1610 1295 1793 1367 gloria
1818 1295 2092 1349 claritatis

461 1409 592 1446 cum
651 1392 915 1447 omnibus
949 1391 1178 1458 sanctis,
1212 1391 1331 1462 ipse
1389 1389 1666 1444 Dominus
1701 1406 1766 1443 ac
1798 1389 2092 1443 redemtor

466 1489 733 1539 aeternus.
1556 1493 1560 1497 ’

532 1605 732 1660 Deinde
771 1605 919 1660 dicat
946 1605 1226 1675 presbyter
1264 1605 1321 1656 in
1358 1603 1569 1658 silentio
1598 1601 1804 1670 junctis
1846 1603 2094 1656 manibus

461 1697 773 1752 inclinanda
797 1713 851 1753 se
879 1703 1004 1752 ante
1029 1697 1204 1750 altare
1227 1697 1367 1750 hanc
1389 1698 1683 1750 orationem
1711 1716 1729 1748 .-

535 1799 764 1864 Adesto,
821 1797 1038 1863 adesto,
1080 1799 1210 1851 Jesu
1261 1797 1413 1851 bone
1472 1795 1750 1868 pontifex,
1797 1795 1855 1849 in
1897 1794 2169 1870 medioB

467 1891 666 1958 nostri,
698 1891 843 1944 sicut
870 1890 1023 1944 fuisti
1049 1891 1108 1943 in
1141 1890 1335 1944 medio
1363 1889 1772 1960 discipulorum
1829 1891 2090 1954 tuorum;

466 1983 644 2038 sancti
665 1984 820 2048 +fica
835 1983 984 2038 hanc
1015 1983 1388 2050 oblationem,
1410 1984 1447 2046 -ξ-
1473 1986 1536 2036 ut
1555 1982 1910 2036 sanctiﬁcata
1939 1989 1977 2049 οξ-
1999 1998 2090 2034 su-

463 2093 691 2131 mamus
719 2093 824 2147 per
851 2093 1058 2131 manus
1073 2077 1254 2130 sancti
1281 2075 1474 2147 angeli
1500 2075 1602 2143 tui,
1627 2078 1821 2129 sancte
1853 2073 2091 2128 Domine

464 2187 530 2224 ac
560 2169 854 2224 redemtor
884 2174 1119 2224 mterne.
1145 2169 1422 2224 Dominus
1447 2169 1818 2224 nosterJesus
1839 2166 2094 2222 Christus

464 2262 524 2318 in
557 2279 670 2333 qua
697 2267 868 2317 nocte
895 2263 1230 2318 tradebatur
1260 2262 1480 2332 accepit
1509 2277 1746 2333 panem,
1791 2263 1850 2314 et
1878 2257 2092 2330 gratias

465 2372 646 2426 agens
674 2357 822 2410 bene
864 2362 902 2425 -ι-
942 2355 1082 2410 dixit
1119 2373 1184 2410 ac
1223 2355 1398 2426 fregit
1443 2371 1456 2408 :
1498 2353 1768 2424 deditque
1805 2351 2094 2422 discipulis

465 2449 581 2504 suis
606 2449 822 2515 dicens,
845 2449 1084 2520 accipite
1113 2453 1172 2502 et
1201 2448 1547 2502 manducate
1579 2465 1591 2502 :
1629 2447 1743 2500 Hoc
1775 2449 1860 2498 est
1889 2438 2094 2515 corpus

465 2559 662 2597 meum
687 2542 842 2614 quod
873 2558 977 2614 pro
1008 2542 1168 2596 vobis
1194 2542 1454 2596 tradetur
1475 2539 1570 2612 (a).
1605 2542 1708 2594 Hic
1732 2540 1962 2594 elevatur
1985 2553 2095 2592 cor—

462 2657 586 2713 pus.
615 2641 1099 2711 Quotiescumque
1126 2638 1628 2705 manducaveritis,
1663 2638 1771 2692 hoc
1812 2636 1984 2690 facite
2035 2635 2092 2688 in

468 2751 663 2789 meam
692 2740 730 2802 -Ξ-
761 2733 1394 2788 commemorationem.
1435 2730 1707 2787 Similiter
1742 2733 1800 2784 et
1835 2720 2092 2794 calicem,

465 2830 774 2900 postquam
798 2827 1056 2892 caenavit,
1081 2826 1276 2880 dicens
1307 2843 1320 2879 :
1351 2824 1448 2878 Hic
1474 2823 1512 2884 ’Ξ-
1543 2827 1629 2877 est
1657 2822 1800 2877 calix
1827 2821 1958 2876 novi
1990 2821 2092 2875 Te-

467 2920 740 2975 stamenti
793 2921 851 2973 in
905 2936 1038 2974 meo
1084 2918 1363 2989 sanguine
1407 2916 1506 2988 qui
1546 2932 1649 2988 pro
1687 2915 1847 2970 vobis
1889 2918 1947 2967 et
1991 2929 2094 2984 pro

469 3013 662 3066 multis
693 3012 1019 3066 etfundetur
1041 3011 1100 3065 in
1143 3011 1544 3064 remissionem
1573 3012 1961 3079 peccatorum.
1996 3008 2098 3062 Hic

467 3106 698 3161 elevetur
739 3105 886 3159 calia:
920 3108 1192 3174 coopertus
1225 3119 1345 3158 cum
1393 3103 1586 3170 ﬁliola.
1627 3100 2095 3170 Quotiescunque

1243 317 1574 372 APPENDIX
1612 317 1698 371 AD
1735 315 1956 372 OPERA
1993 311 2226 372 SANCTI
2263 315 2562 372 GERMANI
2601 315 3028 372 PARISIENSIS.

2109 437 2168 508 A

3718 313 3840 366 424

2863 686 3183 752 Corporatio

2241 970 2256 1468 Ι
2452 1199 2598 1248 Mors
2757 981 2769 1476 Ι
2885 1198 3154 1248 Nativitas
3271 977 3286 1472 Ι
3360 1196 3716 1247 Resurrectio

2840 1711 3202 1765 Circumclsio
3473 1709 3663 1760 Gloria

2885 1198 3154 1248 Nativitas
3271 1196 3282 1248 Ι
3360 1196 3716 1247 Resurrectio

2245 1173 2255 1273 Ι
2452 1199 2598 1248 Mors
2758 1173 2768 1273 Ι

2840 1711 3202 1765 Circumclsio

2873 2304 3156 2369 Apparitio
3271 2300 3283 2369 |
3436 2300 3697 2366 Regnum

467 3197 745 3264 biberitis,
773 3197 882 3251 hoc
905 3157 1075 3250 facite
1097 3195 1155 3249 in
1185 3157 1434 3256 meam'i'
1460 3157 2094 3248 commjemorationem.
2118 3157 2173 3231 Ο
2271 3193 2465 3268 450
2494 3194 2774 3250 Dominus
2800 3195 2872 3250 sit
2892 3211 3123 3266 semper
3149 3194 3462 3250 vobiscum.
3494 3193 3558 3257 Ri.
3587 3195 3660 3249 Et
3684 3210 3838 3248 cum.

469 3295 539 3348 Et
563 3307 682 3346 cum
697 3295 1014 3361 perventum
1039 3291 1207 3356 fuerit
1227 3289 1322 3342 ubi
1338 3289 1470 3342 dicit
1499 3306 1516 3342 :
1549 3289 1610 3340 In
1634 3302 1826 3340 meam
1852 3302 2099 3340 comme-

471 3383 878 3450 morationem,
905 3385 1060 3439 Dicat
1078 3383 1358 3454 presbyter
1373 3383 1491 3436 alta
1515 3396 1637 3454 uoce
1651 3380 1893 3436 omnibus
1914 3379 2099 3434 diebus

465 3483 666 3552 prater
699 3447 929 3546 festiuis.
976 3447 1109 3532 Pari
1145 3447 1299 3530 modo
1333 3475 1427 3530 ubi
1463 3447 1597 3528 dig-it
1624 3489 1641 3524 :
1678 3475 1740 3526 In
1779 3471 2098 3526 claritatem

471 3573 542 3628 de
569 3571 738 3626 caelis.
760 3573 829 3626 Et
853 3571 1092 3640 qualibet
1124 3572 1239 3624 vice
1265 3567 1586 3638 respondeat
1611 3568 1812 3624 Chorus
1843 3581 1860 3617 :
1890 3568 2094 3619 Amen.

543 3665 1005 3734 Quotiescunque
1057 3661 1541 3716 manducaveritis
1593 3675 1808 3730 panem
1849 3659 2002 3712 hunc
2041 3661 2100 3711 et

470 3757 709 3812 calicem
739 3756 914 3809 istum
941 3755 1219 3822 biberitis,
1254 3757 1506 3810 mortem
1533 3752 1762 3807 Domini
1788 3751 2095 3806 annuntia-

472 3849 604 3905 bitis
635 3849 818 3903 donec
842 3847 1050 3901 veniet.
1078 3849 1142 3902 In
1169 3846 1488 3901 claritatem
1513 3843 1550 3906 ἦέ
1581 3845 1653 3900 de
1679 3845 1846 3899 ctelis.
1878 3847 1940 3912 nl.
1972 3845 2098 3902 Cho-

474 3957 567 3998 rus
591 3943 831 3995 :Amen.

543 4036 701 4090 Dicat
718 4033 998 4104 presbyter
1021 4035 1144 4102 post
1171 4029 1359 4085 Pridie
1390 4047 1402 4084 :

1187 4148 1380 4200 Oratio.

543 4248 784 4308 Domine
815 4249 945 4303 Jesu
987 4245 1227 4313 Christe,
1264 4245 1413 4299 hanc
1445 4243 1692 4299 hostiam
1737 4244 1921 4298 vivam
1969 4244 2092 4298 illu-

470 4327 747 4406 stratione
777 4346 1054 4401 adventus
1079 4344 1162 4398 tui
1190 4341 1515 4408 sanctiﬁca;
1547 4346 1610 4396 ut
1631 4359 1700 4395 ex
1735 4357 1804 4395 ea
1831 4341 2093 4410 libantes,

471 4443 821 4500 mundemur
848 4457 881 4494 a
915 4438 1177 4504 crimine,
1223 4440 1281 4490 et
1310 4439 1469 4490 tuam
1491 4435 1738 4507 gratiam
1769 4451 2098 4489 mereamur

471 4537 767 4609 percipere
795 4534 916 4588 sine
949 4535 1082 4587 fine.
1118 4538 1180 4602 κ).
1209 4532 1414 4585 Amen.

542 4658 732 4710 Postea
755 4655 903 4708 dicat
925 4653 1242 4724 presbyter:

541 4745 734 4819 449
758 4746 833 4800 Te
862 4748 1187 4816 prmstante,
1229 4747 1420 4798 sancte
1453 4741 1714 4809 Domine,
1747 4741 1844 4812 qui
1875 4745 1935 4795 tu
1977 4740 2097 4794 haec

472 4841 670 4898 omnia
709 4837 874 4893 nobis
902 4835 1156 4906 indignis
1182 4836 1356 4889 servis
1395 4835 1506 4889 tuis
1537 4835 1700 4890 valde
1731 4835 1886 4890 bona
1915 4851 2092 4902 creas,

471 4927 710 4996 sanctis}
738 4927 894 4994 ﬂcas,
926 4923 1173 4978 viviﬁcas
1196 4929 1252 4990 +,
1288 4924 1440 4977 bene
1507 4923 1565 4977 di
1589 4925 1673 4978 cis
1696 4931 1734 4993 ιιι
1772 4942 1834 4980 ac
1861 4928 2096 4996 praestas

472 5024 656 5091 nobis,
693 5026 758 5076 ut
797 5020 870 5075 sit
905 5016 1211 5073 benedicta
1257 5032 1290 5069 a
1323 5019 1379 5069 te
1421 5016 1538 5069 Deo
1576 5021 1771 5072 nostro
1800 5019 1857 5073 in
1891 5019 2096 5072 saecula

475 5118 831 5173 seculorum.
863 5113 926 5178 nl.
959 5114 1161 5171 Chorus
1183 5126 1200 5162 :
1225 5111 1430 5163 Amen.

541 5241 611 5295 Et
627 5243 749 5292 tunc
767 5237 1048 5308 presbyter
1069 5234 1304 5304 accipiat
1321 5245 1514 5301 corpus
1539 5232 1752 5286 Domini
1775 5231 1841 5285 de
1870 5239 2094 5302 patena,

471 5337 522 5390 et
547 5335 712 5402 ponat
736 5344 896 5400 super
909 5330 1126 5384 calicem
1151 5327 1562 5396 discoopertum
1583 5327 1634 5378 et
1661 5323 1812 5378 dicat
1833 5325 2097 5381 alta.voce

470 5424 712 5483 omnibus
742 5421 947 5485 diebus,
970 5419 1218 5476 videlicet
1243 5420 1453 5487 festiuis
1488 5421 1539 5473 et
1565 5417 1874 5480 Dominicis,
1898 5423 2098 5486 prth

469 5521 531 5578 in
558 5516 702 5582 locis,
722 5517 781 5570 in
803 5514 994 5586 quibus
1016 5515 1119 5568 erit
1141 5513 1440 5584 antiphona
1462 5513 1693 5583 propria
1727 5510 1802 5566 ad
1845 5511 2093 5578 confrac-

472 5616 667 5672 tionem
685 5606 848 5683 panis
873 5627 892 5662 .’

2269 3291 2425 3344 Dicat
2447 3289 2730 3360 presbyter
2748 3308 2766 3344 :

2269 3381 2466 3436 Fidem
2499 3399 2674 3453 quam
2701 3382 2872 3438 corde
2902 3381 3190 3438 credimus
3217 3399 3314 3438 ore
3335 3386 3530 3438 autem
3551 3381 3838 3436 dicamus.

2199 3477 2267 3530 Et
2290 3475 2456 3530 elevet
2479 3477 2724 3531 sacerdos
2750 3492 2940 3546 corpus
2965 3477 3166 3534 Christi
3192 3482 3252 3531 ut
3275 3477 3528 3531 videatur
3552 3491 3589 3529 a
3607 3476 3834 3546 populo.

2199 3571 2266 3622 Et
2294 3568 2442 3623 dicat
2467 3570 2655 3624 chorus
2677 3569 2989 3638 Symbolum
3017 3570 3133 3623 bini
3153 3585 3218 3624 ac
3247 3571 3378 3632 bini,
3408 3569 3658 3624 videlicet
3675 3587 3693 3621 :

2271 3660 2573 3716 Credimus
2602 3661 2659 3715 in
2683 3678 2862 3716 unum
2890 3662 3072 3716 Deum
3097 3663 3324 3716 Patrem
3348 3661 3832 3732 omnipotentem,

2197 3755 2480 3810 factorem
2507 3755 2630 3810 caali
2662 3758 2718 3808 et
2737 3757 2903 3808 terrae
2929 3771 2942 3822 ;
2975 3754 3288 3809 visibilium
3315 3754 3577 3810 omnium
3609 3756 3670 3808 et
3689 3753 3832 3807 invi-

2199 3846 2450 3902 sibilium
2467 3848 2847 3903 conditorem.
2867 3849 2936 3902 Et
2956 3848 3014 3902 in
3036 3865 3212 3902 unum
3239 3848 3550 3903 Dominum
3573 3849 3834 3901 nostrum

2194 3942 2388 3996 Jesum
2416 3941 2702 3996 Christum
2721 3940 2924 3995 Filium
2949 3941 3050 3995 Dei
3084 3941 3468 4012 unigenitum,
3498 3943 3554 3994 et
3581 3956 3650 3993 ex
3667 3940 3835 3994 Patre

2199 4036 2399 4087 natum
2427 4035 2561 4088 ante
2594 4034 2790 4087 omnia
2817 4018 3044 4100 saecula,
3068 4035 3253 4088 Deum
3276 4050 3341 4088 ex
3370 4035 3506 4099 Deo,
3530 4033 3755 4088 Lumen
3772 4048 3839 4086 ex

2197 4125 2456 4193 Lumine,
2494 4128 2669 4181 Deum
2699 4143 2897 4181 verum
2918 4144 2987 4181 ex
3015 4128 3134 4182 Deo
3161 4144 3318 4194 vero,
3352 4130 3552 4180 natum
3592 4142 3715 4180 non
3749 4126 3834 4178 fa-

2196 4221 2371 4286 ctum,
2402 4220 2704 4274 omousion
2736 4220 2908 4286 Patri,
2938 4220 3046 4275 hoc
3087 4224 3176 4274 est
3217 4220 3475 4291 ejusdem
3503 4235 3636 4273 cum
3667 4220 3839 4272 Patre

2197 4307 2558 4374 substantias;
2600 4325 2704 4379 per
2745 4325 2920 4379 quem
2966 4309 3166 4364 omnia
3203 4310 3358 4370 facta
3405 4312 3554 4375 sunt,
3602 4323 3736 4378 quas
3777 4307 3836 4360 in

2197 4395 2355 4462 caelo,
2379 4401 2438 4451 et
2464 4413 2590 4467 quae
2619 4395 2677 4449 in
2709 4399 2863 4451 terra
2895 4414 2908 4452 :
2935 4397 3031 4468 qui
3063 4403 3301 4468 propter
3337 4415 3441 4452 nos
3457 4396 3748 4460 homines,
3783 4399 3841 4449 et

2113 4519 2174 4592 Β
2195 4493 2431 4571 propter
2459 4492 2717 4544 nostram
2748 4491 2992 4544 salutem
3022 4490 3320 4545 descendit
3347 4491 3417 4544 de
3447 4489 3598 4544 caelis
3621 4507 3636 4555 ;
3664 4493 3723 4542 et
3753 4489 3841 4543 in-

2196 4585 2463 4637 carnatus
2493 4586 2579 4637 est
2607 4583 2676 4636 de
2699 4583 2912 4654 Spiritu
2940 4587 3137 4639 sancto
3179 4601 3245 4638 ex
3278 4583 3453 4642 Maria
3493 4582 3741 4653 virgine,
3781 4587 3838 4636 et

2197 4675 2372 4730 homo
2392 4676 2575 4730 factus
2599 4679 2702 4730 est.
2730 4677 2934 4731 Passus
2959 4677 3062 4731 sub
3083 4677 3288 4732 Pontio
3319 4676 3520 4742 Pilato,
3553 4676 3838 4746 sepultus,

2197 4770 2365 4824 tertia
2407 4769 2499 4822 die
2536 4769 2877 4836 resurrexit;
2924 4770 3184 4825 ascendit
3217 4771 3292 4826 ad
3326 4770 3514 4836 caelos,
3551 4768 3720 4823 sedet
3762 4769 3838 4824 ad

2197 4862 2491 4917 dexteram
2539 4862 2640 4916 Dei
2683 4863 2865 4917 Patris
2910 4863 3358 4934 omnipotentis;
3386 4861 3521 4916 inde
3558 4866 3843 4915 venturus

2196 4959 2283 5010 est
2308 4955 2570 5026 judicare
2601 4955 2754 5011 vivos
2785 4960 2843 5010 et
2867 4960 3148 5025 mortuos,
3179 4957 3340 5028 cujus
3372 4955 3539 5027 regni
3569 4971 3691 5009 non
3728 4955 3844 5010 erit

2194 5049 2344 5115 ﬁnis,
2373 5051 2432 5102 et
2461 5049 2518 5103 in
2546 5049 2822 5120 Spiritum
2853 5053 3114 5104 sanctum
3148 5049 3480 5114 Dominum,
3519 5047 3840 5102 viviﬁcato~

2195 5158 2339 5208 rem,
2365 5145 2421 5196 et
2450 5159 2518 5196 ex
2542 5143 2709 5197 Patre
2740 5146 2797 5196 et
2817 5143 2954 5197 Filio
2973 5143 3404 5214 procedentem,
3423 5158 3556 5196 cum
3573 5143 3744 5196 Patre
3783 5146 3846 5196 et

2195 5233 2334 5288 Filio
2367 5234 2731 5290 adorandum
2758 5239 2816 5288 et
2854 5235 3406 5306 congloriﬁcandum
3431 5251 3445 5300 ;
3469 5234 3568 5305 qui
3609 5234 3843 5288 locutus

2195 5332 2282 5382 est
2309 5344 2413 5399 per
2447 5328 2777 5398 prophetas.
2807 5329 2876 5383 Et
2902 5345 3076 5383 unam
3104 5333 3363 5384 sanctam
3393 5328 3746 5382 catholicam
3784 5333 3846 5382 et

2195 5421 2566 5492 apostolicam
2586 5421 2918 5476 Ecclesiam.
2943 5422 3236 5478 Confiteor
3254 5437 3437 5476 unum
3458 5420 3756 5492 baptisma
3778 5421 3843 5476 in

2193 5513 2594 5570 remissionem
2624 5519 3010 5586 peccatorum.
3038 5517 3445 5587 Exspectamus
3463 5514 3850 5572 resurrectio-

2196 5622 2331 5662 nem
2355 5611 2738 5677 mortuorum,
2771 5612 2829 5664 et
2847 5608 3024 5665 vitam
3052 5609 3277 5664 venturi
3307 5608 3516 5664 saeculi.
3549 5609 3764 5663 Amen.

543 5827 618 5906 (α)
643 5825 844 5887 Forma
868 5824 975 5880 ista
999 5819 1436 5881 consecrationis
1463 5819 1715 5892 ponitur,
1747 5837 1819 5879 ne
1844 5821 2150 5897 antiquitas
2172 5821 2524 5896 ignoremur,
2554 5827 2652 5884 sed
2677 5825 2844 5884 hodie
2871 5830 3126 5883 servetur
3151 5825 3413 5883 Ecclesiae
3438 5823 3696 5897 traditio,
3725 5829 3840 5882 etc.
