3982 6190
185 313 258 365 425
289 335 299 352 “

751 299 840 355 AD
878 299 1366 356 PRECEDENTIA
1407 299 1738 356 LlTURGM-Z
1776 297 2193 355 MOMUMENTA
2230 297 2563 355 APPENDIX
2601 298 2826 354 PRIMA.

3372 300 3474 355 426

229 409 461 471 Etdeinde
471 409 642 478 faciat
650 409 931 479 presbyter
945 410 1050 464 sic:
1067 411 1310 479 Frangat
1330 409 1729 464 Eucharistiam
1750 420 1808 494 Α
1829 407 2016 464 suavis
2052 409 2139 462 est
2175 407 2473 463 Dominus.
2519 407 2775 475 Alleluia,
2823 405 3071 477 alleluia,
3106 404 3352 462 alleluia.
3412 413 3474 474 γ.

172 525 253 582 μιν
269 505 484 566 medium,
505 508 554 559 et
572 507 748 574 ponat
760 503 996 559 mediam
1009 507 1225 575 partem
1257 504 1318 558 in
1335 506 1562 574 patena,
1589 507 1641 558 et
1670 504 1741 561 de

177 604 260 658 alia
269 603 404 671 parte
419 597 584 665 faciat
601 599 836 667 quinque
842 597 1172 668 particulas,
1193 600 1244 652 et
1255 600 1428 668 ponat
1441 589 1707 668 inpatena
1715 617 1734 666 ;

175 700 214 751 et
231 694 428 762 accipiat
443 691 608 746 aliam
620 693 856 762 partem,
871 695 924 746 et
947 685 1127 759 faciat
1149 694 1387 762 quatuor
1405 693 1738 760 particulas,

173 793 210 844 et
227 789 370 858 ponat
389 787 442 838 in
459 775 659 854 patena
682 785 932 840 similiter
947 800 1052 854 per
1069 783 1311 839 ordinem
1336 786 1518 851 factas
1536 800 1638 856 per
1659 786 1738 840 lo-

174 881 284 935 culos
301 881 412 933 istos
433 879 524 947 qui
545 891 714 948 supra
740 882 886 932 sunt.
913 879 985 932 Et
1005 879 1193 933 statim
1214 882 1414 948 purget
1441 878 1568 934 bene
1595 879 1740 948 digi-

172 978 252 1039 tos;
279 975 324 1026 et
345 974 566 1042 cooperto
589 971 754 1026 calice
775 973 954 1038 faciat
975 971 1253 1026 Memento
1272 986 1376 1041 pro
1400 973 1560 1026 vivis.

220 1068 378 1121 Postea
425 1064 570 1118 dicat
611 1064 893 1135 presbyter
941 1065 1016 1120 ad
1060 1066 1353 1120 orationem
1413 1067 1744 1122 Dominicam

169 1159 398 1230 equalitcr
417 1159 575 1214 istam
604 1159 923 1213 orationem.

805 1261 1038 1311 Oramus.

218 1346 430 1402 Verbum
445 1344 625 1401 Patris
636 1345 786 1418 quod
801 1347 956 1400 cum‘
971 1345 1187 1402 factum
1202 1361 1282 1418 es,
1304 1351 1366 1402 ut
1380 1345 1666 1402 habitares
1683 1345 1746 1402 in

167 1439 318 1508 nobis;
343 1444 540 1512 praesta
553 1439 736 1510 nobis,
761 1443 822 1494 ut
849 1439 948 1512 qui
971 1444 1027 1495 te
1050 1439 1268 1495 venisse
1289 1439 1416 1510 jam
1439 1440 1744 1509 credimus,

164 1534 216 1588 ab
237 1533 371 1588 omni
393 1537 750 1605 peccatorum
779 1548 1056 1589 amamur
1068 1533 1425 1606 contagione,
1451 1549 1583 1590 cum
1606 1551 1748 1606 pra:-

167 1626 386 1698 ceptionis
417 1632 530 1682 tum
567 1627 810 1682 oraculis
865 1627 1403 1699 proclamaverimus
1466 1645 1498 1683 e
1557 1628 1744 1684 terris.

161 1721 293 1776 Pater
311 1725 509 1788 noster,
537 1721 639 1792 qui
665 1735 723 1776 es
758 1720 817 1775 in
864 1720 1038 1776 caelis.
1082 1719 1148 1784 Β).
1189 1723 1387 1781 Amen.
1434 1721 1750 1778 Sanctiﬁce-

1838 500 2174 558 Benedlcam
2198 501 2503 557 Dominum
2522 501 2583 556 in
2601 501 2759 556 omni
2783 504 3038 572 tempore
3059 517 3073 556 :
3103 515 3332 572 semper
3349 498 3472 556 laus

1838 595 1960 667 ejus
1987 595 2048 650 in
2087 609 2185 650 ore
2223 611 2374 651 meo.
2417 597 2480 650 P.
2526 594 2782 666 Alleluia,
2823 593 3073 665 alleluia,
3129 592 3376 649 alleluia.
3410 592 3470 654 7.

1840 688 2100 744 Bedimet
2121 688 2392 744 Dominus
2416 687 2634 744 animas
2659 705 2952 744 servorum
2977 703 3234 757 suorum,
3267 691 3324 743 et
3361 703 3479 743 non

1839 787 2196 860 derelinquat
2237 805 2433 845 omnes
2467 787 2568 862 qui
2605 791 2834 861 sperant
2856 787 2918 843 in
2945 803 3098 843 eum.
3125 789 3188 842 P.
3218 785 3476 854 Alleluia,

1841 881 2085 950 alleluia,
2112 883 2355 939 alleluia.
2385 883 2446 944 ψ.
2478 881 2669 938 Gloria
2705 886 2760 938 et
2799 881 2986 937 honor
3024 879 3196 953 Patri,
3248 883 3305 936 et
3338 879 3480 934 Filio

1842 979 1899 1031 et
1911 975 2142 1048 Spiritui
2157 975 2349 1050 452
2365 979 2576 1047 sancto,
2597 976 2658 1031 in
2674 975 2882 1031 saecula
2900 975 3258 1030 saeculorum.
3275 975 3453 1030 Amen
3466 1015 3479 1029 .

1841 1071 1904 1124 P.
1933 1069 2188 1140 Alleluia,
2227 1069 2471 1140 alleluia,
2501 1069 2744 1126 alleluia.
2793 1072 2858 1124 In
2895 1068 3116 1124 dicendo
3154 1067 3379 1123 Gustata
3425 1072 3485 1122 et

1841 1161 2045 1230 videte,
2073 1165 2311 1234 accipiat
2328 1164 2610 1235 presbyter
2634 1165 2806 1220 aliam
2825 1163 3161 1234 particulam
3178 1165 3480 1232 sequentem

1844 1273 1962 1328 qua
1987 1258 2189 1314 dicitur
2227 1258 2432 1328 Gloria,
2480 1262 2532 1314 et
2567 1262 2740 1330 ponat
2783 1272 2944 1328 super
2983 1257 3202 1312 calicem
3239 1259 3291 1311 et
3335 1255 3484 1311 dicat

1843 1366 1960 1406 cum
2008 1352 2222 1408 silentio
2269 1355 2432 1407 istam
2467 1355 2800 1408 orationem:
2848 1353 3055 1406 Panem
3096 1349 3377 1404 caelestem
3413 1349 3484 1404 de

1844 1460 2040 1501 mensa
2058 1445 2278 1500 Domini
2298 1446 2590 1518 accipiam,
2616 1451 2672 1501 et
2695 1461 2904 1501 nomen
2933 1443 3162 1500 Domini
3189 1442 3479 1498 invocabo.

1845 1541 1916 1594 Et
1965 1539 2115 1595 dicat
2161 1539 2406 1596 sacerdos
2475 1540 2758 1596 Memento
2796 1555 2900 1611 pro
2936 1537 3204 1606 mortuis,
3261 1537 3484 1593 tenendo

1846 1633 2003 1688 illam
2033 1633 2367 1704 particulam
2407 1649 2569 1704 super
2604 1634 2845 1696 calicem,
2885 1638 2937 1688 et
2988 1633 3129 1688 dicto
3179 1632 3482 1701 Memento,

1847 1725 1996 1782 dicat
2018 1727 2152 1782 istas
2167 1729 2432 1783 orationes
2455 1741 2574 1796 qua
2595 1730 2911 1796 sequuntur.

164 1817 234 1868 tur
252 1829 438 1869 nomen
459 1818 648 1869 tuum.
675 1809 740 1876 Β).
769 1816 970 1870 Amen.
990 1813 1264 1870 Adveniat
1287 1829 1532 1886 regnum
1556 1819 1744 1872 tuum.
1767 1798 1825 1871 B
1919 1820 2156 1876 Domine
2182 1821 2328 1875 Deus
2354 1836 2538 1890 meus,
2569 1819 2640 1874 da
2664 1818 2808 1874 mihi
2828 1833 3031 1890 corpus
3056 1821 3112 1872 et
3149 1818 3486 1890 sanguinem

164 1910 212 1972 nl.
227 1907 547 1976 Amen._Fiat
569 1906 829 1962 voluntas
855 1911 982 1964 tuas
1011 1907 1152 1963 sicut
1179 1908 1242 1962 in
1259 1908 1394 1963 cado
1407 1912 1464 1963 et
1487 1908 1548 1964 in
1575 1913 1746 1965 terra.

165 2002 212 2067 η.
233 2003 406 2056 Amen.
432 2003 646 2056 Panem
671 2005 931 2056 nostrum
957 2001 1354 2074 quotidianum
1370 2001 1444 2056 da
1467 2001 1629 2057 nobis
1652 2003 1751 2058 ho-

163 2091 244 2150 die.
270 2099 328 2165 n}.
352 2093 489 2160 Quia
514 2095 666 2151 Deus
693 2111 772 2151 es.
804 2093 988 2167 451
1024 2096 1092 2150 Et
1119 2094 1340 2151 dimitte
1359 2095 1524 2150 nobis
1561 2095 1749 2152 debita

163 2190 330 2256 nostra,
355 2187 492 2244 sicut
528 2193 591 2244 et
624 2204 727 2244 nos
771 2187 1115 2244 dimittimus
1140 2188 1487 2245 debitoribus
1521 2190 1746 2246 nostris.

161 2277 208 2342 ιν.
232 2282 406 2337 Amen.
427 2282 494 2338 Et
518 2297 597 2336 ne
625 2297 729 2336 nos
765 2281 1000 2338 inducas
1025 2281 1087 2337 in
1110 2281 1502 2338 tentationem.
1533 2281 1596 2347 Β).
1642 2283 1751 2340 Sed

161 2370 300 2427 libera
319 2390 415 2429 nos
442 2391 476 2429 a
498 2374 683 2430 malo.
711 2377 867 2432 Dicat
881 2375 1168 2446 presbyter
1194 2395 1212 2431 :
1239 2375 1482 2432 Liberati
1506 2393 1540 2431 a
1573 2377 1747 2448 malo,

159 2465 425 2523 conﬁrmati
489 2484 722 2540 semper
792 2468 854 2524 in
910 2468 1081 2538 bono’,
1159 2469 1373 2525 servire
1423 2485 1752 2526 mereamur

158 2557 246 2614 Deo
279 2576 335 2616 ac
367 2561 610 2618 Domino
643 2565 856 2618 nostro.
899 2563 1071 2634 Pone,
1109 2563 1365 2634 Domine,
1411 2563 1605 2620 ﬁnem.
1649 2567 1752 2621 Hic

149 2655 376 2722 permittat
395 2661 612 2727 pectus,
640 2656 888 2729 peccatis
925 2656 1132 2713 nostris
1162 2673 1176 2712 :
1220 2657 1292 2713 da
1337 2657 1614 2729 gaudium
1646 2658 1749 2714 tri-

155 2743 343 2816 bulatis,
379 2749 580 2821 praebe
627 2749 1079 2822 redemptionem
1131 2750 1385 2823 captivis,
1450 2751 1753 2808 sanitatem

154 2836 372 2910 inﬁrmis,
397 2843 664 2916 requiem
689 2843 968 2900 defunctis
999 2861 1013 2899 :
1061 2845 1302 2901 concede
1343 2861 1544 2918 pacem
1590 2850 1647 2902 et
1673 2861 1756 2902 se-

155 2933 409 2992 curitatem
432 2938 495 2994 in
525 2937 795 3000 omnibus
819 2937 1020 2994 diebus
1057 2938 1286 2994 nostris.
1325 2939 1546 3010 Frange
1586 2939 1756 2995 auda-

153 3023 270 3082 ciam
291 3029 652 3088 inimicorum
677 3037 1024 3103 nostrorum,
1053 3037 1110 3088 et
1135 3033 1340 3088 exaudi
1369 3033 1518 3089 Deus
1545 3034 1752 3089 oratio-

150 3134 232 3175 nes
255 3138 538 3182 servorum
564 3130 800 3182 tuorum
836 3126 1097 3182 omnium
1120 3125 1378 3182 fidelium
1401 3127 1749 3183 Christiano-

149 3227 273 3282 rum,
301 3216 357 3272 in
381 3217 488 3274 hac
515 3219 635 3290 die,
669 3224 726 3275 et
748 3219 810 3275 in
827 3219 985 3275 omni
1012 3225 1290 3293 tempore.
1319 3223 1428 3277 Per
1445 3221 1754 3277 Dominum

147 3312 370 3366 nostrum
395 3313 596 3370 Jesum
641 3311 929 3369 Christum
974 3313 1181 3370 Filium
1213 3318 1379 3370 tuum
1414 3314 1515 3388 qui
1559 3319 1752 3372 tecum

149 3399 258 3458 vivit
281 3408 334 3462 et
353 3412 585 3480 regnat,
610 3406 674 3462 in
699 3407 917 3464 unitate
943 3407 1184 3482 Spiritus
1209 3408 1405 3479 sancti,
1445 3410 1614 3480 Deus,
1648 3426 1755 3484 per

147 3497 306 3553 omnia
326 3501 536 3558 smeula
564 3502 922 3558 saeculorum.
951 3499 1016 3566 BI.
1047 3505 1252 3560 Amen.

202 3591 279 3647 Sic
291 3595 462 3661 faciat
479 3596 776 3668 presbyter
788 3615 806 3650 :
833 3598 1085 3667 Accipiat
1106 3598 1262 3652 modo
1281 3599 1616 3669 particulam
1639 3614 1758 3670 quae

147 3682 320 3742 dicitur
343 3689 638 3762 Regnum,
667 3689 734 3746 de
765 3695 992 3762 patena,
1021 3695 1074 3746 et
1100 3697 1278 3762 ponat
1315 3707 1479 3763 super
1514 3693 1753 3748 calicem.

146 3777 196 3832 In
217 3783 434 3852 tempore
456 3787 872 3841 resurrectionis
897 3785 1168 3851 uidelicet,
1181 3785 1331 3842 dicat
1349 3786 1521 3842 tribus
1531 3787 1754 3852 vicibus,

145 3870 264 3928 Vicit
281 3875 387 3932 Leo
415 3878 489 3934 de
515 3877 675 3934 tribu
695 3877 837 3934 Iuda
861 3879 1022 3934 radix
1045 3878 1238 3948 David,
1254 3879 1502 3936 alleluia.
1528 3883 1759 3952 Βθψοη-

147 3963 251 4021 deat
269 3971 457 4028 chorus
475 3972 728 4043 qualibet
752 3975 862 4028 vice
891 3991 910 4028 :
939 3973 1044 4038 Qui
1069 3973 1225 4030 sedes
1251 3989 1424 4048 super
1461 3974 1756 4044 cherubin,

143 4057 295 4118 Radix
319 4065 522 4137 David,
556 4065 804 4122 alleluia.
844 4068 919 4123 Et
952 4071 1142 4138 postea
1184 4067 1332 4124 dicat
1365 4071 1529 4127 istam
1562 4072 1760 4126 oratio-

142 4167 240 4209 nem
265 4159 403 4214 inter
427 4175 485 4216 se
509 4159 779 4216 submissa
805 4176 925 4216 voce
946 4179 964 4215 :

195 4248 387 4308 Sancta
412 4254 651 4325 sanctis,
679 4257 738 4310 et
771 4254 1092 4326 coniunctio
1119 4255 1366 4328 corporis
1394 4255 1618 4313 Domini
1652 4274 1758 4314 no-

141 4341 226 4396 stri
244 4345 367 4400 lesu
395 4347 650 4418 Christi;
683 4347 758 4404 sit
783 4348 1138 4405 sumentibus
1165 4354 1222 4406 et
1247 4349 1576 4422 potantibus
1599 4351 1762 4407 nobis

137 4435 193 4489 ad
223 4439 465 4514 veniam,
507 4446 569 4498 et
605 4441 884 4498 defimctis
921 4441 1180 4499 ﬁdelibus
1218 4448 1523 4516 praestetur
1567 4445 1639 4500 ad
1668 4461 1760 4501 re-

1849 1913 1972 1968 Filii
1999 1913 2084 1969 tui
2102 1913 2328 1969 Domini
2345 1913 2524 1969 nostri
2539 1913 2668 1968 Jesu
2696 1911 2903 1968 Christi
2928 1910 3007 1967 ita
3032 1926 3280 1982 sumere,
3305 1915 3368 1966 ut
3383 1927 3488 1983 per

1847 2007 1990 2063 illud
2022 2007 2410 2064 remissionem
2437 2006 2694 2062 omnium
2717 2009 3079 2078 peccatorum
3107 2021 3329 2062 merear
3350 2003 3489 2059 acci-

1847 2117 2002 2172 pere,
2037 2105 2096 2157 et
2121 2105 2221 2157 tuo
2249 2105 2442 2157 sancto
2467 2099 2679 2173 Spiritu
2706 2099 2936 2172 repleri,
2963 2101 3110 2156 Deus
3133 2102 3348 2169 noster,
3391 2098 3490 2170 qui

1849 2195 1990 2251 vivis
2014 2199 2071 2251 et
2094 2211 2298 2269 regnas
2319 2195 2382 2252 in
2403 2194 2608 2251 saecula
2634 2194 2990 2266 saeculorum,
3021 2208 3210 2250 amen.

2575 2325 2768 2376 Oratio.

1921 2440 2034 2492 Ave
2057 2437 2120 2492 in
2145 2453 2352 2506 aevum,
2381 2437 2732 2493 sanctissima
2750 2453 2885 2494 caro
2905 2437 3132 2508 Christi,
3177 2436 3238 2492 in
3279 2452 3486 2509 perpe-

1849 2534 2017 2586 tuum
2040 2547 2265 2586 summa
2288 2531 2524 2587 dulcedo
2547 2548 2562 2587 :
2586 2548 2795 2604 panem
2821 2532 3100 2588 caelestem
3119 2531 3412 2602 accipiam,
3433 2534 3492 2587 et

1851 2639 2062 2680 nomen
2094 2623 2320 2680 Domini
2349 2623 2646 2680 invocabo.
2675 2628 2776 2682 Hic
2797 2627 2978 2693 faciat
2998 2628 3214 2694 signum
3240 2640 3361 2680 cum
3389 2627 3492 2680 Ho-

1851 2721 1980 2782 stia,
2007 2723 2058 2774 et
2081 2723 2261 2774 sumat
2273 2719 2606 2790 particulam
2633 2733 2798 2789 quam
2813 2720 2872 2773 in
2898 2733 3066 2773 manu
3091 2718 3270 2780 habet,
3296 2721 3348 2772 et
3369 2731 3489 2773 coo-

1848 2814 2032 2884 periat
2078 2812 2314 2875 calicem,
2368 2815 2420 2867 et
2457 2813 2640 2867 veniat
2691 2811 2767 2866 ad
2791 2815 3074 2882 patenum,
3114 2815 3166 2866 et
3217 2815 3493 2866 consumat

1855 2921 2030 2962 omnes
2047 2907 2351 2977 particulas
2369 2920 2471 2976 per
2493 2905 2754 2960 ordinem.
2783 2907 2855 2960 Et
2879 2904 3072 2960 deinde
3091 2905 3323 2976 accipiat
3339 2908 3494 2976 pate-

1853 3015 1983 3054 nam
2011 3003 2062 3054 et
2082 3003 2258 3070 ponat
2285 3014 2448 3070 super
2473 2999 2714 3068 calicem,
2743 3003 2794 3054 et
2812 3002 3010 3070 purget
3029 2999 3155 3054 bene
3173 3013 3293 3054 cum
3317 2999 3492 3070 digito

1849 3094 2099 3164 pollicem
2127 3099 2176 3148 et
2192 3093 2353 3148 dicat
2383 3094 2521 3148 hanc
2547 3095 2844 3148 orationem
2872 3111 2889 3146 :

1773 3171 1828 3246 C
1923 3191 2036 3243 Ave
2060 3186 2121 3242 in
2146 3202 2353 3256 aevum,
2381 3185 2615 3242 caelestis
2640 3190 2825 3258 potus,
2857 3184 2957 3258 qui
2981 3184 3124 3242 mihi
3151 3189 3281 3242 ante
3305 3186 3496 3242 omnia

1854 3285 1910 3338 et
1935 3297 2108 3354 supra
2130 3280 2323 3337 omnia
2348 3279 2528 3336 dulcis
2545 3296 2626 3335 es.

2503 3398 2616 3450 Alia
2639 3397 2824 3450 oratio.

1923 3505 2139 3577 Corpus
2169 3507 2227 3559 et
2259 3501 2488 3575 sanguis
2525 3501 2750 3557 Domini
2784 3500 2962 3557 nostri
2997 3501 3132 3558 Iesu
3158 3500 3366 3558 Christi
3393 3516 3495 3558 cu-

1855 3597 2059 3654 stodiat
2081 3611 2287 3668 corpus
2313 3599 2369 3651 et
2397 3595 2654 3651 animam
2677 3609 2864 3650 meam
2891 3593 2951 3650 in
2987 3593 3165 3650 vitam
3199 3599 3493 3666 aeternam,

1858 3706 2048 3747 amen.
2077 3691 2180 3746 Hic
2207 3691 2444 3762 accipiat
2467 3691 2786 3758 sanguinem
2803 3707 2821 3757 ς
2839 3693 2890 3746 et
2913 3688 3044 3744 dum
3073 3689 3320 3746 sacerdos
3343 3705 3492 3746 sum-

1855 3787 1986 3842 serit
2008 3786 2346 3855 sanguinem,
2377 3783 2526 3840 dicat
2548 3784 2858 3840 immediate
2885 3784 3023 3840 hanc
3049 3786 3346 3840 orationem
3371 3803 3388 3840 :

1929 3878 2166 3935 Domine
2209 3879 2354 3934 Deus
2392 3894 2574 3949 meus,
2629 3879 2797 3934 Pater
2838 3882 2896 3935 et
2933 3877 3102 3933 Filius
3149 3881 3206 3934 et
3251 3877 3496 3952 Spiritus

1859 3977 2108 4038 sanctus,
2148 3972 2240 4028 fac
2278 3989 2371 4029 me
2401 3977 2457 4029 te
2482 3987 2710 4046 semper
2735 3988 2993 4045 quaerere
3019 3976 3076 4028 et
3099 3971 3356 4046 diligere,
3385 3977 3442 4030 et
3463 3990 3498 4028 a

1858 4071 1914 4124 te
1945 4083 2049 4140 per
2095 4067 2243 4122 hanc
2285 4071 2532 4124 sanctam
2581 4065 3046 4122 communionem
3097 4081 3274 4138 quam
3321 4066 3500 4121 sumsi

1859 4177 2178 4234 numquam
2200 4161 2502 4241 _recedere,
2551 4161 2688 4233 quia
2725 4165 2790 4215 tu
2833 4177 2890 4216 es
2929 4161 3098 4230 Deus,
3125 4163 3182 4214 et
3207 4163 3419 4230 praeter
3441 4163 3498 4214 te

1858 4272 1976 4312 non
2007 4259 2092 4312 est
2113 4255 2258 4310 alius
2285 4255 2346 4310 in
2371 4254 2577 4310 saecula
2603 4253 2958 4322 seculorum,
2985 4269 3174 4308 amen.

1933 4351 2123 4408 Cantet
2145 4351 2332 4404 chorus
2370 4351 2786 4404 communionem
2803 4365 2820 4400 :
2861 4345 3076 4403 Refecti
3113 4343 3322 4402 Christi
3366 4360 3492 4400 cor-

1859 4459 2003 4517 pore
2041 4445 2099 4498 et
2143 4441 2442 4514 sanguine,
2493 4445 2550 4496 te
2596 4439 2910 4510 laudamus,
2951 4439 3206 4510 Domine,
3247 4437 3494 4508 alleluia,

139 4529 328 4599 quiem.
357 4538 432 4591 Et
457 4538 654 4592 mittat
665 4537 1004 4607 particulam
1028 4539 1088 4592 in
1131 4539 1366 4612 calicem,
1407 4543 1458 4594 et
1495 4542 1764 4610 cooperiat
1780 4551 1840 4623 D
1862 4537 2108 4607 alleluia,
2136 4535 2380 4592 alleluia.

135 4624 349 4692 calicem,
369 4634 424 4684 et
433 4629 721 4686 dicatalta
738 4645 860 4686 voce
882 4633 978 4696 sic,
994 4633 1044 4686 si
1061 4647 1168 4687 non
1185 4633 1358 4700 fuerit
1379 4633 1460 4688 ibi
1475 4633 1763 4690 diaconus:

197 4718 498 4780 Humiliate
535 4740 638 4778 vos
677 4723 1072 4781 benedictioni.
1114 4726 1390 4782 Dominus
1427 4725 1499 4782 sit
1542 4743 1767 4799 semper

136 4809 427 4872 vobiscum.
461 4813 538 4880 ιι).
567 4817 634 4872 Et
657 4833 788 4872 cum
807 4817 1028 4890 spiritu.
1051 4820 1376 4876 Benedictio.
1406 4820 1649 4877 lllustret
1668 4838 1766 4876 vos

136 4905 449 4978 unigenitus
467 4909 652 4966 Filius
662 4911 764 4968 Dei
779 4911 996 4970 lumine
1009 4913 1282 4969 adventus
1306 4913 1412 4985 sui,
1441 4914 1540 4986 qui
1558 4931 1654 4970 vos
1671 4931 1764 4971 re-

133 4996 328 5059 dimere
358 5021 489 5060 non
517 5004 969 5078 dedignatus,est
995 5007 1178 5078 pretio
1204 5007 1495 5080 sanguinis
1523 5009 1762 5080 proprii.

133 5097 186 5157 η).
209 5097 410 5153 Amen.
443 5098 724 5172 Accingat
746 5115 844 5154 vos
857 5099 1160 5157 virtutibus
1185 5101 1357 5173 pacis,
1389 5106 1447 5157 et
1470 5099 1611 5157 ditet
1630 5119 1762 5159 mu-

128 5187 342 5246 neribus
395 5192 677 5264 copiosis.
734 5189 798 5255 Β).
856 5197 1056 5251 Amen.
1117 5197 1423 5268 Ipsumque
1466 5195 1767 5251 Dominum

128 5294 340 5354 semper
363 5285 636 5341 habeatis
663 5291 1064 5360 protectorem,
1095 5304 1269 5360 quem
1296 5287 1652 5361 omnipotens
1671 5291 1767 5344 Pa-

127 5375 201 5430 ter
222 5378 532 5436 suscitavit
559 5379 626 5435 de
643 5379 796 5436 tribu
818 5381 961 5437 Iuda
983 5381 1274 5440 victorem.
1300 5379 1365 5446 ﬂ}.
1391 5384 1594 5440 Amen.
1609 5385 1768 5440 Dicat

119 5471 389 5541 Presbyter
416 5492 435 5528 :
466 5474 584 5528 Per
606 5473 1050 5532 misericordiam
1082 5475 1263 5549 ipsius
1293 5475 1392 5532 Dei
1428 5475 1626 5546 nostri,
1667 5477 1766 5550 qui

122 5566 194 5617 est
218 5562 590 5635 benedictus,
619 5571 678 5623 et
696 5567 850 5638 vivit,
878 5571 936 5624 et
961 5569 1154 5625 omnia
1177 5569 1329 5642 regit
1351 5569 1414 5626 in
1438 5569 1641 5626 saecula
1669 5587 1766 5626 sa:—

123 5657 394 5716 culorum.
429 5656 506 5723 ﬂ).
540 5661 739 5718 Amen.
781 5663 1054 5720 Dominus
1096 5663 1169 5720 sit
1199 5681 1423 5736 semper
1447 5664 1762 5722 vobiscum.

121 5744 178 5814 ⁵).
203 5751 463 5812 Etcum.
493 5755 659 5811 Dicat
683 5757 874 5812 chorus
901 5775 919 5812 :
949 5757 1176 5814 Gustata
1204 5763 1262 5816 et
1285 5757 1470 5817 videte
1497 5759 1767 5833 quoniam

1933 4630 2294 4690 Eatsacerdos
2303 4629 2378 4684 ad
2386 4643 2550 4685 cornu
2569 4629 2786 4693 altaris,
2799 4632 2850 4684 et
2861 4626 3010 4683 dicat
3020 4627 3157 4682 hanc
3165 4629 3462 4684 orationem
3479 4646 3496 4683 :

1935 4723 2148 4781 Refecti
2193 4722 2400 4779 Christi
2443 4738 2680 4794 corpore
2735 4725 2793 4778 et
2839 4721 3116 4794 sanguine
3167 4721 3494 4794 pariterque

1865 4815 2214 4887 sanctiﬁcati,
2269 4817 2380 4872 Deo
2420 4815 2573 4871 Patri
2617 4815 2992 4888 omnipotenti
3035 4815 3242 4887 gratias
3292 4815 3499 4872 refera-

1865 4928 2012 4982 mus,
2033 4915 2100 4967 ut
2122 4927 2228 4966 nos
2253 4910 2512 4966 eamdem
2540 4909 3014 4966 resurrectionem
3030 4911 3086 4964 et
3099 4906 3494 4964 sanctiﬁcatio-

1864 5022 2000 5062 nem
2023 5005 2294 5061 habentes
2319 5003 2432 5072 hic,
2463 5007 2519 5060 et
2535 5003 2597 5058 in
2611 5003 2803 5058 futuro
2828 5003 3030 5058 saeculo
3053 4999 3294 5074 gloriam
3318 5002 3499 5073 perci-

1863 5099 2110 5172 piamus.
2134 5096 2196 5162 n).
2215 5099 2416 5154 Amen.
2437 5099 2594 5154 Dicat
2601 5097 2882 5168 presbyter
2893 5115 2910 5150 :
2929 5096 3036 5151 Per
3049 5093 3498 5152 misericordiam

1865 5197 2043 5263 tuam,
2080 5193 2229 5248 Deus
2265 5195 2475 5259 noster,
2518 5189 2617 5262 qui
2661 5207 2721 5245 es
2763 5187 3112 5260 benedictus,
3156 5193 3212 5244 et
3254 5189 3412 5260 vivis,
3443 5195 3502 5246 et

1865 5286 2058 5342 omnia
2080 5287 2231 5358 regis
2253 5285 2316 5341 in
2340 5283 2546 5341 saecula
2572 5283 2926 5340 saeculorum.
2960 5282 3025 5348 ιι).
3062 5285 3266 5340 Amen.
3303 5283 3498 5338 Domi-

1863 5396 1972 5436 nus
1995 5380 2068 5436 sit
2091 5395 2316 5451 semper
2339 5379 2650 5435 vobiscum.
2691 5375 2885 5450 453
2923 5374 2986 5441 ιι).
3033 5377 3103 5432 Et
3142 5393 3292 5432 cum.
3342 5379 3502 5434 Dicat

1857 5475 2140 5547 presbyter
2180 5473 2268 5528 vel
2307 5473 2596 5528 diaconus:
2627 5471 2912 5528 Solemnis
2946 5470 3229 5542 completa
3268 5475 3402 5526 sunt
3438 5471 3498 5525 in

1863 5567 2094 5625 nomine
2120 5565 2347 5623 Domini
2369 5566 2552 5622 nostri
2575 5566 2602 5621 J
2607 5581 2706 5622 esu
2730 5564 2969 5635 Christi;
3009 5568 3206 5621 votum
3238 5566 3499 5618 nostrum

1863 5659 1944 5720 sit
1961 5665 2256 5733 acceptum
2283 5676 2414 5716 cum
2437 5675 2595 5732 pace.
2641 5665 2708 5732 η).
2747 5658 2864 5716 Deo
2907 5658 3138 5733 gratias.
3172 5659 3286 5714 Ista
3325 5657 3501 5713 oratio

1859 5777 2030 5836 supra
2053 5760 2200 5819 dicta
2225 5763 2290 5832 fit
2313 5763 2374 5818 in
2397 5761 2635 5818 medium
2652 5759 2870 5816 altaris.

182 5861 202 5884 ’
228 5860 330 5918 Hic
361 5859 658 5919 mendum
679 5865 1153 5938 typogmphicum
1175 5871 1332 5942 patet
1357 5885 1372 5931 ς
1403 5867 1693 5931 evidenter
1721 5873 2034 5948 legendum
2058 5887 2198 5930 cano
2225 5873 2435 5942 factum
2461 5885 2532 5929 es.
2566 5871 2716 5926 Enrr.

448 5949 737 6020 PATROL.
785 5952 1020 6024 LXXII.

3100 5953 3175 6010 14
