3982 6190
561 341 663 396 427

1355 334 1684 392 APPENDIX
1724 335 1810 391 AD
1848 334 2070 393 OPERA
2107 336 2339 395 SANCTI
2375 337 2674 396 GERMANI
2713 286 3135 395 PARIEIENSIS.

3792 338 3881 398 4‘28

632 453 696 507 In
744 452 851 505 ista
890 450 1054 504 missa
1090 449 1142 501 et
1172 447 1231 501 in
1278 445 1402 500 aliis
1439 460 1545 501 non
1582 447 1812 501 vertitur
1844 446 2089 503 sacerdos
2122 448 2197 503 ad
2217 461 2276 534 Α
2296 448 2648 518 Sacriﬁcium.
2679 450 2947 505 Parvulus
2976 454 3141 504 natus
3168 451 3252 503 est
3278 445 3459 517 nobis,
3489 451 3546 503 et
3580 444 3721 502 ﬁlius
3744 448 3883 505 datus

550 546 835 617 populum,
860 544 970 597 nisi
993 541 1210 611 quando
1236 540 1439 595 dixerit
1463 560 1480 594 :
1509 540 1784 611 Adjuvate
1805 556 1922 609 me,
1964 536 2191 612 fratres,

555 639 616 694 in
644 636 990 694 orationibus
1014 632 1234 689 vestris.

693 734 753 786 Π.
795 746 853 785 ΙΝ
890 743 1202 784 ΝΔΤΠῙΙΤΔΤΕ
1240 743 1433 783 ΒΟΠΙΝΙ
1470 744 1657 786 NOS’I’RI
1695 745 1818 785 JESU
1857 745 2063 785 CHRISTI

1052 816 1123 853 AD
1163 816 1199 853 Μ
1208 815 1362 854 ΙεΞΔὶί
1400 816 1648 856 OFFlClUM
1657 842 1671 856 .

910 896 997 949 Ea:
1020 893 1202 949 eodem
1226 894 1443 950 Missali
1460 895 1834 951 Mozarabum.

623 988 883 1057 Alleluia,
912 987 1247 1043 Benedictus
1273 987 1371 1060 qui
1400 988 1574 1061 venit,
1605 988 1848 1058 alleluia,
1881 990 1941 1043 In
1961 988 2191 1044 nomine

552 1082 794 1150 Domini,
824 1081 1068 1152 alleluia,
1094 1081 1339 1138 alleluia.
2024 1084 2035 1097 ‘

624 1184 686 1245 ψ.
713 1178 862 1232 Deus
888 1175 1159 1231 Dominus
1179 1179 1237 1231 et
1263 1176 1451 1232 illuxit
1478 1175 1664 1232 nobis.
1686 1179 1749 1232 P.
1775 1176 1847 1247 (a)
1878 1178 1937 1230 In
1957 1175 2193 1231 nomine

551 1271 797 1326 Domini.
835 1274 896 1336 v.
925 1268 1111 1326 Gloria
1145 1272 1201 1325 et
1237 1270 1421 1326 honor
1458 1270 1629 1340 Patri,
1673 1274 1729 1326 et
1768 1270 1930 1337 Filio,
1977 1274 2034 1325 et
2073 1269 2193 1342 Spi-

552 1364 688 1421 ritui
718 1366 908 1419 sancto
931 1363 992 1419 in
1028 1364 1235 1420 saecula
1272 1364 1630 1435 saeculorum,
1667 1380 1856 1420 amen.
1895 1366 1957 1419 P.
1996 1364 2059 1419 In
2091 1380 2192 1419 no-

552 1458 707 1513 mine
732 1457 975 1515 Domini.

622 1554 781 1609 Dicat
831 1552 1143 1624 presbyter:
1197 1552 1304 1607 Per
1342 1551 1531 1607 omnia
1572 1551 1774 1606 saecula
1825 1551 2187 1607 saeculorum.

554 1642 619 1709 nl.
651 1648 852 1703 Amen.

625 1743 783 1796 Dicat
809 1742 1119 1811 presbyter:
1149 1738 1331 1793 Gloria
1355 1737 1417 1791 in
1443 1738 1673 1794 excelsis
1700 1741 1830 1795 Deo.

2295 546 2380 597 est
2401 542 2563 597 nobis
2592 558 2605 597 :
2637 549 2694 598 et
2711 542 2891 598 factus
2917 546 3001 598 est
3021 540 3373 614 principatus
3392 541 3512 612 ejus
3537 556 3704 612 super
3716 541 3883 599 hume-

2293 652 2384 691 ros
2408 636 2548 708 ejus,
2579 636 2821 707 alleluia,
2850 636 3091 692 alleluia.

2980 747 3223 793 MISSA.

2362 822 2500 877 Ecce
2532 836 2682 876 nunc
2719 824 2944 893 tempus
2970 820 3329 893 acceptabile,
3360 835 3486 876 ecce
3507 835 3662 875 nunc
3683 820 3786 877 dies
3809 839 3879 877 sa-

2290 915 2444 970 lutis.
2471 916 2593 970 Lux
2625 932 2659 969 a
2681 918 2832 971 terra
2857 914 3084 987 prodiit,
3131 930 3400 972 exeamus
3436 931 3470 969 a
3509 913 3765 970 tenebris.
3788 917 3878 970 Ad-

2290 1012 2515 1064 vocatus
2564 1024 2595 1063 e
2644 1009 2780 1063 caelo
2828 1008 3141 1079 descendit,
3192 1009 3348 1080 quod
3396 1011 3621 1079 oportet
3665 1024 3879 1078 agamus,

2291 1102 2595 1158 Redemtor
2642 1101 2840 1157 mundi
2876 1102 3158 1174 apparuit,
3184 1118 3289 1173 pro
3312 1101 3573 1156 libertate
3592 1101 3879 1156 clamemus.

2290 1195 2454 1250 Venit
2478 1195 2551 1250 ad
2575 1199 2816 1266 aegrotos
2828 1195 3102 1265 medicus,
3116 1195 3352 1250 vulnera
3366 1193 3735 1266 proferamus.
3752 1196 3882 1250 Panis

2289 1288 2447 1343 vivus
2473 1288 2830 1343 credentibus
2855 1288 3021 1342 datus
3063 1292 3165 1353 est,
3214 1289 3368 1343 hunc
3413 1303 3719 1342 sumamus.
3768 1288 3882 1341 Fons

2289 1381 2556 1454 perennis
2578 1381 2839 1437 ﬁdelibus
2867 1386 3023 1437 ortus
3052 1384 3155 1451 est,
3184 1381 3402 1436 animas
3426 1381 3775 1452 impleamus,
3798 1398 3878 1435 cu-

2281 1475 2380 1547 jus
2398 1474 2784 1532 misericordia
2792 1474 3000 1531 virtute
3020 1479 3075 1530 et
3095 1475 3276 1547 gratia
3294 1475 3353 1529 in
3367 1475 3461 1529 illo
3485 1474 3622 1529 ﬁdei
3644 1490 3877 1545 processu,

2282 1569 2521 1641 justitite
2558 1570 2734 1637 cultu,
2771 1568 3131 1625 confessionis
3176 1569 3376 1640 gradu,
3418 1568 3687 1623 castitatis
3713 1567 3882 1622 affectu

2290 1667 2443 1719 stare
2477 1680 2580 1720 nos
2621 1663 2805 1733 faciat,
2852 1662 2913 1717 in
2954 1679 3066 1735 quo
3107 1662 3323 1717 animas
3364 1661 3624 1717 ﬂoruisse
3650 1661 3759 1729 sibi,
3789 1677 3883 1715 non

2290 1756 2502 1813 eruisse
2528 1757 2841 1812 convincat.
2874 1758 3057 1828 Atque
3084 1754 3144 1811 in
3172 1756 3270 1811 illo
3298 1759 3447 1811 statu
3474 1755 3643 1810 illum
3667 1754 3767 1809 vita
3799 1772 3884 1809 no-

625 1836 813 1890 Postea
842 1835 1009 1897 dicta,
1041 1833 1225 1888 Gloria
1247 1833 1308 1888 in
1338 1833 1589 1901 excelsis,
1628 1834 1776 1889 dicat
1812 1835 1949 1891 hanc
1986 1836 2189 1891 oratio-

2297 1854 2407 1907 stra
2418 1851 2743 1919 delectetur,
2757 1850 3038 1921 nobisque
3057 1849 3379 1917 fructiﬁcet,
3398 1849 3456 1903 in
3472 1865 3589 1920 quo
3610 1865 3668 1903 se
3679 1850 3883 1920 generis,

552 1944 711 1984 nem:

558 2076 565 2077 ,
626 2020 799 2077 Hodie
824 2020 987 2075 nobis
1011 2020 1309 2077 thesaurus
1333 2025 1501 2080 natus
1526 2025 1629 2078 est.
1680 2022 1854 2078 Hodie
1893 2022 2057 2079 nobis
2100 2022 2189 2077 lu-

555 2132 723 2172 cerna
754 2114 1016 2186 Virginis,
1050 2131 1225 2187 quam
1252 2115 1490 2187 Spiritus
1518 2119 1744 2172 sanctus
1767 2116 1970 2189 ignivit
1995 2133 2192 2173 verum

554 2211 751 2266 lumen
778 2209 1060 2281 apparuit.
1095 2209 1270 2265 Hodie
1297 2226 1576 2266 caecorum
1601 2210 1855 2267 medicus
1882 2215 2050 2267 natus
2087 2215 2189 2266 est.

554 2304 731 2359 Hodie
758 2302 1200 2375 paralyticorum
1226 2303 1460 2359 sanitas.
1489 2304 1662 2359 Hodie
1700 2304 1971 2359 debilium
1996 2304 2191 2359 ﬁrma-

554 2400 836 2466 mentum,
853 2395 1267 2451 inﬁrmantium
1284 2396 1485 2451 virtus.
1508 2397 1680 2452 Hodie
1695 2398 2031 2454 resurrectio
2046 2415 2196 2453 mor-

555 2495 787 2545 tuorum
813 2489 1060 2545 Salvator
1092 2493 1285 2545 noster
1321 2489 1565 2545 advenit.
1612 2489 1783 2545 Hodie
1837 2491 1999 2546 nobis
2044 2491 2194 2548 inter

555 2588 784 2639 noctem
820 2582 1062 2655 ignitam
1086 2584 1183 2638 lux
1208 2600 1360 2639 nova
1386 2583 1669 2656 apparuit.
1698 2585 1869 2640 Hodie
1894 2585 2055 2640 nobis
2084 2586 2195 2642 Sal-

556 2683 715 2733 vator
738 2677 985 2747 advenit,
1014 2692 1186 2748 quem
1205 2678 1498 2749 prophetae
1514 2677 1899 2749 praedixerant
1927 2696 1995 2733 ex
2025 2678 2195 2734 Maria

558 2771 785 2843 Virgine
820 2771 1196 2826 nasciturum.
1252 2770 1425 2827 Hodie
1472 2771 1633 2826 nobis
1660 2772 1936 2844 praesepio
1982 2773 2196 2844 positus

556 2869 865 2937 perpetuus
887 2864 1051 2921 Panis
1076 2864 1217 2920 lucis
1242 2864 1555 2921 ostenditur
1577 2866 1676 2938 qui
1703 2866 1848 2922 dixit
1874 2883 1887 2921 :
1920 2867 2039 2939 Ego
2067 2883 2195 2921 sum

555 2959 718 3029 panis
745 2974 911 3013 verus
937 2957 1036 3029 qui
1063 2958 1132 3012 de
1160 2957 1299 3013 caelo
1325 2958 1608 3013 descendi.
1641 2958 1696 3013 Si
1723 2959 1851 3031 quis
1889 2963 2081 3015 autem
2126 2960 2195 3015 de

558 3068 706 3123 pane
748 3052 853 3106 isto
898 3050 1323 3107 manducaverit
1369 3068 1484 3107 non
1533 3051 1743 3107 esuriet
1786 3052 1847 3107 in
1892 3056 2191 3109 aeternum.

2291 1961 2407 2000 non
2429 1944 2680 2000 criminis
2696 1944 2894 2013 nostri,
2916 1960 3257 2016 permanens
3283 1944 3450 2013 Deus,
3480 1943 3540 1997 in
3566 1942 3727 1997 nobis
3747 1943 3889 1996 nasci-

2289 2042 2453 2094 turus
2480 2037 2737 2105 inseruit,
2765 2041 2821 2093 et
2847 2054 2952 2109 pro
2990 2037 3155 2092 nobis
3186 2036 3499 2092 moriturus
3538 2036 3803 2107 apparuit.
3837 2034 3885 2095 Ii}.

2291 2134 2493 2187 Amen.
2531 2130 2885 2186 Concedente
2919 2129 3102 2202 gratia
3147 2128 3527 2185 miserationis
3564 2129 3732 2196 illius,
3759 2128 3889 2197 cujus

2292 2241 2538 2298 regnum
2579 2229 2636 2281 et
2675 2223 2981 2296 imperium
3014 2224 3157 2295 juge
3192 2228 3250 2279 et
3290 2223 3607 2295 gloriosum
3643 2222 3699 2276 in
3724 2221 3890 2276 saecula

2293 2319 2648 2375 smculorum.
2679 2321 2743 2386 lt).
2774 2320 2974 2376 Chorus
3002 2332 3020 2366 :
3046 2319 3249 2373 Amen.

2953 2419 3066 2469 Alia
3098 2418 3283 2469 oratio.

2362 2509 2456 2578 Te,
2485 2506 2721 2562 Domine
2743 2506 2874 2561 Jesu
2898 2504 3136 2571 Christe,
3166 2507 3223 2559 te
3267 2506 3446 2559 Deum
3486 2503 3772 2575 pluraliter
3807 2502 3888 2557 ho-

2248 2632 2257 2641 -
2292 2601 2475 2656 mines
2500 2600 2828 2669 salvantem,
2861 2602 2919 2654 et
2960 2597 3251 2653 hominem
3290 2598 3352 2653 in
3397 2598 3515 2652 Deo
3563 2596 3890 2669 singulariter

2293 2699 2583 2767 potentem
2608 2694 2954 2762 invocamus,
2992 2692 3311 2758 laudamus,
3353 2707 3630 2763 rogamus
3666 2694 3728 2747 ut
3755 2688 3889 2751 adsis,

2292 2804 2509 2860 parcas,
2536 2786 2872 2857 miserearis,
2898 2786 3171 2857 ignoscas,
3209 2786 3309 2841 des
3354 2784 3414 2839 in
3453 2786 3650 2857 corde,
3692 2790 3891 2854 votaque

2294 2882 2614 2953 compleas;
2663 2882 2760 2935 des
2782 2879 2843 2935 in
2893 2896 3009 2950 ore,
3054 2880 3339 2951 verbaque
3383 2879 3658 2934 exaudias
3678 2921 3692 2946 ,
3736 2877 3820 2932 des
3846 2877 3892 2929 in

2296 2992 2483 3048 opere,
2507 2976 2770 3046 factaque
2795 2973 3113 3028 benedicas.
3141 2973 3263 3027 Non
3285 2973 3538 3044 petimus
3557 2972 3799 3028 renovari
3820 2986 3893 3023 uo-

2293 3069 2399 3140 bis,
2430 3069 2573 3124 sicut
2598 3068 2657 3122 in
2682 3068 2787 3122 hac
2815 3067 2906 3122 die
2936 3066 3071 3121 olim
3103 3072 3229 3122 acta
3252 3071 3357 3137 est,
3385 3066 3695 3139 corporalis
3720 3064 3890 3120 nativi-

560 3147 769 3200 Praesta
793 3144 973 3211 nobis,
1004 3144 1259 3215 Domine,
1288 3161 1393 3216 per
1424 3145 1667 3216 gloriam
1697 3146 2003 3202 nativitatis
2027 3150 2138 3202 tua:
2162 3164 2191 3201 a

2297 3166 2383 3218 tas
2410 3166 2540 3231 tua;
2569 3162 2666 3217 sed
2688 3162 2936 3233 petimus
2976 3160 3328 3231 incorporari
3380 3160 3542 3215 nobis
3598 3159 3893 3215 invisibilem

562 3238 725 3293 malis
775 3208 1019 3309 propriis
1056 3208 1311 3307 liberari,
1347 3242 1403 3293 et
1426 3208 1495 3293 in
1534 3239 1645 3294 tuis
1678 3239 1939 3295 laudibus
1976 3256 2199 3312 semper
2216 3208 2271 3283 Ο
2960 3208 3576 3326 ἐξὲξ-ἕξῷζιξωξιῗᾷι

563 3330 810 3401 gloriari.
840 3328 904 3394 Β).
935 3332 1137 3386 Amen.

631 3425 940 3495 Prophetia.
969 3423 1155 3480 Lectio
1182 3422 1315 3499 libri
1339 3424 1518 3480 Esaia:
1544 3426 1862 3498 prophetae.
1897 3430 2030 3498 Cap.
2063 3445 2136 3483 1x.

632 3518 698 3584 ﬂ}.
723 3520 836 3574 Deo
863 3516 1090 3590 gratias.

632 3612 821 3666 Primo
844 3615 1097 3682 tempore
1125 3610 1359 3667 allevata
1385 3615 1472 3668 est
1497 3615 1651 3669 terra
1675 3613 1920 3669 Zabulon
1956 3617 2013 3669 et
2044 3618 2197 3670 terra

562 3705 861 3778 Neptalim,
894 3708 1027 3775 etc.,
1055 3719 1221 3775 usque
1262 3705 1338 3760 ad
1383 3705 1535 3761 zelus
1576 3706 1801 3763 Domini
1844 3707 2196 3763 exercituum

560 3799 726 3855 faciet
749 3799 875 3854 hoc.
907 3795 971 3861 Β).
1000 3800 1204 3854 Amen.

631 3896 791 3950 Dicat
825 3893 1107 3964 presbyter
1137 3908 1150 3945 :
1204 3890 1475 3947 Dominus
1520 3892 1593 3947 sit
1629 3909 1852 3966 semper
1884 3894 2192 3950 vobiscum.

562 3991 627 4058 ιι).
656 3988 723 4042 Et
746 4002 878 4042 cum
903 3985 1062 4057 spiri.

633 4078 828 4152 454
849 4081 1006 4135 Dicat
1031 4079 1220 4132 chorus
1240 4078 1525 4148 psallendo
1553 4096 1570 4130 :

634 4172 905 4228 Dominus
931 4171 1072 4226 dixit
1098 4170 1166 4225 ad
1193 4186 1286 4225 me
1315 4186 1329 4224 :
1358 4170 1529 4226 Filius
1546 4187 1709 4227 meus
1733 4188 1793 4227 es
1809 4175 1890 4242 tu,
1907 4189 2013 4246 ego
2030 4175 2197 4231 hodie

564 4264 738 4338 genui
762 4268 836 4319 te.
870 4261 930 4322 Ῡ.
958 4265 1089 4319 Pete
1115 4278 1279 4332 ame,
1318 4268 1375 4319 et
1411 4264 1553 4319 dabo
1593 4265 1698 4320 tibi
1737 4270 1933 4337 gentes
1970 4268 2195 4324 heredi-

566 4364 739 4415 tatem
766 4360 943 4428 tuam,
970 4362 1027 4414 et
1049 4356 1459 4430 possessionem
1502 4360 1664 4414 tuam
1696 4360 1969 4416 terminos
2007 4366 2194 4418 terrae.

561 4455 625 4509 P.
655 4452 793 4523 Ego.
823 4454 978 4508 Dicat
997 4452 1284 4524 presbyter
1309 4470 1326 4506 :
1354 4451 1653 4508 Silentium
1680 4453 1866 4510 facite.

2296 3348 2488 3422 455
2514 3349 2612 3405 sed
2627 3348 2994 3419 singulariter
3012 3352 3147 3403 tunc
3168 3348 3372 3415 Mariae,
3390 3357 3549 3403 nimc
3572 3346 3895 3419 spiritualiter

2293 3447 2595 3516 praestetur
2619 3441 2874 3498 Ecclesiae
2887 3458 2904 3511 ;
2945 3446 3011 3496 ut
3036 3445 3091 3497 te
3118 3442 3258 3497 ﬁdes
3282 3441 3607 3498 indubitata
3636 3439 3890 3511 concipiat,

2294 3543 2350 3594 te
2380 3553 2541 3592 mens
2555 3536 2625 3591 de
2654 3534 3013 3607 corruptione
3039 3534 3277 3589 liberata
3302 3534 3610 3608 parturiat,
3632 3541 3687 3591 te
3710 3547 3894 3603 semper

2294 3631 2485 3686 anima
2507 3630 2712 3685 virtute
2731 3628 3003 3684 Altissimi
3031 3628 3370 3684 obumbrata
3392 3628 3703 3685 contineat.
3721 3629 3787 3683 Ne
3809 3627 3892 3680 dis-

2297 3726 2458 3781 cedas
2496 3741 2529 3779 a
2563 3723 2743 3792 nobis,
2788 3724 2885 3779 sed
2929 3723 3197 3794 procedas
3242 3738 3312 3778 ex
3351 3722 3538 3778 nobis.
3588 3724 3672 3779 Sis
3707 3739 3761 3777 re
3790 3737 3895 3775 vera

2296 3818 2631 3875 Emmanuel
2662 3821 2855 3873 noster
2883 3816 3177 3872 nobiscum
3204 3817 3369 3872 Deus.
3402 3816 3672 3889 Digneris
3708 3830 3895 3871 manere

2295 3913 2356 3968 in
2374 3912 2559 3981 nobis,
2578 3917 2634 3967 et
2647 3927 2904 3983 pugnare
2923 3928 3029 3983 pro
3041 3910 3233 3979 nobis;
3256 3915 3313 3966 te
3324 3910 3476 3966 enim
3494 3916 3798 3985 pugnante,
3818 3923 3898 3963 nos

2296 4012 2589 4067 vincimus.
2619 4012 2777 4067 Solve
2801 4028 2921 4080 nos,
2966 4025 3313 4082 quaesumus,
3364 4026 3398 4063 a
3425 4011 3638 4081 pannis
3677 4007 3898 4081 putribus

2296 4110 2675 4178 peccatorum,
2703 4105 2803 4177 qui
2829 4110 2883 4161 te
2912 4121 3018 4176 pro
3052 4104 3297 4175 peccatis
3323 4104 3539 4159 nostris
3583 4105 3827 4176 dignatus
3856 4115 3904 4153 es

2295 4198 2599 4272 putredine
2622 4198 2789 4270 ligari
2821 4213 3161 4270 pannorum.
3190 4199 3300 4252 Lac
3326 4202 3491 4253 tuum
3540 4197 3790 4254 Ecclesiae
3811 4199 3902 4247 tuas

2296 4292 2558 4366 parvulos
2580 4292 2815 4362 nutriat,
2846 4292 2987 4346 adeo
3015 4290 3271 4346 inﬁrmos
3296 4291 3575 4347 delicatus
3613 4292 3817 4347 olerum
3837 4286 3905 4340 ci-

2298 4388 2404 4444 bus
2427 4391 2638 4459 pascat,
2661 4390 2724 4441 ut
2748 4385 2817 4440 ad
2834 4384 3267 4457 percipiendum
3283 4385 3589 4441 fortiorem
3609 4403 3674 4440 ac
3698 4376 3913 4439 solidum‘

2298 4483 2487 4537 cibum
2511 4480 2805 4536 validiores
2822 4480 3074 4552 quotidie
3104 4480 3248 4535 vires
3269 4485 3549 4536 crescant.
3582 4482 3652 4536 Et
3673 4481 3747 4535 ita
3770 4472 3912 4535 novet

635 4567 982 4640 Principium
1006 4567 1256 4641 epistolae
1280 4568 1441 4624 Pauli
1475 4570 1716 4641 apostoli
1740 4571 1812 4626 ad
1840 4572 2124 4641 Hebraeos,
2214 4582 2274 4654 D
2295 4576 2475 4632 rimus
2500 4574 2810 4631 defecatam
2837 4575 3189 4631 voluntatem
3218 4578 3275 4629 et
3307 4573 3482 4630 ﬁdem
3526 4574 3790 4630 exhibere
3828 4570 3905 4621 ﬁre

638 4738 702 4806 ιι).
732 4733 845 4789 Deo
875 4733 1102 4805 gratias.
1279 4665 1412 4734 cap.
1435 4679 1475 4718 Ι.

635 4829 857 4884 Fratres
885 4825 1196 4883 multifaria
1221 4827 1528 4899 multisque
1546 4829 1750 4901 modis,
1778 4834 1909 4902 etc.,
1936 4848 2102 4904 usque
2124 4833 2201 4888 ad

563 4927 621 4981 et
658 4923 794 4980 anni
820 4922 904 4977 tui
928 4938 1045 4977 non
1073 4920 1354 4977 deﬁcient.
1384 4923 1720 4993 Respondeat
1743 4926 1967 4982 chorus:
1994 4929 2194 4982 Amen.

599 5031 788 5088 Lectio
814 5030 996 5086 sancti
1024 5027 1313 5099 Evangelii
1337 5030 1650 5087 secundum
1679 5032 1910 5089 Lucam.
1939 5036 2071 5106 Cap.
2100 5051 2162 5091 u.

636 5134 870 5188 Factum
895 5138 980 5189 est
1004 5134 1197 5188 autem
1218 5147 1350 5187 cum
1370 5138 1558 5189 essent
1571 5133 1652 5191 ibi
1676 5134 1895 5207 impleti
1924 5141 2056 5193 sunt
2081 5136 2199 5193 dies

562 5231 629 5283 ut
654 5231 918 5297 pareret:
951 5230 1007 5281 et
1049 5225 1269 5296 peperit
1303 5225 1505 5296 ﬁlium,
1556 5231 1687 5297 etc.,
1729 5244 1896 5300 usque
1936 5231 2013 5286 ad
2056 5230 2200 5287 sicut

564 5320 780 5375 dictum
808 5324 892 5374 est
914 5319 985 5374 ad
1018 5318 1159 5375 illos.
1191 5324 1254 5390 η).
1287 5322 1491 5376 Amen.
1518 5323 1731 5378 Lauda.

635 5412 897 5468 Alleluia.
927 5411 987 5473 Ῠ.
1011 5412 1441 5469 Redemtionem
1478 5414 1632 5470 misit
1676 5415 1949 5472 Dominus
1989 5418 2199 5489 populo

564 5523 687 5577 suo,
714 5506 1004 5561 mandavit
1032 5506 1093 5561 in
1111 5511 1391 5563 aeternum
1419 5513 1819 5565 testamentum
1845 5526 2012 5566 suum
2037 5527 2051 5565 :
2074 5528 2201 5568 san-

561 5607 718 5658 ctum
747 5605 803 5657 et
829 5598 1081 5656 terribile
1114 5616 1327 5654 nomen
1355 5600 1497 5670 ejus.
1525 5606 1590 5658 P.
1607 5604 1864 5661 Alleluia.
1886 5607 2201 5677 Dicatpres-

567 5696 757 5765 byter:
786 5693 1063 5765 Adiuvate
1089 5708 1204 5763 me,
1242 5691 1467 5762 fratres,
1488 5694 1550 5750 in
1587 5697 1939 5755 orationibus
1979 5698 2197 5756 vestris.

637 5878 711 5949 (α)
738 5879 1074 5934 Pmcentor.

2298 4669 2627 4739 missimam,
2656 4672 2721 4723 ut
2741 4668 2960 4741 jugiter
2985 4669 3271 4724 enitamur
3294 4668 3507 4723 auxilio
3536 4673 3642 4724 tuo
3670 4668 3740 4723 ad
3766 4665 3907 4741 vitant

2297 4763 2590 4836 pervenire
2614 4730 2970 4835 perpetuam.
3004 4761 3068 4827 κ).
3099 4765 3301 4818 Amen.
3906 4730 3907 4823 i

2922 4865 3047 4914 Post
3064 4862 3297 4914 nomine.

2371 4950 2589 5007 Famuli
2612 4950 2697 5007 tui
2722 4949 2944 5022 indigni
2973 4954 3030 5005 et
3057 4950 3254 5021 exigui
3282 4946 3609 5004 sacerdotes
3634 4896 3906 5022 tremendi

2298 5046 2576 5117 majestati
2593 5051 2706 5102 tua:
2737 5043 3013 5117 spiritales
3038 5044 3289 5099 victimas
3323 5042 3719 5112 immolantes,
3756 5039 3852 5095 oﬁ‘e

2297 5157 2427 5198 mus
2450 5139 2572 5211 tibi,
2604 5142 2766 5209 Deus,
2796 5137 3044 5194 hostiam
3066 5136 3515 5206 immaculatam,
3535 5152 3721 5208 quam
3748 5142 3829 5188 m‘a

2297 5251 2406 5290 nus
2438 5239 2633 5290 uterus
2678 5234 2980 5305 impolluta
3026 5229 3355 5303 virginitate
3402 5229 3690 5301 produxit
3708 5273 3723 5295 ,
3768 5245 3837 5301 pu

2298 5328 2493 5397 edidit,
2513 5326 2876 5384 sanctiﬁcatio
2903 5327 3122 5398 genuit,
3136 5323 3429 5397 integritas
3448 5322 3632 5395 fudit,
3648 5322 3831 5378 hostia

2298 5423 2587 5478 immolata
2612 5421 2767 5489 vivit,
2800 5425 2859 5477 et
2882 5421 3077 5475 vivens
3094 5418 3314 5491 jugiter
3351 5417 3738 5487 immolatur;
3765 5415 3837 5471 ho

2297 5534 2427 5589 qua:
2462 5517 2579 5572 sola
2615 5517 2729 5571 Deo
2779 5515 2998 5588 placere
3038 5512 3324 5585 praevalet,
3368 5511 3505 5585 quia
3532 5510 3815 5566 Dominus

2298 5612 2448 5666 Hanc
2470 5611 2594 5681 tibi,
2626 5625 2847 5666 summe
2871 5611 3056 5678 Pater,
3087 5606 3379 5663 offerimus
3402 5621 3512 5678 pro
3535 5609 3737 5661 sancta
3760 5603 3829 5659 Ec

2298 5704 2381 5760 sia
2413 5710 2540 5774 tua,
2572 5721 2678 5777 pro
2720 5702 3095 5759 satisfactione
3137 5700 3331 5757 saeculi
3376 5697 3805 5771 delinquentis,

2298 5799 2703 5856 emundatione
2721 5798 3041 5855 animarum
3058 5800 3401 5865 nostrarum,
3426 5808 3544 5865 pro
3559 5793 3805 5850 sanitate
3821 5808 3851 5845 0

2298 5893 2460 5951 nium
2484 5894 2864 5966 inﬁrmorum,
2883 5909 2948 5948 ac
2962 5891 3163 5965 requie
3186 5890 3273 5947 vel
3301 5887 3672 5960 indulgentia
3698 5883 3841 5943 ﬁdeli
