3982 6190
155 336 230 390 429
719 328 805 383 AD
844 326 1334 383 PRIECEDENTIA
1372 326 1704 383 LITURGLE

1832 325 2158 383 lNUMENTA
2196 328 2526 384 APPENDIX
2566 328 2791 385 PRIMA.

3248 374 3259 381 ς
3334 333 3437 385 430

150 441 502 507 defunctorum,
537 439 600 492 ut
625 439 841 491 mutata
868 439 1016 491 sorte
1044 435 1293 490 tristium
1322 435 1707 506 mansionum,
1732 448 1791 520 Α
1811 435 1975 491 Dedit
1999 436 2083 490 illi
2110 441 2397 507 tamquam
2424 451 2579 491 rosas
2603 441 2902 507 martyres,
2948 437 3102 493 velut
3122 436 3237 492 lilia
3264 437 3438 509 virgi-

147 534 263 591 lelici
304 532 645 605 perfruantur
692 529 954 585 societate
999 530 1307 601 justorum.
1352 532 1415 596 ιι).
1456 530 1657 585 Choms
1686 549 1703 584 :

147 632 302 684 Amen.

655 694 735 746 Ad
759 707 945 760 pacem
971 693 1154 744 oratio.

193 790 450 846 Excelsum
473 792 528 844 te
552 789 725 844 Deum
751 788 963 860 pariter
1001 792 1170 860 atque
1213 788 1493 845 humilem
1520 788 1707 844 homi-

146 900 244 940 nem
266 882 525 938 Christum
559 883 748 938 Jesum
787 881 1020 937 acclives
1057 882 1262 938 servuli
1299 883 1584 956 supplices
1609 883 1708 938 de-

144 993 405 1050 precamur,
432 980 494 1031 ut
528 992 722 1047 pacem
751 992 925 1048 quam
951 991 1288 1033 ascensurus
1314 977 1387 1032 ad
1412 977 1576 1033 caelos
1598 977 1712 1032 tuis

146 1071 249 1125 caris
267 1069 454 1124 noticia
477 1069 904 1136 commendasti,
936 1070 1129 1138 dones,
1157 1073 1511 1142 augmentes,
1539 1070 1710 1142 perﬁ-

144 1164 224 1219 cias
243 1169 390 1236 atque
418 1163 710 1219 custodias.
741 1166 922 1236 Atque
939 1163 1015 1219 ita
1035 1164 1133 1219 flat
1150 1181 1259 1237 pax
1286 1169 1385 1220 tua
1404 1164 1465 1219 in
1483 1164 1710 1235 virtute,

144 1262 183 1312 et
200 1258 505 1313 abundantia
529 1258 588 1312 in
623 1257 875 1312 turribus
907 1258 1042 1327 tuis,
1084 1273 1157 1313 ne
1185 1257 1353 1314 ofﬁcii
1392 1259 1579 1315 oscula
1604 1258 1717 1314 sint

143 1351 342 1422 tegmina
358 1351 501 1406 virus
527 1350 768 1420 occulti;
793 1351 891 1406 sed
919 1351 1020 1423 qui
1044 1351 1473 1408 decantantibus
1498 1352 1717 1425 angelis

143 1461 295 1517 pacem
327 1444 560 1501 tribuisti
592 1444 921 1500 hominibus
960 1445 1122 1501 bona:
1160 1446 1484 1514 voluntatis,
1514 1447 1575 1502 in
1611 1447 1717 1502 hoc

144 1539 209 1594 die
247 1539 429 1594 Natalis
482 1538 688 1595 efﬁcias
741 1555 844 1595 nos
893 1539 1125 1595 nuntios
1170 1557 1233 1594 ac
1262 1540 1406 1595 ﬁlios
1451 1541 1621 1612 pacis.
1652 1540 1715 1605 ιι).

143 1636 296 1687 Amen.

809 1703 993 1753 Inlatio

192 1796 398 1866 Dignum
422 1802 476 1851 et
493 1797 717 1868 justum
745 1800 829 1852 est
853 1813 954 1851 nos
980 1796 1403 1869 omnipotentiae
1440 1802 1496 1853 et
1523 1798 1719 1868 pietati

149 1892 226 1943 tua:
243 1890 424 1944 referre
451 1907 594 1963 quas
621 1906 783 1963 posse
810 1890 1107 1946 donaveris
1157 1890 1351 1946 laudes
1368 1933 1382 1962 ,
1409 1891 1721 1947 clementis-

150 1983 247 2038 sime
266 1985 440 2053 Pater;
463 1985 600 2056 quia
623 1988 751 2057 post
774 1984 955 2039 multa
978 1990 1235 2057 tempora
1262 1984 1322 2040 in
1347 1986 1452 2039 hac
1472 1985 1561 2041 die
1591 1990 1721 2042 ante

150 2092 228 2130 non
258 2078 415 2132 multa
453 2082 737 2151 tempora,
766 2078 863 2150 qui
910 2078 1015 2133 tibi
1049 2079 1137 2133 vel
1178 2078 1283 2133 sibi
1321 2095 1546 2150 semper
1578 2084 1718 2151 erat,

150 2170 264 2224 nobis
283 2178 431 2226 natus
450 2176 533 2227 est
547 2171 807 2227 Christus
824 2173 849 2227 J
854 2188 983 2227 esus
1002 2171 1333 2244 unigenitus
1352 2177 1483 2227 tuus
1507 2192 1521 2229 :
1544 2173 1722 2229 factus

152 2262 291 2337 456
318 2270 395 2320 est
429 2266 650 2322 ancillae
693 2282 811 2322 suae
840 2265 1010 2336 ﬁlius,
1038 2265 1310 2321 Dominus
1346 2267 1545 2322 matris
1571 2284 1686 2323 sum
1701 2286 1718 2339 ;

150 2364 292 2427 partus
312 2359 501 2431 Mariae,
527 2361 753 2416 fructus
776 2360 1055 2432 Ecclesiae,
1074 2360 1173 2432 qui
1205 2359 1275 2414 ab
1300 2360 1395 2415 illa
1414 2360 1621 2433 editur,
1652 2363 1722 2417 ab

150 2450 223 2504 ista
242 2453 546 2526 suscipitur;
586 2454 686 2526 qui
709 2470 812 2525 per
836 2454 995 2509 illam
1019 2453 1254 2526 pusillus
1280 2454 1588 2527 egreditur,
1621 2471 1725 2527 per

150 2544 267 2600 stam
286 2548 540 2603 miriﬁcus
572 2548 865 2603 dilatatur.
884 2548 978 2603 Ille
995 2547 1235 2603 salutem
1250 2548 1477 2620 populis
1491 2550 1719 2613 creavit,

150 2635 237 2693 hac
264 2642 512 2713 populos;
533 2642 639 2696 illa
666 2658 799 2697 vero
826 2642 1003 2697 vitam
1029 2642 1294 2715 portavit,
1319 2643 1441 2697 haec
1467 2642 1719 2714 lavacro;

150 2732 324 2790 inillins
344 2736 613 2791 membris
639 2735 893 2792 Christus
914 2734 1135 2792 infusus
1160 2740 1263 2808 est,
1291 2737 1351 2792 in
1381 2737 1541 2792 istius
1562 2738 1723 2810 aquis

151 2823 340 2883 Christus
370 2830 603 2886 indutus
643 2834 746 2886 est.
784 2832 890 2886 Per
926 2830 1103 2902 illam,
1146 2830 1245 2904 qui
1275 2836 1414 2902 erat,
1442 2832 1719 2902 nascitur;

150 2934 221 2989 per
242 2920 379 2978 istam
409 2925 505 2997 qui
536 2923 795 2997 perierat
819 2924 1125 2981 invenitur.
1163 2926 1222 2979 ln
1257 2926 1351 2980 illa
1380 2926 1723 2998 Redemptor

152 3015 345 3082 gentium
374 3018 723 3088 viviﬁcatur;
763 3019 822 3073 in
848 3019 955 3074 ista
993 3023 1189 3091 gentes
1222 3019 1591 3076 vivificantur.
1621 3021 1727 3076 Per

149 3105 260 3163 illam
282 3112 414 3168 venit
444 3118 508 3169 ut
538 3117 779 3185 peccata
818 3113 1065 3183 tolleret;
1094 3130 1197 3185 per
1230 3113 1397 3170 istam
1422 3114 1567 3177 .tulit
1590 3130 1721 3186 pec-

151 3204 236 3312 cata
256 3210 457 3277 propter
479 3224 620 3311 quae
655 3207 964 3312 venitLPer
994 3207 1287 3312 illamnos
1324 3208 1591 3312 ploravit;
1620 3224 1724 3312 per
1742 3221 1798 3297 ρ
1821 3255 1879 3312 di

150 3291 269 3351 istam
296 3315 383 3354 nos
414 3301 658 3357 curavit.
692 3302 756 3356 In
789 3301 886 3355 illa
925 3300 1132 3372 infans,
1164 3301 1223 3356 in
1260 3301 1365 3357 ista
1392 3302 1611 3374 gigans.
1643 3303 1724 3358 lbi

151 3389 305 3459 exulat,
330 3393 412 3449 hic
438 3395 783 3466 triumphat.
818 3395 926 3449 Per
948 3394 1105 3450 illam
1132 3396 1442 3467 crepundia
1463 3397 1719 3469 gestavit,

147 3495 221 3550 per
242 3484 381 3542 istam
413 3506 602 3561 regna
634 3489 890 3560 subjecit.
928 3489 1083 3544 Illam
1119 3489 1342 3562 parvuli
1371 3490 1723 3562 jocunditate

152 3572 368 3649 demulsit,
394 3582 573 3654 ipsam
607 3582 800 3654 sponsi
818 3583 1147 3640 credulitate
1173 3584 1491 3656 despondit.
1518 3586 1724 3640 Extant

149 3664 331 3745 denique
344 3677 563 3747 pretiosi
594 3677 802 3732 amoris
826 3677 1156 3750 incorrupta
1183 3678 1541 3734 commercia.
1561 3678 1724 3733 Dedit

151 3776 329 3831 Sponsus
369 3785 595 3842 sponsae
642 3787 758 3826 suae
807 3788 1067 3840 munera,
1118 3788 1293 3845 aquas
1338 3772 1508 3843 vivas,
1546 3772 1605 3827 id
1639 3776 1723 3827 est

147 3853 337 3917 Christus
369 3864 653 3936 Ecclesiae,
684 3869 739 3921 et
767 3866 973 3938 quibus
1008 3867 1183 3923 semel
1210 3866 1282 3922 ad
1308 3865 1569 3938 placendi
1596 3882 1718 3921 me-

150 3948 277 4008 ritum
296 3956 588 4015 lavaretur.
626 3959 792 4015 Dedit
815 3961 1005 4016 oleum
1032 3961 1264 4030 lastitlaa,
1296 3978 1409 4034 quo
1441 3960 1721 4018 odorifero

150 4055 378 4117 unguento
391 4052 712 4109 chrismatis
728 4059 1064 4127 ungeretur.
1084 4054 1309 4111 Vocavit
1325 4071 1450 4111 eam
1464 4055 1534 4111 ad
1555 4071 1718 4110 men-

149 4150 232 4192 δειω
254 4158 410 4215 mam,
437 4146 602 4220 adipe
621 4147 901 4204 frumenti
930 4149 1155 4205 satiavit
1178 4149 1358 4221 illam,
1385 4149 1517 4205 vino
1542 4149 1721 4205 suavi-

147 4230 237 4287 tatis
256 4233 505 4312 implevit,
522 4241 764 4313 justitiee
787 4242 1061 4315 imposuit
1079 4245 1512 4315 ornamentum;
1542 4244 1719 4299 dona-

145 4322 202 4377 Yit
222 4326 521 4390 deauratum
546 4336 827 4392 virtutum
854 4337 1122 4393 varietate
1146 4338 1444 4409 vestitum;
1470 4338 1720 4393 animam

145 4430 264 4476 suam
277 4440 367 4496 pro
391 4427 484 4483 illa
505 4428 730 4502 posuit;
754 4435 1028 4502 susceptae
1053 4436 1110 4487 et
1133 4433 1356 4489 calcatae
1374 4430 1573 4488 mortis
1587 4448 1718 4504 spo-

146 4506 251 4568 liain
265 4516 435 4577 dotem
452 4523 547 4580 ille
566 4527 916 4596 regnaturus
934 4525 1112 4582 victor
1140 4525 1426 4598 exhibuit;
1446 4542 1505 4582 se
1530 4525 1720 4599 ipsum

1807 546 1929 598 nes,
1951 529 2111 602 quasi
2137 529 2310 585 violas
2339 530 2716 585 continentes.
2749 531 2874 584 Haec
2901 531 2973 586 ad
2997 531 3152 585 illam
3186 547 3290 603 per
3328 531 3439 586 mi-

1806 626 2014 681 nistros
2041 623 2341 680 voluntatis
2369 624 2490 696 ejus
2534 624 2815 696 apostolos
2851 625 3103 680 conferta
3136 625 3320 696 operis
3358 626 3446 680 sui

1808 719 2065 791 impensa
2090 717 2421 773 transmisit.
2444 718 2601 774 Unde
2632 734 2785 773 nunc
2817 735 2852 773 a
2880 718 3094 773 dextris
3137 719 3258 790 ejus
3298 719 3445 775 felici

1810 818 1867 869 et
1895 812 2137 884 gloriosa
2156 811 2512 883 perennitate
2538 812 2866 882 consistens,
2896 821 3031 868 cum
3066 817 3277 881 tecum,
3319 829 3443 867 om-

1808 907 2069 979 nipotens
2092 908 2276 976 Pater,
2296 911 2352 961 et
2377 922 2508 961 cum
2522 911 2712 961 sancto
2741 905 2950 978 Spiritu
2970 911 3305 979 regnantem
3317 922 3445 960 cum

1810 1000 2074 1057 omnibus
2114 1000 2331 1073 angelis
2373 999 2692 1056 conﬁtendo
2741 1001 3039 1056 conlaudat
3075 1005 3132 1057 et
3173 1000 3328 1056 dicit.
3378 1005 3442 1069 κ).

1813 1095 2016 1151 Chorus
2045 1113 2063 1149 :
2088 1095 2343 1165 Sanctus,
2376 1094 2631 1163 Sanctus,
2660 1095 2911 1150 Sanctus.

1884 1192 2043 1244 Dicat
2057 1190 2345 1260 presbyter
2367 1193 2491 1260 post
2520 1189 2757 1244 Sanctus
2787 1207 2801 1244 :
2967 1247 2975 1256 ,

1886 1284 2025 1337 Vere
2086 1288 2337 1351 sanctus,
2400 1298 2530 1338 vere
2576 1282 2906 1338 benedictus
2938 1283 3211 1338 Dominus
3260 1286 3449 1339 noster

1813 1378 1971 1432 Jesus
1994 1376 2246 1432 Christus
2271 1375 2459 1449 457
2494 1376 2645 1431 ﬁlius
2673 1380 2825 1448 tuus,
2853 1376 2954 1448 qui
2978 1377 3185 1433 venite
3210 1378 3361 1433 caelis
3385 1382 3450 1432 ut

1818 1475 2244 1526 conversaretur
2270 1470 2330 1525 in
2356 1469 2554 1525 terris:
2588 1486 2719 1525 caro
2743 1470 2922 1525 factus
2951 1474 3054 1541 est,
3080 1475 3146 1526 ut
3170 1471 3450 1527 habitaret

1818 1564 1879 1620 in
1907 1564 2068 1620 nobis
2091 1564 2346 1621 Christus
2371 1564 2642 1620 Dominus
2667 1580 2731 1619 ac
2757 1564 3043 1620 redemtor
3068 1569 3332 1621 aeternus.

1892 1661 2051 1714 Dicat
2060 1659 2349 1729 presbyter
2368 1664 2492 1728 post
2520 1658 2704 1713 Pridie
2729 1674 2743 1712 :

1895 1754 2022 1807 Haec
2070 1752 2304 1807 Domine
2348 1752 2494 1806 dona
2527 1754 2626 1806 tua
2668 1755 2726 1806 et
2752 1756 3032 1824 praecepta
3058 1756 3363 1822 servantes,
3393 1754 3453 1809 in

1739 1843 1796 1915 B
1818 1845 1994 1902 altare
2012 1850 2177 1901 tuum
2204 1844 2366 1917 panis
2386 1862 2452 1900 ac
2480 1843 2594 1899 vini
2617 1843 2941 1901 holocausta
2963 1845 3454 1918 proponimus,ro-

1823 1946 2020 2013 gantes
2046 1940 2492 2012 profusissimam
2522 1942 2634 1995 tuae
2658 1939 3058 1995 misericordia:
3073 1940 3363 2011 pietatem,
3390 1947 3457 1997 ut

1821 2035 1882 2090 in
1910 2034 2109 2091 eodem
2136 2033 2357 2106 spiritu,
2386 2050 2500 2106 quo
2541 2037 2598 2090 te
2638 2033 2698 2089 in
2729 2050 2898 2089 carne
2931 2033 3226 2107 virginitas
3260 2035 3451 2090 incor-

1820 2132 1991 2201 rupta
2014 2128 2288 2199 concepit,
2320 2128 2421 2182 has
2446 2127 2657 2183 hostias
2694 2127 2933 2183 Trinitas
2969 2127 3207 2183 indivisa
3244 2130 3451 2184 sancti-

1821 2222 1987 2292 ﬁcet;
2018 2226 2080 2277 ut
2102 2237 2233 2277 cum
2259 2237 2293 2276 a
2316 2220 2481 2277 nobis
2507 2220 2683 2277 fuerit
2705 2238 2825 2277 non
2849 2221 3058 2277 minori
3080 2220 3452 2294 trepidatione

1822 2332 1997 2388 quam
2020 2314 2381 2372 veneratione
2396 2319 2683 2389 percepta,
2705 2315 2978 2389 quicquid
2993 2320 3189 2372 contra
3203 2316 3453 2371 animam

1822 2410 1970 2465 male
2016 2409 2152 2466 vivit
2189 2410 2461 2481 intereat;
2497 2410 2769 2484 quicquid
2802 2410 3096 2468 interierat
3138 2411 3458 2468 nullatenus

1822 2503 2133 2561 reviviscat.
2161 2505 2227 2570 η).
2254 2506 2454 2561 Amen.

1894 2600 2052 2654 Dicat
2073 2599 2357 2669 presbyter
2381 2599 2457 2654 ad
2479 2601 2777 2656 orationem
2801 2603 3169 2658 Dominicam:

1893 2693 2053 2757 Quod
2086 2692 2184 2747 Via
2217 2696 2281 2746 ut
2318 2708 2692 2765 sequeremur
2725 2695 2985 2765 ostendit,
3037 2695 3187 2767 quod
3237 2695 3360 2751 Vita
3391 2701 3457 2751 ut

1822 2786 2189 2858 loqueremur
2212 2785 2453 2856 edocuit,
2483 2787 2639 2858 quod
2663 2787 2877 2843 Veritas
2899 2791 2965 2842 ut
3002 2793 3327 2845 teneremus
3353 2790 3452 2845 ain-

1824 2879 2025 2948 stituit,
2052 2878 2175 2947 tibi,
2205 2894 2427 2934 summe
2453 2881 2639 2949 Pater,
2671 2898 2801 2937 cum
2827 2886 3071 2938 tremore
3106 2882 3288 2939 cordis
3321 2900 3455 2955 pro-

1825 2974 2131 3030 clamemus
2156 2989 2187 3029 e
2211 2972 2397 3028 terris.
2425 2975 2592 3031 Pater
2618 2979 2830 3032 noster.

1894 3071 2054 3125 Dicat
2069 3067 2358 3137 presbyter
2385 3068 2804 3125 benedictionem
2836 3092 2852 3126 :

1895 3162 2171 3217 Dominus
2199 3164 2357 3218 Jesus
2380 3162 2635 3219 Christus
2660 3164 2760 3236 qui
2786 3163 2922 3219 olim
2962 3180 3068 3236 pro
3096 3165 3259 3221 nobis
3291 3167 3459 3223 hodie

1884 3261 2087 3328 gnatus
2111 3260 2196 3311 est
2219 3256 2391 3326 nasci,
2418 3257 2539 3329 ipse
2563 3274 2659 3312 vos
2674 3273 2775 3313 sua
2789 3258 3080 3315 nativitate
3107 3258 3371 3317 viviﬁcet.
3392 3267 3456 3332 ιι).

1821 3353 2023 3406 Amen.
2054 3351 2124 3404 Et
2146 3349 2245 3423 qui
2267 3350 2565 3405 infantiam
2594 3367 2824 3407 sumens
2842 3352 3228 3425 humanitatis,
3258 3354 3460 3409 vilibus

1823 3444 2055 3500 indutus
2081 3448 2166 3499 est
2188 3444 2413 3515 pannis,
2460 3444 2767 3500 caelestium
2805 3444 3082 3501 virtutum
3119 3463 3217 3501 vos
3259 3446 3461 3502 vestiat

1821 3537 2188 3595 indumentis.
2224 3544 2289 3610 Ii}.
2323 3536 2478 3593 Chor.
2512 3540 2713 3593 Amen.
2745 3538 2937 3611 Sitque
2984 3544 3299 3595 vestrorum
3343 3557 3462 3596 cor-

1822 3632 1982 3689 dium
2007 3632 2246 3689 interior
2267 3637 2481 3705 pastus,
2509 3632 2607 3704 qui
2625 3632 2685 3687 in
2704 3633 2979 3704 praesepio
2995 3634 3211 3705 positus
3230 3636 3460 3691 creden-

1820 3727 1971 3783 tibus
2017 3743 2076 3783 se
2119 3726 2297 3782 voluit
2348 3726 2650 3782 monstrari
2701 3727 3027 3782 vescendus.
3086 3726 3149 3791 Β).
3210 3728 3460 3788 Chorus:

1821 3823 2019 3877 Amen.
2050 3823 2158 3877 Per
2180 3820 2626 3877 misericordiam
2664 3820 2839 3893 ipsius
2880 3821 2979 3877 Dei
3023 3821 3202 3877 nostri
3240 3808 3461 3895 quiest

1820 3915 2168 3986 benedictus,
2200 3918 2260 3971 et
2281 3914 2435 3985 vivit,
2464 3918 2521 3971 et
2537 3914 2730 4004 omnia
2750 3914 2899 3987 regit
2921 3915 2982 3971 in
3003 3916 3209 3971 saecula
3234 3919 3459 3974 saeculo-

1820 4026 1970 4065 rum.
1999 4006 2065 4075 Β).
2090 4011 2290 4065 Amen.

1892 4106 2049 4159 Dicat
2083 4105 2400 4175 presbyter:
2445 4104 2724 4159 Dominus
2767 4104 2839 4159 sit
2866 4120 3091 4177 semper
3142 4104 3453 4165 vobiscum.

1819 4200 1923 4253 Hic
1946 4199 2095 4254 dicat
2121 4199 2314 4254 chorus
2340 4213 2357 4247 :
2381 4198 2608 4254 Gustate
2637 4203 2694 4253 et
2721 4196 2921 4254 videte.

2240 4310 2363 4360 Post
2390 4308 2812 4359 communionem
2846 4306 3028 4357 oratio.

1893 4400 2107 4455 Gratias
2132 4399 2235 4454 tibi
2258 4400 2500 4472 agimus,
2529 4398 2765 4453 Domine
2791 4398 2955 4468 Deus,
2987 4402 3044 4453 et
3070 4401 3125 4453 te
3149 4399 3326 4454 Deum
3354 4398 3452 4454 be-

1820 4494 2134 4551 nedicimus
2159 4494 2229 4549 de
2258 4494 2347 4549 die
2372 4493 2432 4547 in
2454 4492 2627 4563 diem,
2658 4491 2757 4563 qui
2781 4507 2884 4546 nos
2908 4490 2970 4546 in
2995 4491 3100 4547 hac
3129 4492 3218 4548 die
3245 4497 3451 4548 sanctae

144 4600 211 4660 ille
235 4607 283 4665 in
307 4614 419 4671 cibo
445 4633 510 4672 ac
532 4584 677 4690 potu
706 4619 1152 4693 indumentoque
1183 4584 1474 4677 concessit.
1503 4584 1716 4676 Promi-
1738 4602 1799 4675 Ι)
1821 4587 2192 4693 ξίξιθωῗξιθίίδ
2247 4591 2382 4693 ίξξδῗ,
2407 4585 2717 4693 I??rf‘“cer°
2764 4584 3029 4693 ἀίείξξίωδ
3076 4603 3154 4693 θεῖ’
3202 4588 3305 4693 Erae
3347 4604 3453 4643 nos

144 4697 195 4752 sit
213 4702 253 4755 ei
271 4721 320 4761 se
337 4708 416 4764 illi
437 4712 710 4767 daturum
737 4730 982 4787 regnum
1006 4719 1285 4771 aeternum
1299 4732 1318 4786 ;
1337 4714 1522 4788 ipsam
1551 4715 1718 4787 polli-

144 4789 249 4849 Ciuls
267 4804 339 4855 est
358 4805 718 4861 statuendam
738 4806 801 4863 in
819 4807 1065 4865 dextera:
1091 4825 1209 4864 suae
1226 4812 1385 4881 parte
1401 4808 1715 4881 Reginam;

142 4894 355 4949 cOncessit
389 4904 444 4953 et
479 4899 592 4971 ipsi
624 4901 776 4973 quod
807 4918 1133 4958 concessum
1175 4907 1261 4958 est
1284 4903 1568 4973 Genitrici,
1608 4904 1719 4959 im-

86 4994 89 5079 ς
141 4978 262 5079 ﬁeri,
281 5003 385 5045 non
418 4993 654 5065 violari;
683 5012 901 5068 parere,
928 5015 1046 5053 non
1070 4998 1387 5070 corrumpi;
1414 4999 1501 5054 illi
1525 4999 1719 5067 semel,

141 5075 205 5128 isti
233 5095 453 5156 semper,
503 5088 702 5146 sedere
740 5094 1031 5164 tamquam
1072 5108 1337 5165 sponsam
1378 5093 1439 5147 in
1473 5093 1722 5148 thalamo

143 5167 542 5260 lflﬂcllritudinis,
576 5187 633 5237 et
655 5184 1030 5257 multiplicare
1053 5186 1197 5241 ﬁlios
1228 5187 1445 5259 gremio
1472 5186 1718 5260 pietatis,

141 5257 344 5325 Γεῖοδεω
375 5289 495 5330 esse
531 5277 775 5349 prolem,
805 5296 925 5335 non
958 5280 1190 5337 fetidam
1226 5257 1604 5337 voluntatum.
1636 5279 1722 5335 Sic

143 5355 181 5448 Et
208 5356 308 5429 ίρεει
336 5364 389 5422 in
430 5366 555 5440 ipso
595 5387 697 5442 per
735 5372 924 5446 ipsum
965 5374 1118 5430 dives
1158 5375 1374 5444 effecta,
1420 5391 1625 5448 sponso
1659 5390 1722 5429 ac

144 5444 328 5511 Domino
367 5454 469 5517 suo
503 5462 748 5521 humilia
789 5467 963 5524 refert
1008 5485 1274 5542 munera;
1304 5469 1412 5526 hoc
1452 5468 1606 5525 enim
1654 5468 1723 5524 de

144 5549 319 5617 Propria
346 5571 445 5611 suo
470 5556 761 5617 offerendo
784 5562 935 5635 quod
955 5563 1212 5636 credidit,
1233 5565 1340 5620 hoc
1366 5564 1435 5621 de
1463 5563 1724 5635 exemplo

146 5641 253 5703 ‘luOd
273 5660 397 5704 eum
419 5652 750 5727 redamavit,
780 5656 886 5712 hoc
918 5659 987 5713 de
1015 5642 1163 5715 dbno
1186 5659 1363 5732 ipsius
1386 5660 1445 5714 id
1470 5659 1649 5732 ipsam
1669 5663 1727 5715 et

146 5735 337 5798 Potuisse
359 5745 512 5818 quod
542 5747 741 5820 voluit,
768 5750 828 5806 id
855 5751 1037 5824 ipsam
1067 5753 1311 5813 voluisse
1338 5754 1492 5829 quod
1520 5753 1723 5828 potuit,

200 5870 255 5948 (α)
274 5880 399 5942 Vide
423 5902 558 5960 pag.
594 5890 658 5946 99
682 5894 739 5948 et
767 5907 922 5966 seqq.

1820 4684 1974 4740 diem
1997 4682 2170 4738 istum
2193 4679 2496 4736 nativitatis
2514 4683 2629 4734 tua:
2655 4695 2759 4751 per
2776 4680 2955 4736 multa
2983 4681 3261 4737 curricula
3284 4698 3455 4738 anno-

1820 4794 1949 4833 rum
1971 4777 2029 4832 in
2053 4791 2189 4849 pace
2213 4777 2271 4830 et
2289 4774 2697 4847 tranquillitate
2723 4774 3004 4847 suscipere
3021 4792 3152 4831 cum
3169 4776 3323 4831 fideli
3348 4793 3451 4849 po-

1820 4871 1954 4944 pulo
1979 4875 2097 4927 tuo.
2127 4867 2192 4933 nl.
2224 4870 2467 4928 Chorus:
2512 4871 2713 4925 Amen.
2753 4872 2813 4935 ir.
2868 4870 2976 4925 Per
3008 4869 3452 4929 misericordiam

1820 4971 2002 5035 tuam,
2058 4965 2203 5020 Deus
2248 4968 2457 5034 noster,
2510 4964 2610 5036 qui
2654 4980 2713 5019 es
2755 4964 3084 5019 benedictus
3127 4967 3184 5018 et
3210 4963 3347 5017 vivis
3400 4970 3456 5019 et
3531 4999 3546 5011 -

1821 5059 2012 5115 omnia
2028 5059 2181 5130 regis
2205 5058 2265 5113 in
2292 5058 2498 5114 saecula
2512 5058 2867 5114 saeculorum.
2891 5062 2955 5127 It).
2977 5059 3177 5112 Amen.
3192 5056 3254 5118 Ῠ.
3271 5057 3456 5113 1)οωί-

1820 5170 1929 5209 nus
1962 5152 2034 5208 sit
2071 5168 2295 5225 semper
2326 5152 2637 5209 vobiscum.
2679 5155 2743 5219 η).
2773 5151 2843 5205 Et
2880 5166 3029 5205 cum.
3074 5148 3135 5210 Ῠ.
3169 5149 3454 5208 Solemnia

1823 5246 2101 5319 completa
2128 5252 2260 5303 sunt
2281 5247 2341 5302 in
2359 5246 2590 5301 nomine
2608 5243 2829 5299 Domini
2850 5242 3030 5300 nostri
3048 5245 3177 5300 Jesu
3201 5245 3407 5302 Christi
3436 5264 3449 5301 :

1823 5347 2017 5399 votum
2030 5346 2292 5399 nostrum
2305 5340 2377 5396 sit
2386 5344 2679 5412 acceptum
2692 5354 2822 5395 cum
2833 5355 2994 5411 pace.
3010 5336 3053 5403 lt!
3062 5381 3075 5396 .
3090 5340 3205 5395 Deo
3222 5341 3450 5412 gratias.

1825 5476 1913 5530 ΙΙΙ.
1963 5489 2162 5531 INCIPIT
2218 5484 2475 5527 EPISTULA
2523 5481 2711 5523 SANCTI
2757 5482 3008 5524 AGL'STINI
3070 5485 3139 5524 Al)
3207 5482 3451 5523 saxorum

1936 5563 2023 5602 DEI
2060 5558 2316 5600 BlBlANUM
2356 5554 2669 5597 SANTONICE
2707 5555 2969 5595 CIVITATIS
3005 5554 3351 5597 ANTESTITEM.

1994 5659 2081 5713 Ea:
2103 5671 2203 5712 ms.
2233 5652 2422 5711 Codice
2450 5655 2631 5709 sancti
2644 5654 2794 5709 Petri
2819 5653 3169 5710 Carnutensis
3198 5649 3292 5721 (a).

1897 5748 2089 5826 458
2109 5748 2349 5806 Domino
2372 5764 2503 5807 vere
2526 5751 2742 5821 sancto,
2770 5748 2981 5822 palmae
3007 5738 3452 5813 triumphatione
