4036 6188
481 306 576 361 431

1269 301 1600 359 APPENDIX
1639 300 1724 357 AD
1763 299 1988 357 OPERA
2023 300 2259 358 SANCTI
2294 299 2568 357 GERMAN
2573 301 2594 356 Ι
2631 297 3058 356 PARISIENSIS.

3740 297 3856 352 432

481 416 763 486 decorato,
793 415 850 470 et
873 410 1182 486 pontificali
1213 409 1398 464 ofﬁcio
1426 415 1709 482 coronato,
1747 411 1980 466 Bibiano
2015 429 2109 466 or-
2131 423 2191 496 Α
2208 412 2465 484 pleverit.
2495 411 2658 484 Apud
2685 427 2788 466 nos
2812 411 3004 482 itaque
3028 425 3097 464 ex
3125 408 3248 480 ejus
3273 405 3649 464 sollemnitate
3669 407 3854 463 absti-

479 511 712 580 todoxo,
739 507 1052 580 Agustinus
1073 505 1172 560 Dei
1212 519 1502 560 servorum
1547 521 1760 576 servus,
1782 505 1841 560 in
1871 504 2110 562 Domino

480 605 739 660 salutem.
782 601 1014 656 Litteras
1053 599 1399 670 apostolatus
1432 599 1619 669 vestri,
1656 599 1944 657 carissimo
1994 600 2110 655 {ilio

477 702 671 753 nostro
694 693 931 764 Trojano
958 695 1144 748 vestro
1171 692 1405 748 diacono
1435 693 1738 760 deferente,
1768 693 1838 750 ad
1849 710 1951 749 nos
1977 710 2108 765 per-

475 789 691 847 venisse
737 785 1074 857 comperite;
1127 789 1184 842 et
1235 787 1372 842 dum
1423 787 1656 858 sospitas
1709 789 1896 842 vestra
1947 787 2111 842 nobis

475 881 671 938 fuisset
695 879 996 935 certiﬁcata
1022 894 1128 952 per
1144 880 1437 952 paginam,
1465 879 1743 935 immensa
1762 880 2111 937 reddidimus

475 976 590 1029 Deo
636 972 816 1028 laudis
857 973 1160 1044 praeconia.
1205 975 1271 1028 Et
1314 973 1570 1045 quamvis
1621 974 1796 1028 simus
1852 975 2110 1031 absentes

475 1084 729 1140 corpore,
758 1071 1068 1139 praesentes
1095 1071 1287 1123 tamen
1315 1067 1583 1139 ﬂorigera
1611 1068 1860 1139 caritate,
1889 1071 2106 1126 exhila-

471 1162 584 1218 rati
610 1177 808 1218 sumus
841 1161 1000 1216 valde
1039 1162 1490 1233 pro~sanctitatis
1530 1178 1784 1232 rumore,
1827 1167 1883 1218 et
1923 1164 2108 1240 excel-

471 1257 622 1313 lente
665 1254 914 1310 culmine
943 1255 1244 1312 sacerdotii
1271 1255 1457 1325 vestri,
1503 1255 1604 1328 qui
1635 1255 1804 1327 longe
1840 1256 2020 1312 radiat
2047 1257 2109 1312 in

473 1351 629 1421 orbe,
657 1367 774 1404 non
797 1349 985 1404 solum
1009 1349 1325 1405 Occidentis
1351 1353 1408 1405 et
1444 1349 1656 1420 Gallias,
1698 1366 1898 1406 verum
1935 1351 2108 1406 etiam

473 1443 718 1500 Orientis
746 1448 803 1498 et
828 1443 1064 1513 Aﬂ'ricse,
1095 1443 1434 1499 meritorum
1475 1443 1690 1498 lumine
1717 1448 2104 1515 percurrente.

471 1537 709 1594 Oramus
735 1540 927 1593 autem
955 1537 1153 1607 Deum,
1196 1541 1261 1592 ut
1284 1537 1499 1592 bonum
1537 1554 1678 1610 opus
1711 1537 1773 1592 in
1805 1537 1970 1610 vobis
2009 1538 2109 1610 qui

472 1631 658 1703 caepit,
705 1631 825 1703 ipse
871 1636 1052 1703 coepta
1099 1630 1390 1702 perficiat;
1435 1631 1717 1702 simulque
1769 1631 1928 1687 vobis
1977 1648 2108 1704 sup-

469 1725 692 1797 pliciter
734 1725 998 1796 petimus,
1045 1729 1111 1779 ut
1149 1723 1412 1796 precibus
1451 1724 1650 1780 vestris
1689 1725 1869 1796 adjuti
1895 1741 2108 1780 merea-

2208 505 2404 562 nentia
2427 522 2460 560 a
2485 505 2749 560 carnibus
2773 504 2862 560 vel
2887 503 3170 576 conjugali
3204 503 3407 574 copula
3429 501 3559 557 ﬁliis
3587 501 3855 558 Ecclesiae

2209 600 2506 669 indicatur,
2535 601 2600 654 ut
2627 599 2700 654 ad
2727 599 3080 654 Nativitatem
3127 595 3350 652 Domini
3393 595 3644 651 securius
3689 612 3853 650 com-

2210 693 2524 748 municent.
2550 692 2777 748 Rectius
2798 697 2989 748 autem
3004 691 3111 746 hoc
3129 707 3270 763 Opus
3288 689 3348 744 in
3374 689 3551 745 sancti
3575 689 3856 745 Johannis

2211 785 2574 858 conceptione
2618 785 2976 842 instituitur:
3025 784 3160 856 quia
3210 781 3331 854 ipse
3382 782 3670 856 praecessit
3720 788 3855 838 ante

2210 879 2536 950 Dominum,
2559 883 2616 936 et
2639 896 2744 952 per
2768 877 3120 952 prmeonium
3137 875 3347 949 angeli,
3369 881 3424 932 et
3447 893 3552 948 per
3567 876 3609 932 si
3618 876 3853 948 gniﬁca-

2208 973 2376 1028 tionis
2405 976 2744 1042 contactum,
2777 973 2914 1028 dum
2945 971 3219 1026 Dominus
3253 971 3323 1026 de
3361 970 3612 1042 Virgine,
3653 987 3854 1026 servus

2205 1084 2338 1123 vero
2375 1050 2701 1123 nasceretur
2737 1083 2804 1122 ex
2839 1067 3030 1122 vetula
3067 1069 3124 1120 et
3160 1063 3348 1121 sterile
3384 1068 3598 1133 matre;
3643 1069 3703 1120 et
3731 1064 3856 1136 ipse

2208 1161 2429 1216 clausus
2450 1165 2632 1232 utero,
2663 1161 2922 1217 exultans
2947 1159 3008 1214 in
3034 1158 3260 1231 gaudio,
3283 1159 3540 1214 clausum
3554 1157 3854 1214 Christum

2207 1255 2455 1327 Virginis
2503 1256 2628 1310 alvo
2673 1255 2908 1328 mystico
2951 1253 3209 1309 salutavit
3264 1250 3564 1324 praesagio.
3629 1252 3741 1308 Sed
3795 1257 3854 1307 et

2207 1350 2434 1422 quando
2457 1349 2740 1404 Johannes
2765 1347 2938 1404 sensit
2981 1346 3282 1402 imminere
3319 1345 3469 1402 diem
3510 1344 3702 1401 obitus
3734 1345 3850 1414 sui,

2206 1445 2334 1500 ideo
2364 1443 2521 1498 misit
2544 1443 2614 1499 ad
2641 1443 2949 1520 Dominum
2980 1441 3174 1496 dicens
3204 1458 3218 1496 :
3251 1442 3332 1496 Tu
3358 1457 3412 1496 es
3444 1442 3542 1511 qui
3579 1445 3850 1495 uentum

2207 1553 2282 1602 es,
2311 1554 2384 1592 an
2414 1540 2586 1592 alium
2620 1537 3028 1616 exspectamus?
3051 1533 3215 1606 quasi
3244 1533 3454 1590 diceret
3489 1533 3572 1588 illi
3599 1551 3614 1588 :
3654 1533 3852 1588 Indica

2205 1631 2350 1686 mihi
2375 1635 2570 1686 utrum
2595 1647 2700 1702 per
2720 1633 2779 1686 te
2797 1630 2869 1686 ad
2897 1628 3105 1684 inferni
3132 1627 3378 1683 claustra
3402 1627 3726 1695 descendas,
3773 1643 3852 1682 an

2205 1725 2275 1780 ad
2303 1725 2659 1780 liberandum
2689 1740 2870 1796 genus
2898 1724 3218 1778 humanum
3243 1721 3420 1776 alium
3447 1721 3640 1776 mittas
3668 1741 3682 1778 :
3711 1722 3855 1794 quia

468 1835 602 1874 mur
626 1819 696 1874 de
730 1817 945 1890 laqueis
967 1817 1140 1889 hujus
1165 1818 1355 1873 saeculi
1392 1817 1642 1874 liberari.
1691 1820 1767 1874 De
1811 1836 1878 1875 eo
1914 1823 2106 1874 autem
2125 1804 2182 1876 Β
2206 1818 2349 1874 sicut
2375 1823 2430 1874 te
2457 1819 2516 1873 in
2541 1818 2708 1874 terris
2733 1817 2950 1890 positus
2975 1817 3229 1872 docendo
3255 1821 3310 1871 et
3334 1814 3670 1887 baptizando
3691 1833 3850 1887 prse-

469 1913 622 1985 quod
661 1911 824 1967 nobis
881 1911 1098 1984 dignati
1138 1911 1325 1966 fuistis
1371 1911 1691 1986 injungere,
1732 1916 1799 1967 ut
1849 1913 2106 1969 ordinem

465 2007 755 2078 Hypponaa
779 2005 1072 2078 Regiensis
1097 2005 1364 2075 ecclesias,
1407 2006 1650 2078 qualiter
1688 2006 1880 2062 divina
1924 2007 2108 2062 ofﬁcia

466 2117 571 2173 per
593 2100 936 2156 Testamenti
962 2103 1019 2155 et
1035 2099 1172 2155 Novi
1191 2103 1248 2154 et
1267 2100 1478 2155 Veteris
1502 2099 1770 2172 paginam
1801 2103 2107 2158 annualem

465 2193 739 2267 persolvit
756 2193 1140 2264 harmoniam,
1155 2193 1316 2248 vobis
1327 2193 1575 2266 dirigere
1593 2195 1960 2265 deberemus;
1979 2195 2106 2251 ideo

467 2289 540 2343 ad
567 2305 819 2360 prmsens
861 2305 977 2343 non
1001 2287 1312 2360 potuimus,
1342 2288 1474 2360 quia
1501 2287 1560 2342 in
1601 2288 1746 2344 libro
1790 2291 2108 2344 Exameron

467 2385 689 2436 nostros
699 2381 945 2436 notarios
963 2385 1262 2453 occupatos
1287 2381 1658 2437 habebamus.
1677 2381 1786 2438 Sed
1811 2399 1942 2437 cum
1966 2382 2107 2438 illud

469 2492 612 2548 opus
653 2475 845 2544 fuerit,
885 2475 1106 2530 favente
1149 2475 1412 2546 Domino,
1455 2479 1932 2548 consummatum,
1971 2493 2107 2532 mox

468 2568 792 2624 obedientes
848 2573 1032 2624 vestro
1069 2569 1311 2640 imperio
1363 2585 1466 2642 per
1512 2571 1792 2626 famulum
1834 2573 2104 2640 vestrum,

468 2663 652 2719 filium
690 2664 751 2718 in
783 2664 1007 2720 Christo
1031 2667 1310 2732 nostrum,
1341 2664 1660 2736 Eugepium
1687 2664 2103 2738 presbyterum,

465 2758 623 2814 vobis
655 2757 918 2813 libellum
943 2757 1256 2830 dirigemus
1284 2775 1298 2812 :
1327 2757 1388 2813 in
1413 2775 1526 2830 quo
1556 2757 1729 2814 totius
1762 2759 1898 2814 anni
1940 2758 2105 2830 opiﬁ-

469 2852 620 2908 cium
637 2852 698 2907 in
710 2852 1044 2908 lectionibus
1058 2851 1270 2910 Divinis
1284 2853 1640 2924 perﬂorando
1649 2852 2104 2925 perstrinximus,

465 2946 798 3017 incipientes
833 2945 1093 3000 ordinem
1125 2947 1414 3002 Adventus
1464 2945 1737 3002 Dominici
1786 2948 1856 3002 ab
1910 2951 2107 3002 octavo

467 3039 735 3094 Calendas
765 3038 1010 3094 octubris
1048 3039 1459 3110 aequinoctium
1497 3040 1846 3111 autumnale,
1900 3057 2005 3112 pro
2041 3056 2108 3096 eo

469 3131 623 3204 quod
647 3131 846 3187 eadem
869 3130 961 3186 die
983 3131 1268 3187 Johannes
1291 3149 1609 3204 praecursor
1623 3133 1846 3188 Domini
1867 3151 1902 3188 a
1925 3134 2105 3206 majo-

469 3226 626 3282 ribus
649 3224 856 3280 nostris
879 3225 1124 3281 traditur
1149 3229 1206 3280 et
1221 3227 1438 3298 Angelo
1465 3227 1762 3282 nuntiante
1781 3233 2102 3300 conceptus,

470 3325 527 3377 et
553 3319 784 3375 Herodis
810 3319 1020 3375 funesti
1064 3318 1248 3391 gladio
1285 3320 1616 3377 trucidatus.
1662 3321 1758 3376 Est
1803 3325 1860 3377 et
1899 3325 2107 3394 praeter

467 3413 833 3471 Nativitatem
896 3413 1004 3469 alia
1067 3413 1410 3469 sollemnitas
1459 3415 1733 3470 Johannis
1801 3415 2065 3488 Baptistaa
2087 3457 2102 3486 ,

469 3513 672 3582 quarto
699 3507 910 3565 scilicet
935 3507 1208 3564 Calendas
1233 3507 1598 3580 Septembris,
1637 3509 1864 3582 quando
1903 3509 2103 3566 inven-

471 3607 594 3660 tum
634 3603 846 3674 legitur
897 3605 1068 3674 caput
1105 3601 1372 3660 dominici
1415 3603 1796 3674 praecursoria.
1840 3604 1997 3669 Quod
2043 3609 2110 3660 ut

474 3696 676 3768 opinor
693 3696 938 3752 decrevit
963 3696 1092 3752 ideo
1117 3696 1456 3768 dispensatio
1486 3697 1738 3780 Deitatis,
1767 3703 1833 3754 ut
1871 3697 2006 3770 quia
2046 3697 2108 3754 in

475 3791 626 3846 unda
653 3790 1028 3860 baptismatis,
1050 3789 1434 3848 ministerium
1459 3791 1773 3862 dumtaxat,
1805 3792 1957 3864 quod
1977 3796 2108 3848 ante

474 3883 680 3940 faciem
704 3883 910 3938 Christi
945 3882 1271 3954 praedicavit
1297 3884 1598 3954 Johannes,
1637 3901 1926 3940 sacramur
1964 3903 2112 3942 mer-

479 3976 730 4032 sionibus
754 3975 940 4047 trinis,
971 3975 1098 4032 ideo
1124 3975 1370 4031 trifarias
1395 3976 1744 4033 sollemniter
1776 3979 1974 4034 reddat
2015 3981 2112 4035 Ec-

479 4071 644 4127 clesia
669 4071 792 4143 ejus
817 4069 1032 4126 laudes.
1060 4071 1126 4126 Et
1151 4069 1282 4142 quia
1303 4070 1372 4126 de
1392 4070 1488 4125 illo
1517 4071 1790 4143 scriptum
1811 4071 2002 4146 459
2029 4077 2113 4128 est

477 4165 710 4223 vocibus
738 4163 1084 4238 propheticis
1129 4169 1187 4220 et
1213 4164 1550 4220 testimoniis
1593 4165 1934 4222 Salvatoris:
1980 4169 2112 4222 Ecce

480 4279 573 4332 ego
613 4262 768 4317 mitto
797 4259 1049 4328 angelum
1081 4250 1255 4315 malm
1297 4261 1394 4329 qui
1428 4259 1771 4329 praeparabit
1802 4262 1948 4316 viam
1988 4267 2114 4316 ante

477 4359 675 4428 faciem
701 4359 889 4423 tuam;
917 4353 1044 4408 ideo
1069 4353 1218 4410 etab
1239 4353 1361 4425 ejus
1386 4355 1661 4425 conceptu
1687 4354 1773 4409 vel
1798 4353 1956 4410 obitu
1997 4355 2113 4410 Ad-

480 4455 681 4508 ventus
703 4447 912 4507 Christi
925 4448 1260 4504 inchoamus
1288 4447 1560 4504 ofﬁcium.
1590 4448 1932 4520 Dignumest
1957 4465 2116 4504 nam-

2127 3180 2182 3255 C

2205 1929 2439 1969 currens
2463 1911 2644 1985 digito
2657 1911 2959 1968 oriendum
2975 1909 3374 1980 demonstravi,
3393 1909 3471 1965 ita
3488 1909 3616 1965 volo
3630 1910 3854 1982 populo

2204 2007 2266 2062 in
2294 2006 2542 2062 tenebris
2581 2005 2884 2076 resedenti,
2917 2008 2974 2060 et
3018 2009 3075 2060 te
3107 2003 3360 2077 quotidie
3394 2003 3704 2076 postulanti
3745 2005 3853 2060 ad-

2205 2104 2439 2157 ventum
2477 2105 2643 2156 tuum
2681 2100 2874 2171 jussus
2919 2115 2953 2152 a
2993 2103 3070 2167 te,
3123 2097 3380 2166 Domine,
3428 2097 3694 2152 nuntiare
3715 2097 3746 2152 ἵ
3783 2098 3854 2152 Et

2206 2194 2372 2252 certis
2398 2194 2488 2249 his
2533 2194 2602 2250 de
2645 2193 2828 2249 causis
2871 2191 2934 2246 in
2969 2191 3291 2248 celebritate
3323 2189 3608 2246 Adventus
3649 2191 3854 2246 Domi-

2205 2287 2337 2360 nici,
2368 2288 2712 2344 sollemnitas
2737 2286 3104 2359 anteponitur
3131 2284 3404 2342 Johannis
3428 2284 3714 2356 Baptistae.
3741 2286 3856 2342 Sed

2206 2387 2262 2438 et
2287 2381 2412 2438 vide
2443 2382 2703 2438 ordinem
2729 2385 3054 2454 temporum
3079 2380 3139 2435 in
3165 2379 3414 2452 idipsum
3439 2395 3691 2450 congrue
3717 2396 3855 2434 con-

2205 2475 2551 2532 cordantem.
2585 2477 2647 2531 In
2674 2473 3075 2548 aequinoctium
3113 2473 3395 2544 autumni,
3449 2473 3678 2546 quando
3720 2491 3851 2530 cre-

2206 2574 2371 2625 scunt
2393 2569 2662 2640 tenebrae,
2693 2574 2828 2624 tunc
2852 2568 3096 2624 traditur
3112 2567 3394 2623 Johannes
3417 2566 3588 2622 fuisse
3611 2583 3856 2640 concep-

2205 2668 2330 2734 tus;
2353 2668 2410 2718 et
2437 2662 2540 2719 sub
2561 2666 2755 2728 rotatu
2779 2662 3037 2734 ejusdem
3049 2659 3321 2733 temporis
3337 2677 3557 2732 passus.
3587 2662 3650 2716 In
3673 2662 3852 2734 aequi-

2204 2757 2461 2813 noctium
2491 2757 2718 2830 quando
2743 2757 2841 2812 lux
2869 2755 3214 2826 extenditur,
3236 2758 3291 2810 et
3313 2754 3564 2810 tenebras
3577 2755 3856 2811 minuun-

2204 2855 2319 2920 tur,
2346 2855 2482 2906 tunc
2505 2851 2748 2907 traditur
2770 2850 3025 2906 Christus
3053 2853 3109 2906 et
3135 2852 3438 2920 conceptus
3463 2853 3626 2904 utero
3655 2849 3849 2922 Virgi-

2206 2945 2329 3014 nis;
2363 2949 2420 3001 et
2439 2945 2544 3000 sub
2571 2945 2771 3001 eodem
2795 2943 3072 3000 curriculo
3100 2943 3318 2998 adﬁxus
3349 2942 3599 3014 patibulo
3641 2943 3854 2999 crucis.

2206 3039 2269 3092 In
2295 3038 2555 3110 solstitio,
2578 3039 2638 3094 in
2663 3055 2775 3111 quo
2799 3039 2920 3094 dies
2943 3036 3144 3110 incipit
3171 3035 3376 3104 minui,
3405 3042 3463 3092 et
3486 3053 3598 3092 nox
3616 3039 3850 3109 augeri,

2206 3131 2497 3188 Johannes‘
2522 3132 2771 3189 creditur
2809 3137 2996 3200 natus,
3039 3135 3104 3187 ut
3136 3131 3386 3186 famulus
3417 3147 3430 3185 :
3473 3130 3532 3185 in
3570 3131 3668 3186 illo
3709 3148 3851 3188 vero

2206 3225 2463 3296 solstitio,
2493 3242 2564 3282 ex
2589 3243 2702 3300 quo
2726 3225 2844 3283 dies
2875 3230 3139 3300 augetur,
3168 3229 3225 3280 et
3278 3225 3526 3281 tenebrae
3565 3225 3854 3281 minuun-

2204 3322 2318 3390 tur,
2348 3324 2512 3374 natus
2541 3325 2626 3376 est
2641 3319 2833 3394 460
2860 3338 2933 3378 ex
2955 3323 3175 3397 virgine
3217 3327 3388 3385 Maria
3427 3324 3701 3380 Salvator.
3743 3321 3856 3375 Pro

2205 3413 2312 3470 hoc
2340 3413 2736 3486 quatripartito
2765 3418 3000 3475 rotantis
3025 3421 3162 3476 anni
3202 3419 3482 3478 curriculo
3519 3416 3696 3472 etiam
3715 3413 3855 3469 libri

2205 3507 2378 3580 hujus
2403 3509 2576 3564 fidem
2599 3510 2960 3568 terminando
2989 3513 3386 3586 distinximus;
3428 3516 3495 3569 ut
3529 3510 3664 3584 quia
3699 3525 3846 3581 qua-

2205 3605 2336 3658 tuor
2362 3606 2622 3675 tempora
2641 3605 2778 3660 anni
2826 3605 2934 3661 isto
2979 3608 3242 3666 videntur
3293 3609 3492 3664 ordine
3525 3601 3846 3671 terminari,

2206 3696 2284 3752 ita
2307 3698 2479 3753 etiam
2517 3701 2760 3771 quatuor
2795 3701 3100 3759 voluminis
3135 3704 3307 3776 hujus
3341 3701 3477 3759 libri
3517 3699 3850 3756 distinctum

2208 3791 2447 3847 reddent
2481 3791 2731 3848 ofﬁcium
2765 3810 2870 3866 per
2917 3796 3196 3854 circulum
3235 3796 3391 3866 anni,
3439 3796 3617 3852 instar
3669 3790 3851 3848 sancti

2208 3883 2514 3956 Evangelii,
2523 3885 2692 3956 juxta
2705 3889 2857 3959 quod
2877 3894 3002 3946 rota
3017 3889 3252 3946 inferius
3264 3889 3610 3964 praasignata
3623 3887 3853 3942 videtur

2209 3979 2516 4034 attendere.
2575 3981 2854 4052 Deprecor
2892 3989 3084 4040 autem
3128 3989 3204 4056 te,
3245 3989 3302 4041 et
3345 4000 3542 4039 omnes
3586 3981 3663 4036 ad
3708 3995 3858 4052 quos

2209 4070 2453 4126 formula
2477 4072 2582 4128 ista
2605 4075 2832 4147 legendi
2857 4077 3198 4149 pervenerit,
3226 4083 3294 4134 ut
3317 4075 3699 4148 omnipotenti
3739 4075 3854 4128 Do-

2210 4165 2369 4221 mino
2387 4181 2491 4238 pro
2522 4183 2615 4224 me
2636 4184 2868 4226 exorare
2884 4171 3220 4244 dignemini,
3249 4175 3527 4244 quatenus
3553 4185 3661 4242 pro
3677 4168 3860 4240 hujus

2212 4259 2396 4332 operis
2466 4261 2655 4320 labore
2728 4264 3136 4337 aliquantulam
3193 4266 3345 4338 apud
3393 4265 3582 4337 ipsum
3647 4278 3859 4335 capere

2211 4369 2434 4410 merear
2497 4356 2693 4427 gratiae
2742 4358 3084 4428 portionem.
3128 4361 3266 4414 Data
3314 4357 3584 4414 Calendas
3630 4357 3858 4428 Iunias,

2211 4446 2466 4521 Hippone
2493 4449 2690 4523 Regio,
2709 4452 2946 4508 Arcadio
2971 4457 3028 4509 et
3052 4453 3290 4509 honorio
3315 4452 3565 4526 Agustis.

481 4563 614 4618 que,
640 4549 708 4599 ut
730 4544 800 4598 ab
829 4543 1028 4600 eodem
1065 4542 1156 4598 die
1195 4559 1373 4615 usque
1416 4543 1488 4600 ad
1519 4542 1879 4600 Nativitatem
1915 4543 2119 4600 Christi
2137 4557 2196 4630 D
2287 4543 2553 4624 Feliciter.
2595 4545 2820 4615 eaplicit
2883 4547 3116 4618 epistula
3179 4549 3354 4604 sancti
3414 4548 3681 4617 Agustini
3738 4549 3858 4618 cpi.

483 4638 896 4712 prophetarum
957 4653 1174 4709 organa
1224 4637 1657 4710 tympanizando
1719 4637 1951 4694 resultet
2013 4639 2115 4693 Ec-

486 4732 674 4790 elesia:

557 4827 666 4885 Sed
706 4825 839 4900 quia
879 4827 1012 4880 sunt
1045 4825 1306 4879 nonnulli
1340 4825 1439 4898 qui
1474 4827 1793 4884 Adventum
1834 4826 2055 4883 Domini
2086 4843 2120 4882 a

435 4925 442 4932 ’
487 4922 788 4982 festivitate
825 4917 976 4975 beati
1030 4917 1250 4973 Martini
1297 4919 1630 4976 Turonensis
1674 4922 1828 4978 urbis
1875 4921 2122 4995 episcOpi

487 5019 752 5076 videntur
776 5013 1109 5088 insipienter
1133 5012 1405 5084 excolere,
1434 5030 1534 5069 nos
1561 5031 1653 5069 eos
1680 5033 1796 5072 non
1821 5018 2122 5090 reprehen-

494 5113 700 5178 dimus,
729 5110 862 5182 quia
888 5125 1005 5164 non
1023 5123 1220 5164 omnes
1247 5107 1436 5162 omnia
1476 5115 1730 5180 possunt,
1779 5115 1835 5167 et
1873 5113 2122 5168 maxime

495 5222 628 5262 cum
647 5205 944 5276 Apostolus
985 5203 1168 5258 dicat:
1221 5203 1520 5272 Unicuique
1562 5203 1702 5258 sicut
1742 5207 1886 5260 Deus
1937 5207 2125 5261 divisit

493 5315 804 5357 mensuram
827 5298 975 5368 ﬁdei.
999 5297 1102 5354 Sed
1129 5297 1300 5369 longe
1329 5297 1490 5352 aliter
1511 5302 1594 5354 est
1607 5297 1895 5370 plenitudo
1912 5301 2125 5357 ordinis

495 5399 551 5452 et
577 5391 866 5464 religionis
892 5394 1118 5446 nostrae.
1147 5390 1415 5446 Martinus
1435 5391 1644 5447 etenim
1691 5395 1916 5447 sanctus
1955 5393 2125 5466 longe

494 5492 624 5564 post
649 5483 1032 5543 ascensionem
1067 5484 1312 5556 Domini,
1349 5485 1438 5541 vel
1461 5491 1588 5558 post
1621 5485 1973 5542 nativitatem
2000 5503 2129 5559 pro-

497 5585 620 5654 diit,
652 5581 740 5638 vel
768 5583 894 5653 post
929 5581 1175 5633 mortem
1207 5577 1477 5648 discessit,
1522 5577 1732 5653 quippe
1777 5578 1878 5654 qui
1919 5583 2128 5638 nostris

498 5675 852 5752 temporibus
885 5688 1059 5746 prope
1093 5670 1221 5740 fuit,
1266 5672 1521 5744 quamvis
1557 5673 1618 5728 in
1666 5673 1824 5730 brevi
1871 5679 2128 5750 tempore

499 5774 654 5830 fama
677 5767 988 5828 sanctitatis
1011 5771 1070 5823 et
1091 5765 1315 5825 virtutis
1339 5764 1492 5823 illius
1517 5769 1700 5823 totum
1727 5770 2010 5828 mundum
2033 5787 2126 5828 re-

576 5869 644 5944 (ιι)
675 5867 804 5922 Vide
832 5881 968 5938 pag.
1003 5866 1123 5920 H5.

2217 4644 2384 4698 sconi.

2273 4655 2384 4711 om.
2532 4711 2618 4766 IV.
2660 4727 2837 4768 suane
2875 4728 2930 4770 IN
2967 4728 3168 4770 VIGILIA
3205 4727 3526 4770 EPIPEANLB.

2461 4813 2548 4866 Ea:
2589 4813 2758 4867 veteri
2795 4813 3135 4869 Lectionario
3175 4812 3454 4870 Gallicana
3504 4813 3598 4885 (a).

2288 4921 2520 4978 Audivit
2559 4923 2854 4980 nobiscum
2891 4925 3094 4981 caritas
3139 4930 3342 4997 vestra,
3379 4924 3745 4998 Evangelista
3784 4925 3871 4981 di-

2221 5020 2380 5072 cente
2423 5033 2438 5072 :
2493 5017 2624 5072 Cum
2663 5022 2826 5074 natus
2869 5035 3000 5088 esse,
3042 5018 3246 5093 inquit,
3299 5023 3440 5076 Deus
3491 5023 3551 5075 in
3585 5021 3870 5076 Bethleem

2220 5110 2420 5166 Iudaeae
2440 5113 2501 5166 in
2530 5112 2717 5166 diebus
2741 5114 2970 5168 Herodis
2989 5117 3132 5182 regis
3158 5131 3177 5166 :
3201 5129 3311 5170 ecce
3327 5116 3475 5181 magi
3493 5121 3766 5170 venerunt
3797 5115 3873 5169 ab

2225 5203 2440 5260 Oriente
2460 5206 2855 5276 Hyerusolyma
2879 5207 3114 5264 dicentes
3141 5221 3157 5258 :
3197 5207 3298 5263 Ubi
3326 5213 3405 5264 est
3435 5210 3533 5279 qui
3573 5213 3748 5262 natus
3793 5215 3880 5264 est

2222 5300 2338 5354 Rea;
2359 5299 2664 5354 Iudaeorum
2680 5303 2708 5354 ?
2738 5299 2987 5356 Vidimus
3006 5303 3148 5358 enim
3165 5303 3376 5358 stellam
3400 5302 3520 5371 ejus
3535 5304 3592 5355 in
3617 5301 3877 5367 Oriente,

2227 5400 2277 5450 et
2304 5396 2547 5449 venimus
2589 5393 2820 5449 adorare
2868 5411 3008 5451 eum.
3043 5395 3199 5451 Felix
3229 5395 3327 5450 illa
3369 5393 3580 5463 civitas,
3632 5394 3878 5466 fratres,

2226 5488 2316 5545 cui
2337 5487 2470 5543 civis
2509 5491 2674 5543 natus
2711 5492 2797 5544 est
2847 5487 3030 5545 Deus!
3072 5505 3202 5562 quae
3251 5489 3538 5562 singulare
3587 5489 3886 5546 meritum

2226 5586 2356 5640 ante
2397 5583 2704 5639 adventum
2737 5583 3033 5639 Salvatoris
3071 5581 3370 5655 accipiens,
3404 5581 3593 5655 prima
3641 5579 3887 5640 laudari

2227 5676 2438 5732 meruit
2451 5692 2557 5750 per
2569 5677 2924 5749 prophetam,
2946 5692 3119 5748 quam
3135 5675 3374 5733 disceret
3385 5691 3558 5750 quem
3573 5674 3880 5735 sumebat.

2229 5765 2386 5826 Felix
2408 5771 2490 5838 tu,
2523 5765 2714 5824 civitas
2737 5767 3025 5827 Bethleem
3047 5765 3062 5822 ἰ
3091 5766 3224 5840 quia
3242 5783 3360 5823 non
3379 5782 3440 5823 es
3451 5765 3705 5824 minima
3717 5766 3884 5824 inter
