4036 6188
187 355 269 408 433
792 350 881 403 AD
921 351 1408 405 PRJECEDENTIA
1444 350 1764 404 LlTURGlrﬁ

1867 350 2230 407 ONUMENTA
2267 355 2599 410 APPENDIX
2637 358 2864 412 l’lthA.

3414 364 3477 418 43
3493 363 3524 419 -ἱ

182 458 436 535 principes
460 457 621 512 Juda.
649 457 730 511 Ex
771 461 828 512 te
872 458 1026 513 enim
1067 459 1289 530 prodiet
1322 461 1442 515 Rex
1480 457 1578 530 qui
1630 461 1790 530 reget
1811 459 2111 542 Avagitus
2145 463 2396 532 majores
2439 464 2688 533 gemitus
2737 464 3072 536 exigebant.
3100 467 3265 524 Nulla
3291 467 3518 539 domus,

182 552 433 627 populum
463 566 653 606 meum
674 551 901 606 Israhel.
943 552 1089 616 Quid
1114 553 1232 624 agit
1255 553 1414 619 Juda,
1444 568 1646 625 eorum
1683 569 1785 608 cae-

181 647 291 702 citas
323 645 617 715 mentium,
659 645 755 716 qui
791 646 1101 701 adventum
1135 646 1438 701 Salvatoris
1475 663 1579 701 nec
1613 646 1780 702 intel-

177 743 328 812 ligere
353 743 701 809 meruerunt,
733 756 838 794 nec
863 756 1028 795 nosse
1045 739 1072 794 ?
1098 740 1401 811 Impletum
1442 744 1526 795 est
1567 740 1783 796 cunctis

177 833 440 906 propheta:
471 849 805 904 responsum
837 851 850 888 :
880 834 1226 889 Salvatorem
1251 836 1512 888 nostrum
1538 820 1784 904 prodidit

177 929 367 983 caelum.
402 927 632 991 Quando
652 927 806 982 enim
825 927 1002 983 latere
1029 932 1267 998 poterat,
1291 945 1463 999 quem
1486 928 1634 983 Deus
1651 932 1781 983 ante

172 1021 526 1093 praedixerat?
568 1021 854 1076 Bethleem
896 1021 1087 1077 civitas
1133 1021 1346 1092 accepit
1385 1022 1453 1077 de
1511 1021 1781 1077 astriferis

172 1115 395 1186 partibus
422 1115 622 1184 civem,
653 1119 708 1170 et
733 1132 836 1186 per
854 1132 1067 1170 novum
1091 1115 1334 1170 incolam
1360 1116 1574 1188 grande
1613 1115 1782 1170 meri-

171 1213 268 1262 tum
292 1209 505 1276 transit,
528 1209 662 1280 quia
687 1226 802 1264 non
829 1213 1010 1281 potest
1037 1209 1189 1263 ﬁniri
1219 1209 1370 1281 quod
1406 1209 1634 1264 meruit.
1671 1211 1779 1266 Sed

167 1305 328 1373 postea
371 1318 546 1374 quam
594 1305 789 1373 partus
825 1302 918 1357 ille
963 1302 1170 1358 caelesti
1215 1291 1379 1374 signo
1423 1307 1778 1359 monstrante

167 1401 394 1466 repertus
409 1401 498 1450 est
522 1396 807 1468 visusque,
837 1413 1034 1468 magos
1061 1397 1380 1452 veneranda
1411 1396 1659 1452 turbavit
1685 1398 1774 1452 in-

166 1489 514 1558 fantia.!Nihil
539 1490 620 1543 ibi
637 1490 868 1544 omnino
884 1490 1269 1545 contemtibile
1289 1490 1350 1544 in
1362 1489 1472 1544 illis
1497 1490 1776 1562 vagitibus

167 1583 268 1650 fuit,
294 1583 423 1654 quia
462 1584 746 1638 humanos
775 1585 922 1639 Deus
957 1600 1153 1638 sensus
1195 1584 1440 1655 aspexit;
1486 1584 1584 1639 sed
1621 1589 1772 1654 post-

167 1693 309 1748 quam
333 1677 632 1748 probatam
660 1677 835 1749 ipsius
860 1677 1057 1733 sideris
1095 1678 1285 1747 ﬁdem,
1326 1678 1586 1734 fallentes
1619 1679 1775 1750 magi

167 1771 323 1842 regale
348 1775 724 1843 praaceptum,
753 1775 970 1827 exteras
994 1776 1228 1827 tenuere
1257 1772 1555 1843 regiones;
1597 1774 1771 1828 Hero—

1890 556 2077 609 nullus
2135 556 2367 610 orbitati
2406 561 2721 613 restaverat
2759 560 2936 625 locus,
2964 559 3061 613 ubi
3110 579 3225 616 non
3277 562 3521 634 diligens

1884 649 2189 704 crudelitas
2203 650 2325 704 fuit.
2342 651 2616 706 Jacebant
2638 652 2832 707 brevia
2849 654 3084 708 vulnera
3097 635 3515 727 membrorum,

1886 745 1944 796 et
1980 743 2166 796 velato
2217 745 2373 797 vultu
2418 745 2564 799 tristi
2609 747 2864 801 colorata
2907 748 3124 817 pallore
3177 755 3515 806 cunctorum

1883 835 2175 889 mentibus
2206 837 2491 907 lacrymas
2527 838 2762 893 dabant.
2796 839 3022 894 Minutis
3067 843 3349 897 mortibus
3399 849 3519 900 tota

1883 929 2078 984 civitas
2108 931 2457 1001 replebatur,
2490 935 2548 986 et
2579 933 2844 987 omnium
2874 935 3208 1004 posteritatc
3230 940 3514 1005 truncata,

1880 1022 1990 1077 hoc
2018 1025 2204 1078 solum
2234 1025 2430 1093 evasit,
2465 1026 2619 1096 quod
2639 1026 2900 1096 vagitum
2918 1028 3132 1082 habere
3151 1046 3268 1083 non
3286 1031 3514 1086 meruit.

1879 1119 1941 1170 In
1988 1116 2088 1170 illa
2132 1120 2348 1171 matres
2387 1118 2637 1172 ﬁliorum
2685 1119 3001 1189 perniciem
3043 1121 3233 1193 462
3279 1122 3518 1178 intentae

1881 1210 2159 1280 grandine
2204 1211 2544 1280 liberorum,
2583 1229 2698 1266 una
2737 1213 2957 1267 femina
3002 1213 3134 1267 felix
3161 1215 3356 1284 evasit,
3386 1234 3514 1288 qua:

1877 1305 1985 1358 fuit
2001 1304 2162 1375 virgo
2193 1307 2322 1375 post
2351 1308 2603 1376 partum.
2639 1305 2787 1370 Quid
2798 1307 2946 1377 juvit
2970 1309 3218 1377 replesse
3247 1312 3331 1363 tot
3358 1310 3518 1366 fune-

1877 1397 2034 1453 ribus
2060 1399 2324 1453 terram?
2365 1399 2503 1469 quid
2534 1399 2752 1470 profuit
2780 1403 2941 1455 tanta
2984 1401 3160 1456 ubera
3209 1402 3516 1458 ﬂuentibus

1877 1491 2135 1559 siccasse,
2169 1509 2299 1546 cum
2331 1493 2591 1546 futurum
2623 1495 2844 1548 malum
2871 1497 3017 1549 Deus
3050 1498 3183 1549 ante
3211 1496 3514 1567 praedixit?

1875 1586 2110 1641 Constat
2164 1603 2303 1656 ergo
2340 1586 2636 1642 Judaicam
2695 1591 2931 1658 gentem
2974 1588 3234 1644 nascenti
3267 1591 3512 1645 Domino

1873 1695 2200 1749 praeparare
2259 1679 2606 1750 perniciem;
2662 1681 2924 1751 adeoque
2986 1683 3194 1736 eodem
3253 1686 3512 1754 tempore

1876 1772 2030 1825 Deus
2047 1773 2302 1826 Christus
2328 1773 2507 1827 voluit
2537 1774 2764 1852 docere,
2801 1774 2935 1844 quia
2959 1776 3187 1829 Judaeus
3207 1793 3325 1831 non
3347 1794 3516 1832 nove-

167 1865 232 1919 dis
279 1865 422 1936 regis
472 1865 712 1919 vitantes
754 1869 1066 1937 aspectum,
1113 1865 1416 1921 voluerunt
1462 1870 1774 1924 monstrare
1794 1844 1851 1916 B
1875 1869 1966 1920 rat
1997 1866 2152 1937 quod
2171 1868 2352 1920 ﬁeret.
2381 1867 2493 1922 Sed
2521 1867 2654 1938 quia
2680 1849 2958 1922 Dominus
2979 1869 3234 1924 Christus
3259 1871 3512 1942 passioni

166 1958 353 2030 plenius
374 1957 563 2030 461
595 1959 747 2031 quod
765 1959 1064 2016 timebant.
1078 1960 1343 2031 Majorem
1360 1977 1461 2016 rex
1481 1961 1776 2016 stimulum

168 2053 320 2121 sentit,
363 2052 456 2107 cui
505 2069 618 2108 non
655 2054 971 2109 ostenditur
1017 2054 1169 2126 quod
1211 2058 1455 2109 veretur.
1495 2055 1601 2110 Sed
1645 2071 1775 2109 cum

166 2146 391 2202 sollicitus
417 2163 546 2216 rex,
574 2150 852 2202 transacto
892 2152 1150 2220 tempore
1187 2147 1475 2218 veniendi,
1513 2148 1774 2204 fallentes

165 2256 324 2311 magos
364 2241 620 2296 deviasse
669 2246 1051 2313 cognosceret,
1105 2242 1288 2313 adque
1333 2241 1456 2311 ejus
1512 2241 1773 2297 animum

164 2333 446 2405 incognitus
494 2335 723 2390 infantis
767 2339 1026 2406 aspectus
1071 2334 1302 2389 diversis
1334 2335 1580 2391 motibus
1616 2336 1771 2391 dissi-

163 2432 321 2496 paret;
348 2429 458 2483 hoc
488 2429 743 2501 prodidit
767 2429 1002 2483 crudelii
1028 2433 1148 2483 arte
1175 2427 1412 2499 consilii,
1441 2435 1506 2484 ut
1529 2430 1601 2485 ad
1620 2430 1772 2485 inve-

161 2522 392 2578 niendam
411 2523 753 2578 successoris
777 2523 1098 2593 infantiam,
1144 2523 1451 2579 occidendo
1488 2529 1770 2595 quaereret

160 2616 283 2686 quod
317 2616 548 2687 latebat,
591 2617 737 2672 sicut
775 2616 1050 2688 scriptum
1095 2623 1220 2673 est:
1269 2621 1399 2676 Cum
1439 2618 1644 2672 videret
1666 2620 1769 2673 He-

159 2710 302 2771 rodes,
330 2712 479 2780 quod
510 2711 724 2766 delusus
745 2716 880 2766 esset
905 2728 939 2765 a
981 2714 1178 2780 magis,
1223 2714 1398 2767 iratus
1439 2712 1768 2767 vehementer

158 2804 281 2857 misit
301 2809 358 2858 ut
384 2803 760 2859 occiderentur
788 2821 971 2860 omnes
1001 2809 1240 2873 infantes
1282 2808 1341 2860 in
1389 2806 1674 2869 Bethleem,
1716 2811 1767 2861 et

157 2898 201 2948 in
225 2899 460 2953 omnibus
485 2898 682 2968 ﬁnibus
708 2899 823 2967 ejus
851 2916 887 2954 a
915 2899 1120 2954 bimam
1144 2905 1194 2954 et
1234 2902 1406 2967 infra.
1449 2898 1602 2954 Felix
1645 2903 1765 2955 erat

154 2987 293 3045 ludus
313 2992 585 3062 parvulis,
621 2991 898 3047 moriendi
939 2992 1202 3062 conditio,
1245 2993 1344 3064 qui
1377 3009 1482 3064 pro
1519 2993 1758 3057 Christo,

154 3090 460 3141 meruerunt
491 3085 630 3156 pati.
658 3086 914 3141 Furentis
958 3087 1112 3157 regis
1143 3103 1345 3142 vesana
1389 3087 1600 3143 saevitia
1634 3104 1758 3142 mo-

153 3177 394 3233 rientibus
439 3179 661 3250 profuit
689 3197 702 3234 :
733 3179 831 3251 qui
869 3180 1006 3234 dum
1034 3196 1413 3236 successorem
1446 3197 1614 3236 suum
1640 3180 1760 3236 dili-
1779 3215 1834 3289 C

155 3273 284 3340 genti
321 3273 655 3329 crudelitate
687 3273 987 3346 perquirit,
1031 3275 1235 3345 dignos
1273 3274 1452 3329 iratus
1484 3279 1760 3346 martyres

153 3363 278 3420 fecit.
313 3368 453 3422 Nam
497 3367 762 3438 Herodes,
808 3385 979 3440 quem
1028 3372 1253 3423 tantum
1308 3369 1533 3424 ravidus
1566 3385 1760 3425 sensus

153 3457 326 3514 furoris
393 3460 618 3515 facibus
683 3463 966 3533 eregebat,
1033 3465 1312 3533 quantum
1373 3479 1534 3517 amor
1583 3463 1762 3517 dulcis

153 3555 409 3622 potestatis
437 3554 798 3625 accendebat,
818 3555 1104 3610 carniﬁces
1119 3572 1249 3611 suos
1269 3556 1341 3610 ad
1355 3555 1761 3628 inquirendum

155 3646 277 3700 misit
327 3648 595 3716 infantes,
655 3649 816 3720 quasi
882 3649 979 3720 qui
1028 3649 1205 3705 Deum
1261 3653 1449 3721 posset
1507 3649 1760 3706 invenire

155 3755 258 3794 cum
283 3741 472 3797 vellet.
499 3744 752 3812 Pergunt
776 3743 836 3798 in
863 3743 1146 3799 civitatem
1162 3743 1408 3798 ministri
1437 3743 1608 3814 regis,
1638 3760 1761 3799 cru-

153 3831 254 3888 dele
299 3837 598 3906 portantes
652 3834 982 3906 imperium,
1048 3841 1106 3891 et
1155 3837 1361 3892 durum
1406 3839 1758 3908 praeceptum

152 3925 391 3997 ferentes,
406 3929 474 3984 in
492 3929 700 4000 gladiis
712 3930 785 3984 ad
806 3934 1059 3986 matrum
1086 3932 1369 4002 lacrymas
1385 3931 1755 3988 festinabant.

150 4020 384 4076 lnfantile
422 4023 646 4077 bellum
683 4023 742 4077 in
781 4023 1044 4078 domibus
1095 4024 1431 4095 gerebatur;
1474 4028 1531 4077 et
1565 4041 1758 4080 secum

149 4115 245 4168 sola
271 4121 568 4187 pugnante
597 4117 831 4186 saevitia,
851 4117 1110 4173 orbitatis
1122 4118 1428 4173 crudelitas
1442 4118 1752 4174 eminebat.

148 4207 518 4265 Mactabantur
557 4211 615 4264 in
657 4211 818 4266 cunis
859 4211 1129 4278 infantes,
1158 4211 1217 4266 in
1253 4213 1459 4283 quibus
1497 4214 1756 4268 nondum

149 4306 249 4355 erat
290 4304 565 4358 nascendi
601 4305 953 4360 conscientia
1001 4322 1014 4359 :
1071 4309 1128 4359 et
1176 4306 1314 4361 illud
1359 4306 1755 4362 membrorum

147 4393 346 4451 initium
404 4398 658 4469 primum
703 4400 873 4454 funus
925 4399 1090 4453 discit
1128 4417 1249 4454 esse
1294 4417 1469 4470 quam
1527 4416 1750 4471 corpus.

146 4487 546 4546 Occidebantur
583 4491 745 4547 initia
792 4494 1210 4560 membrorum,
1259 4492 1632 4548 minutissimi
1668 4495 1749 4548 la-

1874 1949 2196 2032 prohibitus
2242 1962 2330 2014 vel
2366 1960 2574 2014 dilatus
2614 1964 2718 2028 est,
2765 1961 2970 2017 maluit
2999 1962 3301 2018 virtutibus
3349 1965 3508 2034 disci,

1876 2070 2050 2124 quam
2081 2056 2214 2107 ante
2236 2057 2466 2124 tempus
2487 2053 2690 2108 occidi.

1925 2148 1986 2200 V.
2021 2163 2406 2202 TESTAMENTUM
2445 2163 2717 2202 ILLUSTRIS
2757 2164 3018 2205 summa
3057 2165 3451 2207 aaunnrnums.

1870 2243 1956 2296 Em
1979 2241 2315 2309 autographa
2353 2242 2685 2309 Dionysium)
2721 2243 2782 2295 in
2817 2243 3008 2297 charta
3045 2245 3371 2313 Egyptiaca
3407 2245 3503 2317 (α).

2059 2333 2475 2388 sacratissimus
2509 2335 2677 2389 ﬁscus
2714 2335 3030 2406 percipeat.
3056 2336 3116 2391 Si
3141 2353 3276 2392 vero
3308 2338 3506 2393 omnia

1871 2429 2026 2498 quod
2051 2428 2108 2480 in
2132 2428 2284 2482 hunc
2304 2430 2723 2484 testamentum
2754 2429 3105 2484 inserui......
3141 2431 3502 2500 custodieris,

1871 2521 2153 2592 quidquid
2180 2522 2287 2576 tibi
2313 2522 2575 2593 superius
2603 2523 2886 2594 delegavi,
2905 2523 2965 2577 in
2997 2527 3092 2578 tuo
3109 2524 3240 2595 jure
3262 2525 3504 2596 perenni

1866 2618 2132 2686 tempore
2162 2619 2768 2686 permaneant
2794 2616 2853 2671 in
2881 2618 3034 2671 hunc
3064 2621 3500 2687 testamentum,

1867 2708 2203 2778 cuicumque
2228 2726 2346 2762 non
2368 2709 2652 2779 depotavi,
2677 2710 2799 2776 tibi,
2824 2710 3156 2765 dulcissime
3168 2711 3267 2778 ﬁli,
3284 2713 3499 2767 habere

1867 2801 2053 2872 cupio.
2088 2801 2477 2856 Similiter.....
2514 2802 2969 2857 demandatione
2996 2803 3165 2857 bona;
3200 2805 3499 2860 memoriae

1863 2893 2204 2950 Deorovaldi
2236 2895 2390 2949 dono
2419 2893 2520 2949 tibi
2561 2911 2752 2950 eanna
2792 2898 3072 2966 argentea
3097 2897 3325 2951 valente
3373 2899 3502 2968 plus

1861 2989 2054 3044 minus
2079 2988 2293 3044 solidos
2331 3006 2456 3042 xxv.
2486 2991 2553 3043 Et
2581 3006 2614 3044 a
2645 2992 2806 3060 parte
2839 3007 2971 3044 mea
3001 2990 3155 3045 dono
3186 2991 3292 3046 tibi
3323 3008 3498 3048 cauco

1862 3085 2139 3152 argenteo
2181 3083 2407 3137 valente
2455 3085 2556 3136 sol.
2596 3100 2722 3150 xxx,
2765 3086 2824 3137 et
2866 3083 3243 3139 medietatem
3281 3085 3495 3155 ovium,

1860 3175 2238 3247 quasVigilius
2248 3175 2664 3244 adtendit,cum
2677 3181 2907 3249 pastore
2923 3177 3158 3233 nomine
3172 3177 3495 3249 Gaugiulfo.

1864 3269 2050 3324 Simili
2078 3270 2253 3324 modo
2285 3270 2356 3323 de
2391 3271 2684 3326 Latiniaco
2717 3276 2776 3326 et
2796 3271 3144 3340 Balbiniaco,
3180 3275 3299 3325 tam
3325 3274 3496 3327 vestis

1864 3381 2039 3434 quam
2069 3381 2319 3418 aeramen
2346 3365 2432 3417 vel
2460 3364 2733 3431 utinsilia,
2759 3368 2816 3418 et
2843 3365 2912 3418 de
2932 3365 3185 3419 bovebus
3211 3382 3277 3418 ex
3299 3366 3494 3419 omnia

1862 3457 2260 3525 medietatem,
2289 3458 2411 3524 tibi,
2435 3457 2763 3512 dulcissime
2802 3458 2903 3525 ﬁli,
2933 3459 3146 3512 habere
3197 3457 3489 3528 praecipio.

1860 3551 1988 3606 Pari
2019 3551 2349 3605 conditione
2381 3568 2448 3605 ex
2474 3551 2927 3606 demandatione
2973 3551 3143 3605 bona).
3195 3552 3493 3607 memoriae

1861 3644 2202 3699 Deorovaldi
2244 3644 2397 3698 dono
2443 3644 2565 3712 tibi,
2600 3643 2926 3699 dulcissime
2970 3645 3072 3712 ﬁli,
3107 3645 3176 3698 de
3225 3644 3490 3716 portione

1863 3739 1984 3809 ejus
2001 3741 2058 3792 et
2074 3739 2144 3792 de
2162 3738 2515 3810 proprietate
2540 3755 2674 3793 mea
2699 3738 2988 3808 mancipia
3012 3737 3099 3792 his
3123 3738 3489 3808 nominebus,

1861 3833 2230 3904 Unnegiselo,
2271 3832 2678 3900 Aunemundo,
2727 3835 2784 3887 et
2821 3831 2967 3887 ﬁlias
3003 3833 3268 3902 Patricio,
3313 3833 3372 3887 id
3409 3839 3494 3889 est

1861 3928 2109 3994 Fedane,
2152 3928 2210 3980 et
2245 3926 2615 3997 Ausegunde,
2644 3929 2702 3981 et
2735 3925 3088 3997 Agnechilde
3121 3930 3177 3981 et
3215 3927 3493 3983 Baccione

1859 4038 1989 4075 cum
2020 4020 2246 4091 gregim
2272 4037 2608 4092 porcorum;
2632 4020 2811 4076 vineae
2835 4021 3147 4092 pedaturas
3173 4021 3334 4091 duas,
3355 4023 3492 4077 sitas

1858 4115 1917 4170 in
1961 4116 2158 4169 monte
2201 4114 2539 4183 Maurilioni,
2579 4131 2722 4186 quas
2764 4116 3196 4170 Theodaharius
3233 4119 3291 4169 et
3329 4116 3490 4170 Gari-

1855 4209 2108 4264 mundus
2135 4209 2349 4263 colunt.
2376 4208 2568 4262 Vineae
2589 4209 2871 4280 pedatura
2883 4210 3072 4276 tertia,
3093 4209 3266 4262 sitain
3291 4213 3487 4263 monte

1854 4303 2201 4369 Metobaure,
2226 4319 2358 4356 cum
2376 4302 2620 4355 vinitore
2649 4303 3154 4357 Guntrachario....
3183 4302 3374 4356 Vineae
3394 4319 3489 4373 pe-

1856 4398 2059 4452 datura
2086 4399 2310 4466 quarta,
2342 4395 2451 4449 sita
2477 4395 2836 4463 Taurimaco,
2866 4412 3040 4466 quem
3062 4396 3365 4449 Imnerdus
3391 4413 3486 4450 co-

1853 4491 1918 4544 lit
1948 4507 2076 4544 cum
2108 4488 2352 4542 vinitore
2372 4487 2725 4558 Muncgisilo.
2745 4489 2937 4543 Vinea:
2957 4489 3238 4558 pedatura
3265 4488 3485 4560 quinta,

144 4586 359 4653 ctantes,
415 4589 476 4640 et
517 4587 733 4657 accepti
785 4604 818 4641 a
855 4587 1135 4642 matribus
1171 4587 1389 4659 parvuli
1435 4587 1494 4640 in
1539 4586 1826 4659 duritiaD
1850 4586 1955 4639 sita
1994 4584 2052 4637 in
2078 4585 2277 4636 monte
2302 4581 2670 4649 Vultoricino,
2702 4598 2876 4652 quem
2929 4582 3114 4637 Sevila
3160 4582 3314 4646 colit,
3356 4600 3488 4637 cum

144 4674 374 4745 lapidum
442 4679 836 4749 vibrabantur,
892 4684 956 4735 ut
992 4682 1064 4735 ad
1103 4681 1489 4736 execrandum
1529 4681 1750 4736 malum

143 4785 384 4825 saxorum
415 4790 621 4844 aspera
659 4775 841 4829 moles
875 4778 1030 4828 artus
1067 4778 1382 4845 spargeret.
1423 4776 1490 4827 Et
1518 4777 1751 4829 necatos

143 4866 341 4935 excepit
375 4868 582 4922 nolens
632 4871 782 4922 terra
825 4867 1088 4936 conlisos,
1143 4871 1316 4938 atque
1367 4868 1577 4922 iterum
1630 4869 1751 4940 ipsa

141 4959 461 5015 mortalibus
487 4963 840 5033 sepulturam
878 4962 1141 5032 praebuit,
1176 4961 1273 5032 qui
1316 4961 1540 5031 pridem
1585 4966 1751 5017 natos

142 5049 262 5106 teste
289 5055 556 5126 suscepit.
591 5056 704 5110 Sub
733 5058 1040 5126 conspectu
1072 5058 1321 5110 matrum
1339 5057 1753 5126 premebantur

141 5145 339 5215 vagitus
385 5149 697 5217 infantum,
752 5152 810 5202 et
858 5150 1143 5220 lacrymas
1193 5165 1322 5204 suas
1359 5149 1419 5203 in
1456 5154 1751 5204 maternos

141 5241 310 5294 oculos
333 5243 724 5312 reportabant.
745 5243 1004 5298 Salvator
1024 5245 1219 5298 noster
1254 5243 1405 5297 inter
1442 5242 1752 5298 infantium

141 5331 322 5388 funera
374 5336 740 5406 quaerebatur
777 5353 788 5390 :
844 5337 943 5407 qui
984 5338 1057 5392 ad
1103 5339 1209 5392 hoc
1249 5337 1513 5410 permisit
1545 5354 1648 5408 pro
1693 5354 1750 5392 se

141 5422 369 5482 infantes
398 5429 601 5497 occidi,
633 5434 691 5483 ut
731 5447 834 5501 pro
871 5430 994 5500 ipso
1043 5431 1220 5485 ceteri
1260 5431 1548 5486 discerent
1582 5431 1748 5485 mori.

137 5514 406 5575 Natabant
433 5521 634 5576 domus
662 5523 942 5594 sanguine
971 5525 1338 5594 parvulorum
1361 5542 1373 5591 ;
1400 5541 1506 5578 nec
1530 5523 1638 5578 fuit
1657 5523 1753 5595 qui

136 5614 654 5670 (tonsolarialterum
686 5620 896 5687 posset,
919 5617 1052 5688 quia
1075 5635 1192 5673 non
1212 5622 1337 5673 erat
1357 5618 1452 5690 qui
1473 5619 1754 5690 lacrymas

136 5718 236 5758 non
254 5707 510 5762 haberet.
541 5709 752 5765 Invicta
786 5711 1001 5767 orbitas
1036 5715 1270 5768 cunctos
1302 5715 1648 5784 aequaverat,
1697 5715 1756 5767 et

137 5812 429 5855 commune
443 5803 656 5858 malum
672 5803 883 5878 ubique
895 5806 1137 5863 luctibus
1152 5806 1754 5880 gerebatur.0ppressi

202 5892 270 5964 (τι)
294 5894 437 5952 Vide
464 5913 595 5972 pag.
629 5899 748 5959 184.

1850 4678 2115 4732 vinitore.
2146 4678 2273 4730 Hauc
2305 4674 2503 4730 omnia
2536 4692 2707 4746 supra
2738 4675 2946 4729 scribta
2987 4675 3109 4745 tibi,
3159 4677 3487 4731 dulcissime

1851 4772 1950 4839 ﬁli,
1979 4789 2046 4825 ex
2079 4787 2208 4825 mea
2232 4770 2526 4824 voluntate
2573 4770 2661 4823 vel
2713 4787 2778 4823 ex
2829 4769 3284 4826 demondatione
3345 4771 3487 4825 divze

1852 4865 2153 4919 memoria:
2170 4845 2509 4918 Deorovaldi
2531 4863 2746 4918 habere
2767 4864 3054 4918 constitui.
3079 4865 3256 4919 Vinea
3290 4864 3395 4918 sita
3428 4865 3486 4918 in

1851 4961 2049 5014 monte
2076 4955 2268 5030 463
2295 4958 2492 5011 Me.....
2512 4974 2687 5029 quem
2719 4957 3164 5012 Habundancius
3193 4957 3346 5025 colit,
3371 4974 3489 5011 me-

1853 5053 2128 5106 dietatem
2156 5055 2366 5106 sanctae
2399 5052 2716 5106 ecclesiae...
2757 5051 2969 5106 eliense
3002 5051 3139 5105 dare
3171 5051 3439 5123 praecipio
3471 5069 3484 5107 :

1853 5147 2028 5201 aliam
2054 5145 2433 5201 medietatem
2460 5145 2532 5200 de
2571 5145 2699 5216 ipsa
2721 5145 2891 5199 vinea
2937 5144 3263 5200 dulcissimo
3291 5148 3488 5218 nepoti

1852 5258 1984 5295 meo
2040 5239 2358 5312 Bertigisilo
2402 5239 2617 5293 habere
2659 5238 2857 5313 jubeo.
2890 5238 3088 5308 Vinea,
3124 5257 3298 5311 quam
3323 5242 3488 5313 Agila

1853 5334 2072 5389 femina
2104 5335 2324 5400 tenuit;
2355 5336 2411 5386 et
2439 5325 2688 5398 vineam,
2720 5347 2893 5401 quam
2912 5333 3308 5390 lmnacharius
3330 5336 3484 5403 colit,

1857 5428 2195 5483 dulcissima:
2236 5426 2392 5498 nepti
2433 5443 2577 5480 mem
2609 5428 2946 5480 Deorovaraz
2978 5443 3109 5482 cum
3140 5428 3264 5500 ipso
3296 5432 3484 5484 [mna-

1856 5522 2048 5577 chario
2076 5523 2288 5576 habere
2308 5520 2597 5592 praecipio.
2618 5519 3044 5592 Vineaplantas,
3061 5522 3158 5592 qui
3181 5527 3312 5577 sunt
3328 5538 3487 5575 secus

1855 5616 2082 5670 vineam
2119 5615 2384 5682 Sevilam,
2429 5613 2755 5670 dulcissimo
2801 5615 2997 5688 nepoti
3034 5632 3166 5670 meo
3200 5613 3484 5668 Berterico

1855 5710 2069 5765 habere
2100 5709 2390 5781 praecipio.
2425 5709 2606 5764 Vinea
2634 5726 2806 5781 quem
2826 5709 3176 5766 Vincimalus
3203 5707 3263 5759 in
3286 5707 3484 5759 monte

1854 5803 2203 5860 Vultoricino
2231 5804 2384 5874 colit,
2414 5807 2470 5860 et
2491 5805 2700 5878 puella,
2735 5804 2975 5859 nomine
2997 5798 3403 5868 Sunnechilde,
3429 5803 3487 5854 et
