3982 6190
427 344 528 398 435

1221 339 1551 395 APPENDIX
1587 338 1675 394 AD
1710 339 1930 393 OPERA
1967 338 2201 395 SANCTl
2239 340 2537 397 GERMANI
2577 341 3004 398 PARISIENSIS.
3120 394 3135 407 ί

3678 347 3792 401 436

429 448 637 508 ancilla
661 448 898 506 nomine
917 445 1132 515 Iverim,
1154 461 1285 501 cum
1304 443 1422 501 ﬁlio
1434 443 1693 501 Leudino
1714 444 2061 501 dulcissima:
2081 456 2141 531 Α
2158 448 2356 505 harius
2386 447 2649 504 similiter
2672 446 2804 504 cum
2835 448 3011 504 boves
3040 451 3104 503 ut
3122 449 3391 505 laborent
3406 448 3604 522 jubeo,
3632 452 3796 510 unde

429 562 587 603 norae
612 561 760 601 meae
780 544 1098 597 Bertovarae
1114 540 1328 595 habere
1343 539 1541 611 jubeo.
1564 542 1707 595 Item
1729 538 2055 596 dulcissimo

429 639 628 712 nepoti
649 654 781 692 meo
807 633 1139 705 Bertegisilo
1165 632 1433 688 ichriario
1462 636 1765 704 argenteo,
1798 635 1857 688 et
1884 650 2053 689 man-

430 734 578 805 cipia
606 731 693 785 his
724 727 1088 796 nominebus,
1117 726 1441 796 Sunniulfo,
1475 730 1534 782 et
1572 743 1768 783 sorore
1813 728 1936 798 ejus
1961 727 2053 784 Gi-

428 828 731 895 bethrude,
761 831 819 882 et
847 826 996 883 ﬁlias
1030 826 1349 895 Anthimio,
1383 830 1442 885 ct
1465 826 1585 882 filio
1615 827 1937 883 The.........
1966 845 2057 883 nte

420 925 652 998 juniore
700 922 916 978 habere
962 921 1268 977 constituo.
1314 920 1477 993 Nepti
1529 937 1678 976 meae
1720 924 2057 980 Deorovaras

426 1020 663 1076 scutella
693 1019 973 1088 argentea
1002 1014 1330 1083 cruciolata,
1359 1017 1417 1070 et
1436 1014 1726 1086 mancipia
1754 1015 1841 1069 his
1867 1015 2056 1071 nomi-

426 1114 627 1181 nebus,
662 1110 1071 1168 Tanechildem
1116 1109 1579 1180 lmnegunthem,
1622 1109 2054 1181 lmnegisilum;

426 1210 485 1264 et
507 1205 743 1263 lectaria
770 1205 844 1261 ad
868 1205 1019 1259 lecto
1047 1220 1162 1258 uno
1190 1203 1286 1274 qui
1314 1202 1526 1258 melior
1548 1202 1743 1271 fuerit,
1777 1206 1836 1257 et
1876 1220 2057 1274 puero

426 1300 664 1357 nomine
703 1297 1096 1365 Gundofredo,
1131 1298 1189 1351 et
1235 1296 1443 1352 ancilla
1492 1297 1726 1352 nomine
1769 1296 2055 1367 Theigun-

428 1395 585 1462 dem,
641 1410 868 1449 necnon
900 1394 959 1447 et
994 1391 1185 1462 puella
1226 1390 1462 1446 nomine
1490 1389 1907 1445 Andechildem
1933 1390 2058 1445 dari

426 1487 733 1544 constituo.
764 1484 1104 1542 Dulcissimo
1143 1484 1339 1557 nepoti
1376 1499 1507 1540 meo
1536 1484 1840 1553 Berterico,
1877 1500 2057 1555 puero

428 1579 663 1637 nomine
690 1578 1003 1650 Medigisilo
1037 1578 1251 1634 habere
1271 1578 1471 1649 jubeo.

499 1674 763 1731 Baselicis
791 1672 1111 1728 constitutis
1129 1671 1396 1739 Parisius,
1424 1670 1483 1727 id
1520 1673 1607 1724 est
1639 1670 1904 1726 baselica).
1935 1688 2061 1727 san-

428 1770 501 1825 cti
520 1768 695 1835 Petri,
722 1766 881 1822 urcio
903 1768 1180 1836 argenteo
1200 1766 1429 1819 valente
1451 1764 1680 1819 soledus
1697 1763 1975 1833 duodece,
2001 1767 2060 1820 et

2158 543 2349 599 oblata
2388 543 2461 599 ad
2500 542 2751 599 baselica
2789 542 2971 598 sancti
3017 542 3339 599 Sinsuriani
3375 560 3480 616 pro
3522 547 3795 619 requiem

2157 637 2499 693 Deorovaldi
2546 636 2838 693 offeretur.
2872 636 3056 693 Simili
3081 637 3258 694 modo
3285 638 3466 694 vineas
3504 640 3798 710 pedatura

2157 748 2293 799 una,
2325 731 2434 787 sita
2459 730 2817 799 Tauriniaco,
2846 734 2905 787 et
2929 747 3103 803 quem
3128 731 3310 804 Pinpo
3340 732 3495 802 colit,
3526 734 3799 791 baselica;

2156 825 2454 882 Domni....
2479 825 2643 896 eorgi
2669 824 2935 897 (Georgii)
2964 825 3129 881 Cal...
3155 824 3329 897 (Gala)
3349 826 3473 882 dari
3492 829 3794 900 principio.

2156 921 2348 976 Vineae
2392 919 2675 990 pedatura
2704 936 2840 988 una,
2869 919 2978 975 sita
3010 919 3069 974 in
3112 923 3311 975 monte
3353 921 3584 989 Buxata,
3615 939 3799 994 quem

2155 1014 2348 1071 Juvius
2376 1012 2529 1081 colit,
2568 1011 2806 1067 ecclisiaa
2836 1012 3262 1068 Boninsiacinse
3308 1013 3431 1068 dari
3481 1016 3795 1072 constituo.

2157 1107 2355 1176 Vinea,
2385 1123 2560 1179 quem
2586 1105 2819 1162 Uvassio
2847 1106 3001 1175 colit,
3032 1123 3164 1162 eum
3187 1106 3311 1179 ipso
3342 1108 3671 1165 Uvassione.
3718 1150 3732 1164 .
3782 1151 3796 1165 .

2159 1312 2333 1367 quem
2369 1336 2383 1350 .
2428 1336 2440 1350 .
2488 1336 2498 1349 .
2547 1336 2558 1348 .
2606 1335 2619 1349 .
2664 1336 2676 1349 .
2723 1336 2734 1349 .
2780 1335 2792 1348 .
2821 1294 3010 1349 colere
3035 1294 3263 1363 debeat,
3297 1295 3558 1351 baselica:
3588 1296 3801 1353 domni

2159 1388 2497 1445 Sinsuriani.
2543 1430 2554 1442 .
2600 1428 2613 1442 .
2660 1429 2672 1442 .
2718 1429 2730 1442 .
2776 1429 2788 1441 .
2834 1429 2848 1442 .
2893 1428 2905 1441 .
2948 1388 3142 1443 oblata
3192 1429 3205 1442 .
3250 1430 3264 1443 .
3308 1430 3323 1443 .
3366 1430 3379 1443 .
3424 1431 3437 1444 .
3482 1431 3494 1444 .
3541 1431 3554 1444 .
3600 1431 3613 1445 .
3668 1391 3800 1446 dari

2159 1482 2463 1539 constituo.
2478 1481 2669 1537 Vineae
2686 1481 2967 1551 pedatura
2980 1498 3113 1548 una,
3128 1481 3234 1537 sita
3250 1482 3310 1536 in
3329 1486 3528 1538 monte
3554 1483 3797 1551 Blixata,

2160 1593 2334 1649 quem
2365 1574 2723 1631 Leudefredo
2753 1573 2907 1642 colit,
2928 1574 3189 1630 baselica:
3217 1576 3396 1631 sancti
3430 1617 3443 1631 .
3487 1619 3499 1631 .
3546 1619 3560 1631 .
3605 1619 3618 1631 .
3666 1619 3680 1632 .
3708 1595 3803 1633 ar-

2160 1670 2265 1725 tini
2290 1670 2433 1742 (Leg.
2466 1667 2712 1739 Martini)
2753 1667 2805 1722 ci
2835 1672 3077 1739 perente
3118 1669 3242 1724 dari
3274 1670 3454 1741 jubeo
3486 1711 3498 1724 .
3547 1712 3561 1725 .
3605 1713 3621 1725 .
3670 1712 3684 1725 .
3723 1712 3738 1726 .
3787 1712 3800 1726 .

2159 1763 2499 1818 libertorum
2542 1778 2807 1818 meorum
2848 1778 3106 1818 nomena
3129 1763 3189 1817 in
3220 1803 3234 1818 .
3280 1806 3294 1819 .
3339 1805 3355 1818 .
3396 1806 3409 1819 .
3438 1767 3806 1820 testamento

424 1864 561 1919 ﬁbla
585 1832 760 1917 aurea
803 1832 1097 1931 gemmata
1125 1858 1200 1914 ad
1225 1860 1423 1913 mento
1450 1857 1576 1912 dari
1621 1856 1926 1913 constituo.
1952 1832 2056 1914 Ba-
2076 1832 2134 1905 B
2157 1858 2291 1913 abin
2324 1898 2337 1912 .
2382 1898 2396 1912 .
2441 1897 2455 1912 .
2500 1897 2512 1911 .
2561 1898 2574 1911 .
2606 1855 2680 1910 cti
2725 1856 3010 1911 constituo
3052 1856 3479 1928 Mediber‘gane,
3514 1859 3804 1924 Honorio,

426 1956 613 2012 selicas
634 1955 866 2009 domnae
893 1953 1080 2009 Maria;
1108 1954 1347 2023 gravata
1377 1954 1655 2022 argentea
1689 1952 1918 2007 valente
1949 1953 2053 2007 sol.

427 2048 706 2118 duodece,
736 2050 795 2102 et
822 2063 988 2102 cruce
1021 2063 1199 2101 aurea
1223 2047 1452 2101 valente
1472 2045 1577 2100 sol.
1600 2048 1781 2116 septe,
1814 2044 1939 2099 dari
1962 2045 2056 2116 ju-

424 2143 555 2199 beo.
584 2140 851 2197 Baselicaa
878 2138 1076 2195 domui
1103 2139 1325 2196 Stefani
1346 2138 1517 2193 anolo
1554 2154 1730 2193 aureo
1782 2137 2057 2209 nigellato

334 2242 335 2245 ‘
424 2237 651 2293 valente
671 2236 775 2290 sol.
810 2236 1078 2306 quatuor,
1106 2231 1231 2288 dari
1261 2232 1409 2287 volo.
1437 2230 1688 2286 Basilicas
1705 2231 1909 2286 domni
1929 2232 2061 2287 Ger-

425 2329 544 2385 vasi
578 2330 749 2388 anolo
790 2344 989 2395 aureo,
1040 2343 1257 2382 nomen
1292 2342 1491 2381 meum
1536 2325 1596 2379 in
1635 2341 1696 2380 se
1744 2325 2087 2383 habentem.

424 2422 718 2490 scribtum,
748 2421 873 2477 dari
900 2420 1189 2491 praecipio.
1214 2418 1480 2474 Baselicze
1521 2418 1702 2474 sancti
1742 2417 2062 2475 Sinsuriani

408 2516 580 2587 '(Sic),
600 2515 658 2570 in
690 2532 804 2587 qua
833 2514 1003 2570 bonae
1027 2512 1446 2569 recordationis
1475 2512 1624 2567 ﬁlius
1649 2528 1815 2567 meus
1843 2513 2061 2568 Deoro-

423 2608 622 2664 valdus
646 2607 972 2680 requiescit,
1004 2608 1170 2662 freno
1197 2607 1425 2661 valente
1451 2607 1555 2662 sol.
1590 2605 1869 2673 duodece,
1898 2608 1957 2661 et
1976 2623 2066 2661 ca-

424 2702 577 2757 ballo
606 2704 806 2769 strato,
835 2703 895 2756 et
920 2717 1157 2755 carruca
1173 2699 1232 2754 in
1253 2715 1369 2770 qua
1388 2699 1591 2754 sedere
1612 2698 1901 2766 consuevi,
1928 2715 2062 2754 cum

423 2796 597 2852 boves
619 2812 634 2865 ;
657 2796 715 2850 et
760 2793 997 2850 lectaria
1027 2810 1159 2849 cum
1192 2791 1351 2848 omni
1386 2796 1639 2848 stratura
1662 2808 1784 2859 sua,
1816 2809 1920 2864 pro
1961 2793 2061 2847 de-

424 2888 653 2945 votione
681 2904 814 2943 mea
840 2890 898 2943 et
939 2887 1203 2959 requiem
1236 2884 1577 2967 Deorovaldi
1607 2885 1731 2941 dari
1771 2885 2060 2957 praecipio.

424 2982 553 3037 Alia
582 2997 820 3037 carruca
846 2996 978 3035 eum
1022 2980 1198 3035 boves
1228 2980 1315 3034 vel
1344 2979 1507 3035 omni
1543 2981 1795 3034 stratura
1822 2996 1943 3046 sua,
1971 2996 2064 3034 ec-

428 3074 600 3129 clisiaa
637 3072 743 3128 vici
787 3072 1191 3128 Boniciacinsis
1221 3072 1347 3127 dari
1375 3072 1575 3142 jubeo.
1603 3071 1878 3126 Similiter
1904 3072 2064 3128 villa-

428 3183 573 3235 rem,
621 3167 710 3221 cui
748 3165 1089 3221 vocabulum
1128 3167 1215 3220 est
1247 3166 1529 3233 Volonno,
1571 3181 1701 3219 cum
1739 3164 2064 3236 adjacentia

362 3300 377 3307 -
428 3277 550 3328 sua,
573 3277 745 3332 supra
779 3258 1003 3315 scribta:
1037 3257 1276 3314 ecclisiae
1303 3257 1708 3325 Bonisiacinse,
1740 3274 1844 3329 pro
1869 3275 2060 3313 reme-

427 3355 587 3410 dium
633 3354 848 3410 animsz
889 3368 1035 3408 mea).
1076 3352 1292 3407 habere
1328 3352 1621 3423 praecipio.
1674 3354 2061 3408 Sacrosanctaa

427 3448 680 3504 ecclesia":
706 3446 950 3503 civitatis
974 3445 1326 3503 Parisiorum
1358 3445 1623 3501 missorio
1651 3447 1951 3516 argenteo,
1970 3463 2062 3502 va-

425 3524 582 3597 lente
636 3543 739 3598 sol.
786 3538 1228 3613 quinquaginta,
1280 3538 1406 3594 dari
1462 3539 1753 3611 praecipio.
1792 3539 2062 3595 Baselicae

428 3639 639 3692 sanctae
668 3636 877 3692 Cruces
906 3635 995 3690 vel
1024 3633 1238 3689 Domni
1260 3633 1523 3688 Vincenti
1564 3633 1834 3689 cocliaria
1860 3650 2064 3704 argen-

431 3733 524 3783 tea
553 3729 692 3783 dece
719 3728 844 3783 dari
860 3727 1059 3798 jubeo.
1081 3726 1341 3782 Lectaria
1365 3743 1471 3798 par
1491 3743 1627 3795 uno,
1654 3730 1713 3781 et
1737 3726 2065 3782 vestimenti

429 3820 546 3876 mei
574 3822 804 3891 pareclo
833 3836 949 3875 uno
978 3820 1252 3875 fratribus
1278 3820 1352 3874 ad
1378 3820 1567 3875 minsa
1596 3820 1859 3875 baselica:
1882 3820 2066 3876 sancti

432 3913 654 3969 Dionisi
703 3914 826 3968 dari
869 3912 1160 3984 principio.
1192 3912 1320 3968 Alia
1357 3914 1576 3985 pariclo
1620 3913 1951 3969 vestimenti
1991 3914 2067 3969 ad

430 4008 555 4063 vico
585 4006 883 4062 Bonisiaca
918 4006 1192 4061 fratribus
1221 4005 1346 4061 dari
1374 4005 1566 4080 464
1593 4007 1896 4063 constituo.
1931 4009 2065 4063 Ter-

434 4101 513 4157 tio
545 4100 759 4174 pariclo
798 4099 1126 4155 vestimenti
1167 4099 1375 4155 Emilia
1418 4099 1493 4155 ad
1534 4099 1657 4155 vico
1699 4100 1823 4155 dari
1865 4100 2063 4172 jubeo.

434 4199 577 4251 Item
608 4212 712 4267 pro
739 4193 1065 4249 remedium
1098 4210 1319 4249 anemm
1348 4210 1513 4262 meae,
1534 4195 1622 4249 vel
1654 4212 1720 4249 ex
1749 4195 2068 4250 demanda-

432 4291 595 4347 cione
612 4290 781 4346 bonae
798 4287 1225 4344 recordacionis
1244 4288 1324 4343 ﬁli
1344 4289 1461 4344 mei
1482 4288 1826 4344 Deorovaldi
1848 4288 2066 4356 villam,

434 4381 523 4436 cui
550 4381 892 4436 vocabulum
923 4380 1010 4433 est
1034 4377 1348 4446 Latiniaco,
1382 4377 1492 4432 sita
1524 4377 1585 4432 in
1613 4377 1904 4433 territurio
1933 4379 2067 4433 Mel-

434 4474 616 4542 dinse,
639 4490 775 4529 cum
787 4471 1024 4544 campis,
1048 4471 1335 4529 colonecis
1354 4472 1429 4527 ad
1446 4472 1656 4527 eadem
1690 4472 2068 4543 pertinentes,

2156 1950 2611 2017 Gundileubane,
2653 1948 2849 2017 Piane,
2893 1949 3222 2005 Sumthulfo
3265 1950 3616 2019 Ciuccirane,
3668 1952 3807 2007 Hic-

2158 2044 2437 2111 chicione,
2457 2045 2615 2099 Maxa
2666 2059 2841 2098 uxore
2876 2043 3217 2115 Chioberga,
3250 2043 3591 2112 Sinderedo,
3623 2046 3811 2117 Angi-

2157 2140 2313 2205 lone,
2358 2136 2716 2192 Leudefredo
2757 2153 2887 2191 cum
2930 2154 3103 2192 uxore
3139 2138 3517 2207 Vuandilone,
3545 2139 3810 2195 Chaide-

2159 2248 2325 2300 runa,
2349 2230 2719 2297 Childeruna,
2750 2231 3188 2303 Thrasteberga,
3220 2232 3679 2299 Theodachario,
3706 2233 3810 2288 Vi-

2162 2325 2297 2397 gilio
2324 2341 2458 2380 cum
2484 2341 2657 2379 uxore
2683 2324 2963 2392 Sunnine,
2990 2325 3213 2395 Agione
3240 2343 3368 2381 cum
3385 2326 3503 2381 ﬁlio
3522 2343 3628 2383 suo
3645 2328 3815 2382 Gari-

2160 2419 2320 2487 lulfo,
2349 2418 2665 2473 Vincimalo
2708 2434 2840 2472 cum
2887 2434 3059 2474 uxore
3098 2419 3386 2485 Maurella,
3415 2419 3630 2474 Mellita
3666 2438 3813 2475 cum

2162 2514 2277 2568 ﬁlio
2309 2530 2410 2567 suo
2430 2512 2685 2584 juniore,
2714 2511 2994 2567 Coccione
3020 2528 3152 2567 cum
3192 2513 3308 2567 tilio
3357 2529 3458 2568 suo
3499 2514 3811 2585 Daigisilo,

2160 2606 2444 2662 Mudilane
2474 2622 2607 2661 cum
2633 2604 2764 2659 ﬁliis
2792 2605 2907 2660 suis
2933 2605 3267 2677 Munegisilo
3296 2609 3353 2661 et
3386 2606 3812 2673 Monechrude,

2160 2699 2469 2768 Acchione,
2501 2700 2756 2762 Bonane,
2784 2698 3228 2767 Leubosaintho,
3256 2698 3481 2754 Gibulfo
3504 2699 3625 2754 ﬁlio
3646 2700 3814 2772 Vigi-

2163 2793 2260 2849 lio.
2292 2795 2704 2859 Dommoruna,
2736 2792 3186 2861 Childerimane,
3220 2792 3462 2860 Basone,
3503 2793 3817 2865 Childegi-

2164 2887 2303 2954 selo,
2336 2886 2779 2958 Childegunthe.
2813 2885 3126 2941 Chrodult‘o
3156 2928 3170 2941 .
3215 2927 3228 2941 .
3276 2929 3290 2942 .
3336 2929 3350 2941 .
3374 2885 3566 2960 465
3602 2887 3822 2943 Sinde-

2162 2980 2439 3051 bergane,
2497 2979 2874 3047 Monechilde,
2926 2980 3198 3045 Eterno,
3253 2979 3643 3047 Bauderuna;
3699 2982 3823 3037 hos

2166 3090 2372 3128 omnes
2422 3089 2555 3128 cum
2585 3072 2746 3127 omni
2793 3072 3084 3144 peculiare
3124 3089 3346 3141 eorum,
3394 3076 3514 3128 tam
3552 3076 3820 3141 areolas,

2164 3166 2455 3239 hospitio],
2480 3167 2813 3234 ahortellus,
2840 3167 2929 3220 vel
2949 3165 3224 3234 vineolas,
3254 3170 3460 3222 etcum
3480 3166 3539 3221 id
3558 3168 3727 3238 quod
3755 3168 3822 3223 in

2166 3260 2508 3332 quibuslibet
2536 3260 2708 3315 rebus
2735 3260 2949 3314 habere
2978 3259 3264 3327 videntur,
3298 3260 3508 3315 liberos
3557 3261 3819 3318 liberas-

2162 3370 2272 3425 que
2304 3370 2428 3408 esse
2454 3353 2753 3424 pI‘thipiO;
2786 3356 2845 3409 et
2859 3352 3141 3424 quidquid
3169 3353 3373 3408 exinde
3402 3355 3594 3409 facere
3616 3356 3826 3410 volue~

2160 3447 2296 3515 rint,
2324 3447 2579 3502 habeant
2605 3446 2851 3502 liberam
2882 3449 3251 3518 potestatem.
3303 3483 3307 3486 -

2234 3540 2512 3597 Similiter
2550 3541 2875 3596 Mumolane
2911 3556 3042 3595 cum
3074 3540 3237 3596 omni
3263 3539 3553 3612 peculiare
3582 3558 3689 3598 suo
3717 3543 3821 3598 in-

2164 3651 2421 3706 genuum
2444 3650 2567 3689 esse
2584 3633 2854 3705 praecipio
2879 3651 2892 3689 :
2911 3634 3224 3689 luminaria
3237 3634 3537 3690 tantumin
3564 3637 3821 3692 ecclesia

2165 3728 2462 3783 Bonisiaca
2507 3726 2836 3782 ministrare
2886 3727 3132 3785 stodeat.
3173 3728 3623 3784 Vualacharium
3674 3746 3819 3785 cum

2165 3822 2328 3877 omni
2361 3820 2647 3893 peculiare
2671 3837 2795 3889 suo,
2811 3822 3020 3875 etcum
3039 3821 3215 3876 boves
3235 3837 3379 3892 quos
3394 3821 3639 3893 bajolat,
3654 3822 3828 3893 inge-

2168 3932 2347 3970 nuum
2371 3932 2440 3970 ea
2470 3914 2809 3970 condicione
2837 3930 2959 3969 esse
2982 3914 3183 3986 jubeo,
3213 3917 3274 3970 ut
3298 3914 3455 3986 ligna
3474 3919 3709 3971 tantum
3739 3917 3831 3972 ad

2168 4009 2359 4064 oblata
2384 4008 2717 4063 faciendum
2743 4008 3072 4064 ministrare
3104 4013 3392 4080 procuret.
3433 4009 3833 4065 Gundefredo

2168 4119 2299 4158 cum
2323 4102 2497 4157 boves
2514 4101 2660 4157 duos
2686 4102 2950 4157 laborare
2970 4102 3258 4174 prmcipio,
3283 4103 3438 4158 unde
3465 4120 3601 4159 cera
3622 4105 3698 4159 ad
3717 4106 3839 4160 ba-

2170 4196 2340 4252 selica
2388 4196 2589 4251 domni
2634 4195 2954 4251 Sinsuriani
2997 4199 3386 4269 comparetur.
3438 4197 3837 4267 Martiniano,

2168 4289 2546 4346 Theoderuna
2586 4306 2718 4345 cum
2756 4290 2873 4345 filio
2918 4306 3019 4345 suo
3056 4290 3303 4358 seniore,
3336 4307 3471 4346 cum
3517 4292 3844 4363 peculiare

2171 4401 2394 4451 eorum,
2416 4383 2560 4438 sicut
2577 4401 2749 4456 supra
2771 4384 3357 4454 scribtibenemereti,
3380 4385 3676 4457 ingenuos
3688 4404 3843 4442 esse

2163 4478 2362 4548 jubeo.
2395 4476 2577 4532 Simili
2604 4477 2778 4532 modo
2808 4493 2911 4549 pro
2958 4477 3281 4532 remedium
3312 4477 3527 4533 animm
3556 4496 3739 4546 meae,
3777 4486 3853 4535 et.

435 4584 567 4622 cum
596 4567 775 4639 pratis
803 4565 1046 4637 pascuis,
1076 4566 1247 4634 silvis,
1269 4567 1359 4621 vel
1386 4565 1549 4621 omni
1568 4566 1701 4637 jure
1731 4568 1790 4621 et
1819 4566 2068 4623 termino
2089 4573 2148 4646 Ι)
2172 4588 2238 4625 ex
2264 4569 2717 4626 demandatione
2745 4570 2828 4625 ﬁli
2844 4571 2958 4625 mei
2984 4570 3342 4639 Deorovaldi,
3374 4572 3639 4643 Gygone,
3680 4574 3856 4645 Sep-

438 4676 561 4726 suo,
591 4659 726 4730 quia
745 4660 804 4714 in
830 4659 1096 4731 portione
1124 4677 1296 4731 supra
1322 4660 1632 4715 memorati
1656 4658 1757 4714 ﬁlii
1784 4659 1900 4713 mei
1920 4660 2067 4716 Deo-

437 4751 657 4807 rovaldi
702 4752 962 4820 obvenit,
1012 4769 1143 4806 cum
1190 4753 1351 4808 omni
1408 4753 1741 4824 integritate
1806 4753 2068 4809 baselicaa

438 4845 622 4901 sancti
646 4844 985 4913 Sinsuriani,
1020 4845 1116 4899 ubi
1149 4847 1442 4917 sepultura
1471 4847 1687 4901 habere
1731 4846 2067 4917 dinuscitur,

438 4957 541 5012 pro
568 4939 833 5011 requiem
856 4938 979 5010 ejus
1007 4938 1135 4993 dari
1153 4939 1443 5010 praecipio.
1473 4939 1751 4994 Similiter
1783 4940 2068 5011 porcario,

438 5033 673 5088 nomine
701 5032 1002 5101 Gudilane,
1049 5048 1181 5087 cum
1214 5033 1439 5104 gregim
1470 5050 1798 5105 porcorum,
1831 5038 1891 5089 et
1926 5035 2069 5090 Bau-
2096 5036 2103 5048 '

441 5126 679 5181 demere
702 5144 834 5182 cum
857 5126 1082 5199 gregim
1107 5126 1318 5195 ovium,
1343 5129 1400 5182 et
1420 5130 1626 5199 troppo
1646 5128 2070 5200 jumentorum,

440 5219 538 5290 qui
570 5223 701 5275 sunt
731 5220 805 5275 ad
834 5237 1007 5292 supra
1051 5221 1261 5293 scripta
1289 5220 1423 5277 villa
1456 5221 1769 5291 Latiniaco,
1811 5222 2072 5295 supradi-

440 5315 545 5367 ctae
563 5312 827 5368 baselica:
852 5314 1033 5369 sancti
1063 5314 1385 5370 Sinsuriani
1405 5315 1621 5371 habere
1638 5315 1837 5387 jubeo.

511 5408 790 5463 Goderico
819 5413 878 5464 et
899 5409 1220 5466 Gunderico
1247 5410 1308 5467 in
1337 5428 1511 5484 supra
1536 5409 1811 5483 scriptam
1857 5410 2071 5480 villam,

439 5518 613 5574 quem
641 5501 903 5557 baselicaa
925 5503 1126 5559 domui
1152 5504 1472 5561 Sinsuriani
1501 5504 1769 5577 deligavi,
1802 5505 2074 5577 itajubeo

437 5599 501 5651 ut
528 5595 814 5666 laborent,
849 5597 1002 5653 unde
1038 5598 1113 5653 ad
1163 5598 1287 5669 ipsa
1330 5598 1580 5655 basileca
1618 5599 1812 5655 oblata
1853 5598 2077 5656 cotidias

438 5690 814 5746 ministretur.
838 5690 1117 5746 Leudulfo
1134 5707 1267 5745 cum
1284 5690 1472 5759 vinea,
1501 5708 1674 5763 quem
1699 5693 1966 5750 Sabucito
1988 5710 2080 5749 co-

435 5783 517 5848 lit,
547 5783 621 5837 ad
651 5784 926 5852 oraturio,
956 5784 1056 5853 qui
1084 5787 1172 5838 est
1196 5784 1255 5838 in
1287 5782 1420 5838 villa
1452 5784 1764 5854 Latiniaco,
1800 5788 1952 5843 unde
1977 5787 2078 5842 ibi-

440 5872 572 5929 dem
609 5875 800 5930 oblata
823 5878 1105 5944 occurrat,
1135 5875 1261 5932 dari
1286 5876 1432 5931 volo.
1460 5877 1791 5946 Baudulfus,
1816 5880 2079 5937 Sumtha-

2170 4664 2369 4719 teredo
2387 4680 2518 4719 eum
2542 4680 2719 4719 uxore
2746 4664 3072 4734 Goderuna,
3099 4664 3510 4732 Theodonivia,
3531 4666 3861 4723 Baudoni—

2168 4756 2279 4825 via,
2307 4758 2548 4823 Carane,
2578 4756 2822 4813 Patricio
2858 4774 2990 4813 cum
3022 4775 3195 4813 uxore
3232 4758 3497 4826 Eusebia,
3531 4760 3859 4831 Dagarico

2171 4867 2301 4905 cum
2327 4866 2502 4905 uxore
2537 4851 2844 4917 Aurovefa,
2877 4850 3229 4919 Ciuncileno,
3271 4851 3666 4909 Blidemundo
3688 4873 3863 4913 cum

2170 4944 2289 4999 filia
2327 4943 2697 5013 Blidechilde,
2727 4944 3071 5013 Manileubo,
3122 4945 3435 5013 Trasilane,
3482 4946 3869 5018 Eumundo,

2172 5037 2476 5092 lmneredo
2533 5054 2665 5092 cum
2708 5054 2882 5093 uxore
2930 5038 3179 5110 Torigia,
3238 5039 3543 5106 Chadulfo,
3596 5041 3875 5113 Aridja,

2171 5131 2515 5200 Rocculane,
2547 5131 3250 5200 Babiccono,Gunthivera
3275 5150 3288 5199 ;
3312 5133 3418 5189 hos
3448 5149 3660 5189 omnes
3694 5153 3875 5194 cum

2175 5224 2334 5280 omni
2363 5225 2671 5296 peculiare,
2707 5228 2839 5280 tam.
2865 5227 3108 5293 areolas,
3157 5243 3333 5297 quam
3368 5226 3736 5298 hospiciola,
3772 5233 3883 5289 vi-

2177 5319 2373 5375 neolas
2398 5319 2487 5373 vel
2508 5319 2805 5387 hortellus,
2838 5336 2969 5374 cum
2987 5319 3048 5374 id
3074 5320 3230 5392 quod
3250 5321 3523 5392 praesenti
3550 5324 3887 5395 tempore

2175 5412 2390 5468 habere
2420 5412 2706 5477 videntur,
2734 5412 3023 5485 ingenuus
3046 5430 3168 5469 esse
3203 5414 3511 5482 constituo,
3535 5415 3891 5479 Baudulfo

2177 5508 2235 5561 et
2249 5506 2682 5575 Sumthahario,
2711 5524 2843 5562 cum
2873 5508 3048 5563 boves
3073 5524 3217 5579 quos
3236 5507 3521 5578 bajolant,
3550 5508 3897 5573 laborare

2176 5600 2466 5673 prmcipio,
2492 5601 2645 5657 unde
2666 5601 2861 5657 oblata
2890 5601 2963 5656 ab
2987 5601 3238 5657 baselica
3263 5601 3473 5657 Domni
3494 5601 3899 5670 Sinsuriani

2171 5693 2392 5765 jugiter
2416 5695 2796 5751 ministretur.
2844 5698 2929 5751 Ita
2970 5695 3066 5763 do,
3094 5695 3175 5751 ita
3201 5694 3340 5767 ligo,
3378 5695 3461 5750 ita
3508 5699 3748 5770 testor,
3792 5705 3901 5763 ita

2180 5804 2277 5843 vos
2308 5788 2451 5844 mihi
2482 5788 2716 5854 Quiritis
2753 5788 3151 5845 testim0nium
3188 5788 3584 5861 perhibetote;
3631 5792 3899 5868 citari,

2179 5881 2486 5955 citeraeque
2510 5882 2775 5955 proximi,
2804 5882 3213 5956 proximasque,
3236 5882 3543 5941 exheredis
3568 5885 3760 5947 mihi
3790 5913 3899 5952 es.
