4036 6188
215 219 306 276 437
844 217 934 276 ΑΙ)
976 218 1462 275 ΡΒᾹΞΟΕΒΕΝΤΙΛ
1499 218 1832 273 LlTURGLE

1939 219 2282 276 )NUMENTA
2321 221 2658 278 APPENDIX
2694 223 2920 280 PRIMA.

3455 229 3560 286 438

207 336 324 390 tote
353 348 368 389 :
403 332 716 406 proculque
742 331 1014 388 habetote
1047 329 1092 386 si
1119 346 1249 403 quas
1273 328 1458 385 liturae
1483 329 1571 383 vel
1603 343 1832 385 caraxa-
1859 336 1918 412 Α
1941 327 2253 384 Germania
2279 329 2462 384 Pratis
2486 345 2639 395 mss.,
2666 331 2826 412 ibid,
2861 333 2922 387 in
2955 331 3116 388 Coma
3146 335 3402 409 Domini).
3434 339 3568 394 Post

213 434 348 486 tum
373 427 438 484 in
473 429 576 484 hoc
601 428 947 483 testamento
977 441 1110 482 meo
1140 429 1294 493 sunt,
1311 441 1427 498 ego
1453 423 1563 480 feci
1593 425 1834 496 ﬁerique
1860 409 1917 412 ﬂ
1935 420 2192 477 Primam
2214 421 2480 478 dicentur
2499 427 2722 497 septem
2747 409 2975 498 psalmi,
3001 429 3059 483 et
3077 427 3342 498 Letania;
3367 435 3568 503 postea

209 523 440 596 praecipi
462 565 477 591 ,
519 523 658 578 dum
702 519 845 576 mihi
891 519 1096 592 saepius
1136 519 1291 574 volui
1342 517 1647 574 recenseri.
1687 517 1837 574 Addi

209 617 380 673 etiam
423 615 714 684 constitui,
749 614 795 670 si
830 614 956 686 quis
994 616 1194 669 contra
1231 613 1386 668 hunc
1421 615 1836 668 testamentum

207 711 398 766 venire
419 709 683 778 voluerit,
707 713 807 764 aut
821 709 1180 764 voluntatem
1205 722 1401 762 meam
1421 705 1482 761 in
1503 705 1838 778 aliquo'cor—

207 819 480 876 rumpere
505 801 889 875 temptaverit,
923 819 957 857 a
983 800 1392 856 communione
1419 799 1683 856 omnium
1703 817 1834 856 san-

207 902 430 953 ctorum
460 901 520 953 et
548 913 582 952 a
604 897 927 952 limenebus
953 893 1322 950 ecclesiarum
1341 894 1638 950 efﬁceatur
1657 896 1839 950 extra-

207 1008 362 1060 neus,
401 995 465 1047 et
497 991 734 1062 insuper
767 993 902 1045 ante
934 989 1184 1046 tribunal
1211 989 1421 1044 Christi
1445 988 1837 1045 anathimatus

205 1087 568 1157 permaneat.
584 1086 788 1139 Actum
807 1083 1055 1139 Parisius
1075 1083 1179 1138 sub
1196 1083 1290 1138 die
1307 1087 1366 1138 et
1380 1085 1640 1155 tempore
1663 1099 1837 1154 supra

205 1178 434 1251 scripto.
451 1177 696 1250 Signum
708 1186 746 1250 -Ῑ-
763 1177 1244 1233 Erminethrudise
1264 1177 1587 1232 testatricis.
1611 1175 1648 1240 -Ξ-
1661 1179 1837 1234 Mum-

202 1273 386 1328 molus
436 1289 613 1340 com.,
661 1275 906 1343 rogante
951 1274 1010 1326 et
1054 1273 1338 1343 praesente
1385 1271 1833 1338 Ermenthrude,

203 1366 350 1421 hunc
373 1367 791 1421 testamentum
819 1366 970 1420 subs.
995 1365 1245 1436 Scupilio
1267 1363 1570 1436 spatarius,
1591 1367 1835 1434 rogante

205 1459 706 1528 Enninethrudise,
733 1458 866 1514 huic
893 1461 1310 1513 testamentum
1339 1457 1490 1512 subs.
1520 1473 1617 1512 no.
1650 1456 1743 1511 die
1779 1458 1839 1511 et

204 1569 350 1607 anno
392 1552 607 1623 quibus
645 1569 834 1624 supra.
867 1551 1272 1624 Munegiselus,
1307 1551 1553 1620 rogante
1593 1553 1653 1604 et
1687 1566 1835 1621 prae-

205 1649 356 1700 sente
382 1645 918 1713 Ermminethrude,
943 1645 1097 1700 hunc
1122 1647 1542 1700 testamentum
1562 1645 1691 1698 test.
1711 1685 1723 1698 .
1749 1684 1761 1698 .
1784 1683 1797 1698 .
1819 1685 1832 1698 .

1935 514 2229 571 veniemus
2285 533 2504 572 sessum
2555 517 2745 592 467
2797 518 2856 574 in
2909 521 3176 578 claustro.
3229 523 3568 583 Sacerdotes

1905 608 2101 680 ibunt
2136 609 2352 666 dictum
2391 610 2595 667 missas
2630 629 2780 682 suas,
2819 616 2876 668 et
2915 631 3120 670 omnes
3158 617 3374 674 debent
3417 621 3565 676 cele-

1934 703 2105 758 brare
2132 703 2225 759 die
2255 705 2380 775 illa;
2409 708 2468 762 et
2493 707 2870 764 celebrabunt
2897 707 3020 764 sine
3049 709 3206 782 igne.

1937 821 2046 876 VII.
2116 837 2303 878 PASSIO
2376 839 2807 880 BEATISSIMORUM
2881 842 3174 884 murreum
3245 843 3565 889 SANCTORUM

2553 911 2952 954 CANTIANORUM.

2006 989 2096 1042 Em
2120 1002 2221 1042 ms.
2252 986 2441 1043 Codice
2465 991 2575 1046 viri
2601 991 2894 1046 clarissimi
2926 991 3096 1048 Ulrici
3127 993 3376 1052 Obrechti
3399 995 3494 1068 (ά).

2009 1079 2217 1136 Omnia
2245 1081 2310 1153 (e)
2343 1097 2472 1153 quae
2497 1098 2532 1138 a
2561 1083 2771 1138 sanctis
2796 1087 2960 1156 gesta
2989 1089 3122 1140 sunt
3152 1089 3240 1141 vel
3266 1091 3567 1159 geruntur,

1938 1172 1984 1228 si
2014 1173 2142 1246 quis
2166 1173 2410 1230 voluerit
2436 1175 2688 1230 studiose
2718 1177 3075 1248 perquirere,
3105 1182 3162 1235 et
3187 1180 3293 1236 sibi
3325 1185 3382 1237 et
3400 1183 3574 1254 pluri-

1935 1267 2044 1322 mis
2085 1267 2480 1323 asdiﬁcationis
2514 1269 2744 1324 exhibet
2783 1270 3056 1326 fructum.
3099 1274 3169 1327 Et
3206 1273 3352 1328 sicut
3398 1277 3572 1332 arbor

1938 1361 2234 1417 fructifera
2259 1379 2377 1418 non
2399 1363 2522 1418 sine
2555 1379 2725 1419 causa
2750 1365 3030 1436 probatur
3049 1369 3266 1422 terram
3293 1385 3572 1441 occupare

1938 1455 2074 1510 dum
2095 1455 2247 1526 vivit,
2273 1473 2406 1510 cum
2428 1459 2486 1510 et
2512 1455 2635 1528 ipsa
2662 1457 2777 1512 suis
2801 1458 2994 1530 pomis
3019 1463 3276 1530 ornatur,
3301 1464 3360 1516 et
3381 1463 3571 1518 omnis

1937 1549 2033 1620 qui
2055 1566 2123 1604 ex
2147 1565 2216 1604 eo
2242 1551 2430 1604 fructu
2455 1551 2797 1622 perceperit,
2824 1552 3140 1624 saginatur.
3170 1554 3488 1610 Scribimus
3508 1559 3574 1610 ut

1936 1643 1996 1697 in
2028 1643 2201 1714 gestis
2236 1643 2582 1712 invenimus,
2616 1646 2755 1716 quid
2786 1645 3030 1717 egerint,
3067 1647 3207 1718 quid
3239 1649 3412 1704 locuti
3447 1650 3572 1704 fue-

206 1755 290 1794 no.
319 1738 416 1793 die
450 1742 516 1793 et
542 1737 735 1812 466
763 1709 917 1794 anno
951 1737 1157 1810 quibus
1184 1754 1375 1809 supra.
1414 1735 1837 1792 Baudacharius
1856 1709 1913 1781 Β
1937 1709 2073 1806 rint,
2097 1737 2236 1809 quid
2250 1737 2401 1808 passi
2422 1737 2534 1792 sint
2555 1709 2756 1792 sancti.
2786 1709 3104 1795 ostenditis
3115 1757 3216 1796 vos
3237 1758 3359 1796 esse
3381 1743 3574 1800 catho-

207 1833 474 1888 defensor
510 1832 664 1887 subs.
693 1832 967 1888 Eusebius
1005 1835 1243 1904 rogatus
1283 1831 1355 1886 ab
1389 1830 1836 1887 Erminethrude

207 1927 346 1982 hunc
375 1930 797 1982 testamentum
830 1926 1046 1998 scripsi,
1080 1925 1262 1997 relegi
1291 1929 1350 1980 et
1376 1924 1528 1980 subs.

265 2023 348 2076 Ba:
373 2025 699 2076 testamento
722 2023 898 2077 sancti
924 2021 1152 2089 Remigii
1167 2021 1488 2076 Rhemorum
1509 2020 1764 2090 episcopi.

266 2116 374 2170 Vas
403 2119 760 2186 argenteum
791 2115 995 2170 decem
1027 2118 1086 2170 et
1113 2117 1242 2168 octo
1267 2111 1550 2168 librarum
1579 2112 1734 2167 inter
1757 2116 1834 2181 te,

209 2210 362 2264 heres
405 2225 551 2263 mea
591 2209 846 2280 (Ecclesia
886 2207 1216 2279 Rhemcnsis)
1257 2209 1315 2260 et
1349 2205 1640 2262 dioecesim
1676 2209 1836 2261 tuam

209 2303 506 2358 ecclesiam
537 2303 996 2369 Laudunensem,
1023 2301 1187 2356 factis
1212 2300 1294 2373 (id
1321 2304 1400 2356 est
1425 2299 1715 2371 faciendis)
1741 2317 1839 2371 pa-

211 2396 344 2450 tenis
366 2397 553 2468 atque
579 2395 848 2450 calicibus
871 2395 944 2450 ad
971 2393 1358 2453 ministerium
1387 2395 1835 2462 sacrosanctum,

211 2493 367 2560 prout
403 2489 584 2557 valui,
627 2491 740 2545 Deo
777 2490 1071 2544 annuente
1102 2487 1384 2542 distribui.
1419 2485 1589 2542 Aliud
1618 2503 1715 2542 vas
1743 2503 1834 2542 ar-

212 2586 502 2653 genteum,
535 2583 691 2655 quod
727 2583 871 2638 mihi
911 2585 1164 2638 Domnus
1198 2581 1432 2636 illustris
1461 2579 1838 2636 Chludovicus

211 2677 390 2747 (quem
427 2676 509 2732 de
547 2693 708 2732 sacro
742 2675 1104 2748 baptismatis
1141 2675 1301 2731 fonte
1339 2674 1580 2746 suscepi)
1617 2673 1837 2730 donare

212 2769 474 2841 dignatus
497 2773 602 2838 est,
627 2770 730 2824 tibi
755 2769 956 2824 heredi
978 2785 1125 2824 meae
1153 2769 1406 2824 ecclesia:
1427 2784 1598 2840 supra
1619 2783 1839 2824 memo-

213 2866 337 2917 rataa
347 2863 534 2934 jubeo
554 2863 894 2920 turriculum
917 2867 976 2920 et
994 2862 1378 2934 imaginatum
1402 2861 1642 2918 calicem
1664 2861 1740 2935 (a)
1758 2863 1839 2918 fa-

210 2956 428 3014 bricari.
475 2999 490 3012 .
534 2999 547 3012 .
587 2999 600 3012 .
639 2957 897 3025 Vineam,
927 2973 1104 3028 quam
1141 2955 1517 3012 Bebrimodus
1546 2955 1703 3024 facit,
1733 2955 1838 3011 tibi

1937 1831 2096 1899 licos,
2129 1831 2226 1902 qui
2261 1829 2527 1886 victorias
2561 1830 2770 1886 Christi
2804 1831 3054 1888 libenter
3084 1835 3292 1905 legitis,
3327 1835 3574 1892 libenter

1939 1924 2166 1980 auditis.
2188 1926 2487 1996 Interrogo
2507 1941 2608 1979 vos
2635 1925 2734 1996 qui
2758 1925 2867 1980 ista
2885 1923 3039 1981 inter
3063 1929 3463 2000 apochryphas
3481 1929 3571 1984 Iit-

1936 2022 2091 2073 teras
2125 2018 2442 2073 exvolanda
2467 2018 2722 2073 'censetis
2759 2035 2774 2074 :
2803 2035 2909 2090 per
2949 2035 3092 2091 quos
3125 2024 3354 2076 constat
3383 2038 3571 2078 canon

1937 2110 2360 2182 Scripturarum
2382 2110 2646 2166 omnium
2664 2111 2986 2167 divinarum
2999 2113 3026 2166 ?
3049 2114 3332 2186 numquid
3351 2131 3456 2186 per
3471 2131 3573 2171 eos

1938 2204 2037 2276 qui
2066 2222 2170 2276 pro
2199 2205 2323 2276 ipso
2352 2220 2576 2260 canone
2604 2203 2788 2260 occidi
2813 2205 3002 2277 magis
3029 2209 3369 2278 optaverant
3395 2225 3572 2281 quam

1937 2300 2124 2356 vinci?
2155 2301 2303 2366 Quid
2339 2317 2478 2372 ergo
2517 2303 2832 2356 tenuerunt
2866 2303 3194 2374 martyres?
3238 2303 3437 2359 Fidem
3479 2321 3574 2360 re-

1938 2397 2112 2463 ctam,
2144 2411 2272 2467 quee
2309 2393 2484 2450 sacris
2520 2395 2909 2450 voluminibus
2948 2399 3106 2451 certo
3147 2396 3428 2452 librorum
3463 2415 3572 2452 nu-

1937 2504 2100 2544 mero
2129 2487 2473 2544 continetur.
2501 2489 2698 2562 Agunt
2720 2489 2830 2544 illis
2855 2489 3072 2561 gratias
3097 2489 3288 2562 apices
3315 2491 3576 2547 sacratis-

1937 2581 2087 2651 simi,
2111 2582 2208 2653 qui
2227 2598 2333 2654 per
2353 2599 2553 2637 eorum
2580 2583 3070 2654 perseverantiam
3099 2587 3488 2656 perseverant.
3505 2587 3576 2640 Et

1937 2675 2068 2752 ideo
2093 2675 2294 2731 volunt
2321 2691 2521 2730 eorum
2558 2678 2720 2747 gesta
2749 2677 3055 2746 conscribi,
3083 2679 3148 2734 ut
3171 2677 3232 2734 in
3261 2681 3571 2750 conspectu

1937 2769 2034 2826 Dei
2073 2771 2132 2823 et
2170 2768 2475 2824 hominum
2521 2785 2754 2840 semper
2787 2769 3098 2825 laudentur
3135 2771 3337 2839 sancti,
3368 2771 3465 2843 qui
3509 2771 3572 2826 in

1937 2865 2243 2934 conspectu
2272 2861 2702 2918 incredulorum
2729 2879 2834 2934 pro
2863 2879 3066 2918 eorum
3093 2863 3432 2920 defensione
3457 2867 3572 2920 tor-

1936 2959 2134 3011 menta
2154 2955 2435 3012 immania
2453 2957 2832 3028 pertulerunt.
2847 2957 2998 3012 Nihil
3019 2961 3231 3030 praeter
3251 2958 3574 3031 Scripturas

213 3053 442 3106 eatenus
468 3051 830 3123 derelinquo,
855 3053 916 3104 ut
937 3050 1140 3105 diebus
1164 3049 1322 3105 festis
1348 3052 1407 3104 et
1431 3048 1703 3105 omnibus
1724 3051 1832 3105 Do-
1856 3081 1910 3156 Ο
1936 3049 2241 3105 canonicas
2273 3048 2636 3121 recipientes,
2673 3050 2782 3105 ista
2814 3051 3067 3107 studiose
3107 3051 3569 3124 conscripsimus,

215 3143 450 3213 minicis,
471 3144 647 3200 sacris
667 3145 942 3200 altaribus
960 3161 1092 3199 mea
1109 3143 1386 3200 offeratur
1406 3143 1620 3199 oblatio
1633 3143 1729 3216 (ὁ).
1749 3185 1760 3198 .
1783 3185 1795 3199 .
1819 3185 1832 3200 .

214 3237 442 3294 Vineam
477 3237 574 3307 do,
606 3254 781 3310 quam
811 3237 974 3310 posui
998 3236 1374 3305 Vindonissae,
1408 3237 1512 3292 sub
1539 3255 1609 3293 ea
1637 3237 1835 3293 condi-

212 3331 376 3400 tione,
406 3335 478 3387 ut
510 3349 545 3387 a
583 3331 839 3404 patribus
870 3332 1005 3400 suis,
1038 3330 1305 3387 omnibus
1339 3331 1542 3386 diebus
1575 3331 1734 3386 festis
1772 3348 1838 3386 ac

212 3425 535 3493 Dominicis,
564 3441 669 3497 pro
699 3425 1256 3482 commemoratione
1287 3441 1419 3481 mea
1449 3425 1624 3482 sacris
1649 3424 1840 3480 altari-

213 3517 306 3572 bus
333 3519 615 3575 offeratur
643 3519 878 3576 oblatio.

541 3636 627 3690 VI.
667 3651 989 3692 FRAGMENTA
1027 3649 1499 3692 CEREMONIALIUM.

212 3731 278 3784 De
316 3731 574 3800 passione
631 3729 741 3784 non
801 3730 1027 3798 legenda
1088 3729 1365 3800 Dominica
1412 3727 1725 3782 Palmarum
1775 3727 1836 3783 in

725 3802 904 3856 missis
939 3801 1179 3871 primtis
1225 3799 1308 3870 (c).

1937 3143 2308 3199 ostendentes
2337 3142 2553 3216 dogma
2577 3144 2926 3200 catholicum
2954 3161 3059 3217 per
3085 3145 3395 3201 catholicos
3421 3163 3574 3202 mar-

1937 3241 2090 3310 tyres
2118 3236 2484 3292 custoditum.
2513 3239 2851 3310 Exemplum
2873 3231 3117 3310 posteris
3143 3238 3366 3308 damus,
3391 3240 3570 3294 aediﬁ-

1937 3331 2224 3388 cationem
2250 3330 2616 3386 credentibus
2644 3331 2946 3399 tradimus,
2975 3333 3160 3386 artem
3187 3331 3326 3386 belli
3362 3331 3572 3388 Christi

1936 3424 2212 3480 militibus
2232 3424 2721 3479 demonstremus.
2750 3425 2989 3480 Constat
3009 3439 3108 3479 eos
3127 3424 3279 3478 nolle
3306 3441 3570 3495 pugnare

1937 3519 1984 3572 si
2008 3534 2240 3573 necesse
2266 3517 2357 3585 sit,
2391 3515 2488 3588 qui
2515 3517 2721 3572 nolunt
2746 3519 2942 3588 legere
2979 3520 3351 3588 pugnatores.
3378 3519 3567 3588 Impe-

1937 3613 2067 3664 rent
2101 3611 2394 3667 silentium
2423 3609 2784 3677 inﬁdelibus,
2820 3613 3082 3681 spectent
3115 3611 3340 3682 pugiles
3369 3609 3566 3666 diabo-

1936 3704 2073 3759 licos
2098 3704 2195 3776 qui
2221 3705 2466 3760 athletas
2487 3703 2720 3760 Domini
2745 3707 3005 3776 spectare
3032 3706 3433 3760 contemnunt.
3455 3705 3570 3760 Nos

1935 3797 2155 3854 divinas
2187 3797 2425 3852 virtutes
2462 3797 2774 3870 loquimur,
2808 3797 3131 3867 scribimus,
3164 3799 3565 3870 praedicamus.

275 3893 576 3950 Dominica
603 3894 662 3949 in
687 3893 917 3949 Palmis.
944 3935 958 3948 .
991 3935 1004 3948 .
1033 3933 1045 3948 .
1078 3935 1091 3948 .
1121 3891 1462 3948 Sacerdotes
1487 3891 1560 3948 ad
1587 3889 1836 3962 privatas
1933 3891 2282 3949 Prohibeant
2309 3890 2523 3959 aemuli,
2556 3891 2850 3964 imperent
2883 3891 3175 3948 silentium
3203 3891 3408 3961 timidi,
3438 3909 3569 3948 ver-

216 3987 406 4043 missas
449 4004 626 4042 unam
668 3989 896 4043 tantum
943 3987 1254 4042 Collectam
1304 3985 1526 4052 dicant;
1574 3986 1832 4057 Evange-

215 4079 340 4136 lium
376 4099 390 4137 :
426 4081 562 4137 Cum
593 4083 1124 4152 appropinquasset;
1159 4079 1490 4152 passionem
1529 4079 1717 4133 nullus
1751 4079 1832 4134 le-

214 4179 320 4244 gat,
343 4175 454 4231 nisi
485 4175 691 4230 fratres
716 4175 816 4248 qui
841 4174 902 4229 in
933 4173 1135 4230 formis
1160 4175 1415 4229 cantant.
1444 4173 1833 4245 (Lanfrancus,

215 4270 266 4321 in
287 4271 492 4324 Decret.
515 4285 620 4338 pro
644 4269 762 4324 0rd.
792 4269 970 4324 sancti
989 4267 1213 4330 Bened.,
1233 4283 1368 4338 pag.
1399 4266 1548 4337 260.)

277 4364 335 4416 1n
357 4363 500 4418 Ram
509 4362 554 4416 is
569 4363 900 4418 Palmarum
917 4361 990 4416 ad
1006 4360 1408 4416 matutinalem
1431 4359 1670 4414 missam
1693 4375 1835 4415 non-

1933 3987 2138 4041 berent
2163 3986 2606 4040 contemnentes
2637 4001 2650 4040 :
2679 3986 2943 4057 legentes
2971 3985 3292 4057 increpent,
3324 3985 3572 4041 libenter

1933 4080 2055 4134 haec
2076 4077 2378 4134 audientes
2395 4081 2684 4146 accusent;
2707 4077 2902 4152 468
2925 4079 3208 4150 gloriosos
3231 4078 3448 4133 facient
3465 4079 3572 4134 mi-

1932 4173 2062 4228 lites
2102 4173 2341 4227 vulnera
2377 4188 2484 4244 pro
2524 4171 2894 4245 imperatoris
2932 4171 3100 4227 laude
3147 4174 3428 4242 suscepta,
3465 4188 3568 4241 pro

1933 4266 2092 4338 cujus
2111 4282 2308 4322 amore
2329 4265 2509 4321 etiam
2529 4266 2754 4322 animas
2769 4282 2989 4338 ponere
3012 4265 3262 4320 libenter
3277 4267 3564 4341 optamus.

1932 4358 2375 4430 Triumphorum
2397 4358 2609 4414 Christi
2630 4375 2696 4414 ac
2719 4357 3090 4414 victoriarum
3115 4359 3343 4413 labores
3363 4357 3571 4412 exerci-

214 4455 310 4510 nisi
334 4473 454 4511 una
473 4455 724 4511 Collecta
739 4458 828 4510 est
846 4454 1120 4522 dicenda;
1145 4471 1252 4508 nec
1269 4452 1460 4526 passio
1482 4452 1712 4524 legitur,
1732 4451 1832 4507 sed
1851 4451 1910 4523 D
1935 4451 2084 4507 tibus
2111 4451 2181 4506 de
2219 4451 2453 4506 occultis
2489 4451 2628 4506 foris
2665 4449 3036 4522 proferimus.
3065 4451 3289 4508 Scimus
3321 4467 3566 4522 pugnas,

215 4546 300 4603 illa
328 4552 557 4604 tantum
587 4549 757 4604 lectio
788 4547 968 4604 sancti
1001 4546 1294 4618 Evangelii
1325 4563 1338 4602 :
1369 4547 1502 4602 Cum
1531 4549 1835 4617 appropin-

211 4648 387 4711 quaret
422 4645 592 4698 Iesus.
631 4642 798 4708 Quod
833 4641 1011 4697 etiam
1041 4641 1258 4696 cunctis
1293 4639 1710 4708 sacerdotibus,
1744 4641 1841 4711 qui

211 4735 446 4804 privatas
477 4735 680 4792 missas
705 4735 1083 4803 cantaverint,
1115 4734 1464 4806 praecipitur,
1497 4735 1561 4788 ut
1586 4731 1702 4788 sint
1737 4749 1842 4805 pa-

211 4828 306 4883 rati
331 4830 405 4885 ad
434 4830 576 4886 duas
598 4829 994 4902 processiones
1017 4845 1146 4900 quae
1173 4827 1270 4883 illo
1295 4827 1388 4882 die
1417 4829 1551 4882 sunt
1571 4825 1838 4899 agendas.

211 4920 532 4990 (Udalricus,
557 4927 618 4979 in
645 4925 738 4978 lib.
765 4940 784 4979 1
813 4922 1143 4979 Consuetud.
1173 4922 1446 4984 Cluniae”
1482 4937 1604 4992 cap.
1642 4919 1752 4992 54.)

274 5016 511 5081 Quando
543 5017 760 5073 erimus
783 5016 934 5072 circa
957 5017 1137 5070 finem
1157 5017 1420 5084 Tractus,
1454 5014 1690 5070 sacrista
1714 5015 1839 5086 pul-

213 5109 346 5164 sabit
362 5127 538 5166 unam
557 5127 798 5184 parvam
815 5125 1162 5182 campanam
1179 5125 1284 5181 pro
1302 5107 1718 5181 congreganda
1740 5107 1840 5163 do-

217 5202 392 5259 minos
421 5204 494 5260 ad
521 5203 876 5260 audiendam
901 5202 1254 5276 passionem,
1278 5202 1415 5275 quia
1445 5202 1573 5274 ipsa
1603 5218 1722 5257 non
1749 5201 1841 5256 de-

214 5293 301 5351 bet
331 5297 446 5370 legi
476 5297 588 5352 nisi
619 5298 680 5352 in
720 5313 938 5369 magna
973 5297 1148 5352 missa
1185 5296 1640 5369 (Consuetudines
1667 5297 1844 5350 sancti

295 5413 347 5485 ᾳ)
376 5413 516 5485 Vide
546 5429 720 5485 pagg.
751 5415 818 5468 66
851 5415 910 5468 et
933 5415 1020 5468 93.

301 5484 350 5556 b)
377 5484 515 5556 Vide
546 5484 686 5556 pag.
714 5485 835 5539 184.

295 5429 327 5466 α
376 5413 516 5468 Vide
546 5429 720 5485 pagg.
751 5415 818 5468 66

301 5484 329 5538 b
377 5484 515 5540 Vide
546 5501 681 5556 pag.
714 5485 834 5539 184.

299 5572 326 5610 c
369 5555 509 5611 Vide
539 5572 674 5628 pag.
713 5559 834 5611 l27.

384 5626 524 5682 Vide
596 5643 689 5698 ag.
725 5629 834 5682 386.

301 5699 346 5768 ε)
359 5699 544 5754 Passio
555 5644 681 5753 ﬁsse
693 5697 834 5768 apud

276 5785 282 5820 ι
350 5768 454 5822 hoc
484 5768 650 5822 initio
679 5786 694 5822 ι
729 5770 834 5822 Sen

384 5626 524 5708 Vide
540 5626 689 5753 “pag.
725 5629 846 5682 386.
1081 5695 1091 5706 _
1128 5695 1137 5706 υ
1509 5694 1519 5705 _
1631 5692 1642 5703 ο
1729 5693 1740 5705 σ

384 5702 544 5753 ’assio
599 5714 681 5753 asc
693 5697 846 5753 anud
859 5694 1244 5751 Hombritium
1254 5693 1560 5750 Ambrosm
1573 5692 1740 5750 tribui

301 5692 346 5768 ε)
359 5699 544 5754 Passio
557 5692 681 5753 haec
693 5697 846 5768 apud
859 5694 1244 5768 Hombritium
1254 5693 1560 5768 Ambrosio
1573 5692 1840 5768 tribuitur

226 5765 454 5826 sub'hoc
484 5768 650 5826 initio
679 5786 694 5826 :
728 5765 924 5829 Servus
953 5765 1155 5826 Christi
1188 5766 1508 5825 Ambrosius
1537 5767 1835 5842 episcoPiw,

1940 4561 2082 4618 quas
2100 4544 2181 4598 illi
2206 4543 2506 4599 visibiliter
2529 4544 2681 4616 passi
2707 4543 2838 4613 sint,
2857 4543 3218 4600 invisibiliter
3242 4545 3409 4600 nobis
3430 4543 3573 4600 exci-

1937 4638 2049 4694 tari
2069 4637 2347 4711 quotidie,
2363 4639 2421 4692 et
2439 4639 2820 4710 neglegenter
2833 4641 3164 4710 pugnantes
3178 4638 3366 4694 acrius
3382 4638 3574 4694 vulne-

1938 4731 2074 4788 rari.
2088 4733 2238 4804 Ergo
2259 4733 2324 4786 ut
2341 4747 2506 4787 arma
2532 4734 2868 4804 pertractes,
2891 4731 3142 4788 adtende
3163 4732 3476 4801 bellantes;
3497 4731 3573 4788 da

1939 4828 2200 4880 mentem
2225 4823 2442 4893 studiis,
2472 4827 2537 4880 ut
2561 4825 2740 4881 hostis
2763 4824 2999 4898 incipiat
3029 4829 3085 4880 te
3113 4825 3342 4881 timere.

2009 4922 2062 4974 2.
2090 4917 2456 4974 Beatissimos
2477 4922 2762 4991 martyres
2790 4918 3078 4988 Cantium,
3107 4919 3475 4990 Cantianum,
3511 4924 3570 4977 et

1941 5011 2384 5082 Cantianellum,
2415 5029 2450 5068 a
2475 5013 2795 5085 paedagogo
2825 5029 2927 5068 suo
2947 5015 3118 5068 Proto
3143 5013 3310 5068 valde
3332 5015 3444 5070 ﬁde
3475 5031 3568 5071 ca-

1939 5107 2151 5162 tholica
2179 5106 2355 5162 fuisse
2385 5106 2637 5162 edoctos.
2671 5147 2684 5160 .
2713 5147 2726 5161 .
2751 5105 2846 5176 qui
2876 5105 2948 5160 de
2969 5121 3183 5177 genere
3211 5109 3568 5178 Aniciorum,

1940 5201 2049 5256 hoc
2071 5203 2157 5255 est
2173 5200 2314 5256 divae
2329 5199 2628 5256 memoriae
2646 5197 2838 5256 Carini
2855 5197 3242 5270 imperatoris,
3259 5207 3574 5260 noscuntur

1940 5294 2248 5366 progeniti,
2273 5297 2331 5348 et
2351 5294 2503 5348 intra
2523 5291 2727 5347 urbem
2747 5292 3016 5362 Romam,
3039 5293 3099 5350 in
3122 5299 3329 5367 quarta
3345 5297 3571 5353 decima

1941 5409 2210 5484 Christum
2231 5413 2401 5484 Deam
2418 5425 2604 5484 verum
2625 5409 2920 5484 colentibus
2945 5411 3219 5484 fratribus
3232 5429 3338 5484 per
3365 5428 3572 5468 omnem

1938 5482 2178 5544 Italiam,
2226 5483 2286 5534 in
2320 5481 2546 5535 Domino
2582 5495 2789 5536 omnem
2831 5483 3080 5538 salutem.
3127 5481 3321 5540 Omnia
3366 5498 3486 5551 quae
3536 5498 3574 5536 a

1937 5553 2172 5615 Sanctis,
2205 5566 2390 5621 usque
2425 5551 2500 5606 ad
2530 5555 2870 5624 sequentem
2902 5571 3150 5621 versum,
3179 5554 3572 5624 Scribimusut

1938 5624 2000 5696 in
2032 5624 2195 5696 gestis
2219 5619 2548 5696 inuenimus,
2575 5619 2707 5691 εἷα,
2743 5625 2950 5696 quibus
2985 5619 3228 5692 omissis,
3260 5619 3573 5680 resumitur

1942 5693 2125 5750 lectio.
2141 5709 2176 5750 a
2206 5693 2468 5768 sequenti
2493 5711 2738 5752 numero
2759 5693 2996 5770 'quarto.
