4036 6188
380 242 483 296 439

1165 236 1498 293 APPENDIX
1534 235 1621 291 AD
1658 233 1881 291 OPERA
1920 232 2154 289 SANCTI
2191 231 2490 305 GERMANI
2527 230 2953 290 PARJSIENSIS.

3631 239 3760 294 440

381 346 646 420 regione,
691 346 817 404 nati
858 350 1030 418 atque
1072 344 1258 402 edocti
1294 332 1631 415 probantur,
1672 339 2013 398 Dioclitiano
2036 351 2096 426 Α
2189 338 2506 396 Beatissimi
2526 355 2662 396 vero
2684 345 2968 412 martyres
2993 357 3227 399 ascenso
3250 343 3322 414 (α)
3344 342 3601 399 vehiculo
3620 345 3773 417 jun-

384 444 584 501 Romaa
628 442 973 515 imperante,
1019 443 1076 494 et
1108 431 1450 495 Maiimiano
1490 435 1747 508 partibus
1776 435 2012 508 lllyrici,

383 536 590 593 Carino
613 552 842 609 quoque
869 534 1022 588 intra
1051 531 1256 587 Gallias
1281 531 1431 586 bene
1461 533 1673 603 agente
1700 546 1841 602 erga
1864 528 2021 584 Chri-

388 632 623 699 stianos,
651 628 746 701 qui
767 644 883 682 non
905 628 1036 698 post
1058 627 1308 682 multum
1334 628 1568 697 tempus
1587 624 1891 680 defunctus
1912 625 2014 678 est.

384 728 520 781 Post
569 723 728 793 cujus
787 720 1009 778 obitum
1066 718 1488 775 sceleratissimi
1539 718 1912 775 Dioclitianus
1963 719 2023 773 et

384 816 753 877 Maximianus
790 830 895 886 per
937 830 1141 868 omnes
1179 812 1501 885 provincias
1545 813 1777 868 decreta
1818 828 2021 883 posue-

387 913 539 979 runt,
578 913 641 963 ut
673 908 767 963 ubi
808 906 1117 964 Christiani
1158 907 1575 975 invenirentur,
1614 907 1662 960 si
1702 905 2018 961 sacrificare

385 1005 846 1071 contemnerent,
862 1001 1097 1057 diversis
1108 1000 1292 1073 poenis
1309 1000 1744 1072 adﬂigerentur.
1759 1000 2020 1071 Cumque

385 1098 474 1155 his
491 1096 656 1152 dictis
669 1094 991 1152 beatissimi
1008 1097 1293 1167 martyres
1310 1094 1580 1152 Cantiani
1594 1093 1655 1149 in
1669 1094 1815 1149 urbe
1838 1094 2023 1148 Roma

384 1191 628 1247 fuissent
655 1190 854 1262 positi,
887 1188 1125 1245 consilio
1154 1188 1349 1244 habito
1378 1205 1510 1243 cum
1536 1188 1707 1243 beato
1737 1189 1930 1255 Proto,
1960 1189 2024 1241 ut

385 1285 647 1358 iniquam
663 1284 914 1339 vitarent
934 1282 1303 1350 sententiam,
1327 1282 1547 1354 praedia
1568 1299 1671 1337 sua
1691 1281 2021 1337 suburbano

384 1379 572 1452 posita
604 1377 709 1433 sub
752 1377 939 1449 specie
969 1376 1311 1432 visitationis
1346 1376 1587 1431 circuire
1622 1375 2018 1441 decreverunt.

459 1478 510 1529 3.
530 1470 639 1537 Qui
659 1471 868 1527 eodem
890 1473 1154 1542 tempore
1172 1469 1232 1525 in
1253 1470 1458 1525 urbem
1472 1469 1923 1541 Aquilegensem
1938 1485 2024 1522 re-

384 1567 673 1639 pedarunt
696 1581 709 1621 :
732 1564 793 1619 in
816 1581 930 1636 qua
949 1566 1087 1619 tunc
1108 1563 1387 1636 temporis
1407 1580 1525 1619 non
1546 1579 1723 1635 parva
1742 1579 1877 1619 rura
1897 1579 2024 1634 pos-

387 1660 672 1716 sidebant.
701 1659 815 1715 Sed
838 1659 973 1731 quia
993 1660 1191 1714 lumen
1213 1658 1273 1712 in
1294 1657 1552 1713 tenebris
1575 1659 1758 1713 latere
1779 1673 1898 1712 non
1917 1673 2020 1728 po-

2120 435 2222 490 ctis
2247 433 2533 503 mulabus,
2558 450 2690 489 cum
2712 435 2985 491 secedere
3008 434 3340 507 voluissent,
3364 440 3420 491 et
3441 453 3559 492 non
3579 438 3772 511 longe

2121 529 2192 584 ab
2222 528 2379 585 urbis
2405 528 2693 583 moenibus
2716 528 2829 584 iter
2858 533 3118 600 agerent,
3147 533 3204 584 et
3229 546 3410 586 unum
3435 530 3654 587 animal
3685 533 3773 587 de

2122 622 2437 694 subjunctis
2457 621 2644 678 subito
2667 622 2976 678 corruisset
2991 623 3049 677 in
3072 624 3198 679 loco
3220 624 3317 695 qui
3334 625 3657 695 appellatur
3673 625 3779 680 Ad

2119 719 2311 789 Aquas
2333 716 2632 785 Gradatas,
2655 716 2737 772 ita
2756 716 2914 773 illinc
2930 720 3063 772 sunt
3078 734 3112 773 a
3130 718 3592 790 persecutoribus
3607 736 3780 775 com-

2120 810 2411 882 prehensi.
2439 810 2606 875 Quod
2631 809 2851 866 factum
2887 828 3065 882 quam
3091 810 3408 882 gloriosum
3436 812 3508 867 sit
3530 816 3588 867 et
3615 830 3648 868 a
3673 812 3773 868 di-

2120 903 2356 969 vinitate
2408 903 2780 976 dispositum,
2831 904 3109 960 debemus
3158 905 3477 961 advertere.
3519 906 3776 978 Semper

2124 997 2280 1053 enim
2310 999 2460 1053 Deus
2496 1014 2640 1069 quos
2682 998 2876 1069 elegit,
2913 998 3076 1070 quasi
3109 997 3350 1053 victores
3384 1015 3517 1053 cum
3555 1000 3769 1055 subve-

2123 1092 2313 1147 ctione
2342 1089 2572 1146 sublimi
2594 1091 2654 1147 in
2683 1092 2875 1147 aulam
2895 1092 3064 1164 regni
3091 1092 3331 1148 cwlestis
3351 1092 3588 1148 inducit.
3612 1095 3767 1149 Nam

2123 1185 2267 1241 sicut
2290 1185 2480 1241 Helias
2505 1202 2638 1241 cum
2668 1185 2956 1258 adplicato
2986 1186 3270 1257 quadriga
3294 1186 3551 1242 ascendit
3565 1186 3626 1242 in
3645 1205 3769 1243 cae-

2123 1281 2264 1348 lum,
2298 1279 2380 1336 ita
2407 1283 2466 1334 et
2491 1279 2585 1335 isti
2604 1280 2864 1336 vehiculo
2886 1283 3084 1336 amoto
3106 1280 3181 1335 ad
3200 1280 3542 1353 martyrium
3562 1298 3771 1353 perve-

2125 1376 2367 1442 nerunt;
2401 1377 2461 1429 et
2489 1373 2773 1445 quadriga
2802 1374 2947 1429 sicut
2973 1374 3138 1429 illum
3166 1374 3348 1429 evexit
3369 1375 3445 1429 ad
3470 1375 3765 1447 requiem,

2124 1468 2204 1524 ita
2229 1471 2287 1522 et
2311 1468 2417 1524 hos
2435 1467 2780 1539 portavitad
2804 1468 3072 1539 gloriam.
3096 1469 3166 1524 Et
3186 1468 3446 1539 quamvis
3466 1468 3565 1523 illa
3582 1469 3770 1540 ignea

2125 1561 2407 1633 quadriga
2445 1561 2636 1629 fuerit,
2677 1562 2800 1616 haac
2840 1564 3039 1617 tamen
3071 1578 3189 1617 non
3221 1561 3463 1618 inferior
3489 1563 3769 1618 habenda

2124 1659 2235 1722 est;
2279 1655 2415 1726 quia
2454 1655 2550 1710 illa
2590 1672 2770 1710 unum
2812 1655 3059 1726 gestavit
3090 1656 3456 1727 prophetam,
3489 1657 3611 1710 haec
3640 1660 3772 1711 tres

386 1756 555 1823 terat,
576 1769 807 1809 necesse
830 1729 955 1808 erat
976 1754 1040 1806 ut
1060 1768 1159 1808 eos
1179 1751 1459 1807 Dominus
1480 1751 1554 1806 ad
1575 1749 1821 1823 gloriam
1841 1749 2024 1805 nomi-
2043 1729 2099 1801 Β
2124 1750 2409 1820 martyres
2447 1749 2804 1804 sustentavit.
2839 1748 2953 1805 Sed
2993 1748 3130 1804 dicit
3162 1748 3367 1821 aliquis
3402 1766 3416 1805 :
3448 1749 3772 1805 Gloriosius

389 1847 478 1902 nis
509 1847 596 1902 sui
628 1849 951 1903 coronaret.
972 1846 1232 1918 Cumque
1260 1845 1321 1899 in
1349 1844 1798 1916 Aquilegensem
1817 1844 2020 1899 urbem

385 1940 568 1997 sancti
610 1939 854 1995 fuissent
895 1938 1178 2010 ingressi,
1227 1937 1520 1994 duriorem
1563 1938 1843 1993 saevitiam
1885 1955 2025 2009 erga

387 2033 741 2090 Christianos
760 2033 1118 2106 repperiunt,
1139 2049 1316 2105 quam
1333 2032 1691 2104 reliquerant
1708 2033 1926 2087 Romae.
1940 2034 2025 2087 Ita

381 2127 541 2182 enim
570 2143 775 2182 omnes
800 2129 1133 2182 sanctorum
1152 2127 1240 2180 vel
1267 2126 1788 2197 confessorumpro
1811 2123 2023 2181 Christi

384 2220 624 2277 nomine
646 2220 955 2279 multitudo
976 2219 1037 2274 in
1066 2219 1307 2274 vinculis
1332 2235 1631 2274 carcerum
1659 2218 1919 2273 custodia
1945 2221 2028 2273 te-

389 2315 695 2381 nebantur,
723 2316 788 2369 ut
817 2312 1152 2369 enumerari
1179 2329 1296 2368 non
1321 2312 1665 2384 potuissent,
1694 2314 1903 2382 agente
1926 2310 2027 2365 sci-

385 2407 522 2462 licet
548 2406 807 2464 Dulcidio
836 2407 1104 2478 prazside,
1130 2423 1247 2461 una
1272 2422 1405 2461 cum
1436 2405 1687 2462 Sisinnio
1718 2405 1951 2460 comite.

459 2502 513 2556 4.
540 2500 856 2556 Audientes
882 2501 1081 2572 itaque
1112 2503 1340 2557 sanctos
1361 2499 1463 2555 Dei
1488 2498 1809 2567 advenisse,
1832 2498 2028 2554 statim

387 2594 636 2651 inveniri
660 2594 731 2649 ab
753 2594 1179 2666 apparitoribus
1203 2592 1707 2666 praecipiunturmt
1726 2592 1836 2647 diis
1857 2593 2029 2647 thura

386 2690 692 2761 ponerent.
721 2689 876 2745 Tunc
912 2687 1235 2744 beatissimi
1268 2691 1553 2758 martyres
1590 2685 1935 2758 aspicientes
1968 2685 2027 2740 in

389 2783 593 2837 caelum
624 2781 1051 2853 responderunt
1078 2797 1092 2836 :
1124 2782 1238 2836 Nos
1270 2779 1571 2836 dmmoniis
1595 2796 1714 2835 non
1745 2778 2027 2834 sacrifica-

388 2892 539 2943 mus,
564 2874 700 2946 quia
720 2875 997 2946 scriptum
1019 2877 1106 2929 est
1128 2891 1140 2930 :
1162 2875 1355 2930 Omnes
1378 2875 1460 2929 dii
1476 2876 1718 2943 gentium
1740 2874 2025 2937 (immania,

388 2971 648 3025 Dominus
680 2972 862 3023 autem
899 2969 1050 3025 caelos
1082 2968 1233 3035 fecit.
1268 2969 1337 3022 Et
1371 2967 1583 3022 iterum
1618 2984 1630 3022 :
1667 2967 1879 3021 Similes
1915 2967 2028 3021 illis

387 3065 526 3131 ﬁant
551 3062 647 3130 qui
669 3063 886 3128 faciunt
912 3077 995 3123 ea,
1027 3065 1078 3116 et
1107 3076 1287 3116 omnes
1313 3063 1409 3130 qui
1433 3060 1710 3130 conﬁdunt
1734 3062 1795 3115 in
1819 3062 1914 3115 eis.
1944 3061 2025 3114 Ite

390 3170 530 3225 ergo
558 3154 821 3209 nuntiate
847 3152 1047 3234 iniquo
1070 3153 1305 3225 praesidi
1329 3155 1538 3220 vestro,
1558 3168 1664 3209 nos
1684 3169 1789 3224 pro
1817 3152 2027 3208 Christi

387 3247 626 3302 nomine
652 3250 851 3319 optare
882 3246 1052 3315 mori,
1077 3263 1253 3319 quam
1280 3247 1352 3301 ab
1380 3247 1504 3318 ejus
1523 3246 1815 3302 mandatis
1836 3247 2028 3302 absce-

391 3341 549 3410 dere,
574 3340 708 3413 quia
737 3341 809 3395 ab
834 3339 970 3412 ipsis
1000 3340 1300 3396 cunabulis
1319 3340 1632 3396 Dominum
1651 3342 1846 3396 Jesum
1871 3340 2029 3396 Chri-

388 3438 543 3489 stum
582 3435 944 3490 conﬂtemur.
976 3434 1051 3488 At
1089 3434 1173 3489 illi
1209 3433 1519 3490 redeuntes
1548 3432 1781 3505 praesidi
1809 3435 1899 3489 vel
1927 3450 2024 3489 co-

388 3527 519 3583 miti
547 3529 873 3583 retulerunt
900 3527 1102 3583 omnia
1131 3544 1260 3599 quae
1291 3530 1455 3598 gesta
1479 3527 1730 3583 fuerant.

462 3620 655 3694 469
691 3623 846 3677 Tunc
884 3621 1176 3676 Dulcidius
1204 3638 1417 3693 praeses
1443 3632 1570 3677 'una
1606 3637 1739 3677 cum
1776 3619 2028 3676 Sisinnio

389 3713 603 3770 comite
623 3714 788 3769 valde
810 3715 1107 3783 commoti,
1132 3716 1311 3770 talem
1331 3715 1617 3770 dederunt
1631 3714 1814 3786 impio
1832 3714 2031 3770 Diocli-

390 3808 553 3865 tiano
588 3808 1020 3879 suggestionem
1056 3825 1069 3863 :
1104 3807 1378 3875 Piissimi,
1420 3808 1715 3863 subvenite
1755 3808 2030 3864 Romanis

390 3900 638 3971 legibus,
668 3916 773 3971 pro
812 3900 1018 3971 quibus
1059 3900 1255 3955 victrix
1289 3900 1523 3956 dextera
1557 3904 1746 3957 vestra
1774 3902 2030 3958 hostium

392 3993 640 4049 cervices
698 3992 957 4061 inclinat,
1016 3995 1074 4048 et
1128 3993 1236 4047 diis
1284 3993 1795 4065 omnipotentibus,
1847 3995 1945 4067 qui
1997 4012 2031 4051 a

394 4086 731 4144 Christianis
767 4089 1238 4155 contemnuntur,
1262 4087 1565 4158 juvamina
1600 4088 1873 4159 praebete.
1914 4089 2027 4143 Ad-

392 4184 677 4237 venerunt
715 4180 873 4236 enim
914 4184 1031 4236 tres
1069 4180 1337 4252 germani
1380 4198 1449 4235 ex
1488 4181 1628 4236 urbe
1670 4182 1872 4248 Roma,
1914 4198 2029 4237 uno

394 4276 593 4333 animo
622 4276 850 4332 fortiter
869 4276 1238 4343 reluctantes,
1258 4277 1317 4329 et
1332 4274 1524 4331 nescio
1548 4291 1723 4347 quem
1743 4274 2031 4331 Christum

392 4372 753 4439 conﬁtentes,
770 4374 829 4426 et
848 4372 1292 4433 contemnentes
1310 4370 1541 4425 decreta
1562 4370 1790 4442 pietatis
1806 4373 2026 4425 vestrm.

2046 3103 2101 3177 C

2122 1843 2366 1915 gestavit
2410 1842 2693 1915 quadriga
2731 1843 2923 1914 ignea,
2976 1859 3152 1913 quam
3199 1846 3447 1898 terrena.
3490 1845 3603 1899 Nec
3648 1843 3771 1898 hoc

2121 1938 2293 2009 plane
2325 1936 2509 1993 defuit
2546 1936 2757 1992 sanctis
2787 1936 2938 1991 viris.
2971 1937 3116 1991 Nam
3146 1935 3292 1991 sicut
3328 1935 3547 1991 Heliam
3584 1937 3772 2008 ignea

2123 2030 2406 2104 quadriga
2434 2030 2701 2103 portavit,
2732 2030 2814 2085 ita
2843 2032 2902 2085 et
2932 2032 3216 2102 martyres
3246 2030 3389 2085 ﬁdes
3419 2030 3591 2101 ignea
3626 2031 3769 2102 jam

2124 2124 2364 2180 ferebat.
2394 2125 2638 2179 Ferebat
2662 2124 2813 2192 illos,
2842 2123 3105 2195 inquam,
3134 2123 3409 2193 Christus,
3433 2126 3531 2196 qui
3559 2126 3770 2180 lumen

2126 2222 2231 2287 est,
2266 2217 2365 2290 qui
2391 2217 2545 2289 ignis
2574 2220 2677 2286 est,
2703 2217 2775 2273 de
2805 2234 2920 2289 quo
2949 2218 3223 2289 scriptum
3253 2221 3339 2273 est
3366 2235 3379 2273 :
3408 2222 3549 2274 Deus
3578 2223 3776 2275 noster

2123 2314 2267 2381 ignis
2293 2327 2609 2367 consumens
2641 2316 2736 2367 est.
2767 2313 2918 2382 Ergo
2948 2328 3077 2365 cum
3108 2312 3310 2367 beatos
3341 2312 3411 2367 de
3444 2312 3648 2384 quibus
3674 2313 3771 2368 lo-

2127 2405 2360 2477 quimur
2383 2407 2716 2476 persecutor
2746 2407 3037 2476 urgueret,
3064 2405 3389 2460 vehiculum
3409 2406 3773 2461 conscende-

2125 2503 2278 2554 runt.
2312 2499 2437 2563 Qua
2461 2498 2675 2555 causa?
2702 2501 2764 2553 ut
2801 2498 3114 2570 fugerent?
3149 2498 3329 2566 absit;
3360 2515 3479 2553 non
3508 2502 3571 2554 ut
3593 2499 3772 2570 fuge-

2126 2595 2276 2661 rent,
2311 2592 2412 2647 sed
2444 2595 2507 2645 ut
2537 2591 2611 2647 ad
2640 2590 2985 2663 martyrium
3015 2591 3179 2646 citius
3209 2591 3609 2662 pervenirent;
3643 2609 3774 2648 non

2127 2689 2191 2742 ut
2227 2687 2540 2754 latitarent,
2586 2684 2780 2757 470
2818 2684 2920 2740 sed
2957 2688 3018 2739 ut
3058 2701 3118 2740 se
3156 2684 3509 2741 Christianos
3546 2687 3777 2741 cunctis

2127 2778 2558 2834 transeuntibus
2587 2778 3049 2834 manifestarent.
3077 2779 3346 2834 Ceterum
3380 2780 3653 2834 occultius
3681 2780 3777 2834 in-

2128 2877 2217 2928 ter
2250 2874 2443 2945 plures
2468 2872 2529 2927 in
2558 2871 2785 2928 civitate
2822 2872 3002 2927 latere
3036 2875 3333 2944 poterant;
3362 2873 3462 2928 sed
3489 2873 3598 2929 hoc
3627 2890 3772 2945 ege-

2128 2969 2282 3035 runt,
2316 2969 2380 3022 ut
2416 2965 2590 3022 totius
2622 2966 2823 3038 populi
2862 2966 3056 3033 corda,
3099 2967 3239 3021 dum
3270 2983 3376 3038 per
3413 2966 3640 3023 diversa
3676 2968 3773 3022 fu-

2128 3060 2313 3133 giunt,
2346 3060 2553 3115 Christi
2584 3076 2780 3115 amore
2816 3060 3212 3115 flammentur.
3245 3061 3319 3115 At
3345 3077 3479 3116 vero
3512 3061 3612 3116 ubi
3641 3062 3780 3133 quis

2126 3154 2374 3210 vehiculi
2400 3154 2683 3225 adparata
2711 3153 3006 3225 disposito,
3030 3170 3135 3224 per
3163 3170 3439 3226 aggerem
3468 3154 3775 3226 publicum

2128 3246 2422 3321 graditur;
2451 3247 2567 3302 illic
2602 3264 2722 3303 non
2751 3248 2891 3318 fuga
2917 3246 3163 3303 dicenda
3189 3251 3293 3315 est,
3326 3248 3427 3302 sed
3452 3249 3774 3320 profectus.

2127 3341 2318 3398 Sancti
2338 3341 2497 3396 enim
2517 3340 2624 3395 viri
2649 3342 2758 3396 hoc
2778 3342 2950 3409 facto,
2973 3341 3129 3396 velut
3150 3341 3210 3396 in
3232 3340 3565 3414 triumphali
3587 3359 3769 3398 curru

2128 3435 2320 3507 positi,
2364 3435 2837 3491 contestabantur
2873 3435 3129 3490 dicentes
3163 3452 3176 3489 :
3205 3436 3368 3504 Ecce,
3410 3439 3772 3508 persecutor,

2129 3546 2257 3585 ecce
2283 3529 2719 3600 proficiscimur,
2744 3545 2875 3584 ecce
2904 3527 3302 3600 praecedimus.
3327 3529 3477 3593 Quid
3507 3530 3775 3585 resides?

2130 3623 2269 3695 quid
2295 3622 2580 3678 moraris?
2606 3623 2956 3695 subsequere
2985 3625 3182 3679 nostra
3200 3622 3460 3695 vestigia.
3484 3624 3767 3678 Nolumus

2131 3716 2288 3772 enim
2320 3716 2502 3771 videri
2531 3716 2693 3771 inviti
2735 3716 2867 3771 duci
2904 3716 2978 3771 ad
3016 3732 3269 3788 poenam,
3300 3715 3395 3789 qui
3436 3717 3767 3789 praecedere

2130 3827 2234 3865 nos
2262 3810 2605 3882 proﬁtemur
2628 3810 2703 3865 ad
2733 3809 3001 3881 gloriam.

2199 3905 2352 3959 Tunc
2385 3903 2667 3959 Sisinnius
2696 3903 2877 3959 comis
2910 3904 3031 3959 haec
3068 3903 3329 3971 audiens,
3355 3903 3527 3974 jussit
3559 3903 3771 3959 beatos

2129 4000 2412 4068 martyres
2441 3996 2886 4069 comprehendi;
2916 3997 3015 4067 qui
3047 3994 3226 4067 judex
3259 3997 3525 4052 hortatur
3552 4014 3675 4066 eos,
3708 4000 3777 4052 ut

2128 4090 2251 4147 Jovi
2276 4091 2447 4146 thura
2471 4090 2767 4146 offerrent.
2798 4089 3121 4146 Beatissimi
3148 4107 3282 4146 vero
3308 4090 3513 4146 famuli
3539 4090 3647 4145 Dei
3672 4108 3774 4146 ex-

2131 4187 2420 4239 secrantes
2448 4184 2716 4239 dixerunt
2740 4201 2799 4239 se
2827 4199 3149 4254 numquam
3178 4184 3480 4240 daemoniis
3503 4184 3778 4240 immola-

2130 4281 2308 4346 turos,
2333 4277 2435 4333 sed
2457 4277 2845 4348 omnipotenti
2863 4277 3106 4333 Domino
3133 4277 3230 4349 qui
3251 4277 3389 4333 fecit
3412 4278 3641 4346 caelum,
3661 4282 3779 4333 ter-

2130 4388 2276 4439 ram,
2314 4387 2475 4427 mare
2512 4374 2571 4426 et
2599 4370 2798 4426 omnia
2828 4387 2955 4442 quae
2994 4371 3053 4425 in
3089 4369 3171 4425 eis
3206 4374 3357 4425 sunt.
3390 4372 3537 4426 Nam
3572 4371 3777 4426 omnia

392 4467 555 4522 Unde
597 4465 735 4537 quid
764 4465 1024 4537 jussione
1057 4467 1247 4521 vestra
1287 4463 1673 4532 decreveritis,
1716 4464 2028 4519 decernite.
2052 4477 2112 4550 D
2134 4465 2309 4534 idola,
2332 4464 2446 4520 sive
2468 4464 2567 4537 qui
2585 4481 2654 4519 ea
2673 4465 2887 4531 colunt,
2911 4480 3042 4519 cum
3064 4463 3282 4519 eisdem
3303 4464 3470 4519 ibunt
3488 4464 3548 4518 in
3570 4464 3775 4535 ignem

394 4559 490 4613 His
516 4558 725 4613 auditis
745 4559 1215 4615 sceleratissimus
1244 4557 1614 4615 Dioclitianus
1632 4557 2034 4613 vehementius

396 4654 483 4705 est
508 4654 856 4719 commotus,
881 4655 939 4706 et
963 4652 1114 4707 hanc
1136 4652 1298 4707 dedit
1321 4652 1749 4720 auctoritatem,
1778 4653 1841 4704 ut
1870 4651 1919 4705 si
1943 4667 2030 4705 sa-

396 4742 651 4799 crificare
680 4743 1017 4811 noluissent,
1042 4744 1275 4816 capitali
1302 4745 1592 4801 sententia
1616 4745 2031 4816 plecterentur.

395 4837 653 4909 Cumque
674 4836 877 4908 iniqua
898 4836 1184 4890 sententia
1204 4837 1557 4906 pervenisset
1577 4838 1651 4892 ad
1668 4836 2035 4893 beatissimos

399 4933 700 5002 martyres,
732 4945 969 4985 ascenso
1000 4928 1262 4983 vehiculo
1291 4945 1406 4983 una
1431 4946 1561 4983 cum
1588 4930 1910 5002 paedagogo
1932 4947 2033 4985 suo

396 5024 567 5078 Proto
609 5041 676 5078 ex
717 5024 858 5079 urbe
900 5020 1286 5093 Aquilegense
1329 5022 1542 5092 egressi
1580 5025 1731 5091 sunt,
1779 5024 2034 5079 divinam

399 5115 754 5185 Scripturam
794 5116 1078 5171 habentes
1117 5130 1237 5187 prae
1272 5114 1468 5182 oculis,
1512 5131 1640 5187 qua:
1678 5116 1815 5171 dicit
1854 5134 1867 5173 :
1902 5118 2035 5173 Cum

388 5215 786 5279 persequentur
804 5225 895 5265 vos
916 5212 976 5264 in
1002 5211 1221 5265 civitate
1246 5210 1374 5272 ista,
1395 5211 1574 5278 fugite
1593 5211 1652 5264 in
1673 5211 1860 5265 aliam.
1884 5212 2037 5265 Nun-

396 5301 574 5357 tiatur
601 5318 740 5373 ergo
774 5302 1147 5374 iniquissimis
1178 5302 1471 5374 judicibus
1500 5305 1729 5359 sanctos
1763 5302 1866 5357 Dei
1899 5320 2033 5374 pro-

396 5411 649 5468 perasse.
672 5397 827 5450 Tunc
856 5395 1138 5452 Sisinnius
1164 5396 1345 5453 comis
1370 5415 1486 5454 una
1512 5414 1643 5453 cum
1672 5396 2031 5469 spiculatori-

395 5489 501 5545 bus
534 5506 601 5545 ex
626 5492 915 5563 praecepto
947 5487 1277 5563 impiissimi
1308 5490 1632 5548 Dioclitiani
1667 5489 2034 5565 imperatoris

394 5583 780 5658 subsequitur.

468 5728 540 5799 (α)
570 5730 699 5784 Hzec
722 5728 892 5785 verba
918 5746 987 5785 us

399 5799 759 5859 Ambrosium
784 5805 842 5859 et
860 5799 1437 5876 apudAugustinum.

2133 4562 2496 4631 perpetuum.
2510 4559 2664 4613 Tunc
2680 4557 2893 4630 impius
2910 4557 3193 4613 Sisinnius
3210 4558 3407 4625 comis,
3423 4559 3531 4613 hoc
3549 4558 3776 4625 audito,

2131 4651 2298 4707 valde
2336 4651 2514 4706 iratus
2559 4654 2664 4719 est,
2706 4653 2765 4705 et
2808 4650 3082 4722 praecepit
3125 4651 3580 4723 spiculatoribus,
3623 4655 3689 4705 ut
3728 4651 3777 4705 si

2131 4745 2253 4801 Jovi
2272 4745 2444 4799 thura
2464 4761 2583 4800 non
2607 4743 2902 4812 offerrent,
2927 4744 3118 4816 capita
3136 4745 3542 4816 plecterentur.
3559 4745 3785 4800 Beatis-

2133 4833 2264 4889 simi
2293 4849 2428 4888 vero
2461 4835 2744 4905 martyres
2774 4832 3040 4889 Cantiani
3069 4850 3186 4888 una
3212 4849 3341 4888 cum
3373 4835 3543 4889 Proto
3571 4834 3774 4905 paeda-

2132 4944 2285 4999 gogo
2318 4943 2419 4982 suo
2451 4927 2768 4998 gaudentes
2794 4930 2851 4982 et
2879 4928 3188 4998 psallentes
3214 4926 3573 4981 ducebantur
3599 4944 3634 4981 a
3660 4928 3773 4998 spi-

2133 5020 2500 5077 culatoribus.
2523 5021 2677 5075 Tunc
2697 5020 2857 5076 beati
2876 5021 3081 5076 famuli
3102 5020 3199 5076 Dei
3221 5020 3483 5091 expansis
3497 5019 3773 5075 manibus

2133 5115 2207 5170 ad
2241 5116 2442 5170 caelum
2472 5114 2794 5169 orationem
2822 5114 3100 5169 fuderunt
3133 5113 3208 5169 ad
3237 5113 3549 5169 Dominum
3573 5112 3774 5169 dicen-

2134 5211 2219 5263 tes
2238 5216 2257 5264 !
2275 5208 2515 5265 Domine
2534 5209 2563 5263 J
2567 5225 2668 5264 esu
2687 5207 2928 5276 Christe,
2952 5208 3052 5280 qui
3067 5207 3566 5279 perseverantibus
3587 5206 3644 5261 in
3669 5210 3773 5262 tuo

2135 5303 2371 5358 nomine
2406 5307 2465 5357 te
2506 5304 2731 5372 patrem
2766 5305 2824 5357 et
2860 5305 3113 5356 matrem
3156 5300 3343 5356 dixisti
3385 5316 3528 5367 esse,
3566 5304 3623 5354 et
3663 5316 3775 5371 pro

2133 5395 2545 5470 temporalibus
2582 5396 2798 5463 futura,
2835 5398 2895 5450 et
2931 5412 3035 5466 pro
3074 5394 3341 5467 perituris
3379 5397 3679 5465 perpetua,
3712 5398 3777 5448 et

2133 5507 2237 5563 pro
2251 5490 2462 5545 divitiis
2478 5488 2723 5544 terrenis
2740 5489 3133 5561 incorruptam
3145 5487 3325 5542 vitam
3337 5490 3615 5542 aeternam
3634 5502 3773 5541 cum

2134 5583 2406 5641 felicitate
2448 5583 2586 5639 dare
2626 5582 2941 5655 promisisti
2981 5599 2995 5639 :
3026 5585 3083 5637 te
3110 5582 3501 5649 obsecramus,
3532 5582 3779 5635 Amator

1070 5745 1101 5786 e
1135 5730 1205 5785 ad
1239 5731 1571 5804 sequentem
1606 5732 1930 5803 sectionem,
1963 5726 2157 5804 paucis
2197 5726 2614 5801 praetermissis,
2645 5729 2918 5801 leguntur
2959 5725 3019 5783 in
3056 5725 3283 5800 vulgato
3324 5739 3583 5785 sermone
3619 5723 3777 5796 apud
