3982 6190
181 313 279 368 -441

773 308 860 362 AD
897 306 1384 362 PRECEDENTIA
1419 307 1754 364 LlTURGIE
1792 307 2204 364 MONUMENTA
2239 263 2578 392 ᾸΡΡΕΝΒΙΧ
2613 313 2895 370 ALTERA.

3420 318 3525 376 442

198 433 333 492 pura:
345 413 711 483 conscientiae,
730 418 798 471 ut
810 414 1076 487 respicias
1090 415 1162 470 de
1180 413 1505 472 summitate
1520 417 1788 472 caelorum
1807 428 1868 503 Α
1885 415 2070 488 ligens
2096 416 2548 474 beatissimorum
2567 423 2886 492 martyrum
2909 438 3164 494 corpora,
3193 424 3440 482 condivit
3458 443 3524 483 ea

196 511 250 567 ad
276 510 409 566 hanc
432 509 649 580 horam,
677 512 745 564 ut
769 507 1039 581 suscipias
1061 508 1280 564 animas
1299 513 1520 566 nostras
1541 509 1604 566 in
1628 527 1787 585 pace,

195 609 238 662 et
259 603 395 659 inter
421 606 638 658 sanctos
660 603 878 658 Eiectos
903 607 1034 658 tuas
1061 603 1340 659 conlocari
1373 603 1688 676 prmeipias,
1725 610 1792 662 ut

192 700 496 770 cognoscant
519 712 716 751 omnes
751 696 884 768 quia
906 699 972 752 tu
997 711 1056 752 es
1091 697 1239 752 Deus
1275 695 1426 752 solus
1465 700 1522 752 et
1553 697 1786 754 benedi-

190 796 290 846 ctus
313 791 368 846 in
389 789 611 845 saecula.
641 791 708 845 Et
731 805 862 844 cum
899 789 1276 862 complessent
1309 789 1641 860 orationem,
1681 808 1788 863 po-

187 889 358 940 nentes
402 899 584 955 genua
626 887 994 955 susceperunt
1042 882 1316 955 gladium,
1358 887 1416 940 et
1453 888 1791 956 acceperunt

186 993 388 1033 coronas
409 976 820 1048 sempiternas:
865 981 921 1033 et
965 993 1090 1033 ecce
1130 977 1365 1049 sanguis
1399 993 1601 1034 eorum
1640 981 1787 1034 tam-

184 1087 330 1143 quam
351 1071 432 1126 lac
455 1069 718 1126 omnibus
742 1069 1064 1126 videntibus
1090 1071 1370 1143 apparuit.

237 1165 345 1229 Quo
373 1167 640 1252 tempore
667 1163 999 1221 venerabilis
1021 1164 1109 1221 vir
1133 1165 1330 1222 Zoelus
1356 1164 1653 1238 presbyter
1679 1166 1790 1223 col-

1890 511 2238 567 aromatibus
2275 511 2558 583 pretiosis,
2595 517 2651 568 et
2673 513 2734 569 in
2757 514 2940 570 loculo
2965 516 3293 574 conlocavit.
3338 520 3445 585 Qui
3469 525 3526 577 et

1887 603 2008 676 ipse
2033 609 2256 660 sanctus
2281 605 2480 661 Zoelus
2501 611 2633 677 post
2655 606 3010 680 aliquantum
3038 614 3264 682 tempus
3293 629 3522 687 suscep-

1888 697 2056 752 tionis
2091 713 2208 754 suae
2252 699 2360 754 hoc
2395 699 2592 756 ordine
2627 701 2878 772 perrexit
2911 703 2983 758 ad
3024 704 3342 761 Dominum.
3372 709 3524 764 Passi

1888 794 2022 846 sunt
2047 795 2240 848 autem
2262 791 2566 848 beatissimi
2582 799 2861 867 martyres
2875 796 3125 867 Cautius,
3145 799 3449 856 Cantianus
3469 806 3526 858 et

1887 883 2262 954 Cantianella,
2313 886 2496 957 pridie
2540 888 2658 942 Kal.
2699 889 2920 960 lunias,
2972 895 3246 963 regnante
3285 894 3521 950 Domino

1887 983 2082 1034 nostro
2127 980 2256 1034 Iesu
2299 978 2541 1050 Christo,
2587 981 2680 1035 cui
2715 985 2797 1037 est
2837 983 3034 1056 gloria,
3079 985 3260 1042 honor
3311 989 3369 1042 et
3414 1003 3518 1058 Ρο-

1886 1075 2057 1128 testas
2083 1072 2144 1128 in
2169 1073 2374 1130 saecula
2391 1073 2750 1143 stectilorum,
2777 1091 2964 1132 amen.

182 1355 3504 1398 Μ

803 1567 810 1572 ·
913 1523 1860 1642 APPENDIX
1973 1527 2772 1646 ALTERA.

176 1733 274 1832 In
371 1762 571 1864 quo
684 1734 1199 1836 variantes
1299 1737 1844 1868 scripturae
1942 1767 2269 1838 sacrae
2373 1740 2842 1840 lectiones
2940 1743 3518 1875 praecipuae

719 1909 846 1978 ea:
929 1876 1561 1979 Leetionario
1659 1875 2187 1981 Gallicano
2285 1880 2924 1983 exhibentur.

227 2201 391 2274 471
417 2199 704 2266 Quoniam
720 2215 1066 2273 magnopere
1078 2200 1464 2259 interestscire
1481 2201 1777 2276 antiquam
1795 2215 1852 2290 Β
1875 2205 2020 2276 ﬁlias
2035 2206 2332 2275 pharetrae,
2362 2205 2570 2277 Grece,
2601 2214 2721 2270 ἰοὺς.
2749 2205 3022 2277 Lection.,
3047 2207 3270 2279 phialas
3307 2207 3512 2278 phare-

171 2293 442 2367 Scriptura:
470 2310 649 2350 sacrae
673 2294 1012 2366 versionem,
1043 2311 1157 2368 qua
1183 2294 1387 2368 primis
1421 2297 1776 2370 temporibus

168 2391 334 2444 usaest
357 2387 650 2444 Gallicana
672 2388 924 2456 ecclesia,
955 2388 1083 2444 ideo
1109 2388 1202 2445 hic
1238 2390 1341 2446 sub
1373 2405 1490 2445 uno
1534 2407 1772 2464 conspe-

167 2485 242 2536 ctu
266 2481 547 2538 variantes
572 2481 902 2538 Lectionarii
927 2481 1302 2555 antiquissimi
1325 2483 1595 2540 lectiones
1629 2485 1771 2540 insi-

169 2574 359 2645 gniores
382 2576 604 2632 referre
633 2576 816 2632 visum
841 2580 925 2632 est
949 2593 1137 2648 opera:
1160 2577 1432 2649 pretium,
1481 2583 1548 2634 ut
1579 2594 1650 2634 ex
1683 2579 1772 2635 his

164 2668 248 2723 viri
270 2669 413 2724 docti
436 2685 607 2724 suam
634 2668 704 2724 de
731 2669 824 2724 illa
851 2669 1109 2726 versione
1152 2672 1488 2728 sententiam
1527 2676 1772 2729 statuere

161 2763 363 2835 possint.

216 2859 276 2914 Et
302 2858 494 2932 primo
534 2859 768 2930 quidem
815 2858 1130 2930 generatim
1171 2858 1586 2917 observandum
1619 2861 1769 2917 anti-

161 2969 307 3024 quam
330 2952 495 3009 illam
510 2951 833 3008 versionem
850 2951 1102 3025 Vulgata:
1124 2956 1332 3008 nostra:
1360 2953 1572 3026 passim
1594 2954 1772 3012 inhae-

160 3062 281 3116 rere,
307 3051 362 3103 et
381 3047 692 3118 plerasque
719 3045 991 3102 lectiones
1031 3045 1310 3103 variantes
1345 3047 1539 3119 potius
1582 3065 1652 3106 ex
1695 3049 1766 3105 li-

157 3139 452 3196 brariorum
479 3139 650 3213 genio
668 3139 756 3196 vel
777 3155 991 3210 errore,
1019 3156 1192 3212 quam
1217 3156 1288 3196 ex
1303 3140 1572 3198 versionis
1593 3141 1771 3214 ipsius

157 3232 510 3306 discrepantia
552 3233 906 3306 repetendas.
951 3233 1162 3290 Deinde
1187 3234 1286 3290 ubi
1323 3235 1503 3291 versio
1538 3235 1770 3310 antiqua

157 3325 319 3382 differt
358 3345 392 3382 a
433 3330 635 3382 nostra
685 3327 943 3398 Vulgata,
990 3343 1116 3382 eam
1155 3328 1382 3400 saepius,
1437 3345 1554 3384 non
1577 3333 1767 3386 tamen

157 3424 424 3494 perpetuo,
476 3435 613 3475 cum
661 3419 917 3476 versione
968 3420 1159 3476 Graeca
1207 3423 1528 3478 convenire.
1582 3423 1766 3480 Tertio

157 3513 432 3585 Scripturaa
473 3513 672 3582 libros,
703 3529 773 3570 ex
823 3513 1028 3586 quibus
1069 3514 1334 3571 lectiones
1373 3517 1438 3571 in
1474 3516 1764 3572 Lectiona-

154 3605 282 3662 rium
307 3611 573 3664 nostrum
592 3611 835 3680 accepta:
861 3611 1013 3677 sunt,
1033 3607 1136 3664 hos
1152 3608 1385 3664 omnino
1403 3625 1544 3680 esse,
1561 3625 1766 3682 nempe
1787 3581 1842 3657 Ο

152 3699 406 3773 Genesim,
444 3701 730 3772 Exodum,
768 3702 954 3773 Josue,
993 3701 1246 3773 Tobiam,
1291 3702 1504 3775 Iudith,
1544 3703 1762 3775 Esther,

154 3809 328 3851 omnes
363 3795 698 3868 prophetas,
749 3795 1000 3867 majores
1045 3811 1110 3850 ac
1153 3794 1422 3868 minores,
1469 3812 1540 3852 ex
1579 3797 1767 3853 Veteri

150 3887 524 3959 Testamento;
572 3905 642 3945 ex
685 3889 836 3946 Novo
887 3892 1100 3960 autem,
1156 3894 1400 3962 quatuor
1443 3890 1764 3963 Evangelia,

149 3983 294 4037 Actus
329 3977 739 4056 apostolorum,
787 3999 982 4038 omnes
1021 3983 1181 4039 Pauli
1219 3983 1514 4056 Epistolas,
1559 3988 1766 4056 printer

146 4089 297 4131 unam
319 4077 390 4133 ad
416 4076 828 4149 Philippenses,
857 4091 1054 4132 omnes
1078 4075 1409 4149 Catholicas,
1454 4081 1513 4134 et
1544 4079 1762 4151 Apoca-

146 4165 324 4240 lypsin.
357 4170 631 4243 Singulos
659 4186 730 4225 ex
755 4169 951 4226 ordine
971 4185 1390 4242 percurramus.

517 4269 584 4323 IN
622 4269 868 4323 VETERI
905 4268 1369 4324 TESTAMENTO.

202 4355 391 4412 Genus.
424 4373 525 4426 vn,
557 4359 642 4420 16,
672 4356 768 4411 ubi
795 4356 1006 4430 legitur
1029 4356 1092 4412 in
1117 4357 1371 4429 Vulgata,
1403 4360 1624 4415 inclusit
1645 4375 1764 4416 eum

141 4450 376 4506 Dominus
403 4451 637 4518 deforis,
658 4450 814 4506 addit
828 4449 1253 4506 Lectionarium'
1265 4452 1470 4520 deforis
1479 4454 1538 4507 in
1557 4468 1761 4516 arcam,

141 4543 274 4610 quod
316 4543 526 4599 melius
568 4544 757 4600 Graeco
805 4544 987 4600 textui
1021 4544 1343 4616 respondet,
1369 4551 1452 4600 καὶ
1473 4552 1658 4601 ἔκλεισε
1679 4552 1763 4610 τὴν

139 4633 324 4684 κιϐωτὸν
345 4636 520 4694 ἔξωθεν
549 4634 718 4686 αὐτοῦ.

198 4720 359 4778 Joer-z
399 4739 480 4793 1v,
534 4725 620 4790 19,
667 4723 868 4778 decimo
903 4723 991 4778 die
1028 4725 1226 4779 mensis
1257 4725 1450 4794 primi,
1482 4723 1764 4780 Lectiona-

137 4811 271 4868 n'um
307 4815 484 4871 habet
533 4816 735 4872 decimo
773 4832 971 4882 mense,
1013 4819 1200 4888 prima
1241 4818 1330 4872 die
1377 4820 1593 4881 mensis.
1638 4817 1764 4873 LXX

140 4905 378 4980 Vulgata:
402 4909 620 4966 favent.

192 5001 350 5058 issu:
380 5019 531 5071 XXVI,
573 5005 626 5073 6,
652 5019 772 5074 pes,
804 5004 969 5076 pedes
988 5005 1271 5076 pauperis.
1317 5003 1588 5074 Lection.,
1633 5002 1760 5058 abs-

136 5109 231 5164 que
265 5096 673 5168 geminatione,
697 5113 797 5168 pes
823 5099 1107 5168 pauperis.
1159 5098 1302 5168 LXX,
1347 5103 1504 5164 πόδες,
1562 5096 1758 5153 semel.

135 5185 282 5257 lhid.,
315 5205 474 5246 vers.
514 5193 598 5260 18,
639 5195 690 5246 et
723 5194 1036 5262 peperimus
1069 5193 1369 5262 spiritum:
1416 5191 1618 5247 salutes
1655 5205 1764 5247 non

131 5283 365 5355 fecimus,
395 5285 463 5338 in
487 5288 652 5340 terra.
680 5284 928 5341 Lection.
978 5301 1126 5356 vero,
1175 5285 1298 5340 sine
1345 5283 1759 5362 dispunctione,

129 5378 374 5444 spiritum
399 5379 598 5434 salutis
622 5394 730 5434 non
777 5381 1006 5448 fecimus
1043 5381 1102 5434 in
1158 5384 1324 5435 terra.
1372 5379 1496 5434 LXX
1515 5420 1529 5446 ,
1575 5383 1764 5449 πνεῦμα

129 5478 354 5542 σωτηρίας
379 5493 480 5526 σου
508 5477 814 5542 ἐποιησαμεν.
863 5472 1168 5544 CompluL,
1199 5480 1228 5529 ὃ
1249 5479 1479 5539 ἐποίησας
1505 5503 1574 5514 -—
1614 5472 1758 5544 .Cap.

131 5575 211 5632 LII,
243 5563 330 5634 14,
362 5565 450 5619 sic
478 5565 742 5633 inglorius
769 5568 892 5623 erit.
923 5565 1191 5639 Lection.,
1231 5569 1310 5624 sic
1333 5568 1620 5638 gloriosior
1637 5568 1758 5624 erit.

129 5652 259 5725 LXX,
287 5673 434 5713 cum
462 5658 718 5732 Vulgata,
744 5667 986 5727 ἀδοξήσει.

190 5748 389 5825 472
417 5751 612 5809 lenam.
635 5769 734 5821 xu,
767 5757 820 5822 7,
843 5757 904 5810 in
920 5771 1089 5812 manu
1114 5757 1454 5813 inimicorum
1482 5755 1760 5824 ejus.LXX

131 5849 280 5912 αὐτῆς,
309 5843 591 5920 Lection.,
609 5849 952 5907 inimicorum
969 5865 1225 5909 meorum.
1247 5882 1317 5894 —
1333 5851 1541 5909 Thren.
1563 5867 1646 5925 In,
1672 5853 1735 5908 13
1742 5891 1757 5922 ,

1782 4955 1842 5028 D

1875 2303 1992 2366 tm,
2015 2297 2159 2355 forte
2185 2298 2473 2356 mendose.

1913 2393 2144 2448 ~Ezacn.
2199 2389 2350 2461 LXlIl,
2403 2395 2494 2462 20,
2552 2399 2604 2450 et
2655 2409 2821 2464 super
2865 2409 3120 2450 coronam
3158 2397 3220 2450 in
3258 2396 3510 2460 circuitu,

1871 2485 2080 2554 Graece,
2118 2495 2276 2558 βασιν.
2321 2487 2592 2556 Lection.,
2629 2492 2680 2543 et
2724 2503 2889 2558 super
2917 2503 3124 2544 cornua
3159 2489 3220 2544 in
3257 2491 3507 2546 circuitu.

1871 2608 1942 2619 —-—
1966 2579 2100 2652 Cap.
2127 2595 2274 2648 XLIV,
2309 2583 2364 2648 3,
2394 2581 2449 2649 4,
2477 2582 2801 2649 egredietur.
2835 2584 2906 2637 Et
2957 2583 3204 2638 adduxit
3233 2598 3336 2646 me,
3379 2599 3512 2638 cum

1871 2671 2015 2727 LXX.
2057 2673 2326 2743 Lection.,
2368 2674 2695 2742 egredietur.
2729 2675 2821 2731 Sic
2861 2677 3000 2730 sicut
3038 2680 3118 2730 est
3153 2677 3363 2739 clausa,
3398 2678 3514 2732 Rea:

1873 2767 2129 2821 transivit
2144 2782 2249 2836 per
2276 2782 2413 2822 eam.
2439 2770 2511 2823 Et
2533 2768 2774 2822 adduxit
2800 2782 2903 2822 me.

1940 2859 2150 2914 DANIEL
2187 2875 2268 2923 ιιι,
2318 2863 2370 2923 1,
2413 2861 2904 2920 Nabuchodonosor
2944 2876 3044 2917 rea:
3059 2863 3208 2930 fecit.
3237 2861 3509 2933 Lection.,

1870 2967 2002 3008 cum
2043 2953 2190 3022 LXX,
2237 2967 2382 3008 anno
2415 2957 2600 3010 octavo
2645 2955 2846 3010 decimo
2884 2955 3375 3012 Nabuchodonosor
3413 2972 3513 3012 rem

1867 3047 2016 3114 fecit.
2051 3044 2215 3116 Ibid.,
2246 3062 2391 3102 vers.
2415 3049 2468 3114 6,
2505 3050 2592 3116 15,
2619 3050 2708 3118 20,
2747 3051 3024 3116 fornacem
3062 3050 3207 3117 ignis
3242 3049 3510 3116 ardentis,

1868 3139 2138 3209 Lection.,
2176 3155 2308 3194 cum
2346 3139 2491 3210 LXX,
2520 3139 2734 3213 ubique
2774 3141 2950 3198 habet
2986 3142 3288 3198 ardentem.
3345 3143 3508 3210 Ibid.,

1866 3248 2010 3290 vers.
2052 3233 2142 3301 94,
2180 3233 2473 3291 Sarabala.
2517 3233 2791 3303 Lection.,
2843 3251 2975 3290 cum
3020 3235 3167 3306 LXX,
3216 3237 3506 3293 sarabara.

1865 3326 2029 3396 Ibid.,
2074 3343 2218 3383 vers.
2265 3329 2353 3396 96,
2386 3330 2626 3398 positum
2667 3334 2745 3384 est
2776 3329 2872 3384 hoc
2900 3330 3192 3386 decretum.
3229 3329 3506 3398 Lection.,

1866 3435 1998 3475 cum
2020 3420 2166 3488 LXX,
2200 3422 2540 3490 propositum
2563 3425 2642 3476 est
2668 3422 2958 3477 decretum.
3011 3421 3174 3488 Ibid.,
3216 3437 3362 3476 vers.
3413 3425 3504 3490 97,

1867 3515 1956 3575 98,
1985 3515 2042 3568 in
2057 3515 2346 3583 provincia
2364 3513 2679 3582 Babylonis.
2700 3514 3210 3572 Nabuchodonosor.
3229 3513 3504 3582 Lection.,

1865 3608 1926 3661 in
1944 3607 2288 3676 provinciam
2311 3605 2632 3676 Babylonis,
2661 3611 2712 3662 et
2729 3609 2950 3679 scripsit
2975 3607 3266 3678 epistulam
3291 3609 3370 3662 sic
3385 3623 3508 3670 con-

1865 3701 2138 3756 tinentem.
2175 3699 2682 3770 Nabuchodonosor,
2707 3717 2838 3772 qua;
2876 3700 3046 3756 verba
3087 3700 3260 3756 etiam
3301 3700 3510 3757 desunt

1863 3793 2015 3864 apud
2038 3792 2184 3848 LXX.
2215 3823 2284 3833 —
2303 3792 2438 3865 Cap.
2471 3809 2545 3862 Ix,
2577 3793 2664 3861 14,
2697 3797 2748 3850 et
2772 3794 3025 3864 vigilavit
3047 3795 3310 3850 Dominus
3344 3810 3508 3865 super

1863 3887 2150 3942 malitiam.
2182 3886 2349 3942 Deest
2364 3901 2530 3958 super
2553 3888 2826 3943 malitiam
2855 3887 2915 3942 in
2939 3887 3310 3944 Lectionario.
3340 3887 3505 3958 Ibid.,

1863 3995 2006 4036 vers.
2061 3982 2153 4048 25,
2201 3981 2334 4036 scito
2377 3997 2501 4050 ergo
2541 3984 2594 4036 et
2628 3983 3019 4038 animadverte.
3063 3981 3317 4038 Lection.
3361 3982 3507 4040 Scito

1864 4088 2008 4142 ergo,
2035 4077 2086 4128 et
2106 4074 2309 4144 planta
2333 4089 2541 4139 aurem,
2569 4079 2622 4130 et
2650 4075 3042 4130 animadverte.

1934 4167 2076 4223 Ossa
2100 4183 2175 4232 Iv,
2201 4171 2287 4232 1⁸7,
2315 4169 2526 4224 dimitte
2554 4184 2692 4224 eum.
2717 4167 2986 4238 Lection.,
3017 4169 3251 4224 dimittet
3275 4184 3411 4224 eum.
3436 4200 3504 4210 -—

1862 4260 1993 4332 Cap.
2022 4277 2098 4330 v1,
2121 4264 2174 4331 6,
2204 4265 2255 4317 et
2280 4277 2389 4318 non
2406 4264 2750 4332 sacrificium,
2771 4277 2903 4316 cum
2929 4261 3053 4316 LXX
3077 4261 3324 4318 Lection.
3346 4278 3501 4333 vero,

1864 4357 1916 4408 et
1940 4369 2049 4408 non
2063 4355 2364 4423 judicium.

1931 4447 2064 4502 JOEL
2091 4463 2129 4516 I,
2163 4451 2248 4516 13,
2284 4449 2492 4503 libatio.
2522 4447 2796 4516 Lection.,
2817 4436 3037 4502 oblatio.
3061 4476 3129 4486 --
3153 4447 3288 4519 Cap.
3319 4463 3380 4518 ιι,
3409 4451 3500 4518 23,

1861 4529 2156 4595 serotinum
2199 4541 2339 4594 sicut
2377 4543 2438 4595 in
2822 4541 2939 4595 Vox
2993 4541 3135 4595 sicut
3178 4540 3335 4596 deest
3381 4558 3502 4596 non

1861 4633 2035 4690 semel
2058 4633 2120 4688 in
2145 4631 2512 4688 Lectionario.
2541 4632 2704 4703 Ibid.,
2731 4649 2878 4689 vers.
2905 4635 2997 4704 28,
3029 4636 3286 4706 spiritum
3304 4651 3498 4690 meum.

1861 4726 2132 4794 Lection.,
2161 4726 2226 4781 de
2251 4727 2453 4796 spiritu
2477 4741 2611 4794 meo,
2640 4743 2772 4782 cum
2796 4727 2942 4798 LXX,
2967 4731 3026 4784 et
3051 4726 3130 4783 sic
3154 4727 3296 4801 legit
3323 4728 3499 4785 Lucas

1861 4821 1982 4876 Act.
2008 4837 2072 4888 II,
2100 4821 2190 4876 47.
3317 4869 3319 4872 ι

1937 4915 2088 4969 Amos
2117 4929 2238 4981 VIII,
2269 4918 2322 4984 5,
2365 4915 2586 4985 quando
2628 4916 2886 4972 transibit
2918 4917 3138 4985 mensis,
3178 4930 3310 4970 cum
3352 4915 3499 4970 LXX.

1863 5007 2139 5078 Lection.,
2165 5010 2372 5076 messis,
2397 5007 2545 5064 forte
2572 5009 2863 5065 mendose.

1931 5102 2175 5158 qucn.
2233 5118 2316 5172 III,
2362 5104 2416 5173 3,
2463 5103 2664 5159 colabit
2706 5118 2812 5158 eos.
2849 5101 3120 5172 Lection.,
3163 5117 3296 5158 cum
3351 5101 3499 5174 LXX,

1818 5222 1828 5230 -
1861 5195 2114 5264 conflabit
2140 5210 2246 5266 eos,
2301 5195 2526 5254 rectius.
2579 5195 2740 5266 Ibid.,
2787 5209 2930 5250 vers.
2974 5197 3029 5266 8,
3073 5197 3391 5268 conﬁcimus
3429 5201 3498 5267 te,

1859 5304 1990 5344 cum
2016 5289 2161 5358 LXX,
2191 5305 2294 5361 pro
2323 5291 2637 5359 conﬁgimus
2687 5293 2756 5358 te,
2799 5288 2952 5360 quod
3003 5293 3087 5346 est
3129 5291 3192 5347 in
3235 5291 3496 5364 Vulgata.

1859 5382 2024 5453 Ibid.,
2055 5398 2198 5438 vers.
2244 5387 2330 5450 17,
2358 5388 2516 5438 erunt
2537 5384 2690 5438 mihi.
2720 5383 2993 5457 Lection.,
3027 5391 3188 5443 erunt
3214 5389 3351 5442 mihi
3379 5401 3500 5442 oves

1858 5493 2005 5534 mea.
2035 5507 2104 5518 —
2135 5476 2273 5548 Cap.
2306 5491 2381 5542 Iv,
2424 5479 2475 5540 1,
2513 5477 2740 5546 stipula.
2777 5479 3050 5551 Lection.,
3094 5483 3237 5537 sicut
3267 5481 3494 5551 stipula.

1860 5573 2029 5626 Deest
2053 5574 2248 5626 tamen
2273 5569 2396 5625 haec
2419 5569 2694 5642 particula
2715 5572 2866 5644 apud
2901 5574 3047 5648 LXX,
3073 5575 3205 5630 licet
3215 5569 3487 5628 subintel-

1859 5663 2091 5736 ligatur.

2283 5757 2352 5814 IN
2389 5757 2572 5816 NOVO
2609 5759 3072 5816 TESTAMENTO.

1933 5852 2144 5910 Marrn.
2174 5868 2250 5927 Vl,
2289 5856 2374 5927 11,
2403 5854 2997 5928 supersubstantialem.
3037 5849 3306 5916 Lection.,
3351 5850 3494 5910 Coti-
