3982 6190
402 281 502 341 443

410 393 674 464 dianam;
701 401 760 454 et
776 411 918 454 vels.
949 399 1040 462 20,
1079 399 1421 467 ewterminat,
1465 413 1570 470 pro
1609 397 1935 465 demolitur;
1981 401 2040 456 et
2057 406 2118 482 Α

324 540 340 547 -
408 505 556 546 vers.
581 493 672 562 23,
691 496 912 562 quanta:
931 495 1081 559 sunt,
1107 507 1213 563 pro
1231 497 1453 562 quantae
1475 497 1670 560 erunt;
1691 497 1748 549 et
1768 507 1915 548 vers.
1945 493 2036 562 25,

408 583 544 653 quid
567 585 924 648 manducetis,
952 590 1051 640 aut
1074 585 1210 655 quid
1230 586 1446 655 bibatis,
1465 602 1658 657 neque,
1678 602 1810 642 cum
1821 584 2035 654 Graeco,

407 693 514 748 pro
561 679 695 748 quid
725 679 1079 743 manducetis,
1134 695 1336 750 neque;
1396 683 1454 737 et
1495 696 1641 737 vers.
1683 683 1772 752 33,
1815 682 2040 750 quaerite

408 775 606 834 autem,
632 787 764 826 cum
787 772 998 840 Graaco,
1019 789 1124 844 pro
1157 777 1382 845 querite
1411 791 1630 843 ergo.—
1673 776 1806 848 Cap.
1849 791 2036 838 xxvm,

411 867 462 926 3,
489 869 540 919 et
560 867 877 921 vestimenta
900 867 1018 936 ejus
1043 868 1185 923 sicut
1207 871 1326 923 nim.
1359 869 1632 938 Lection.,
1667 871 2042 926 vestimentum

407 957 524 1026 ejus
549 958 846 1014 candidum
863 961 1006 1016 sicut
1026 963 1144 1025 uir,
1175 978 1307 1017 cum
1330 963 1540 1019 Graeco.

477 1049 672 1124 473
703 1053 875 1108 Mane.
905 1069 1014 1118 va,
1048 1055 1132 1124 14,
1159 1059 1520 1114 resurra'cisse
1539 1073 1648 1112 non
1671 1057 2036 1114 crediderunt.

407 1143 680 1216 Lection.,
712 1150 1076 1204 resurreaisse
1117 1151 1506 1206 nunciantibus
1531 1152 1646 1220 illis
1671 1168 1780 1208 non
1805 1151 2042 1207 credide-

408 1243 558 1294 runt.

475 1332 608 1403 Luc,
637 1347 696 1404 ιι,
725 1337 779 1404 2,
803 1351 837 1388 a
850 1337 1110 1404 praside.
1138 1336 1410 1408 Lection.,
1433 1340 1531 1394 sub
1552 1339 1885 1409 praeside.—
1902 1339 2038 1412 Cap.

407 1441 504 1495 x11,
525 1429 616 1496 31,
644 1430 868 1496 quaerite
885 1431 1146 1499 primum,
1177 1431 1341 1487 Deest
1368 1431 1427 1486 in
1455 1432 1724 1504 Lection.,
1761 1437 2040 1505 primum;

407 1523 462 1574 et
487 1519 549 1574 in
577 1519 803 1590 Graeco;
836 1521 1000 1590 ibid.,
1027 1538 1173 1579 vers.
1199 1524 1288 1594 43,
1318 1529 1526 1582 venerit
1548 1529 1832 1584 Dominus.
1876 1527 2044 1583 Addit

405 1611 674 1682 Lection.,
715 1615 886 1678 illius,
915 1632 1048 1671 cum
1075 1616 1285 1673 Graeco.
1316 1649 1386 1658 —
1409 1619 1542 1691 Cap.
1570 1637 1681 1691 xxv,
1737 1625 1822 1691 12,
1871 1637 2043 1691 neque

404 1708 607 1762 vicinos
633 1707 847 1764 divites.
876 1709 1145 1778 Lection.,
1175 1727 1348 1781 neque
1374 1715 1598 1777 vicinos,
1627 1729 1799 1784 neque
1825 1715 2037 1770 divites.

405 1799 514 1855 Sed
535 1800 888 1871 praeferenda
913 1802 1176 1874 Vulgata,
1205 1780 1298 1860 cui
1323 1803 1544 1885 Graecus
1570 1780 1756 1863 textus
1785 1807 1954 1864 favet.
1971 1839 2040 1850 ——
2060 1780 2116 1853 B

405 1892 542 1964 Cap.
569 1909 717 1964 xnv,
741 1895 830 1964 24,
860 1897 1042 1966 ipsum
1077 1914 1200 1953 vero
1223 1914 1346 1954 ‘non
1383 1901 1730 1956 invenerunt.
1767 1900 2038 1967 Lection.,

405 1987 586 2054 ipsum
611 2002 735 2043 vero
755 2003 865 2043 non
887 1990 1162 2058 viderunt,
1191 2007 1324 2047 cum
1351 1993 1564 2050 Graeco.

475 2079 639 2134 low.
675 2096 736 2150 ιι,
767 2085 854 2152 10,
891 2098 1012 2138 cum
1041 2085 1301 2140 inebriati
1320 2089 1554 2154 fuerint.
1585 2082 1833 2143 Lection.
1860 2088 2038 2160 addit,

405 2175 655 2229 convivae.
683 2204 752 2215 -
779 2175 912 2248 Cap.
939 2193 996 2247 x,
1032 2181 1119 2248 11,
1140 2181 1322 2248 ponit,
1351 2195 1484 2236 cum
1511 2181 1727 2250 Graeco,
1773 2198 1878 2253 pro
1918 2183 2036 2246 dat,

406 2265 560 2338 quod
583 2267 794 2339 legitur
819 2268 880 2324 in
904 2271 1160 2342 Vulgata.
1179 2303 1247 2312 ——
1273 2273 1406 2344 Cap.
1427 2289 1504 2340 ιι,
1541 2276 1626 2343 10,
1653 2275 1705 2329 si
1725 2279 1906 2330 autem
1935 2291 2046 2330 am-

407 2358 691 2415 bulaverit.
719 2361 987 2434 Lection.,
1019 2379 1151 2420 cum
1179 2366 1392 2434 Graeco,
1423 2369 1474 2422 si
1496 2369 1616 2436 quis
1665 2368 2042 2424 ambulaverit.

409 2481 478 2491 —-
503 2452 637 2524 cap.
667 2469 764 2518 xu,
801 2458 854 2525 6,
889 2458 1169 2526 portabat.
1213 2459 1484 2527 Lection.,
1531 2463 1873 2530 adportabat,
1916 2477 2046 2533 quas

405 2543 569 2600 lectio
617 2545 766 2603 favet
797 2548 1104 2605 doctissimi
1147 2551 1331 2607 Huetii
1382 2552 1866 2625 interpretationi,
1947 2555 2046 2626 qui

405 2638 644 2694 verbum
655 2647 908 2707 ἐϐάσταζεν
925 2643 1031 2698 hoc
1039 2644 1162 2700 loco
1181 2645 1252 2700 de
1266 2645 1419 2702 furto
1441 2645 1868 2718 interpretatur.
1891 2648 2045 2704 Idem

406 2747 550 2788 vers.
578 2735 632 2804 8,
661 2726 926 2790 habebitis
949 2735 1010 2791 in
1038 2737 1404 2809 Lectionario,
1434 2755 1537 2810 pro
1562 2739 1789 2796 habetis.

785 2843 852 2887 IN
891 2843 1148 2890 ACTIBUS
1189 2846 1668 2895 APOSTOLOBUM.

475 2922 610 2977 Acr.
638 2939 676 2992 1,
704 2925 760 2989 2,
775 2939 878 2994 per
903 2924 1171 2994 Spiritum
1197 2932 1446 2982 sanctum
1471 2927 1801 2998 quosjelegit,
1829 2941 2042 2983 assum-

401 3019 534 3083 ptus
557 3019 672 3070 est:
699 3017 894 3085 quibus
915 3022 966 3072 et
977 3019 1218 3087 praebuit
1241 3034 1316 3075 se.
1343 3019 1617 3090 Lection.,
1641 3036 1746 3090 per
1773 3019 2046 3090 Spiritum

407 3112 655 3163 sanctum
670 3109 977 3178 pradicare
1003 3112 1380 3180 Evangelium,
1395 3128 1529 3184 quos
1555 3117 1606 3169 et
1623 3114 1782 3182 elegit
1808 3127 1825 3162 :
1847 3115 2044 3184 quibus
2063 3143 2118 3218 Ο

408 3201 570 3256 etiam
586 3202 825 3271 praebuit
851 3216 925 3258 se.
955 3204 1098 3259 Tum
1119 3220 1264 3260 vers.
1307 3205 1340 3260 4
1364 3223 1379 3261 :
1423 3208 1496 3262 Et
1527 3222 1648 3262 cum
1696 3222 2041 3263 conversare-

408 3299 500 3348 tur
521 3309 643 3350 cum
664 3296 798 3360 illis,
818 3299 1079 3368 pracepit
1095 3301 1190 3354 eis.
1205 3299 1439 3363 Deinde,
1471 3300 1880 3371 baptizabimini
1915 3302 2040 3372 Spi-

405 3389 518 3442 ritu
536 3394 740 3453 sancto,
773 3405 930 3459 quem
953 3394 1230 3462 accepturi
1254 3395 1382 3448 estis
1409 3409 1520 3448 non
1547 3398 1677 3464 post
1717 3395 1914 3450 multos
1948 3396 2043 3451 hos

404 3482 614 3538 dies.-
629 3483 762 3554 Cap.
785 3501 846 3555 ιι,
867 3487 956 3554 33,
977 3486 1170 3542 videtis
1194 3489 1245 3541 et
1259 3487 1510 3555 auditis,
1530 3487 1701 3543 etiam
1725 3487 1788 3543 in
1813 3489 2039 3559 Graeco;

405 3579 470 3632 ut
497 3575 559 3631 in
586 3577 858 3648 Lection.,
879 3579 1101 3635 vidistis
1127 3585 1179 3637 et
1203 3581 1457 3636 audistis.
1473 3611 1543 3622 —
1562 3581 1696 3653 Cap.
1715 3598 1799 3652 ιιι,
1825 3585 1911 3653 12,
1937 3585 2044 3638 vir-

407 3673 520 3724 tute
543 3674 643 3725 aut
648 3675 914 3741 potestate
935 3691 952 3740 ;
973 3673 1034 3728 in
1050 3673 1322 3743 Lection.,
1338 3677 1540 3730 virtute
1558 3680 1609 3730 et
1615 3677 1825 3744 pietate
1843 3694 1862 3742 ;
1897 3677 2046 3732 Grae-

407 3761 505 3829 cis,
561 3769 800 3820 εὐσέϐεια.
855 3794 924 3806 -
974 3765 1110 3836 Cap.
1157 3783 1212 3834 v,
1263 3769 1352 3831 24,
1409 3770 1706 3838 principes.
1767 3769 2040 3840 Lection.,

401 3857 679 3926 princeps:
707 3857 916 3926 Graece,
947 3866 1114 3931 ἱερεὺς.
1148 3861 1287 3914 Item
1317 3875 1461 3916 vers.
1493 3863 1582 3928 36,
1612 3877 1716 3932 pro
1740 3864 1838 3932 qui
1859 3864 2042 3920 crede-

409 3948 558 4012 bant,
611 3949 854 4006 Lection.
877 3991 892 4019 ,
948 3954 1273 4022 quicumque
1324 3954 1642 4022 credebant;
1702 3955 1763 4010 in
1825 3956 2054 4025 Graeco,

405 4047 530 4098 ὅσοι.
559 4043 698 4098 Item
723 4059 867 4100 vers.
894 4045 986 4113 40,
1017 4045 1118 4100 ubi
1135 4045 1197 4101 in
1223 4045 1483 4118 Vulgata,
1506 4063 1573 4103 ne
1597 4050 1814 4104 omnino
1857 4050 2041 4120 loque-

403 4140 614 4206 rentur,
643 4137 991 4194 Lectionario
1029 4139 1185 4196 deest
1225 4143 1462 4204 omnino,
1501 4145 1568 4196 ut
1605 4141 1775 4198 etiam
1814 4143 2038 4198 Gracia.

405 4261 474 4270 —
503 4229 635 4302 Cap.
667 4248 743 4302 γι,
775 4235 861 4304 10,
888 4235 1092 4304 spiritu
1121 4236 1218 4304 qui
1247 4235 1585 4304 loquebatur.
1626 4235 1895 4304 Lection.,
1936 4253 2042 4307 quo

406 4325 744 4394 loquebatur,
773 4343 906 4382 cum
947 4327 1176 4384 Graecis.
1213 4329 1356 4384 Tum
1402 4344 1548 4384 vers.
1585 4332 1668 4399 13,
1715 4329 1883 4384 verba
1923 4331 2038 4386 bla-

403 4418 655 4487 sphemiae
680 4418 778 4490 (sic
800 4421 862 4476 in
897 4421 1106 4494 Graeco)
1157 4423 1420 4478 adversus
1465 4423 1637 4478 locum
1680 4427 1947 4487 sanctum,
1990 4429 2042 4478 et

1187 287 1522 345 APPENDIX
1555 286 1645 343 AD
1683 286 1905 342 OPERA
1941 284 2175 342 SANCTI
2210 286 2510 343 GERMANI
2547 286 2974 344 PABJSIENSIS.

3670 287 3775 360 444

2136 395 2257 453 haec
2285 412 2428 454 vers.
2459 400 2548 469 33,
2579 399 2750 454 omnis
2777 397 2965 454 domus
2990 395 3130 467 eius.
3149 395 3424 468 Lection.,
3449 411 3628 454 omnes
3651 397 3772 468 eius

2139 506 2272 548 cum
2295 491 2524 547 Graecis.

2620 591 2684 636 IN
2725 590 3044 636 EPISTOLIS
3086 591 3288 638 PAULI.

2209 677 2357 732 Rom.
2385 692 2502 748 vm,
2534 680 2588 748 3,
2614 677 2947 746 impossibile
2965 681 3082 732 erat
3107 678 3244 745 legi;
3263 677 3323 732 in
3342 675 3588 734 Lection.
3617 679 3774 748 legis,

2139 772 2205 826 ut
2228 769 2290 825 in
2313 770 2525 840 Graeco,
2553 777 2725 843 νομοῦ.
2773 771 2842 826 Et
2881 786 3027 826 vers.
3068 773 3154 841 16,
3192 773 3309 840 ipse
3349 772 3491 826 enim
3529 773 3780 842 spiritus.

2140 864 2305 921 Deest
2326 863 2389 918 in
2417 867 2660 937 utroque
2684 863 2961 936 particula
2988 865 3150 919 enim.
3175 864 3319 919 Tum
3346 880 3493 921 vers.
3529 868 3622 935 23,
3648 867 3783 936 ﬁlio-

2138 974 2262 1015 rum
2290 962 2407 1016 Dei.
2434 961 2603 1015 Deest
2625 957 2934 1030 utrobique
2959 960 3152 1014 Dei.—
3177 957 3314 1030 Cap.
3341 973 3438 1026 xv,
3467 961 3558 1029 22,
3589 965 3640 1014 et
3657 975 3785 1031 pro-

2141 1057 2343 1112 hibitus
2369 1070 2490 1110 sum
2512 1068 2684 1124 usque
2726 1053 2924 1108 adhuc.
2951 1052 3114 1109 Deest
3141 1051 3202 1109 in
3235 1051 3588 1108 Lectionario
3635 1058 3690 1109 et
3721 1053 3782 1110 in

2140 1151 2354 1206 Graeco.
2375 1147 2542 1218 Ibid.,
2569 1161 2718 1204 vers.
2732 1148 2824 1214 29,
2839 1146 3144 1215 Evangelii.
3171 1147 3337 1202 Deest
3357 1145 3420 1202 in
3443 1146 3780 1216 Lectionum,

2141 1258 2470 1317 quanquam
2497 1240 2742 1297 habetur
2769 1239 2832 1295 in
2857 1239 3072 1296 Graeco.

2213 1339 2235 1391 Ι
2263 1337 2398 1393 Con.
2431 1351 2530 1404 vn,
2558 1337 2648 1405 39,
2697 1334 2929 1389 liberata
2963 1337 3060 1388 est.
3093 1333 3343 1388 Lection.
3375 1331 3550 1404 addit,
3582 1351 3620 1389 a
3650 1336 3784 1404 lege.

2141 1459 2210 1472 -—
2239 1430 2374 1501 Cap.
2397 1445 2452 1499 x,
2479 1431 2566 1497 17,
2596 1427 2662 1482 de
2688 1442 2796 1482 uno
2819 1442 2967 1497 pane
2978 1428 3404 1498 participamus.
3423 1427 3696 1498 Lection.,
3717 1429 3786 1484 de

2142 1539 2250 1579 uno
2270 1537 2418 1594 pane
2446 1525 2498 1578 et
2533 1521 2601 1576 de
2623 1536 2732 1576 uno
2760 1520 2924 1576 calice
2948 1522 3212 1592 particip.
3257 1522 3319 1576 In
3352 1537 3500 1576 nova
3537 1521 3786 1577 editione

2141 1617 2334 1672 Graeca
2359 1613 2662 1672 Oxoniensi
2681 1613 2917 1686 quidam
2956 1613 3134 1668 Graeci
3169 1613 3400 1670 Codices
3435 1613 3513 1668 ita
3546 1614 3783 1671 habent.

2141 1741 2210 1752 --
2233 1710 2365 1781 Cap.
2412 1725 2506 1777 xv,
2555 1710 2647 1778 21,
2696 1708 2953 1777 quoniam
2996 1707 3232 1776 quidem,
3273 1721 3406 1762 cum
3441 1707 3678 1776 Graecis;
3729 1713 3794 1764 at

2139 1803 2414 1872 Lection.,
2444 1817 2562 1857 non
2589 1801 2786 1870 semel,
2819 1801 3077 1870 quoniam
3104 1801 3263 1856 enim.
3295 1799 3455 1868 Ibid.,
3497 1815 3644 1856 vers.
3693 1805 3790 1871 52,

2139 1901 2296 1953 canet
2331 1897 2475 1951 enim
2521 1895 2674 1951 tuba.
2709 1893 2874 1950 Deest
2898 1892 3118 1949 duobus
3165 1893 3228 1949 in
3269 1892 3406 1948 locis
3453 1893 3795 1950 Lectionarii

2141 1991 2294 2046 tuba.
2321 1989 2588 2044 Attamen
2609 1986 2912 2058 Gregorius
2933 1986 3277 2043 Turonensis
3320 1985 3632 2060 episcopus,
3651 1988 3794 2043 tuba

2141 2083 2281 2154 legit
2307 2083 2370 2138 in
2395 2081 2656 2137 Historiae
2683 2079 2780 2136 lib.
2814 2097 2849 2136 ιι
2878 2095 3002 2152 cap.
3037 2083 3123 2136 l3.

2214 2177 2413 2233 ΕΔΜ-ι’.
2442 2191 2498 2246 v,
2533 2177 2618 2245 13,
2649 2176 2933 2230 caritatem
2959 2175 3221 2244 spiritus;
3246 2173 3307 2229 in
3331 2173 3580 2230 Lection.
3629 2173 3799 2230 deest

2143 2271 2392 2340 spiritus,
2419 2268 2564 2324 sicut
2587 2267 2758 2323 etiam
2781 2267 2842 2322 in
2870 2267 3080 2323 Graeco.
3119 2265 3282 2336 Ibid.,
3319 2282 3462 2322 vers.
3492 2269 3584 2335 20,
3616 2267 3797 2323 here-

2143 2377 2247 2426 ses,
2273 2378 2378 2434 pro
2402 2366 2574 2418 sectae.
2600 2361 2764 2430 Ibid.,
2793 2375 2934 2416 vers.
2965 2363 3057 2431 22,
3087 2359 3148 2415 in
3189 2359 3535 2416 Lectionario
3566 2360 3800 2417 fructus

2144 2455 2374 2527 spiritus
2394 2458 2618 2511 tantum
2645 2454 2844 2510 decem
2861 2459 3240 2511 numerantur
3257 2455 3365 2510 hoc
3383 2454 3582 2511 ordine
3606 2473 3621 2511 :
3653 2456 3803 2514 Cha-

2142 2553 2302 2614 ritas,
2323 2549 2608 2618 gaudium,
2619 2563 2760 2619 pacc,
2783 2550 3081 2618 patientia,
3123 2549 3527 2617 longanimitas,
3550 2549 3799 2612 bonitas,

2147 2645 2473 2713 benignitas,
2497 2643 2652 2714 ﬁdes,
2677 2642 2962 2707 modestia,
2993 2644 3344 2698 continentia.
3373 2643 3436 2697 In
3457 2643 3650 2698 Graeco
3669 2647 3803 2698 tan-

2144 2740 2270 2792 tum
2289 2751 2516 2806 novem,
2544 2735 2642 2790 sed
2670 2742 2975 2808 μακροθνμια
2999 2735 3232 2806 ponitur
3270 2751 3376 2807 pro
3411 2737 3690 2807 patientia
3733 2741 3808 2793 et

2145 2831 2575 2900 longanimitate.
2604 2859 2674 2872 ———
2697 2829 2829 2901 Cap.
2859 2845 2932 2896 v1,
2969 2831 3055 2900 12,
3085 2830 3408 2900 quicumque
3425 2831 3587 2894 enim,
3631 2829 3808 2886 deest

2145 2925 2286 2979 enim
2307 2923 2368 2979 in
2394 2922 2748 2980 Lectionario
2773 2925 2832 2978 et
2854 2921 2916 2977 in
2945 2925 3106 2978 textu
3134 2923 3348 2978 Graeco.
3383 2922 3447 2980 ln
3482 2923 3808 2979 Oxoniensi

2146 3019 2339 3072 tamen
2367 3016 2612 3073 editione
2634 3015 2871 3089 quidam
2897 3015 3128 3072 Codices
3149 3019 3420 3074 notantur
3459 3032 3565 3090 pro
3604 3017 3802 3090 parti-

2145 3110 2270 3165 cula
2293 3118 2402 3182 γὰρ.

2213 3205 2410 3259 Epnas.
2457 3220 2533 3268 1v,
2565 3207 2654 3268 22,
2707 3205 3059 3275 adimpletur.
3100 3203 3376 3272 Lection.,
3419 3204 3686 3277 adimplet
3733 3207 3808 3262 in

2143 3295 2354 3352 Christo
2380 3299 2528 3362 Jesu,
2571 3300 2788 3370 Anceps
2833 3302 2919 3354 est
2950 3295 3317 3370 participium
3348 3298 3605 3354 Graecum
3652 3308 3794 3365 πλη-

2145 3398 2400 3464 ρουμένου.
2423 3421 2491 3431 -—
2516 3391 2648 3463 Cap.
2679 3408 2738 3462 ιι,
2769 3393 2860 3462 22,
2887 3394 2946 3446 in
2973 3393 3192 3462 spiritu.
3238 3391 3510 3460 Lection.,
3554 3394 3616 3448 in
3660 3393 3799 3464 Spi-

2141 3487 2256 3540 ritu
2283 3489 2489 3540 sancto.
2521 3487 2592 3540 At
2613 3489 2802 3541 sancto
2825 3485 3110 3542 redundat
3147 3485 3461 3542 secundum
3502 3487 3700 3542 Graeca
3735 3491 3806 3544 et

2141 3578 2508 3635 Ambrosium
2550 3581 2721 3651 atque
2748 3577 3176 3651 Hieronymum.
3205 3610 3274 3620 —-
3317 3579 3451 3652 Cap.
3490 3595 3546 3649 v,
3591 3583 3684 3649 18,
3731 3583 3800 3636 in

2143 3689 2249 3744 quo
2275 3677 2354 3729 est
2379 3673 2622 3728 luaturia.
2650 3671 2922 3744 Lection.,
2951 3675 3014 3728 in
3037 3688 3147 3743 quo,
3186 3678 3265 3729 est
3301 3676 3472 3729 omnis
3523 3674 3796 3740 luxuria;

2141 3765 2202 3820 in
2226 3767 2440 3834 Graeco,
2459 3764 2809 3838 simpliciter,
2838 3773 3044 3822 ἀσωτία.

2215 3861 2382 3915 Hann.
2411 3875 2486 3930 ιιι,
2517 3861 2570 3927 6,
2594 3860 2812 3929 placere
2839 3861 2965 3914 Deo.
2995 3859 3162 3916 Deest
3185 3863 3290 3915 Deo
3335 3859 3396 3914 in
3432 3859 3799 3916 Lectionario

2142 3955 2200 4009 et
2245 3952 2306 4008 in
2343 3957 2504 4008 textu
2546 3952 2758 4022 Graeco,
2803 3951 2979 4007 etiam
3023 3952 3176 4025 apud
3209 3952 3680 4026 Chrysostomum
3735 3958 3806 4011 et

2140 4045 2646 4118 TheOphylactum.
2718 4043 2881 4114 Ibid.,
2926 4061 3070 4102 vers.
3119 4049 3209 4116 21,
3262 4047 3552 4115 fastigium
3594 4049 3798 4116 virgae.

2141 4138 2412 4207 Lection.,
2437 4141 2747 4207 fastigium,
2775 4153 3030 4194 cacumen
3052 4141 3238 4208 virga,
3259 4138 3360 4194 ubi
3383 4139 3592 4212 duplex
3601 4141 3804 4196 versio

2139 4231 2289 4287 vocis
2312 4232 2519 4288 Graecae
2544 4238 2600 4288 τὸ
2626 4239 2792 4304 ἄκρον,
2821 4236 2886 4288 ut
2911 4231 3083 4288 etiam
3107 4232 3256 4288 infra
3279 4247 3426 4288 vers.
3456 4233 3525 4288 24
3565 4233 3630 4287 in
3680 4234 3799 4289 Le-

2139 4325 2409 4382 ctionario
2449 4327 2578 4389 dici,
2626 4340 2760 4390 esse,
2807 4342 2912 4398 pro
2948 4324 3138 4381 Graeco
3187 4332 3424 4396 λέγεσθαι.
3460 4325 3654 4382 Potius
3706 4332 3808 4384 est

2139 4419 2294 4492 quod
2317 4435 2462 4475 vers.
2492 4422 2562 4474 25
2589 4418 2802 4490 legitur
2824 4435 2956 4476 cum
2972 4419 3183 4491 Graeco,
3207 4420 3554 4490 temporalem
3571 4424 3812 4490 peccati

405 4513 592 4574 Deum,
623 4518 673 4568 et
702 4514 888 4583 legem,
923 4513 1022 4569 ubi
1052 4515 1263 4586 legitur
1289 4515 1350 4570 in
1369 4515 1624 4588 Vulgata,
1653 4517 1817 4572 verba
1841 4517 2038 4572 adver-
2056 4515 2555 4590 Djucunditatem,
2581 4528 2698 4567 non
2724 4514 3056 4583 temporalis,
3079 4517 3144 4568 ut
3171 4513 3232 4568 in
3258 4513 3527 4584 Vulgata;
3553 4517 3612 4568 et
3628 4529 3796 4570 vers.

404 4618 498 4656 sus
533 4605 704 4660 locum
725 4612 992 4671 sanctum,
1020 4613 1071 4664 et
1090 4609 1274 4677 legem.
1303 4639 1372 4650 --
1395 4609 1530 4681 Cap.
1557 4625 1653 4677 vn,
1697 4613 1786 4680 59,
1839 4611 2036 4666 obdor-

405 4697 560 4751 mivit
587 4699 647 4752 in
669 4701 913 4754 Domino.
940 4700 1188 4758 Lection.
1222 4703 1380 4758 deest
1402 4705 1462 4758 in
1485 4705 1731 4767 Domino,
1769 4703 1856 4758 uti
1885 4707 1942 4759 et
1977 4703 2040 4759 in

403 4790 700 4846 Grazco.—
725 4791 860 4862 Cap.
893 4809 990 4860 xu,
1019 4796 1073 4864 8,
1118 4796 1324 4864 caligas
1361 4801 1506 4851 tuas.
1549 4795 1820 4864 Lection.,
1864 4797 2030 4865 galli-

403 4885 554 4940 culas
573 4890 726 4954 tuas;
755 4885 982 4956 Grecis,
1008 4893 1069 4944 τὰ
1091 4893 1338 4944 σανδάλια.
1355 4889 1496 4944 Item
1511 4904 1656 4944 vers.
1689 4892 1774 4960 13,
1781 4891 2040 4961 pulsante

402 4985 581 5034 autem
609 4995 667 5034 eo
693 4982 890 5035 ostium
907 4981 1122 5050 januw,
1152 4984 1436 5051 processit,
1479 4987 1544 5038 ut
1587 4982 1646 5038 in
1680 4983 1891 5040 Graeco.
1932 4985 2038 5040 Le-

403 5072 597 5140 ction.,
629 5075 887 5142 pulsante
911 5078 1092 5130 autem
1122 5090 1202 5138 eo,
1229 5075 1306 5130 ad
1317 5076 1553 5145 januam
1571 5079 1852 5147 processit.
1897 5079 2040 5134 Tum

403 5181 548 5221 vers.
578 5166 664 5236 14,
692 5172 754 5221 ut
770 5170 1100 5235 cognovisset
1120 5185 1313 5225 nomen
1343 5171 1513 5236 Petri,
1547 5187 1653 5243 pro
1694 5175 1757 5227 ut
1797 5174 2042 5241 cognovit

402 5274 578 5314 vocem
604 5261 772 5324 Petri,
798 5261 972 5316 etiam
998 5263 1205 5320 Graece.
1235 5294 1303 5304 —
1325 5263 1464 5336 Cap.
1486 5280 1606 5334 xm,
1635 5267 1725 5332 20,
1769 5265 2038 5334 quadrin-

401 5355 581 5421 gintos
611 5359 662 5408 et
685 5356 1106 5424 quinquaginta,
1137 5360 1202 5412 ut
1225 5357 1286 5412 in
1332 5357 1543 5413 Graico.
1583 5340 1854 5426 Lection.,
1899 5373 2039 5427 qua-

405 5446 722 5514 dringentos
747 5453 799 5503 et
822 5449 1214 5519 quadraginta.
1241 5451 1384 5506 Tum
1411 5467 1556 5508 vers.
1585 5453 1674 5521 37,
1701 5452 1983 5507 suscitavit
2007 5467 2043 5506 a

400 5543 648 5597 mortuis.
675 5541 838 5598 Deest
863 5559 900 5599 a
922 5547 1148 5600 mortuis
1178 5544 1238 5600 in
1263 5543 1515 5601 Lection.
1545 5549 1602 5601 et
1628 5545 1690 5601 in
1719 5545 1932 5602 Graaco.
1972 5575 2042 5586 —

402 5635 536 5705 Cap.
574 5651 686 5702 xvx,
731 5640 820 5706 22,
857 5640 1114 5693 cucurrit.
1157 5636 1430 5706 Lection.,
1477 5641 1786 5706 concurrit;
1824 5639 2035 5709 Graece,

405 5735 684 5792 συνεπέστη.
731 5729 941 5784 Deinde
985 5729 1180 5801 4⁵74
1235 5744 1379 5784 vers.
1447 5731 1538 5797 24,
1593 5734 1820 5788 strinxit
1873 5733 2040 5802 ligno.

407 5817 681 5889 Lection.,
710 5823 771 5877 in
813 5821 982 5892 ligno,
1037 5838 1140 5894 pro
1188 5825 1248 5879 in
1292 5823 1536 5894 lignum;
1577 5831 1644 5888 εις
1662 5832 1717 5882 τὸ
1741 5831 1894 5890 ξύλον.
1961 5825 2046 5884 Ad

2137 4610 2228 4676 30,
2254 4611 2484 4662 ruerunt
2512 4607 2731 4661 circuiti
2755 4622 2889 4660 cum
2913 4607 3128 4676 Graeco,
3155 4605 3256 4662 ubi
3291 4607 3353 4662 in
3377 4607 3638 4678 Vulgata,
3669 4623 3802 4664 cor-

2137 4705 2368 4756 ruerunt
2394 4701 2648 4755 circuitu.
2676 4729 2746 4740 ——
2785 4699 2918 4771 Cap.
2949 4716 3068 4764 x111,
3102 4703 3155 4769 1,
3180 4703 3397 4756 maneat
3424 4701 3486 4754 in
3509 4700 3686 4756 vobis.
3718 4703 3804 4758 In

2136 4792 2484 4850 Lectionario
2504 4793 2662 4849 deest
2682 4795 2744 4848 in
2770 4793 2941 4861 vobis,
2971 4797 3140 4867 atque
3167 4793 3228 4849 in
3267 4794 3494 4864 Graeco;
3536 4798 3595 4850 et
3632 4810 3803 4851 vers.

2139 4891 2192 4958 9,
2224 4887 2482 4952 stabiliri,
2512 4903 2616 4959 pro
2643 4887 2907 4943 stabilire.

2551 4995 2616 5040 IN
2659 4992 2975 5040 EPISTOLIS
3016 4992 3360 5039 CANONICIS.

2211 5074 2334 5148 47
2346 5073 2404 5148 5
2417 5075 2608 5132 Jacom
2623 5090 2745 5148 cap.
2766 5091 2806 5146 ι,
2821 5077 2873 5146 8,
2893 5077 3209 5132 inconstans
3224 5079 3322 5131 est.
3341 5075 3510 5132 Deest
3519 5074 3583 5131 in
3595 5077 3822 5136 Lectio

2139 5169 2301 5226 nario
2325 5171 2384 5224 et
2411 5169 2473 5225 in
2497 5169 2689 5225 Graeco
2717 5173 2814 5225 est.
2841 5169 2996 5224 Vers.
3031 5171 3116 5240 11,
3159 5168 3466 5225 itineribus.
3504 5169 3822 5246 Lection.,

2139 5263 2450 5320 honoribus.
2499 5262 2755 5334 Vulgatae
2805 5261 3084 5318 consentit
3126 5265 3328 5318 textus
3372 5262 3634 5336 Graecus,
3683 5270 3836 5327 sed

2139 5361 2333 5414 tamen
2355 5355 2692 5412 Lectionarii
2715 5355 2950 5412 variatio
2976 5372 3095 5412 non
3118 5355 3444 5412 temnenda.
3492 5358 3650 5414 Vers.
3698 5363 3734 5416 i
3750 5365 3833 5420 8.

2140 5453 2445 5507 voluntarie
2502 5452 2664 5506 enim.
2711 5450 2880 5506 Deest
2922 5453 3064 5506 enim
3104 5449 3167 5505 in
3209 5449 3561 5506 Lectionario
3612 5457 3670 5508 et
3745 5456 3843 5516 in

2141 5545 2357 5615 Graeco,
2375 5547 2432 5600 et
2451 5560 2596 5600 vers.
2613 5545 2683 5600 26
2704 5543 2860 5600 deest
2885 5549 3066 5600 autem
3084 5543 3144 5599 in
3168 5547 3436 5616 utroque.
3452 5575 3524 5586 —
3542 5545 3682 5617 Cap.
3709 5564 3840 5623 nx,

2143 5641 2232 5707 12,
2257 5653 2411 5694 uvas.
2439 5637 2718 5705 Lection.,
2747 5653 2877 5692 cum
2897 5638 3108 5708 Graeco,
3141 5638 3333 5694 olivas.
3362 5668 3433 5680 —
3452 5639 3588 5710 Cap.
3626 5655 3694 5710 γ,
3758 5647 3844 5717 3,

2144 5731 2548 5788 thesaurizastis
2581 5731 2729 5788 vobis
2754 5732 2896 5786 iram
2915 5733 2974 5786 in
3001 5731 3190 5787 diebus
3212 5733 3538 5788 novissimis.
3565 5732 3842 5792 Lectio-

2144 5841 2292 5902 nar.,
2320 5841 2453 5884 cum
2479 5825 2691 5898 Graeco,
2722 5825 3104 5886 thesaurizatis
3129 5827 3190 5886 in
3225 5825 3416 5888 diebus
3450 5827 3846 5896 novissinu‘s.
