3982 6190
223 309 310 365 145

806 307 893 361 ΑΙ)
931 305 1415 363 ΡΒλΕΟΕΒΕΝΤΙΑ
1451 303 1781 362 LlTURGIAS

1906 303 2231 360 lNUMENTA
2267 302 2602 361 APPENDIX
2638 303 2920 361 ALTERA.

3441 305 3542 362 446

219 415 362 483 Ibid.,
413 430 550 470 vers.
607 416 702 482 12,
745 415 819 470 sit
862 418 1042 472 autem
1085 429 1256 471 sermo
1301 419 1494 477 vester,
1547 418 1653 478 est,
1709 416 1805 469 est.
1830 423 1891 497 Α
1911 412 2010 483 bis,
2047 412 2425 476 adulescentes,
2462 414 2717 484 quoniam
2751 413 2954 470 vicistis
2996 413 3317 484 malignum.
3359 410 3542 469 Scribe

215 509 464 576 Lection.,
488 510 562 564 sit
585 513 768 565 autem
789 513 1024 564 vestrum
1045 514 1141 574 est,
1167 512 1266 574 est,
1292 507 1384 564 cui
1407 506 1641 564 lectioni
1662 507 1814 563 Gra-

215 626 294 664 cus
317 611 494 664 textus
519 606 835 678 respondet
855 624 871 664 :
893 608 1029 671 ὐμῶν
1051 607 1108 656 τὸ
1131 607 1226 668 ναὶ,
1250 607 1346 668 ναὶ,
1376 605 1540 677 quasi
1559 605 1806 660 diceret:

218 705 439 760 Vestrum
462 705 558 765 est,
581 703 654 756 sit
681 705 778 764 est,
807 705 859 756 et
887 705 1124 757 vestrum
1148 715 1278 764 non,
1300 701 1373 772 sit
1400 715 1528 756 non.
1557 700 1674 754 Hoc
1703 701 1808 766 est,

211 794 378 866 inquit
413 795 702 861 Erasmus,
738 794 882 864 quod
919 795 1222 864 animatis,
1259 809 1380 849 vere
1421 795 1720 862 afﬁrmate;
1760 796 1812 847 et

207 889 332 960 quod
356 890 583 958 negatis,
621 902 744 944 vere
772 891 981 958 negate.
1016 889 1332 958 Perperam
1367 885 1560 957 itaque
1597 886 1657 940 in
1693 902 1809 941 une

206 981 392 1038 Codice
415 981 688 1037 editionis
717 980 1053 1038 Oxonicnsis
1081 980 1315 1036 additur
1343 979 1402 1034 in
1433 981 1628 1036 Graco
1652 981 1810 1036 textu

204 1076 227 1124 ι
247 1074 391 1136 λόγος.

261 1145 476 1236 lPsrni,
498 1167 829 1224 inscribitur
843 1167 936 1225 Ad
955 1167 1164 1231 Gentes,
1185 1183 1310 1240 cap.
1333 1183 1372 1236 ι,
1395 1171 1448 1236 6,
1471 1170 1524 1235 8,
1543 1167 1812 1223 exultabi-

201 1265 276 1318 tis.
305 1261 581 1329 Lection.,
611 1263 889 1325 exultans,
924 1277 1058 1317 cum
1092 1261 1321 1318 Gracis.
1362 1261 1529 1329 Ibid.,
1563 1277 1712 1317 vers.
1752 1265 1806 1328 7,

193 1357 460 1428 probatum
487 1361 679 1412 vestra
707 1356 839 1425 ﬁdei
861 1357 1030 1411 multo
1055 1358 1344 1426 pretiosius
1375 1359 1449 1412 sit
1478 1371 1635 1418 auro,
1663 1355 1810 1425 quod

191 1452 336 1521 perit,
356 1465 458 1521 per
481 1451 659 1520 ignem
677 1450 928 1520 probato,
949 1451 1013 1504 ut
1031 1447 1091 1504 in
1113 1450 1328 1505 Grace.
1355 1448 1519 1516 Ibid.,
1545 1464 1692 1503 vers.
1719 1451 1803 1516 10,

195 1545 278 1614 qui
296 1543 360 1599 de
382 1545 592 1611 futuris
617 1545 674 1598 in
698 1543 846 1599 vobis
871 1543 1109 1614 gaudiis,
1137 1559 1242 1615 pro
1271 1559 1385 1614 quo
1414 1542 1676 1614 Vulgata,
1712 1543 1809 1612 qui

195 1632 250 1687 de
267 1634 456 1700 futura
479 1635 543 1688 in
565 1633 713 1689 vobis
739 1634 953 1703 gratia;
981 1633 1059 1688 sic
1089 1632 1148 1687 in
1173 1633 1390 1687 Grace.
1412 1630 1561 1685 Alibi
1585 1629 1802 1685 Lectio-

196 1721 399 1776 narium
419 1721 715 1776 consentit
731 1737 864 1777 cum
881 1722 1142 1792 Vulgata.
1159 1723 1302 1776 Tum
1322 1721 1382 1775 in
1404 1719 1626 1776 duobus
1643 1719 1802 1788 locis,

1907 507 2074 570 vobis,
2101 508 2358 574 infantes,
2385 509 2517 578 quia
2543 509 2862 578 cognovistis
2894 509 3132 563 Patrem.
3161 507 3342 565 Scribe
3370 507 3540 570 vobis,

1901 605 2110 671 patres,
2137 602 2268 670 quia
2303 602 2640 672 cognovistis,
2669 616 2790 658 eum
2823 603 2921 672 qui
2951 601 3020 656 ab
3049 603 3205 656 initio
3232 607 3326 657 est.
3356 601 3541 658 Scribe

1907 695 2054 750 vobis
2079 694 2462 757 adulescentes,
2493 697 2625 765 quia
2660 695 2828 764 fortes
2855 697 3000 760 estis,
3033 699 3084 750 et
3113 696 3333 750 verbum
3363 696 3459 751 Dei
3482 696 3542 751 in

1907 788 2054 844 vobis
2081 793 2280 852 manet,
2313 793 2364 844 et
2392 789 2594 844 vicistis
2630 789 2952 859 malignum.
2974 820 3043 828 —
3064 789 3201 860 Cap.
3227 805 3308 855 ιιι,
3345 791 3429 856 11,
3455 788 3541 844 di-

1909 883 2114 952 ligatis.
2175 881 2467 950 Lectien.,
2523 899 2653 936 cum
2706 883 2935 950 Grace,
2993 877 3305 953 diligamus.
3371 881 3538 950 Ibid.,

1908 991 2052 1030 vers.
2086 977 2169 1042 13,
2207 977 2257 1029 si
2280 975 2398 1030 odit
2428 991 2522 1031 nos
2545 975 2796 1040 mundus,
2825 992 2940 1030 non
2970 991 3084 1040 vos,
3118 978 3181 1030 ut
3207 975 3268 1029 in
3298 975 3542 1045 Vulgata

1909 1068 2054 1123 etin
2087 1069 2302 1124 Graco.
2335 1067 2504 1136 Ibid.,
2536 1085 2685 1125 vers.
2719 1071 2802 1136 19,
2829 1071 3117 1126 suademus
3146 1086 3250 1142 pre
3284 1068 3537 1125 suadebi-

1907 1177 2052 1230 mus;
2086 1178 2290 1234 grace,
2313 1160 2561 1226 πείσομεν.
2595 1194 2662 1202 -
2683 1164 2820 1234 Cap.
2863 1179 2937 1230 IV,
2977 1166 3030 1232 3,
3067 1168 3118 1219 et
3154 1165 3239 1219 hic
3277 1166 3352 1219 est
3388 1165 3537 1218 anti-

1906 1258 2157 1320 christus,
2195 1256 2262 1311 de
2299 1271 2403 1326 quo
2436 1257 2690 1313 audistis.
2737 1256 3014 1324 Lection.,
3050 1261 3102 1313 et
3137 1259 3232 1312 hoc
3267 1261 3346 1313 est
3382 1257 3541 1312 Anti-

1905 1351 2154 1413 christus,
2177 1351 2321 1420 quod
2339 1350 2592 1406 audistis.
2617 1353 2699 1404 Ita
2723 1351 2935 1418 Graec,
2958 1350 3067 1406 nisi
3094 1351 3249 1422 quod
3270 1349 3329 1404 in
3351 1350 3537 1421 patrie

1907 1459 2039 1496 casu
2070 1443 2280 1514 legitur
2309 1441 2652 1508 ’Avnxplcnou.
2687 1443 2851 1511 Ibid.,
2878 1461 3024 1498 vers.
3058 1447 3143 1512 10,
3164 1459 3270 1499 non
3293 1446 3446 1514 quia,
3467 1442 3540 1491 ὅτι

1904 1535 1966 1590 in
2004 1537 2246 1606 Vulgata
2274 1552 2381 1591 non
2418 1539 2596 1607 quasi.
2635 1537 2876 1606 Deinde,
2917 1537 3082 1606 Ibid.,
3113 1541 3226 1617 ipse
3254 1539 3408 1608 prior
3449 1538 3537 1591 di-

1907 1629 2039 1683 tarit
2061 1644 2175 1683 nos.
2199 1629 2370 1683 Deest
2385 1632 2538 1700 prior
2561 1630 2622 1684 in
2641 1631 2894 1686 Lection.
2919 1635 2977 1686 et
2997 1631 3056 1685 in
3079 1631 3294 1686 Grace.
3315 1660 3384 1670 —-
3402 1631 3535 1702 Cap.

1906 1737 1958 1788 γ,
1991 1723 2044 1789 4,
2082 1725 2134 1788 5,
2164 1723 2350 1784 vincit,
2384 1725 2501 1788 ter;
2535 1723 2592 1775 in
2630 1722 2905 1791 Lection.,
2939 1723 3171 1795 ubique,
3203 1725 3351 1779 vicit.
3383 1724 3536 1778 Gra-

196 1831 318 1869 vers.
351 1818 438 1882 11,
479 1819 781 1872 scrutantes
817 1790 1054 1879 initium,
1092 1815 1236 1885 quod
1267 1815 1351 1870 vel
1377 1815 1539 1885 quale
1576 1818 1800 1885 tempus.
1824 1790 1882 1863 B
1905 1831 2037 1870 cum
2056 1813 2234 1869 habet
2253 1813 2310 1868 in
2335 1815 2586 1869 secunde
2608 1815 2734 1870 loco
2753 1790 3009 1873 νικήὰασα.
3037 1790 3203 1884 Ibid.,
3233 1833 3379 1871 vers.
3408 1822 3460 1883 7,
3484 1819 3537 1885 8,

195 1908 338 1976 Ibid.,
379 1924 533 1963 vers.
570 1911 658 1978 22,
691 1911 750 1964 in
789 1909 1092 1965 obedientia
1126 1909 1388 1964 caritatis.
1431 1907 1708 1975 Lection.,
1745 1909 1806 1962 in

195 2002 472 2058 obedientia
490 2005 761 2068 veritatis,
783 2020 915 2058 cum
937 2003 1225 2060 Graco.—
1243 2003 1379 2074 Cap.
1405 2019 1466 2070 ιι,
1489 2005 1542 2070 2,
1558 2003 1611 2058 si
1627 2005 1806 2057 tamen

193 2098 450 2165 gustastis,
478 2100 738 2167 quoniam
765 2097 938 2152 dulcis
960 2102 1040 2154 est
1059 2101 1334 2154 Dominus.
1365 2095 1642 2164 Lection.,
1669 2109 1802 2150 cum

194 2190 385 2258 Graeco,
420 2193 477 2246 si
519 2193 801 2260 gustastis,
833 2193 1087 2261 quoniam
1125 2192 1298 2247 dulcis
1327 2193 1600 2246 Dominus.
1634 2188 1800 2256 Ibid.,

195 2300 315 2338 vers.
341 2287 431 2350 21,
458 2299 568 2354 pro
595 2284 763 2348 vobis,
800 2286 863 2338 ut
895 2283 954 2338 in
991 2285 1220 2351 Grace;
1255 2300 1372 2338 non
1407 2299 1510 2355 pro
1538 2284 1708 2346 nobis,
1741 2286 1806 2337 ut

193 2376 239 2430 in
267 2377 531 2448 Vulgata.
569 2376 736 2444 Ibid.,
768 2393 914 2432 vers.
946 2380 1035 2444 25,
1071 2379 1422 2440 visitatarem,
1461 2392 1567 2448 pro
1601 2379 1802 2448 episco-

185 2486 395 2540 pum.—
410 2471 556 2542 Cap.
583 2487 663 2538 ιιι,
686 2473 739 2538 8,
754 2472 996 2527 modesti.
1016 2471 1188 2526 Deest
1203 2471 1262 2524 in
1284 2469 1644 2525 Lectionario
1665 2473 1724 2524 et
1742 2469 1801 2524 in

193 2564 382 2618 Grace.
402 2565 554 2620 Tum
577 2581 722 2619 vers.
756 2567 840 2632 18,
863 2567 1060 2620 nostris
1083 2563 1142 2618 in
1170 2566 1414 2635 utroque
1436 2563 1616 2618 deest.
1635 2562 1800 2631 Ibid.,

1902 1907 1985 1961 ita
2015 1907 2268 1962 Lection.
2305 1924 2318 1961 :
2357 1909 2497 1976 Quia
2539 1912 2644 1963 tres
2681 1913 2808 1964 sunt
2846 1910 2943 1979 qui
2987 1911 3347 1964 testimonium
3381 1911 3538 1974 dant,

1900 2003 2146 2072 spiritus,
2175 2017 2321 2070 aqua
2345 2005 2397 2056 et
2424 2004 2685 2071 sanguis;
2713 2006 2766 2058 et
2791 2005 2896 2057 tres
2920 2017 3088 2057 unum
3113 2007 3259 2058 sunt.
3287 2002 3436 2057 Nihil
3465 2003 3536 2058 de

1902 2093 2234 2148 testimonio
2245 2093 2423 2148 trium
2435 2111 2815 2165 personarum
2829 2094 3173 2150 divinarum.
3186 2095 3439 2168 Antiqua
3453 2099 3540 2150 est

1903 2186 2025 2240 hac
2053 2185 2308 2254 emissio,
2332 2203 2509 2258 quam
2533 2187 2916 2260 Hieronymus
2935 2189 2995 2243 in
3016 2189 3258 2261 prologo
3285 2189 3360 2245 ad
3386 2189 3541 2262 Epis-

1902 2280 2049 2334 tolas
2077 2279 2412 2348 canenicas,
2448 2281 2507 2335 in
2543 2281 2958 2337 recentioribus
2989 2282 3300 2338 Bibliorum
3331 2282 3536 2338 editio-

1903 2372 2089 2438 nibus,
2113 2373 2306 2428 nescio
2328 2390 2442 2444 qua
2463 2374 2534 2428 de
2556 2391 2747 2443 causa,
2767 2375 3046 2446 detracto,
3065 2397 3092 2427 «
3115 2377 3188 2432 ab
3209 2377 3540 2433 infidelibus

1902 2465 2342 2521 translatoribus
2375 2486 2401 2518 ι)
2442 2469 2656 2523 factam
2690 2473 3132 2537 commemorat,
3171 2471 3260 2524 his
3300 2471 3489 2526 verbis
3521 2488 3534 2527 :

1905 2559 2053 2612 «Est
2077 2559 2235 2614 enim
2257 2577 2374 2615 una
2395 2576 2596 2616 earum
2621 2561 2812 2633 prima
2829 2563 3046 2631 Jacobi,
3071 2564 3202 2619 dua
3225 2565 3400 2633 Petri,
3424 2568 3538 2620 tres

191 2656 293 2710 hac
316 2658 494 2712 verba
528 2657 807 2728 Vulgata,
836 2674 982 2712 vers.
1015 2660 1110 2725 22,
1143 2658 1441 2728 deglutiens
1471 2659 1714 2720 mortem,
1753 2660 1804 2711 et
1898 2651 2156 2720 Joannis,
2188 2654 2245 2707 et
2273 2653 2435 2708 Iuda
2472 2671 2606 2708 una.
2633 2655 2772 2720 Qua
2803 2656 2869 2722 si,
2906 2656 3051 2711 sicut
3077 2657 3149 2711 ab
3179 2657 3260 2710 eis
3298 2657 3537 2728 digesta

189 2753 293 2805 rita
318 2755 536 2806 eterna
563 2752 778 2807 heredes
805 2753 1142 2819 efﬁceremur,
1171 2749 1383 2805 desunt
1409 2749 1471 2803 in
1511 2748 1804 2804 Lectiona-

189 2844 260 2898 rio
285 2847 340 2899 et
356 2845 416 2900 in
441 2848 602 2900 textu
627 2845 842 2900 Grace.
871 2844 1133 2900 Citantur
1155 2846 1350 2898 tamen
1381 2860 1484 2914 pre
1513 2842 1624 2898 hec
1647 2841 1803 2898 addi-

187 2941 428 2994 tamenta
481 2937 720 3009 quidam
763 2936 1000 2994 Codices
1035 2937 1214 2992 Graeci
1257 2936 1317 2990 in
1357 2933 1612 2992 editione
1655 2935 1800 2991 Oxe-

187 3030 372 3087 niensi.
397 3062 474 3072 —
505 3031 642 3103 Cap.
667 3047 742 3099 ιν,
767 3031 822 3100 4,
853 3030 1222 3098 admirantur;
1245 3030 1306 3084 in
1336 3029 1614 3098 Lection.,
1645 3045 1799 3100 pere-

1903 2747 2054 2813 sunt,
2069 2743 2148 2799 ita
2166 2761 2395 2816 quoque
2415 2745 2486 2800 ab
2504 2746 2914 2818 interpretibus
2931 2747 3248 2803 fideliterin
3267 2750 3535 2805 Latinum

1902 2837 2599 2910 verterenturelequium;
2621 2857 2727 2894 nec
2747 2840 3190 2912 ambiguitatem
3212 2843 3537 2914 legentibus

1903 2931 2180 2998 facerent,
2195 2948 2302 2986 nec
2314 2949 2648 2987 sermonum
2661 2950 2720 2988 se
2733 2949 2793 2988 se
2806 2933 3082 2990 varietate
3098 2935 3534 3008 impugnarent,

1905 3024 2001 3080 ille
2021 3024 2308 3097 pracipue
2327 3027 2472 3094 loco,
2497 3025 2594 3082 ubi
2615 3026 2687 3082 de
2711 3027 2930 3083 unitate
2949 3027 3240 3084 Trinitatis
3261 3029 3320 3084 in
3347 3029 3538 3102 prima

187 3128 485 3194 gratantur,
508 3127 573 3179 ιιι
591 3125 652 3179 in
669 3125 885 3192 ϐτωεο,
903 3121 1168 3180 ξενίζονται.
1188 3123 1354 3192 Ibid.,
1369 3140 1512 3178 vers.
1535 3127 1618 3191 12,
1639 3123 1804 3178 nolite
1823 3154 1878 3229 Ο
1901 3118 2179 3229 lethan‘n‘is
2209 3118 2450 3190 epistola
2470 3120 2722 3224 positum
2743 3121 3012 3193 legimus.
3037 3125 3100 3177 In
3121 3139 3236 3195 qua
3261 3123 3438 3180 etiam
3465 3125 3537 3181 ab

182 3221 510 3289 peregrinari
542 3220 601 3273 in
636 3220 868 3286 fervore,
904 3220 1003 3288 qui
1040 3218 1117 3272 ad
1155 3219 1499 3273 tentationem
1539 3217 1688 3272 vobis
1716 3219 1800 3287 ﬁt,

186 3315 327 3382 quasi
341 3315 490 3368 novi.
513 3311 766 3366 Lection.
790 3310 953 3366 addit
971 3313 1099 3382 post
1120 3311 1269 3366 vobis
1286 3313 1381 3381 ﬁt:
1403 3311 1568 3366 nolite
1580 3324 1802 3381 pavere,

188 3410 448 3477 tamquam
469 3408 615 3461 nevi.
643 3404 983 3460 Minutulum
1009 3407 1096 3459 est
1121 3403 1295 3476 quod,
1317 3421 1462 3458 vers.
1488 3403 1574 3472 17,
1599 3407 1805 3476 tempus

188 3504 269 3561 est,
293 3499 458 3554 abest
485 3498 727 3553 verbum
755 3501 832 3554 est
857 3514 891 3552 a
919 3496 1281 3552 Lectionario
1308 3499 1367 3550 et
1391 3497 1604 3552 Graece.

248 3595 287 3648 ll
311 3595 503 3660 Pmr,
532 3609 657 3663 cap.
690 3608 764 3660 Iv,
791 3595 876 3660 17,
898 3590 1060 3645 deest
1084 3591 1142 3645 in
1167 3589 1527 3645 Lectionario
1547 3589 1803 3658 dilectus;

186 3690 234 3741 et
260 3691 457 3758 postea
485 3686 648 3740 deest
677 3685 875 3753 etiam,
901 3687 1077 3756 ipsum
1095 3684 1302 3752 audite,
1323 3682 1404 3738 uti
1430 3681 1565 3737 etin
1587 3683 1801 3738 Grace.

187 3779 484 3851 Gregorius
508 3777 854 3856 Turonensis
875 3778 1029 3832 hunc
1052 3777 1264 3843 locum,
1288 3792 1355 3831 ex
1374 3775 1707 3846 Evangelia,
1729 3791 1806 3830 an

187 3890 243 3927 ex
263 3873 414 3928 Petri
444 3871 719 3943 Epistola,
742 3872 920 3926 refert
938 3871 999 3925 in
1029 3869 1288 3924 Historia
1315 3869 1414 3924 lib.
1445 3884 1522 3937 v1,
1545 3885 1670 3940 cap.
1698 3869 1801 3924 40:

190 3988 212 4014 ι(
233 3967 394 4022 Certe
426 3967 474 4020 si
503 3965 788 4037 ebpilatas
814 3963 995 4020 habes
1021 3979 1190 4019 aures
1214 3965 1278 4018 ut
1303 3962 1413 4019 ista
1436 3979 1555 4018 non
1581 3961 1804 4031 audias,

183 4061 338 4116 crede
364 4059 646 4132 apostolis
668 4058 808 4130 quid
828 4057 887 4112 in
910 4060 1109 4113 mente
1132 4056 1440 4125 audierint,
1465 4057 1802 4112 cum-trans-

185 4155 452 4226 ﬁguratus
481 4155 642 4209 lesus
685 4151 744 4206 in
785 4151 972 4223 gloria
1007 4152 1343 4222 loqueretur
1370 4167 1502 4206 cum
1531 4151 1717 4221 Moyse
1750 4153 1808 4204 et

185 4248 309 4304 Elia.
339 4250 562 4319 Nempe
605 4245 676 4301 de
712 4245 864 4300 nube
903 4243 1206 4316 splendida
1233 4246 1402 4299 Pater
1436 4243 1519 4299 ait
1545 4260 1558 4298 :
1589 4246 1689 4300 Hic
1731 4249 1808 4298 est

183 4343 339 4399 Filius
364 4357 514 4398 meus
537 4342 868 4403 carissimus,
899 4341 1080 4410 ipsum
1103 4339 1306 4394 audite.
1336 4357 1364 4390 ››
1393 4337 1684 4409 Quidquid
1713 4337 1804 4406 sit,

185 4453 244 4490 ex
273 4437 398 4494 aliis
425 4435 568 4491 locis
597 4433 993 4504 intelligimus,
1029 4449 1147 4488 non
1177 4432 1346 4487 fixam
1378 4431 1633 4502 aliquam
1669 4448 1804 4487 cen-

1902 3211 2230 3267 inﬁdelibus
2251 3213 2689 3269 translatoribus
2708 3216 2957 3270 multum
2987 3221 3246 3272 erratum
3272 3235 3394 3274 esse
3417 3236 3452 3274 a
3477 3220 3540 3274 ﬂ-

1905 3303 1999 3368 dei
2028 3304 2266 3360 veritate
2295 3306 2707 3378 comperimus,
2735 3307 2910 3363 trium
2935 3311 3342 3367 tantummodo
3369 3329 3536 3368 voca-

1903 3397 2191 3464 bula,.hoc
2211 3401 2298 3452 est
2317 3415 2504 3470 aqua,
2525 3399 2842 3472 sanguinis,
2869 3405 2927 3457 et
2945 3401 3195 3474 spiritus,
3215 3403 3275 3458 in
3293 3403 3416 3475 ipsa
3436 3423 3540 3460 sua

1906 3493 2159 3548 editione
2183 3495 2564 3566 ponentibus;
2591 3499 2650 3550 et
2673 3498 2876 3567 Patris,
2900 3499 3183 3571 Verbique
3205 3517 3270 3555 ac
3296 3501 3539 3573 Spiritus

1906 3586 2308 3642 testimonium
2337 3588 2763 3657 emittentibus;
2793 3590 2852 3645 in
2881 3608 2994 3664 quo
3025 3593 3280 3648 maxime
3310 3598 3368 3649 et
3395 3595 3539 3650 ﬁdes

1905 3679 2186 3736 catholica
2231 3681 2558 3750 roboratur,
2597 3687 2656 3738 et
2687 3685 2872 3739 Patris
2909 3702 2975 3740 ac
3019 3685 3142 3741 Filii
3185 3703 3252 3741 ac
3296 3687 3540 3759 Spiritus

1905 3773 2087 3829 sancti
2107 3791 2222 3830 una
2247 3774 2567 3831 Divinitatis
2588 3777 2908 3834 substantia
2933 3780 3362 3851 comprobatur.
3384 3804 3412 3831 ››
3435 3783 3539 3838 Ne-

1906 3884 2199 3939 quaquam
2227 3885 2366 3941 erge
2396 3869 2612 3925 mirum
2633 3871 2817 3928 videri
2838 3872 3029 3942 debet,
3052 3874 3209 3945 quod
3238 3877 3392 3930 totus
3410 3893 3536 3932 ver-

1905 3978 2019 4029 sus,
2035 3961 2310 4034 septimus
2329 3961 2391 4018 in
2411 3967 2609 4020 nostro
2630 3957 2992 4022 Lectionario
3011 3967 3178 4036 desit,
3196 3985 3328 4024 cum
3347 3970 3542 4026 Hiere-

1907 4054 2067 4126 nymi
2087 4058 2353 4128 tempore
2369 4057 2480 4112 hoc
2500 4057 2558 4113 in
2581 4059 2708 4114 loco
2731 4059 3047 4116 deﬁcerent
3064 4061 3252 4117 Latini
3271 4063 3537 4120 Codices:

1907 4165 2154 4218 quorum
2193 4150 2586 4216 emissionem,
2625 4153 2696 4208 ab
2735 4153 3063 4209 inﬁdelibus
3100 4157 3540 4212 translatoribus

1905 4241 2138 4310 factam,
2160 4241 2266 4298 etsi
2287 4243 2370 4298 vir
2389 4247 2620 4298 sanctus
2639 4246 2938 4317 supplevit,
2959 4264 3075 4302 non
3094 4250 3289 4304 tamen
3308 4249 3538 4321 penitus
3654 4288 3665 4296 .

1907 4335 2187 4406 impedire
2208 4336 2394 4407 potuit
2411 4353 2527 4408 quo
2549 4338 2740 4392 minus
2751 4355 2818 4392 ex
2830 4339 3045 4394 vitiosis
3056 4341 3359 4396 Cedicibus
3379 4360 3542 4398 error

1905 4428 1966 4481 in
1993 4427 2134 4483 alios
2168 4433 2608 4502 propagaretur.
2641 4431 2858 4486 Bonam
2895 4432 3228 4506 Hieronymi
3259 4435 3435 4490 fidem
3475 4453 3540 4491 ac

186 4532 546 4600 stantemque
582 4527 641 4582 in
679 4526 948 4582 omnibus
985 4526 1315 4593 lectionem,
1357 4525 1458 4580 sed
1494 4525 1884 4599 aliquandeD
1907 4520 2150 4592 proinde
2176 4522 2490 4592 genuinam
2521 4522 2690 4594 hujus
2719 4523 2828 4579 loci
2859 4525 3167 4582 lectionem
3201 4531 3542 4601 comprobat

186 4622 395 4678 variam
419 4622 482 4676 in
513 4618 750 4676 diversis
777 4619 954 4676 etiam
977 4619 1286 4674 Galliarum
1312 4617 1574 4674 Ecclesiis
1603 4618 1806 4685 fuisse;

186 4715 292 4771 ime
322 4715 640 4787 aliquando
667 4714 726 4769 in
748 4731 865 4769 una
889 4711 1172 4780 Ecclesia;
1200 4711 1486 4784 siquidem
1517 4712 1577 4766 in
1609 4713 1808 4766 nostro

185 4808 536 4865 Lectionario
551 4825 658 4880 pro
675 4807 927 4863 secunda
943 4806 1036 4862 die
1053 4804 1441 4877 Rogatienum
1461 4805 1674 4878 legitur
1685 4805 1811 4876 Epi-

184 4905 322 4958 stela
359 4903 552 4975 prima
584 4901 756 4970 Petri,
787 4902 847 4956 in
877 4899 1164 4972 aliquibus
1193 4899 1454 4954 minutiis
1484 4899 1708 4954 diversa
1736 4899 1809 4954 ab

183 4996 288 5053 alia
307 4996 557 5052 lectione
585 4995 845 5068 ejusdem
873 4993 1066 5066 476
1092 4993 1380 5066 Epistola,
1404 5009 1534 5066 qua
1557 4992 1811 5066 prascri-

183 5089 332 5145 bitur
363 5091 422 5144 in
452 5089 632 5144 natali
658 5088 1079 5161 episcoporum.
1108 5119 1178 5128 —
1204 5088 1341 5159 Cap.
1374 5103 1435 5154 ιι,
1464 5088 1518 5154 4,
1550 5090 1606 5142 in
1632 5091 1808 5142 tarta-

180 5199 295 5238 rum
307 5184 547 5240 tradidit
555 5183 891 5246 cruciandos,
902 5182 1229 5252 injudicium
1240 5183 1508 5236 reservari
1511 5179 1782 5236 .Lectien.
1793 5222 1806 5246 ,

180 5279 234 5331 in
271 5282 546 5334 tartarum
581 5276 814 5333 tradidit
843 5278 903 5331 in
934 5275 1206 5346 judicium
1230 5276 1499 5330 cruciatus
1523 5275 1807 5329 reservari.

247 5372 270 5425 Ι
304 5371 468 5428 ΙοΑΝ.
513 5386 588 5438 1v,
628 5371 681 5440 4,
722 5375 784 5424 ut
818 5369 1122 5440 gaudeatis.
1159 5368 1331 5422 Deest
1371 5367 1428 5422 in
1465 5365 1718 5421 Lection.
1755 5368 1812 5419 et

181 5464 397 5520 Grace.
433 5463 599 5533 Ibid.,
640 5480 786 5518 vers.
827 5468 880 5530 7,
916 5461 1268 5526 ambulemus,
1311 5477 1430 5516 non
1475 5460 1812 5515 ambulamus

180 5558 410 5631 legitur.
432 5559 502 5613 Et
528 5575 674 5614 vers.
703 5561 756 5626 9,
773 5561 994 5629 peccata
1029 5560 1236 5613 nostra.
1269 5553 1442 5610 Deest
1465 5553 1525 5608 in
1555 5551 1807 5608 Lection.

179 5659 388 5716 nostra,
419 5654 575 5726 quod
603 5656 800 5709 tamen
827 5657 914 5708 est
943 5652 1001 5708 in
1034 5653 1248 5708 Grace.
1268 5681 1337 5692 -ο
1362 5650 1500 5722 Cap.
1521 5665 1582 5718 ιι,
1619 5649 1704 5717 14,
1731 5647 1812 5704 ita

182 5749 351 5804 lectio
389 5748 704 5805 instituitur
756 5749 814 5804 in
855 5747 1108 5804 Lection.
1149 5765 1162 5804 :
1197 5748 1379 5806 Scribe
1405 5746 1576 5810 vobis,
1604 5748 1810 5816 patres,

185 5844 434 5912 quoniam
458 5845 781 5914 cegnevistis
810 5858 928 5900 eum
965 5844 1063 5915 qui
1093 5843 1162 5898 ab
1191 5843 1348 5896 initio
1376 5843 1472 5896 est.
1503 5839 1684 5898 Scribe
1716 5853 1810 5893 vo-

1909 4613 2323 4669 illustrissimus
2350 4615 2530 4683 testis,
2555 4617 2716 4672 omni
2737 4618 3072 4690 exceptione
3095 4622 3302 4694 major,
3327 4641 3540 4696 nempe

1909 4724 2156 4778 magnus
2173 4708 2489 4780 Cyprianus
2519 4710 2578 4764 in
2609 4709 2756 4766 libre
2778 4711 2850 4766 de
2878 4712 3096 4770 unitate
3118 4716 3382 4772 Ecclesia
3407 4736 3420 4773 :
3445 4718 3542 4772 ubi

1911 4801 2019 4856 hoc
2037 4799 2483 4872 hemistichium,
2506 4807 2577 4860 Et
2594 4805 2655 4860 hi
2673 4809 2777 4862 tres
2799 4821 2966 4863 unum
2985 4813 3131 4873 sunt,
3154 4827 3225 4864 ex
3246 4810 3540 4882 Scriptura

1909 4899 2350 4965 commemorat,
2366 4896 2686 4970 divinisque
2707 4901 2970 4972 personis
2989 4902 3277 4960 attribuit:
3301 4925 3328 4954 ‹‹
3351 4905 3417 4958 Et
3439 4904 3542 4959 ite-

1909 5004 2038 5043 rum
2058 4987 2130 5043 de
2149 4990 2336 5058 Patre,
2352 4993 2410 5044 et
2427 4991 2586 5061 Filio,
2605 4996 2662 5047 et
2679 4993 2892 5066 Spiritu
2913 4999 3110 5051 sancte
3133 4997 3406 5068 scriptum
3423 5003 3506 5054 est
3523 5015 3536 5055 :

1909 5085 1978 5138 Et
2002 5084 2061 5138 hi
2079 5087 2184 5138 tres
2201 5099 2369 5139 unum
2385 5090 2530 5141 sunt.
2550 5086 2710 5141 Idem
2732 5087 2792 5142 in
2815 5088 3054 5159 epistola
3074 5088 3148 5145 ad
3171 5090 3539 5164 Jubaianum,

1909 5175 2157 5248 probare
2169 5178 2386 5246 volens,
2401 5179 2473 5233 ab
2491 5179 2774 5234 hareticis
2791 5181 3107 5252 baptizatos
3124 5201 3242 5240 non
3260 5201 3383 5241 esse
3401 5190 3542 5242 tem-

1909 5270 2069 5342 plum
2092 5270 2190 5326 Dei
2217 5287 2228 5326 :
2257 5292 2286 5321 ‹‹
2317 5271 2545 5340 Quare,
2569 5272 2774 5344 inquit,
2803 5275 2961 5346 cujus
2986 5277 3193 5334 Dci?...
3219 5278 3278 5335 Si
3298 5280 3542 5353 Spiritus

1911 5364 2112 5432 sancti,
2136 5380 2265 5419 cum
2288 5364 2476 5437 477
2493 5369 2609 5420 tres
2631 5383 2811 5422 unum
2829 5368 2960 5438 sint,
2981 5373 3277 5444 quomodo
3299 5373 3540 5447 Spiritus

1911 5460 2140 5512 sanctus
2168 5458 2424 5528 placatus
2461 5474 2584 5512 esse
2624 5459 2675 5514 ei
2705 5465 2914 5532 potest,
2947 5465 3046 5537 qui
3082 5469 3182 5522 aut
3208 5467 3409 5534 Patris,
3443 5469 3542 5520 aut

1912 5551 2036 5605 Filii
2061 5549 2328 5604 inimicus
2349 5551 2476 5606 est?
2495 5574 2522 5602 ››
2550 5554 2744 5625 Itaque
2771 5557 3042 5629 Cypriani
3061 5563 3344 5632 tempore,
3372 5558 3429 5611 id
3455 5560 3542 5612 est

1913 5643 2107 5698 medie
2139 5644 2344 5700 saculo
2373 5661 2455 5713 ιιι,
2489 5647 2660 5720 longe
2689 5653 2824 5705 ante
2856 5656 3055 5708 natam
3085 5650 3348 5706 haresim
3375 5651 3538 5706 Aria-

1914 5753 2074 5804 nam,
2101 5736 2183 5792 ita
2219 5736 2370 5793 hunc
2405 5740 2595 5796 locum
2625 5743 2858 5815 legebat
2894 5743 3226 5816 Cyprianus.
3255 5743 3540 5800 Eumdem

1913 5849 2048 5888 vere
2100 5831 2481 5905 Hieronymus
2529 5837 2681 5892 male
2723 5839 3032 5894 multatum
3083 5834 3347 5893 restituit.
3393 5837 3541 5905 Quin
