3982 6190
357 353 458 413 447

1155 351 1488 411 ΑΡΡΕΝΒΙΧ
1523 353 1610 408 ΑΙ)
1645 352 1868 407 OPEBA
1903 350 2136 406 SANCTI
2172 349 2470 405 GERMANI
2507 349 2935 406 PARISIENSIS.

3611 349 3720 406 448

355 467 532 522 etiam
589 465 666 522 ita
721 465 923 538 legisse
985 464 1209 519 videtur
1267 462 1646 517 Tertullianus
1712 461 1982 516 adversus
2005 459 2292 548 Aeadem
2319 458 2508 530 prima
2545 459 2786 531 epistola
2821 457 3128 527 Johannis,
3157 475 3280 530 cap.
3319 475 3414 526 vn,
3441 473 3587 512 vers.
3631 459 3718 526 12,

355 561 649 628 Praxeam,
679 561 736 614 in
768 561 890 614 haec
919 557 1113 624 verba,
1136 573 1260 627 cap.
1287 559 1354 610 25
1379 573 1390 610 :
1421 557 1736 611 «Ceterum
1760 554 1830 608 de
1851 571 1982 609 meo
2085 557 2182 623 qui
2207 569 2312 608 non
2338 554 2498 608 habet
2517 555 2712 622 ﬁlium,
2739 553 3014 620 Lection.,
3039 571 3168 609 cum
3191 554 3386 608 Graeco
3411 551 3576 606 addit
3597 554 3718 607 Dei.

359 659 568 722 sumet,
591 654 794 724 inquit,
825 653 966 706 sicut
991 651 1110 722 ipse
1140 652 1210 704 de
1235 650 1437 704 Patris.
1467 651 1550 704 lta
1579 665 1868 704 connexus
1887 651 1986 702 Pa-

359 748 460 802 tris
497 749 556 802 in
586 747 742 812 Filio,
772 749 828 798 et
857 744 978 798 Filii
1011 745 1068 797 in
1105 745 1421 810 Paracleto,
1454 747 1572 797 tres
1598 742 1774 796 efﬁcit
1803 742 1986 796 cohaz-

355 845 567 906 rentes,
604 841 848 894 alterum
885 855 950 892 ex
978 839 1179 906 altero,
1215 838 1314 908 qui
1341 841 1457 891 tres
1493 853 1672 891 unum
1703 835 1835 902 sint,
1869 852 1982 890 non

357 951 520 988 unus.
545 933 667 996 Quo
695 933 870 986 modo
905 931 1120 986 dictum
1153 935 1238 986 est
1267 948 1279 986 :
1313 935 1424 1001 Ego
1452 935 1502 984 et
1525 933 1686 984 Pater
1711 945 1876 983 unum
1901 944 1986 984 su-

353 1043 490 1090 mus,
517 1051 545 1076 n
576 1029 682 1080 etc.
709 1028 776 1080 Et
800 1027 902 1080 sub
929 1026 1108 1080 ﬁnem
1137 1025 1268 1078 libri
1292 1041 1304 1080 :
1333 1045 1360 1072 ‹‹
1385 1023 1547 1088 Quod
1568 1039 1710 1094 opus
1733 1023 1986 1093 Evange-

352 1121 432 1188 lii,
457 1138 586 1192 quze
616 1125 701 1176 est
729 1119 1050 1175 substantia
1069 1119 1208 1173 Novi
1226 1117 1596 1184 Testamenti,
1622 1119 1879 1170 statuens
1901 1117 1982 1170 le-

354 1231 488 1286 gem
511 1218 568 1270 et
587 1216 916 1286 prophetas,
933 1230 1111 1284 usque
1131 1213 1202 1267 ad
1216 1213 1560 1278 Johannem,
1577 1211 1620 1264 si
1645 1227 1760 1264 non
1779 1209 1982 1264 exinde

353 1311 522 1364 Pater
551 1313 608 1363 et
643 1309 812 1363 Filius
849 1311 906 1362 et
941 1306 1184 1378 Spiritus
1207 1309 1323 1360 tres
1359 1304 1560 1360 crediti
1587 1320 1768 1358 unum
1801 1304 1983 1356 Deum

353 1403 598 1458 sistunt?
640 1424 668 1452 »
705 1402 772 1456 Hi
815 1401 926 1456 duo
965 1400 1096 1466 loci,
1135 1399 1388 1454 maxime
1428 1399 1604 1470 prior,
1653 1399 1726 1452 ad
1761 1400 1982 1451 textum

353 1497 620 1568 Epistolas
657 1494 934 1551 Johannis
969 1493 1250 1565 respicere
1293 1493 1534 1546 videtur.
1567 1490 1854 1562 Quidquid
1891 1489 1979 1556 sit,

351 1593 522 1662 plana
561 1593 646 1644 est
691 1588 958 1660 Cypriani
1003 1592 1060 1642 et
1101 1585 1432 1656 Hieronymi
1480 1585 1808 1650 auctoritas,
1855 1599 1983 1653 quae

355 1689 596 1754 utraque
639 1683 899 1738 sufﬁcere
935 1683 1124 1752 potest
1161 1681 1234 1734 ad
1277 1678 1646 1733 asserendam
1687 1677 1819 1730 huic
1857 1677 1981 1730 loco

356 1777 776 1832 auctoritatem.
801 1775 895 1829 His
919 1777 1116 1828 tamen
1141 1772 1422 1827 accedunt
1445 1769 1776 1840 Fulgentius
1795 1769 1855 1823 in
1881 1769 1978 1823 lib.

2085 647 2228 702 Dein
2255 663 2400 700 vers.
2435 651 2497 700 15
2529 663 2541 701 :
2571 651 2642 702 Et
2665 649 2858 702 scimus
2883 651 3012 718 quia
3039 649 3196 703 audit
3217 663 3312 702 nos
3337 645 3598 716 quicquid
3615 661 3716 716 pe-

2087 743 2327 796 tierimus
2353 740 2514 794 deest
2545 741 2604 794 in
2635 740 2910 809 Lection.,
2943 743 3044 796 sed
3073 759 3188 796 non
3219 740 3276 794 in
3305 741 3518 794 Graeco.
3549 739 3718 804 lbid.,

2083 835 2418 905 postulamus
2429 853 2447 901 ;
2479 833 2732 888 Lection.
2761 837 3178 905 postulavimus,
3213 851 3344 889 cum
3374 835 3568 889 Graeco
3599 833 3721 889 ἠτή-

2085 943 2250 990 σαμιεν·
2293 929 2498 982 Postea
2534 943 2680 981 vers.
2727 930 2812 994 l6,
2853 933 2916 986 ut
2950 933 3098 998 roget
3131 931 3269 998 quis.
3312 927 3488 982 Abest
3523 931 3648 998 quis
3688 945 3724 982 a

2085 1019 2338 1075 Lection.
2369 1023 2428 1074 et
2457 1021 2670 1076 Graeco.
2702 1023 2844 1076 Tum
2869 1038 3013 1076 vers.
3053 1026 3136 1090 l7,
3162 1026 3438 1092 peccatum
3467 1023 3542 1076 ad
3571 1038 3720 1076 πιοτ-

2087 1116 2215 1180 tem;
2247 1113 2305 1167 in
2337 1113 2588 1168 Lection.
2615 1118 2672 1169 et
2701 1115 2915 1183 Graeco,
2941 1119 3219 1186 peccatum
3241 1131 3346 1170 non
3376 1115 3452 1170 ad
3473 1119 3718 1170 mortem.

2153 1208 2303 1261 Junn
2357 1224 2432 1274 ιν,
2485 1208 2539 1276 Ir,
2591 1211 2874 1264 Dominum
2915 1213 3154 1264 nostrum
3195 1212 3388 1264 Iesum.
3437 1209 3721 1278 Lection.,

2083 1303 2250 1356 Deum
2281 1305 2526 1356 nostrum
2563 1303 2764 1365 Jesum,
2807 1305 2864 1355 et
2907 1301 2966 1356 in
3006 1303 3222 1357 Graeco.
3269 1301 3434 1370 1bid.,
3477 1319 3622 1356 vers.
3663 1306 3720 1370 6,

2073 1393 2342 1463 judicium
2367 1397 2558 1464 magni
2583 1396 2710 1458 diei,
2739 1411 2870 1449 cum
2900 1395 3116 1451 Graeco.
3151 1396 3428 1466 Lection.,
3445 1397 3720 1465 judicium

2084 1488 2196 1542 diei
2229 1490 2416 1557 magni
2449 1491 2566 1543 Dei.
2601 1489 2814 1542 Rursus
2847 1505 2994 1542 vers.
3033 1492 3117 1556 ll,
3157 1491 3217 1544 in
3249 1491 3341 1543 via
3381 1491 3536 1552 Cain,
3575 1495 3624 1543 et
3661 1492 3720 1544 in

2083 1581 2517 1636 contradictione.
2569 1582 2742 1636 Deest
2783 1585 2842 1638 in
2885 1581 3138 1637 Lection.
3185 1585 3243 1636 et
3288 1583 3500 1637 Graeco.
3548 1583 3716 1648 lbid.,

2083 1691 2227 1728 vers.
2277 1677 2366 1740 21,
2415 1680 2779 1745 exspectantes
2825 1676 3250 1732 misericordiam
3289 1679 3506 1733 Domini
3549 1679 3726 1732 nostri

2081 1770 2204 1822 Jesu
2231 1769 2433 1825 Christi
2455 1771 2514 1822 in
2545 1771 2714 1824 vitam
2741 1773 3016 1825 aeternam.
3047 1771 3262 1824 Desunt
3293 1771 3416 1825 hzec
3443 1771 3618 1825 verba
3657 1771 3718 1824 in

355 1871 425 1924 de
443 1869 735 1934 Trinitate,
761 1869 950 1939 caput;
969 1865 1432 1932 VictorVitensis,
1453 1864 1628 1918 inlib.
1648 1881 1686 1917 ιι
1705 1863 1775 1917 de
1793 1845 2060 1918 Perse-B
2083 1859 2359 1928 Lection.,
2398 1861 2498 1916 sed
2534 1879 2652 1916 non
2683 1862 2741 1916 in
2786 1864 3000 1918 Graeco.
3039 1863 3318 1935 Denique,
3353 1881 3496 1918 vers.
3531 1865 3620 1932 2i,
3663 1867 3720 1918 in

354 1964 580 2018 cutione
608 1961 945 2026 Vandalica;
969 1959 1256 2032 Eugenius
1282 1956 1770 2029 Carthaginensis,
1795 1957 1852 2010 in
1877 1958 1981 2010 Ex-

351 2055 634 2128 positione
661 2055 800 2110 ﬁdei
821 2055 1136 2121 catholicaz,
1161 2057 1218 2106 et
1248 2053 1332 2124 (ut
1361 2051 1504 2106 alios
1537 2050 1820 2120 omittam)
1847 2051 1982 2104 Am-

2083 1956 2432 2018 emultatione,
2461 1957 2519 2010 in
2542 1957 2780 2011 adventu
2801 1959 3018 2012 Domini
3039 1960 3214 2013 nostri
3235 1961 3360 2014 Iesu
3389 1959 3590 2016 Christi
3611 1959 3724 2012 soli

2083 2051 2208 2111 Deo,
2253 2050 2360 2102 etc.
2400 2047 2676 2116 Lection.,
2719 2067 2849 2104 cum
2887 2052 3102 2120 Graeco,
3143 2054 3200 2106 in
3233 2052 3580 2116 exultatione,
3615 2052 3724 2106 soli

351 2150 576 2204 brosius
600 2149 969 2220 Autperthus,
1011 2148 1070 2201 in
1101 2147 1198 2201 lib.
1233 2163 1250 2200 1
1278 2161 1448 2216 super
1477 2143 1878 2215 Apocalypsin,
1911 2143 1986 2198 ad
2085 2144 2207 2196 Deo.
2239 2141 2368 2196 Haec
2397 2141 2458 2196 in
2489 2141 2780 2214 specimen
2809 2144 2962 2199 satis.

352 2245 506 2298 hunc
537 2258 765 2297 versum
795 2258 808 2297 :
840 2243 946 2310 Qui
979 2245 1056 2296 est
1095 2242 1239 2296 testis
1269 2239 1464 2308 ﬁdelis,
1500 2241 1606 2292 etc.
1645 2267 1714 2276 —
1749 2239 1894 2290 Item
1925 2236 1984 2289 in

351 2409 3710 2448 Μ

682 2623 2177 2808 SAGRAMENTARIUM
2343 2623 3402 2804 GALLICANUM

805 3038 1392 3188 LIBER
1499 2892 3254 3184 SAGRSZMENTORUM

1399 3303 1936 3382 ECCLESUE
2035 3303 2664 3380 GALLICANIE

1037 3496 1104 3574 A
1159 3490 1858 3574 MURATORIO
1927 3489 2048 3568 IN
2123 3488 2516 3570 LUCEM
2581 3489 3028 3572 EDITUM

1397 3631 1622 3736 (mussi
1663 3671 1884 3717 ITALICI
1927 3671 2080 3716 TOMI
2123 3672 2168 3730 ι,
2217 3673 2272 3715 Ρ.
2317 3657 2436 3716 273
2482 3655 2685 3734 saec.)

1597 3835 2490 3874 ψ·-

1333 3996 2034 4145 muratorii
2105 3995 2738 4168 praefatio.

427 4245 464 4296 l.
499 4243 651 4298 Ordo
683 4243 892 4310 missae,
927 4259 1100 4314 quem
1127 4260 1258 4298 mox
1291 4243 1678 4314 subjiciemus,
1707 4245 1862 4298 haud
1893 4243 2063 4298 dubie
2095 4245 2348 4315 pertinet
2377 4245 2450 4300 ad
2491 4244 2806 4316 Liturgiam
2839 4243 3210 4298 Gallicanam.
3247 4244 3500 4300 Primum
3541 4247 3726 4318 hujus

355 4333 436 4386 rei
468 4337 876 4404 argumentum
913 4333 1134 4388 desumi
1161 4337 1349 4404 potest
1374 4351 1440 4388 ex
1465 4334 1910 4390 Collectionibus
1935 4335 2068 4388 Post
2093 4335 2360 4402 Nomina,
2393 4335 2480 4390 Ad
2507 4337 2735 4402 Pacem,
2764 4337 2820 4388 et
2845 4351 2910 4387 ex
2937 4333 3208 4388 vocabulo
3240 4335 3724 4404 Contestationis,

355 4425 552 4494 quales
583 4427 734 4478 nota:
761 4423 822 4477 in
851 4440 984 4478 vera
1009 4423 1264 4506 Liturgia
1286 4423 1574 4478 Gallicana
1599 4423 2134 4494 deprehenduntur,
2157 4427 2219 4478 ut
2243 4425 2303 4479 in
2327 4441 2500 4496 opere
2529 4425 2598 4480 de
2627 4423 2882 4495 Liturgia
2905 4423 3194 4478 Gallicana
3221 4425 3598 4479 ostendimus.

423 4541 490 4594 ll.
521 4540 778 4594 Alterum
803 4543 1212 4612 argumentum
1239 4541 1455 4612 petitur
1481 4557 1548 4594 ex
1575 4541 1999 4608 convenientia,
2027 4557 2201 4612 quam
2231 4541 2408 4596 habet
2437 4541 2530 4596 hic
2561 4541 2712 4596 Ordo
2741 4557 2870 4594 cum
2895 4540 3098 4596 Missali
3129 4541 3386 4608 Gothico,
3417 4559 3518 4596 seu
3543 4543 3728 4598 Galli-

354 4643 499 4682 cano
537 4631 595 4681 et
631 4645 760 4683 cum
791 4629 1150 4685 Lectionario
1181 4631 1518 4686 Luxovicnsi
1559 4649 1592 4685 a
1631 4631 1798 4686 nobis
1833 4631 2022 4698 editis,
2061 4635 2124 4685 ut
2161 4631 2312 4686 facta
2347 4632 2780 4703 comparatione
2808 4631 2924 4686 suis
2960 4631 3098 4686 locis
3127 4631 3570 4686 observabimus.
3599 4633 3730 4688 Cur

353 4731 488 4770 vero
515 4716 574 4770 in
602 4718 868 4772 omnibus
896 4737 1014 4774 non
1045 4721 1366 4788 conveniat,
1399 4721 1637 4776 inferius
1673 4721 1878 4776 dicturi
1912 4737 2129 4776 sumus.
3325 4729 3330 4734 ’

424 4835 514 4888 III.
547 4835 802 4890 Tertium
829 4841 1238 4906 argumentum
1265 4839 1634 4910 suppeditant
1659 4842 1986 4895 sanctorum
2013 4842 2179 4909 festa,
2212 4857 2338 4911 quae
2370 4839 2712 4912 paucissima
2735 4841 2794 4895 in
2825 4843 2936 4896 hoc
2962 4841 3174 4896 Ordine
3201 4842 3546 4898 referuntur.
3583 4845 3734 4901 Haec

351 4923 498 4980 festa‘
526 4929 659 4980 sunt
689 4929 1018 4981 sanctorum
1051 4927 1329 4999 Stephani
1355 4930 1817 5001 protomartyris,
1849 4930 2046 4986 Jacobi
2075 4933 2132 4984 et
2158 4931 2396 4985 Joannis
2426 4931 2841 5000 apostolorum,
2871 4931 3174 4986 Cathedrae
3201 4932 3378 4986 sancti
3409 4933 3580 5000 Petri,
3615 4937 3740 4990 De.-

357 5014 656 5085 positionis
696 5033 796 5070 seu
833 5016 1259 5089 Assumptionis
1300 5018 1674 5074 sanctissimae
1714 5020 1982 5091 Virginis,
2025 5020 2374 5074 Inventionis
2411 5025 2622 5074 sancta:
2657 5021 2868 5088 Crucis,
2909 5021 3224 5076 Nativitatis
3261 5022 3442 5076 sancti
3473 5025 3738 5080 Joannis

355 5104 640 5174 Baptistae,
669 5106 1042 5178 ejusdemque
1071 5108 1387 5180 passionis;
1421 5111 1812 5181 apostolorum
1838 5109 1988 5165 Petri
2022 5113 2078 5164 et
2115 5111 2292 5176 Pauli,
2323 5110 2488 5164 Missa
2523 5111 2878 5182 Sigismundi
2905 5111 3076 5181 regis,
3109 5113 3318 5166 festum
3359 5113 3540 5166 sancti
3565 5113 3732 5169 Mar-

355 5191 458 5246 tini
488 5193 740 5266 epiSCOpi
771 5197 1134 5268 Turonensis,
1173 5201 1232 5252 et
1259 5199 1545 5254 Michaelis
1576 5201 1936 5271 archangeli;
1979 5201 2187 5271 quibus
2221 5201 2368 5255 adde
2399 5201 2652 5254 triduum
2685 5201 3076 5272 Rogationum
3109 5203 3244 5254 ante
3273 5201 3734 5260 Ascensionem.

353 5283 428 5336 Ex
461 5282 548 5336 his
585 5284 896 5353 peculiaria
925 5289 1098 5342 Gallis
1135 5292 1300 5344 erant
1331 5290 1508 5344 missa
1539 5291 1722 5344 sancti
1763 5289 2118 5360 Sigismundi
2156 5289 2498 5361 Burgundiaa
2529 5291 2701 5360 regis,
2740 5295 2796 5344 et
2831 5291 3040 5344 festum
3069 5291 3248 5344 sancti
3277 5291 3522 5356 Martini,
3555 5296 3738 5363 quod

355 5376 552 5426 tamen
592 5377 750 5428 extra
785 5375 1024 5431 Galliam
1064 5379 1380 5451 antiquitus
1415 5381 1696 5435 celebrari
1731 5381 1936 5450 potuit.
1968 5381 2054 5434 Ad
2091 5381 2212 5434 haec
2255 5380 2606 5450 Rogationes
2647 5381 2930 5434 triduante
2971 5383 3103 5434 ante
3143 5380 3544 5435 ascensionem
3581 5382 3740 5438 ritui

353 5461 644 5516 Gallicano
672 5465 1056 5534 conveniunt;
1085 5473 1142 5522 et
1169 5469 1458 5540 Depositio
1490 5487 1590 5524 seu
1625 5469 1952 5539 Assumptio
1987 5468 2240 5539 Deiparaa
2273 5469 2332 5523 in
2358 5469 2649 5536 Januario,
2683 5469 2998 5541 itidemque
3035 5469 3322 5524 Cathedra
3349 5471 3532 5524 sancti
3561 5472 3740 5528 Petri

353 5551 410 5604 in
444 5551 552 5606 hoc
585 5551 796 5610 Ordine
833 5557 1040 5611 eodem
1077 5575 1299 5626 mense,
1341 5561 1424 5613 uti
1461 5563 1518 5614 et
1557 5560 1614 5614 in
1655 5559 1894 5614 Gothico
1939 5561 1998 5614 et
2035 5559 2095 5614 in
2137 5559 2495 5616 Lectionario
2528 5559 2864 5616 Luxoviensi
2905 5559 3290 5630 assignantur.
3333 5561 3624 5615 Praeterea
3665 5562 3742 5618 in

327 5641 582 5698 'Canone
610 5643 676 5698 ﬁt
700 5649 1177 5704 commemoratio
1209 5649 1394 5703 sancti
1425 5649 1640 5704 Hilarii.

393 5811 638 5908 “Egnati
653 5815 1169 5908 “Simian—(iungaris
1183 5816 1783 5908 ‘liittlurgiin
1816 5819 1986 5900 Galli-
2081 5819 2340 5908 relegere
2376 5819 2532 5884 velis,
2574 5819 2752 5872 lector
2788 5817 3029 5908 erudite,
3064 5817 3394 5908 dictumque
3437 5819 3602 5908 putes
3641 5819 3740 5878 de.

358 5895 533 5951 canae,
569 5883 626 5938 in
652 5883 766 5939 ﬁne
793 5884 999 5942 moniti
1031 5885 1238 5944 iisdem
1270 5887 1428 5944 libris
1454 5883 1707 5962 praeﬁin
1723 5889 1987 5962 diximus,
2085 5883 2446 5964 sequentium
2469 5883 2985 5949 monumentorum
3011 5883 3454 5964 sphalmatibusi
3477 5889 3626 5948 Ευιτ.
