4036 6188
240 286 331 340 449
1135 277 1744 338 SACRAMENTABIUM
1783 277 1834 334 G.

1975 277 2228 334 LCANUM.
2271 275 2635 334 PRxEFATIO.
3363 341 3372 345 ,
3467 287 3569 343 450

298 396 377 450 IV.
403 393 656 468 Denique
685 392 778 451 hic
802 395 955 450 Ordo
976 411 1096 450 non
1119 399 1206 451 est
1229 397 1543 464 Romanus,
1577 398 1639 450 ut
1665 395 1852 468 primo
1884 393 2094 448 intuitu
2121 393 2302 448 evinci
2333 397 2522 466 potest
2544 411 2558 462 ;
2579 407 2788 464 ,neque
2826 394 3010 450 ferme
3040 397 3218 454 ullam
3248 399 3442 468 habet,
3471 417 3563 455 ex-

233 488 384 558 cepto
403 485 653 554 Canone,
687 501 818 541 cum
843 485 1146 542 Gelasiano
1173 488 1274 542 aut
1295 485 1650 558 Gregoriano
1676 483 1888 540 Ordine
1913 483 2397 538 convenientiam.
2427 485 2490 537 In
2516 483 2696 537 veteri
2722 487 2919 539 nostro
2941 488 3252 559 exemplari
3273 489 3570 560 praemitti-

231 579 315 630 tur
341 574 570 646 quidem
613 575 776 631 Missa
795 575 1099 631 Romensis
1129 575 1463 644 cottidiana,
1487 591 1617 630 cum
1647 569 1880 630 Canone
1905 573 2046 627 item
2078 573 2358 628 Romano.
2389 575 2600 628 Verum
2627 573 2687 627 in
2711 574 2825 628 ﬁne
2853 574 3086 630 Missalis
3113 578 3334 633 Gothici
3363 579 3570 635 eadem

231 663 391 718 missa
403 663 647 736 ascripta
677 667 818 734 erat,
843 664 944 720 sed
962 665 1166 722 mutila
1189 666 1251 721 in
1276 649 1484 721 Codice
1507 664 1807 721 Christina
1832 662 2070 733 regina,
2100 679 2214 733 quo
2237 680 2370 718 usus
2397 665 2483 718 est
2503 662 2760 717 eruditus
2784 665 3120 720 Thomasius
3135 667 3196 720 in
3213 669 3439 724 edendo
3461 669 3573 741 pri-

227 769 373 808 mum
400 753 499 808 illo
521 753 742 808 Missali.
773 756 862 808 An
885 755 1086 810 Canon
1112 755 1289 810 etiam
1314 755 1607 809 Romanus
1635 753 1697 808 in
1718 769 1786 808 eo
1814 751 2022 808 Codice
2053 751 2268 806 relatus
2287 751 2479 819 fuerit,
2509 752 2800 807 afﬁrmare
2821 770 2940 808 non
2965 755 3099 809 licet
3122 760 3360 828 pr0pter
3380 759 3569 815 mutili

228 841 435 898 Codicis
455 841 762 898 defectum.
791 844 1064 898 Attamen
1085 861 1216 899 cum
1243 843 1318 898 ad
1339 843 1594 914 singulas
1621 841 1824 897 missas
1849 841 1909 896 in
1934 840 2031 896 illo
2057 840 2296 916 Gothico
2316 841 2642 895 habeantur
2664 840 2874 912 singuli
2897 844 3180 914 Canones,
3211 863 3372 902 secus
3394 865 3570 920 quam

225 932 277 986 in
306 931 515 987 Ordine
544 949 715 1003 quem
741 931 834 987 hic
856 935 1178 1005 vulgamus,
1207 933 1411 1004 conjici
1431 935 1623 1005 potest
1650 933 1709 988 in
1734 933 1833 987 illo
1855 930 2094 986 Gothico
2115 931 2375 985 nondum
2399 929 2570 984 fuisse
2601 933 2898 1001 receptum
2923 933 3214 989 Canonem
3242 936 3570 994 Romanum

225 1020 315 1092 qui
339 1019 395 1074 in
421 1023 618 1076 nostro
639 1020 853 1077 Ordine
873 1021 1000 1092 jam
1027 1021 1306 1076 admissus
1333 1025 1475 1090 erat,
1505 1021 1586 1076 uti
1613 1021 1790 1077 etiam
1816 1021 1875 1074 in
1904 1017 2110 1075 Missali
2135 1021 2486 1074 Francorum
2514 1019 2917 1088 Thomasiano,
2959 1022 3114 1092 quod
3145 1039 3180 1078 a
3203 1024 3368 1079 nobis
3401 1042 3565 1081 recu-

229 1127 346 1165 sum
374 1113 478 1164 est.
505 1112 698 1181 Atque
722 1110 890 1178 adeo,
913 1113 977 1164 ut
1001 1110 1060 1165 in
1086 1111 1232 1166 libro
1254 1110 1440 1182 primo
1469 1111 1541 1166 de
1567 1109 1824 1182 Liturgia
1843 1109 2136 1164 Gallicana
2157 1109 2544 1178 observatum,
2565 1109 2818 1180 majores
2841 1111 3020 1166 nostri
3049 1111 3206 1184 prius
3240 1113 3566 1170 Romanum

225 1199 509 1254 Canonem
541 1216 718 1272 quam
753 1201 1048 1272 integrum
1087 1199 1276 1256 missa
1303 1199 1479 1256 ritum
1519 1201 1846 1256 Romanum
1875 1201 2268 1271 susceperunt.
2307 1201 2384 1254 Ex
2431 1198 2518 1254 his
2563 1199 2938 1255 manifestum
2973 1203 3059 1255 est
3100 1203 3254 1258 hunc
3291 1203 3567 1260 Ordinem

225 1291 471 1344 nostrum
499 1305 618 1344 non
650 1306 774 1344 esse
804 1290 1153 1345 Romanum.

283 1413 344 1467 ν.
375 1412 488 1467 Sed
514 1429 707 1484 neque
733 1413 1117 1470 Mozarabicus
1141 1418 1245 1485 est,
1275 1418 1338 1470 ut
1361 1414 1682 1471 conferenti
1711 1417 1890 1486 patet.
1922 1414 2118 1485 Neque
2143 1411 2558 1468 Ambrosianus
2580 1429 2593 1468 :
2613 1413 2918 1486 siquidem,
2945 1418 3157 1486 praeter
3188 1410 3398 1473 multas
3427 1419 3567 1476 alias

221 1501 472 1569 rationes,
502 1502 856 1573 Rogationes
883 1503 943 1558 in
963 1503 1176 1559 Ordine
1196 1505 1578 1560 Ambrosiano
1595 1503 1960 1560 celebrantur
1981 1505 2112 1574 post
2125 1501 2556 1570 Ascensionem,
2583 1503 2675 1558 hic
2695 1507 2828 1558 ante
2854 1504 3013 1558 illam
3035 1521 3102 1560 ex
3120 1505 3234 1560 ritu
3254 1507 3564 1566 Gallicano.

223 1593 419 1646 Prater
443 1607 514 1646 ea
541 1592 763 1647 nullum
780 1595 868 1646 est
893 1592 954 1648 in
977 1598 1172 1650 nostro
1202 1594 1416 1650 Ordine
1437 1595 1648 1650 festum
1663 1596 1994 1648 sanctorum
2013 1591 2562 1660 Mediolanensium;
2589 1607 2656 1647 ac
2681 1593 2917 1648 demum
2937 1610 3055 1649 non
3081 1595 3322 1651 omnino
3345 1595 3567 1653 eadem

224 1683 343 1736 sunt
367 1682 556 1737 missae
585 1686 780 1754 partes
803 1683 864 1738 in
886 1685 1286 1754 Ambrosiano,
1317 1685 1407 1740 cui
1435 1685 1644 1740 desunt
1673 1683 2048 1740 Prafationes
2075 1681 2241 1738 initio
2269 1682 2479 1751 missa,
2511 1683 2572 1738 in
2598 1684 2708 1738 hoc
2733 1683 2947 1740 Ordine
2974 1684 3384 1754 usitatissima;
3427 1687 3566 1743 item

224 1772 588 1829 Collectiones
605 1775 742 1830 Post
764 1775 1010 1832 Nomina
1040 1779 1099 1832 et
1115 1777 1203 1832 Ad
1233 1778 1442 1832 Pacem
1465 1780 1599 1832 ante
1620 1775 2136 1832 Contestationem.

282 1908 360 1962 Vl.
382 1910 454 1963 At
490 1908 645 1965 forte
670 1911 764 1966 hic
785 1911 938 1968 Ordo
965 1911 1140 1968 fuerit
1160 1913 1425 1969 Ecclesia
1447 1911 1751 1968 Africana.
1777 1911 1892 1968 Sed
1916 1927 2106 1982 neque
2130 1910 2240 1964 hoc
2271 1907 2381 1964 dici
2403 1911 2609 1980 potest.
2641 1907 2864 1980 Quippe
2891 1909 3162 1982 Liturgia
3181 1910 3464 1968 Africana
3484 1912 3566 1968 in-

225 1995 352 2051 dicia
381 1997 494 2053 duo
533 2015 603 2053 ex
637 2001 958 2072 Augustino
997 2001 1288 2072 discimus,
1328 2019 1456 2074 qua
1485 2001 1636 2070 huic,
1667 2018 1782 2072 qua
1812 2000 1884 2054 de
1929 1998 2172 2070 agimus,
2204 1997 2362 2052 nullo
2392 1996 2567 2051 modo
2596 1996 2962 2052 conveniunt.
2999 1999 3256 2054 Primum
3289 2000 3566 2056 indicium

227 2089 314 2154 cst,
343 2089 496 2159 quod
525 2106 659 2145 cum
689 2091 748 2146 in
774 2093 1022 2148 Ecclesia
1051 2092 1344 2150 Gallicana
1372 2096 1488 2148 tres
1522 2091 1818 2147 Lectiones
1845 2107 1913 2144 ex
1939 2089 2119 2144 Libris
2149 2087 2322 2143 sacris
2369 2087 2443 2142 ad
2483 2087 2721 2142 missam
2755 2089 3303 2145 catechumenorum
3337 2091 3568 2146 recitari

225 2191 332 2231 mos
353 2177 608 2252 esset,{in
626 2179 897 2236 Africana
925 2181 1054 2238 dua
1075 2187 1301 2238 tantum
1327 2182 1626 2238 Lectiones
1649 2198 1782 2236 cum
1803 2178 2153 2236 intermedio
2175 2179 2398 2250 psalmo
2417 2176 2824 2232 recitabantur.
2848 2179 2911 2234 Id
2932 2181 3093 2250 patet
3112 2197 3180 2235 ex
3191 2181 3565 2236 Sermonibus

223 2265 505 2338 Augustini
539 2269 616 2323 ad
640 2271 938 2342 populum,
969 2271 1137 2328 editis
1165 2272 1225 2328 in
1257 2274 1418 2328 tomo
1437 2273 1483 2327 V
1509 2273 1630 2343 ejus
1650 2272 1904 2344 Operum
1926 2285 2088 2324 nova
2115 2267 2404 2335 editionis,
2433 2284 2547 2339 qua
2565 2267 2625 2322 in
2650 2270 2946 2339 posterum
2971 2285 3200 2342 semper
3223 2273 3470 2325 utemur.
3503 2273 3568 2327 In

226 2370 467 2412 sermone
497 2361 604 2412 112
637 2375 650 2412 :
683 2380 712 2408 «
738 2359 1039 2416 Lectiones
1067 2365 1280 2418 sancta
1303 2361 1612 2434 proposita
1643 2363 1794 2429 sunt,
1829 2361 1887 2416 et
1913 2375 2054 2431 quas
2082 2356 2406 2425 audiamus,
2435 2361 2494 2411 et
2519 2357 2590 2411 de
2621 2357 2827 2428 quibus
2843 2358 3056 2430 aliquid
3076 2359 3378 2428 sermonis,
3401 2359 3566 2431 adju-

224 2449 374 2500 vante
392 2445 666 2516 Domino,
697 2450 1082 2520 proferamus.
1112 2453 1173 2506 In
1200 2439 1478 2508 Lectione
1497 2450 1822 2522 Apostolica
1852 2447 2053 2520 gratia
2089 2449 2342 2519 aguntur
2378 2447 2624 2502 Domino
2651 2446 2724 2502 de
2769 2447 2881 2502 ﬁde
2923 2447 3205 2518 gentium.
3245 2450 3311 2504 In
3339 2450 3564 2520 psalmo

227 2532 464 2603 diximus,
491 2539 642 2592 Deus
665 2540 928 2594 virtutum
957 2545 1202 2596 converte
1225 2557 1340 2604 nos,
1365 2544 1472 2595 etc.
1492 2543 1555 2595 In
1577 2537 1887 2610 Evangelio
1913 2537 1987 2592 ad
2017 2553 2242 2592 canam
2270 2535 2456 2591 vocati
2482 2552 2700 2593 sumus.
2729 2557 2759 2586 »
2784 2535 3015 2592 Brevius
3033 2536 3093 2591 in
3120 2553 3388 2594 sermone
3421 2541 3520 2594 165
3549 2555 3564 2594 :

228 2644 252 2670 ‹‹
274 2623 603 2695 Apostolum
625 2625 964 2698 audivimus,
982 2631 1269 2701 psalmum
1291 2628 1630 2696 audivimus,
1653 2627 2028 2700 Evangelium
2052 2626 2392 2682 audivimus.
2423 2647 2450 2675 »
2475 2626 2636 2680 Idem
2657 2626 2945 2696 colligitur
2969 2642 3036 2682 ex
3058 2624 3421 2684 sermonibus
3466 2627 3567 2682 170

227 2712 276 2764 et
293 2715 400 2768 176.
423 2715 660 2787 Loquor
685 2717 755 2771 de
783 2718 1146 2774 Lectionibus
1172 2719 1364 2775 sacris.
1397 2720 1542 2774 Nam
1567 2720 1740 2790 paulo
1773 2721 1906 2773 ante
1937 2716 2174 2784 missam
2199 2715 2260 2770 in
2291 2715 2450 2770 festis
2473 2715 2785 2787 Martyrum
2813 2718 2956 2771 Acta
2975 2733 3178 2771 eorum
3201 2717 3564 2788 legebantur,

227 2803 280 2854 ut
300 2807 449 2873 patet
467 2822 542 2860 ex
568 2807 930 2862 sermonibus
959 2811 1027 2864 37
1055 2814 1116 2865 et
1138 2811 1261 2865 276.
1299 2831 1326 2860 ‹‹
1352 2811 1485 2865 Post
1510 2823 1843 2864 sermonem
1869 2805 1936 2860 ﬁt
1957 2805 2136 2861 missa
2153 2804 2276 2876 (seu
2307 2803 2583 2875 dimissio)
2605 2804 3032 2860 catechumenis
3053 2803 3376 2876 (Augustini
3393 2805 3568 2860 verba

225 2895 338 2944 sunt
358 2892 414 2948 in
440 2911 719 2950 sermone
745 2897 814 2952 49
841 2915 982 2952 num
1010 2900 1092 2968 8);
1123 2899 1446 2954 manebunt
1468 2899 1700 2966 ﬁdeles;
1733 2897 1996 2952 venietur
2024 2896 2099 2951 ad
2131 2896 2324 2950 locum
2355 2893 2632 2950 orationis
2657 2894 2892 2966 (scilicet
2917 2893 3256 2950 Dominica.
3301 2894 3565 2948 Alterum

225 2976 476 3038 indicium
499 2988 609 3053 est,
629 2985 785 3056 quod
803 2985 864 3040 in
882 2987 1152 3043 Africana
1172 2988 1442 3056 Ecclesia,
1467 2987 1550 3042 uti
1569 2987 1631 3042 in
1657 2988 1920 3042 Romana
1940 2989 1999 3040 et
2025 2985 2086 3039 in
2112 2983 2546 3062 Mediolanensi)
2571 3001 2585 3050 ;
2617 2987 2748 3055 post
2769 2983 3282 3040 sanctiﬁcationem
3303 2983 3568 3040 sacriﬁcii

225 3071 274 3121 et
315 3071 636 3128 orationem
668 3074 1048 3146 Dominicam,
1094 3077 1300 3132 dicitur
1323 3079 1445 3132 Pam
1481 3077 1772 3143 vobiscum,
1811 3078 1870 3129 et
1897 3075 2228 3130 osculantur
2257 3089 2316 3126 se
2359 3072 2668 3128 Christiani
2703 3072 2762 3126 in
2797 3073 2988 3128 osculo
3035 3075 3254 3142 sancto,
3283 3093 3312 3122 ››
3342 3089 3411 3128 ex
3455 3090 3570 3130 ser-

225 3173 377 3214 mone
403 3165 531 3217 237.
565 3164 778 3220 Contra
802 3165 864 3219 in
890 3166 1181 3222 Gallicana
1209 3169 1269 3221 et
1289 3167 1350 3222 in
1377 3166 1728 3223 Mozarabica
1753 3164 2011 3237 Liturgia
2028 3165 2144 3219 Pax
2169 3163 2416 3218 dabatur
2441 3165 2576 3218 ante
2617 3163 2924 3231 actionem,
2953 3162 3070 3218 imo
3098 3167 3232 3218 ante
3271 3164 3568 3220 Prafatio-

227 3263 344 3303 nem
365 3252 650 3322 sacriﬁcii,
677 3271 806 3327 qua
825 3256 1177 3312 Contestatio
1209 3259 1548 3330 appellatur.
1580 3259 1777 3333 Itaque
1798 3271 2044 3328 sequens
2071 3254 2225 3309 Ordo
2252 3269 2370 3309 non
2395 3258 2484 3310 est
2505 3252 2826 3322 Africanus,
2853 3270 2920 3310 ac
2945 3252 3190 3325 proinde
3219 3257 3481 3325 superest
3509 3259 3571 3310 ut

228 3334 290 3391 sit
313 3338 652 3398 Gallicanus.

288 3463 386 3518 VII.
411 3465 530 3522 Cur
560 3483 721 3539 ergo,
751 3467 963 3540 inquis,
996 3469 1056 3524 in
1083 3469 1354 3526 omnibus
1380 3487 1498 3526 non
1530 3467 1798 3524 convenit
1842 3483 1975 3522 cum
2016 3466 2226 3522 Missali
2255 3465 2492 3522 Gothico
2528 3465 2860 3521 Gallicano?
2896 3465 2960 3520 Id
2997 3483 3066 3520 ex
3107 3483 3176 3522 eo
3201 3467 3420 3523 factum
3444 3485 3568 3524 esse

231 3549 624 3625 existimamus,
651 3557 826 3629 quod,
849 3559 954 3614 etsi
979 3559 1040 3614 in
1067 3561 1310 3616 ecclesia
1338 3559 1627 3614 Gallicana
1652 3557 1854 3630 primis
1893 3555 2130 3624 saculis,
2163 3555 2223 3610 id
2253 3557 2339 3610 est
2363 3558 2498 3610 ante
2522 3554 2710 3610 Caroli
2741 3555 2928 3626 Magni
2959 3555 3366 3628 principatum,
3396 3558 3572 3614 fuerit

229 3641 516 3700 uniformis
545 3647 906 3704 celebrandae
926 3649 1117 3706 missa
1146 3651 1307 3716 ritus,
1340 3649 1676 3720 eademque
1705 3649 1920 3719 partes,
1945 3663 2062 3702 non
2087 3648 2286 3700 tamen
2315 3643 2536 3699 eadem
2557 3647 2725 3698 erant
2748 3643 2961 3716 ubique
3003 3645 3400 3716 Collectiones,
3441 3649 3572 3704 Lec-

229 3729 413 3802 tiones,
439 3739 501 3790 et
532 3735 1020 3795 Contestationes:
1055 3740 1156 3796 sed
1187 3740 1381 3794 forsan
1407 3739 1467 3793 in
1496 3754 1845 3810 unaquaque
1873 3734 2180 3808 metropoli
2206 3734 2464 3790 diversa.
2491 3733 2554 3788 Id
2575 3733 2845 3806 colligere
2872 3733 3005 3802 licet
3029 3751 3096 3791 ex
3123 3736 3365 3792 concilio
3385 3738 3568 3792 Vene-

230 3815 326 3876 tico
352 3825 488 3878 anni
513 3825 640 3894 465,
669 3827 828 3898 cujus
857 3829 980 3884 hac
1000 3830 1176 3884 verba
1213 3832 1346 3884 sunt
1388 3828 1447 3882 in
1477 3843 1698 3882 canone
1739 3830 1802 3881 15
1832 3843 1846 3881 :
1876 3829 2097 3883 Rectum
2123 3839 2333 3896 quoque
2372 3823 2649 3888 duximus,
2685 3829 2748 3878 ut
2782 3825 2869 3879 vel
2904 3827 3058 3880 intra
3087 3828 3432 3895 provinciam
3469 3843 3568 3883 no-

229 3910 398 3980 stram,
423 3929 705 3970 sacrorum
728 3918 858 3972 ordo
888 3923 939 3973 et
960 3919 1244 3989 psallendi
1274 3933 1388 3973 una
1412 3919 1486 3972 sit
1505 3916 1852 3971 consuetudo.
1895 3913 2068 3980 Quasi
2095 3912 2354 3969 dicerent
2382 3914 2581 3968 Patres
2609 3930 2622 3968 :
2653 3912 2711 3969 Si
2748 3930 2865 3968 non
2890 3913 2948 3968 in
2975 3916 3100 3968 tota
3134 3914 3334 3985 Gallia,
3367 3917 3572 3972 saltem

231 3993 364 4055 intra
385 4002 742 4072 provinciam
765 4010 1042 4077 nostram,
1070 4006 1129 4062 id
1155 4010 1241 4062 est
1267 4008 1684 4074 Turonensem,
1712 4003 2018 4060 uniformis
2043 4003 2117 4058 sit
2139 4019 2434 4058 sacrorum
2453 4001 2616 4058 ritus.
2647 4003 3006 4074 Epaonense,
3027 4020 3182 4060 anno
3205 4009 3306 4060 517
3325 4006 3574 4061 celebra-

229 4087 356 4156 tum,
377 4091 509 4147 huic
529 4092 992 4166 interpretationi
1013 4096 1360 4170 suffragatur
1389 4113 1612 4154 canone
1640 4099 1707 4152 27
1743 4113 1756 4152 :
1785 4087 1877 4152 Ἀὰ
1903 4094 2230 4150 celebranda
2255 4093 2450 4149 divina
2479 4095 2679 4163 ofﬁcia,
2711 4092 2965 4150 Ordinem
2989 4111 3148 4164 quem
3171 4097 3576 4165 metropolitani

232 4179 411 4244 tenent,
429 4185 802 4252 provinciales
826 4187 1111 4243 observare
1141 4189 1424 4244 debebunt.
1453 4187 1596 4242 Hinc
1622 4188 1708 4242 est
1728 4185 1886 4257 quod
1903 4182 2156 4240 Ecclesia
2175 4182 2544 4238 Ludunensis
2559 4181 2911 4254 peculiarem
2939 4182 2999 4236 in
3017 4183 3191 4238 sacris
3216 4183 3393 4238 ritum
3419 4201 3571 4240 sem-

233 4281 324 4336 per
340 4271 592 4328 retinuit.
633 4275 756 4330 Non
796 4276 991 4348 itaque
1024 4278 1238 4332 mirum
1281 4278 1326 4332 si
1365 4277 1659 4350 provincia
1683 4273 2091 4343 Narbonensis,
2122 4290 2250 4346 qua
2280 4273 2598 4328 Gothorum
2629 4272 2872 4344 imperio
2898 4275 3036 4327 tunc
3059 4273 3322 4344 parebat,
3358 4289 3476 4328 non
3510 4273 3574 4328 in

235 4359 487 4416 omnibus
515 4366 868 4421 consenserit
893 4383 1023 4422 cum
1045 4365 1171 4423 aliis
1195 4367 1498 4423 Gallicanis
1523 4366 1858 4438 provinciis;
1880 4365 1999 4421 imo
2026 4381 2144 4420 non
2164 4363 2398 4431 mirum,
2431 4363 2480 4418 si
2508 4363 2746 4433 singula
2769 4361 3096 4433 provincia,
3131 4379 3258 4434 qua
3280 4361 3576 4418 rarissime

235 4443 287 4500 in
313 4465 485 4506 unum
516 4451 808 4510 nationale
834 4456 1142 4512 concilium
1175 4456 1482 4512 convenire
1517 4458 1807 4529 poterant,
1845 4453 2062 4527 aliquid
2101 4452 2413 4508 habuerint
2451 4451 2657 4506 diversi
2694 4451 2754 4506 in
2783 4450 2996 4507 Ordine
3025 4467 3222 4508 rerum
3257 4468 3572 4522 sacrarum,

240 4536 450 4596 tametsi
471 4541 533 4596 in
555 4543 844 4617 plerisque
870 4549 1043 4620 atque
1064 4547 1125 4603 in
1153 4547 1279 4620 ipsa
1305 4547 1389 4604 rei
1417 4547 1500 4618 (ut
1523 4546 1604 4602 ita
1625 4545 1834 4618 dicam)
1864 4543 2184 4600 substantia
2209 4541 2645 4598 conveniebant.

301 4672 425 4730 VIII.
445 4677 716 4736 Codicem
743 4682 1068 4755 antiquum,
1099 4702 1168 4740 ex
1193 4701 1307 4758 quo
1331 4683 1785 4756 subsequentem
1811 4681 2090 4738 Ordinem
2115 4678 2470 4736 Gallicanum
2487 4677 2908 4752 descripsimus,
2940 4679 3268 4739 invenimus
3287 4683 3349 4739 in
3367 4681 3572 4742 biblio-

150 4755 212 4834 Κ
241 4758 392 4856 theca
412 4769 762 4838 percelebris
791 4776 851 4828 et
873 4755 1562 4848 perantiqui‘monasterii
1583 4772 1896 4856 priensis.
1925 4771 2178 4843 Scriptus
2199 4772 2285 4826 est
2301 4767 2493 4826 Codex
2517 4773 2651 4826 ante
2680 4787 2865 4827 annos
2892 4771 3068 4842 mille,
3096 4779 3156 4830 et
3175 4775 3412 4848 quidem
3432 4775 3578 4833 litte-

241 4857 309 4905 I'ls
335 4857 682 4928 majusculis.

306 4975 582 5038 Bertulfus
603 4985 830 5042 alicuibi
855 4989 1066 5062 legitur
1094 4989 1154 5046 in
1181 5007 1283 5047 ora
1310 4989 1432 5048 folii
1460 4991 1780 5064 cujusdam,
1813 5005 1989 5062 quem
2018 4989 2288 5060 putamus
2313 5002 2437 5046 esse
2467 4986 2657 5060 ipsum
2683 4988 3001 5045 Bertulfum
3026 4990 3136 5046 loci
3152 4991 3424 5049 abbatem
3453 5011 3574 5052 me-

245 5063 330 5122 dio
351 5074 554 5130 saeculo
583 5091 680 5130 vn.
712 5078 774 5132 In
809 5078 921 5134 alio
964 5079 1103 5135 folio
1132 5081 1470 5150 Elderatus;
1501 5063 1643 5137 item
1680 5081 1740 5135 in
1781 5079 1894 5134 alio
1922 5077 2311 5134 Munubertus.
2358 5077 2503 5132 Illud
2535 5078 2596 5132 in
2625 5095 2694 5133 eo
2733 5079 2938 5135 Codice
2978 5079 3179 5152 magni
3225 5082 3576 5158 faciendum,

246 5158 389 5225 quod
419 5161 490 5216 sit
510 5161 756 5236 integer,
785 5183 904 5223 non
927 5169 1178 5239 mutilus,
1213 5172 1351 5226 utin
1382 5171 1492 5227 illis
1515 5169 1751 5226 vetustis
1779 5168 1937 5224 libris
1975 5166 2204 5223 evenire
2238 5169 2402 5222 solet.
2435 5171 2611 5223 Porro
2638 5167 2896 5224 continet
2919 5169 3314 5243 Collectiones,
3359 5175 3577 5234 Lectio-

246 5259 338 5340 nes
371 5253 752 5325 propheticas,
799 5259 1140 5340 apostolicas
1177 5264 1236 5316 et
1278 5261 1657 5333 evangelicas,
1699 5263 1871 5332 atque
1897 5259 2358 5316 Contestationes
2381 5258 2456 5314 ad
2483 5257 2720 5313 missam
2749 5275 2853 5330 per
2890 5262 3077 5316 totum
3102 5277 3344 5320 annum.
3378 5268 3440 5321 In
3463 5268 3578 5322 ﬁne

245 5335 408 5393 etiam
437 5341 612 5414 (quod
639 5346 995 5404 rarissimum
1021 5335 1132 5420 est,
1155 5353 1213 5406 et
1241 5368 1392 5424 pene
1418 5351 1728 5424 singulare)
1751 5351 1996 5406 habetur
2018 5349 2165 5405 liber
2188 5348 2620 5418 Panitentialis,
2648 5348 2714 5439 in
2739 5364 2853 5420 quo
2884 5351 3068 5406 multa
3099 5353 3241 5410 scitu
3279 5354 3458 5429 digna
3483 5373 3577 5413 oc~

247 5433 470 5485 currunt
497 5434 572 5488 ad
589 5437 797 5492 veteris
817 5437 1130 5510 disciplina
1153 5441 1546 5497 ecclesiastica
1573 5439 1987 5513 cognitionem.

309 5565 388 5622 IX.
417 5569 584 5643 cujus
615 5587 789 5645 porro
823 5575 1129 5648 provincia
1165 5579 1342 5634 fuerit
1373 5579 1483 5634 hoc
1514 5577 1751 5646 Missale,
1787 5593 1906 5634 non
1947 5577 2182 5634 obvium
2213 5579 2301 5631 est
2338 5574 2596 5632 deﬁnire.
2628 5576 2794 5633 Forte
2823 5578 2897 5635 ad
2929 5597 3096 5638 usum
3127 5586 3252 5637 erat
3275 5581 3584 5654 provincia

247 5655 499 5741 maxima
524 5661 944 5734 Sequanorum,
973 5665 1034 5721 id
1057 5670 1144 5722 est
1170 5666 1653 5736 Vesontionensis,
1681 5666 1721 5722 ii
1750 5683 1864 5741 qua
1889 5666 2063 5722 situm
2089 5669 2178 5721 est
2204 5665 2549 5722 Luxoviense
2575 5655 3010 5739 monasterium,
3033 5669 3185 5726 unde
3201 5670 3587 5733 Columbanus

251 5740 476 5805 Bobium
504 5749 794 5824 migravit.
818 5752 989 5811 Favet
1012 5757 1143 5814 huic
1163 5758 1508 5830 conjectura
1530 5740 1786 5814 missade
1805 5759 2002 5814 sancto
2024 5755 2396 5828 Sigismundo
2421 5773 2559 5830 rege
2581 5757 3074 5830 Burgundionum.
3095 5757 3369 5836 Certehic
3392 5761 3588 5824 Codex

253 5849 360 5892 non
386 5838 490 5898 fuit
513 5842 589 5899 ad
611 5860 782 5901 usum
809 5849 1229 5908 monachorum
1249 5847 1636 5907 Bobiensium.
1663 5848 1809 5905 Nihil
1837 5847 1995 5904 enim
2015 5847 2075 5902 in
2109 5864 2178 5904 eo
2205 5847 2276 5904 de
2307 5847 2515 5905 sanctis
2557 5847 2952 5922 Bobiensihus,
2981 5847 3357 5919 Columbano,
3390 5851 3589 5924 ejusve
