4036 6188
430 289 526 346 451
1310 282 1642 340 ΑΡΡΕΝΒΙΧ
1681 281 1768 337 AD
1805 272 2024 338 OPERA

2215 279 2460 337 ERMANI
2499 277 2924 337 PARISIENSIS.
3687 272 3809 335 432

431 398 741 471 discipulis.
771 395 918 452 Nihil
947 395 1086 449 item
1109 393 1181 448 de
1207 393 1378 448 rebus
1404 391 1736 446 monasticis
1768 407 1782 446 :
1811 408 1928 446 non
1956 389 2284 445 benedictio
2311 388 2556 456 abbatis,
2589 391 2690 443 aut
2713 389 3133 444 monachorum
3157 406 3171 458 ;
3214 406 3331 446 non
3359 389 3812 447 benedictiones

431 507 540 564 pro
568 485 903 544 monasterii
932 483 1194 550 ofﬁcinis,
1222 482 1282 536 in
1309 481 1593 553 ejusmodi
1611 481 1771 536 libris
1793 481 2127 537 monasticis
2149 479 2392 534 usitata.
2420 477 2506 532 Fit
2531 477 2768 550 quidem
2795 479 2975 534 sancti
3004 479 3293 535 Benedicti
3313 481 3810 536 commemoratio

429 580 492 634 in
512 580 745 635 Canone
773 573 1010 640 misssa;
1041 572 1142 626 sed
1168 573 1289 626 hac
1314 570 1519 625 itidem
1546 570 1606 624 in
1634 570 1922 642 plerisque
1942 569 2066 624 aliis
2091 567 2506 624 cathedralium
2535 568 2903 623 ecclesiarum
2928 568 3324 624 vetustissimis
3347 569 3506 624 libris
3526 571 3808 638 occurrit,

433 669 574 724 utin
603 668 835 723 Canone
867 661 1127 718 Ecclesia
1152 659 1593 716 Mediolanensis
1622 663 1757 714 ante
1789 675 1974 716 annos
1997 661 2294 714 sexcentos
2322 657 2552 728 scripto,
2583 657 2701 712 imo
2733 658 2792 712 in
2821 657 2977 713 edito
3004 657 3207 714 Missali
3233 675 3338 730 per
3376 663 3642 715 sanctum
3688 661 3810 716 Ca-

429 759 618 813 rolum
663 755 996 810 reformato.
1039 751 1176 815 Qua
1201 754 1400 804 tamen
1431 748 1910 805 commemoratio
1940 749 1999 802 in
2037 747 2517 819 subsequentibus
2558 746 3073 802 Ambrosianorum
3097 747 3408 804 Missalium
3445 749 3812 804 editionibus

429 851 534 901 est.
563 845 712 900 Nihil
739 858 878 913 ergo
910 841 1177 913 prohibet
1207 839 1346 910 quin
1377 841 1488 894 hoc
1528 838 1745 894 Missale
1774 839 1948 894 fuerit
1982 839 2056 893 ad
2087 854 2256 892 usum
2283 836 2548 891 Ecclesia
2587 839 2646 891 et
2672 837 2978 908 provincia
3003 837 3488 906 Vesontionensis,
3519 839 3674 909 quod
3705 841 3809 893 ta-

428 952 565 992 men
593 933 717 988 aliis
747 931 1190 1004 expendendum
1216 929 1626 1002 permittimus.
1655 930 1867 985 Confer
1893 947 1962 984 ea
1989 945 2118 1000 qua
2145 929 2203 982 in
2231 927 2406 982 missa
2434 944 2540 999 pro
2556 927 2816 999 principe
2847 928 3132 983 dicuntur.
3159 931 3220 982 In
3246 928 3479 984 Canone
3505 933 3635 1000 post
3654 946 3807 985 con-

429 1023 812 1080 secrationem
839 1023 1332 1077 commemoratur
1356 1036 1486 1074 cum
1514 1019 1639 1075 aliis
1667 1019 1878 1074 sanctis
1903 1017 2183 1090 Eugenia,
2218 1017 2540 1089 eademque
2580 1017 2848 1072 laudatur
2880 1019 2941 1072 in
2987 1017 3413 1075 Contestatione
3457 1019 3646 1073 missa
3687 1035 3808 1090 pro

426 1114 633 1186 Vigilia
652 1111 867 1180 Natalis
904 1110 1154 1166 Domini.
1186 1111 1317 1164 Hac
1344 1112 1431 1164 est
1449 1109 1709 1181 Eugenia
1738 1109 1899 1180 virgo
1931 1125 2059 1180 qua
2084 1109 2282 1164 Roma
2319 1110 2582 1178 tempore
2610 1107 2852 1162 Gallieni
2877 1108 3222 1180 martyrium
3253 1123 3421 1179 passa
3447 1113 3551 1162 est.
3580 1111 3640 1163 In
3670 1110 3809 1180 ejus

431 1203 672 1258 ecclesia
697 1205 859 1256 extra
879 1203 1108 1272 portam
1133 1199 1399 1254 Latinam
1429 1202 1690 1254 sanctum
1715 1199 1952 1270 virginis
1975 1215 2182 1270 corpus
2207 1197 2567 1269 requiescere
2595 1196 2802 1252 dicitur
2828 1197 2889 1252 in
2905 1198 3031 1253 Vita
3057 1196 3262 1253 Leonis
3287 1200 3376 1266 III,
3405 1199 3502 1270 qui
3524 1199 3804 1270 quadam

427 1293 772 1349 ornamenta
799 1289 990 1344 eidem
1020 1289 1273 1344 ecclesia
1295 1289 1626 1360 assignavit.
1658 1289 1944 1344 Adrianus
1971 1291 2105 1343 ante
2130 1288 2384 1342 Leonem
2411 1285 2628 1341 ibidem
2661 1287 3082 1343 monasterium
3106 1289 3432 1360 puellarum
3461 1292 3805 1344 construxe-

429 1387 538 1439 rat.
571 1384 646 1436 At
669 1398 783 1452 quo
811 1380 964 1451 apud
992 1379 1201 1435 Gallias
1227 1379 1285 1434 in
1318 1380 1442 1435 loco
1470 1378 1730 1451 Eugenia
1755 1379 1972 1433 cultum
2001 1377 2288 1445 habuerit,
2311 1377 2476 1432 nobis
2504 1377 2953 1448 incompertum.

497 1503 557 1556 X.
589 1499 861 1570 Superest
884 1499 947 1550 ut
970 1495 1234 1568 sequenti
1259 1496 1530 1568 Liturgia
1557 1494 1861 1551 Gallicana
1880 1494 2112 1550 titulum
2138 1510 2521 1566 apponamus,
2553 1493 3027 1566 quandoquidem
3058 1495 3247 1549 nullus
3285 1497 3470 1550 exstat
3495 1494 3553 1550 in
3584 1495 3802 1551 Codice

429 1589 712 1645 Bobiensi.
740 1589 821 1644 Ne
847 1585 1087 1656 simplici
1117 1585 1393 1642 vocabulo
1421 1587 1780 1657 appellemus
1807 1584 2126 1656 Liturgiam
2169 1585 2524 1641 Gallicanam
2547 1587 2747 1638 vetant
2773 1585 2900 1639 alia
2944 1584 3216 1655 Liturgia
3256 1601 3384 1656 qua
3423 1585 3534 1640 hoc
3571 1601 3804 1640 nomen

425 1680 794 1751 occuparunt.
827 1677 948 1730 Dici
975 1679 1166 1748 potest
1190 1675 1444 1747 Liturgia
1471 1675 1792 1742 Bobiensis;
1827 1679 1888 1730 at
1927 1675 2322 1747 praferendus
2363 1673 2591 1730 videtur
2619 1673 2834 1742 titulus,
2879 1675 3040 1730 Liber
3068 1675 3534 1730 Sacramentorum
3561 1676 3810 1731 ecclesia

426 1770 742 1831 Gallicana,
767 1769 1077 1837 propterea
1101 1764 1257 1835 quod
1273 1764 1333 1818 in
1351 1765 1465 1818 fine
1485 1764 1725 1832 Codicis,
1751 1764 1845 1819 ubi
1867 1764 2000 1818 libri
2018 1764 2164 1820 sacri
2183 1767 2576 1834 recensentur,
2599 1767 2856 1820 extremo
2880 1765 3005 1819 loco
3030 1763 3263 1835 ponitur
3283 1764 3808 1821 Sacramentorum

428 1874 596 1925 unus,
626 1873 738 1928 quo
767 1855 1002 1909 nomine
1023 1853 1235 1908 librum
1265 1854 1336 1908 de
1367 1871 1428 1908 re
1455 1871 1617 1909 sacra
1645 1853 1897 1926 majores
1929 1854 2110 1909 nostri
2159 1855 2422 1909 solebant
2463 1852 2790 1925 designare.
2824 1853 2915 1909 Sic
2947 1853 3203 1926 Liturgia
3223 1855 3506 1922 Romana,
3541 1854 3734 1926 qualis
3772 1871 3810 1908 a

427 1945 702 2017 Gregorio
727 1944 932 2015 Magno
965 1943 1233 1999 ordinata
1259 1947 1364 2012 est,
1397 1945 1719 2016 appellatur
1742 1945 1911 1999 Liber
1937 1948 2435 2009 sacramentorum
2476 1943 2546 1998 de
2586 1943 2796 1998 circulo
2827 1943 2984 1998 anni.
3017 1947 3089 1998 At
3125 1943 3616 2016 quemadmodum
3650 1944 3808 1997 Gre-

425 2035 699 2106 gorianus
724 2033 819 2087 ille
843 2034 990 2088 liber
1007 2033 1420 2105 compendiose
1441 2035 1616 2089 modo
1647 2052 1765 2089 non
1794 2038 2019 2090 tantum
2051 2053 2085 2090 a
2106 2034 2541 2101 recentioribus,
2565 2034 2666 2088 sed
2697 2033 2874 2089 etiam
2906 2052 2939 2088 a
2964 2033 3272 2105 Micrologo
3299 2033 3536 2105 aliisque
3567 2034 3810 2090 laudari

425 2125 570 2180 solet
585 2123 688 2178 sub
705 2123 870 2178 titulo
893 2123 1338 2179 Sacramentarii
1356 2123 1717 2195 Gregoriani,
1735 2124 1816 2179 ita
1833 2125 2012 2179 etiam
2031 2128 2227 2180 noster
2241 2124 2332 2178 hic
2353 2123 2498 2178 liber
2517 2123 2634 2178 dici
2646 2124 2860 2194 poterit
2875 2123 3405 2179 Sacramentarium
3417 2121 3808 2178 Gallicanum.

423 2211 429 2218 “
463 2261 475 2266 -
495 2213 578 2284 XI.
602 2215 883 2271 Caterum
907 2213 968 2268 in
999 2213 1304 2286 Scriptura
1333 2231 1508 2270 sacra
1536 2213 1896 2283 lectionibus,
1933 2233 2059 2287 qua
2086 2216 2194 2270 hoc
2237 2215 2295 2268 in
2332 2214 2544 2270 Ordine
2581 2215 2745 2281 fiunt,
2786 2214 3094 2269 adhibetur
3117 2214 3300 2268 versio
3327 2214 3588 2284 Vulgata,
3621 2217 3683 2266 ut
3741 2213 3808 2267 in

425 2305 784 2361 Lectionario
809 2302 1164 2372 Luxoviens‘i,
1195 2303 1303 2358 nisi
1331 2305 1486 2376 quod
1514 2304 1814 2359 Lectiones
1843 2305 2135 2360 nonnulla
2164 2304 2354 2375 potius
2375 2303 2450 2359 ad
2474 2321 2706 2359 sensum
2727 2320 2901 2376 quam
2929 2304 3004 2358 ad
3039 2304 3280 2359 verbum
3308 2303 3634 2358 referuntur
3673 2319 3808 2358 non

425 2397 864 2466 consequenter,
889 2393 990 2448 sed
1011 2393 1174 2466 quasi
1199 2397 1477 2449 centones
1505 2411 1572 2448 ex
1597 2394 1766 2449 variis
1795 2394 2104 2466 Scriptura
2130 2393 2286 2450 locis.
2318 2395 2446 2450 Haec
2472 2393 2533 2448 in
2555 2397 2916 2449 antecessum
2935 2392 3281 2466 pramisisse
3298 2391 3559 2448 sufﬁciat.

1089 2777 1492 2890 MISSA,
1561 2778 2192 2878 R-OMENSIS
2289 2772 3124 2876 COTTIDIANA“.

419 2996 594 3051 Lectio
621 2993 750 3052 libri
771 2995 1005 3052 Danihel
1030 3000 1310 3074 propheta
1337 3001 1397 3054 in
1420 3000 1726 3057 cottidiana
1743 3001 1772 3043 δ
1802 3001 2048 3074 legenda.
2072 3012 2132 3088 Α
2367 2997 2542 3052 Lectio
2566 2999 2732 3051 sancti
2757 2996 3009 3065 Evangeli
3037 2995 3330 3052 secundum
3353 2999 3560 3050 Lucam-

491 3090 552 3142 ln
594 3093 859 3161 tempore
886 3092 1083 3146 autem
1125 3091 1224 3146 illo
1255 3093 1550 3166 consurgit
1579 3094 1855 3150 Michahel
1891 3095 2046 3167 prin-
2217 3097 2279 3149 In
2309 3098 2574 3166 tempore
2611 3093 2708 3150 illo
2756 3093 2896 3150 dixit
2932 3093 3212 3150 Dominus
3239 3093 3437 3150 Jesustl
3487 3092 3800 3164 discipulis

418 3198 551 3254 ceps
577 3197 847 3254 magnus,
871 3183 970 3254 qui
996 3187 1108 3239 stat
1133 3202 1237 3257 pro
1261 3187 1390 3240 ﬁliis
1415 3187 1612 3259 populi
1644 3189 1744 3258 tui,
1775 3193 1834 3244 et
1857 3191 2050 3244 veniet
2150 3187 2281 3244 suis.
2309 3187 2620 3243 Adtendite
2643 3205 2764 3257 vos,
2788 3204 2861 3243 ne
2882 3190 3032 3244 forte
3059 3190 3372 3260 graventur
3398 3185 3574 3243 corda
3588 3190 3796 3242 vestra

417 3280 668 3348 tempus,
697 3277 865 3348 quale
890 3294 1007 3333 non
1031 3277 1140 3334 fuit
1160 3279 1232 3335 ab
1255 3297 1324 3335 eo
1347 3296 1461 3352 quo
1483 3285 1688 3352 gentes
1707 3299 1830 3364 esse
1859 3300 2046 3356 cape-
2148 3280 2208 3335 in
2239 3283 2490 3354 crapola,
2517 3285 2575 3336 et
2603 3281 2907 3350 ebrietate,
2936 3285 2995 3336 et
3024 3281 3172 3337 curis
3203 3281 3377 3353 hujus
3408 3281 3566 3349 vita;
3598 3283 3658 3334 et
3687 3297 3799 3335 su-

411 3373 568 3439 runt,
592 3387 772 3442 usque
803 3370 876 3425 ad
903 3375 1129 3444 tempus
1153 3373 1312 3428 illud.
1341 3375 1410 3428 Et
1427 3374 1487 3429 in
1518 3378 1778 3447 tempore
1807 3376 1903 3432 illo
1934 3379 2045 3433 sal-
2146 3379 2443 3451 perveniat
2466 3379 2524 3434 in
2561 3397 2659 3436 vos
2690 3379 2998 3452 repentina
3034 3380 3155 3434 dies
3191 3379 3618 3452 illa,tamquam
3665 3379 3790 3433 fur.

411 3463 639 3519 vabitur
675 3465 919 3536 populus
963 3468 1093 3520 tuus
1129 3467 1341 3536 omnis,
1373 3467 1474 3539 qui
1497 3467 1764 3524 inventus
1788 3470 1962 3526 fuerit
1984 3472 2044 3526 in
2145 3477 2406 3552 Laqueus
2443 3477 2598 3533 enim
2623 3478 2989 3550 superveniet
3014 3478 3073 3534 in
3099 3493 3304 3534 omnes
3334 3478 3429 3550 qui
3454 3477 3660 3532 sedent
3684 3493 3791 3532 su—

409 3557 938 3630 libre-scriptus;et
957 3561 1124 3616 multi
1141 3561 1218 3640 vde
1246 3561 1334 3616 his
1355 3562 1454 3634 qui
1475 3561 1775 3619 dormiunt
1799 3564 1857 3619 in
1873 3568 2043 3622 terra
2145 3587 2250 3642 per
2272 3571 2479 3626 faciem
2507 3571 2662 3626 orbis
2687 3574 2877 3627 terra.
2908 3571 3153 3643 Vigilate
3181 3571 3375 3642 itaque
3427 3569 3588 3626 omni
3639 3573 3794 3625 tem-

407 3653 664 3723 pulvere,
695 3652 1066 3724 evigilabunt,
1097 3654 1194 3710 alii
1217 3655 1278 3709 in
1317 3655 1494 3714 vitam
1529 3659 1828 3728 aternam,
1861 3662 1918 3713 et
1945 3659 2044 3714 alii
2143 3680 2284 3737 pore
2316 3669 2565 3733 orantes,
2589 3668 2653 3720 ut
2676 3664 2836 3737 digni
2861 3665 3194 3720 habeamini
3223 3665 3413 3736 fugire
3441 3664 3549 3719 ista
3577 3663 3786 3719 omnia

409 3744 468 3798 in
501 3744 894 3815 obprobrium,
922 3750 986 3800 ut
1009 3747 1244 3803 videant
1271 3765 1515 3821 semper.
1540 3750 1647 3816 Qui
1669 3756 1868 3808 autem
1887 3753 2042 3809 docti
2144 3775 2272 3830 qua
2298 3759 2491 3814 futura
2516 3761 2667 3828 sunt,
2695 3761 2754 3813 et
2773 3762 2924 3814 stare
2947 3762 3082 3815 ante
3125 3758 3306 3814 filium
3339 3757 3610 3812 hominis.
3640 3759 3786 3812 Erat

407 3836 644 3905 fuerint,
689 3837 993 3908 fulgebunt
1032 3841 1194 3912 quasi
1235 3842 1509 3914 splendor
1551 3845 1938 3914 firmamenti;
1985 3850 2042 3901 et
2143 3855 2341 3908 autem
2393 3852 2594 3908 diebus
2646 3852 2860 3908 docens
2906 3851 2966 3908 in
3021 3853 3272 3924 templo,
3325 3851 3584 3906 noctibus
3639 3867 3784 3906 vero

408 3928 508 4001 qui
529 3929 603 3984 ad
613 3929 900 4000 justitiam
921 3932 1194 3989 erudiunt
1220 3935 1523 4006 plurimos,
1547 3939 1710 4010 quasi
1732 3941 1944 3995 stellac
1980 3941 2038 3995 in
2142 3945 2334 4000 exiens
2362 3947 2700 4002 morabatur
2724 3947 2784 4001 in
2815 3950 3036 4014 monte,
3067 3945 3164 4018 qui
3193 3949 3428 4002 vocatur
3461 3945 3685 4013 Oliveti,
3721 3949 3787 3999 et

405 4025 714 4096 perpetuas
733 4023 1104 4095 aternitates,
1131 4027 1212 4082 ait
1236 4029 1515 4086 Dominus
1534 4032 1705 4087 Deus.
2141 4039 2332 4094 omnis
2358 4041 2603 4112 populus
2627 4039 3040 4112 magniﬁcabat
3065 4041 3271 4096 Deum.

684 4126 916 4192 Epistola
940 4127 1082 4179 Pauli
1109 4129 1330 4194 apostoli
1359 4131 1426 4180 ad
1450 4132 1761 4184 Corinthios.
2714 4147 2940 4193 INCIPIT
2975 4143 3183 4192 mSSA.

475 4213 722 4283 Fratres,
753 4213 850 4286 qui
878 4214 1176 4286 gloriatur,
1204 4215 1264 4270 in
1291 4217 1537 4274 Domino
1572 4219 1870 4290 glorietur.
1913 4222 2036 4276 Non
2209 4229 2354 4283 Deus
2384 4228 2482 4300 qui
2506 4227 2676 4284 beato
2703 4229 2873 4283 Petro
2904 4229 3164 4299 apostolo
3193 4232 3293 4283 tuo
3322 4225 3568 4284 conlatis
3595 4227 3778 4283 clavi-

405 4307 562 4363 enim
588 4308 684 4381 qui
705 4307 958 4381 seipsum
973 4311 1368 4381 commendat,
1390 4312 1486 4368 ille
1511 4313 1786 4385 probatus
1807 4317 1911 4384 est,
1934 4316 2036 4370 sed
2056 4384 2105 4394 _
2135 4321 2242 4376 bus
2268 4322 2436 4393 regni
2471 4322 2728 4390 calestis,
2776 4320 3002 4378 animas
3043 4321 3264 4394 ligandi
3299 4325 3471 4393 atque
3511 4322 3780 4377 solvendi

404 4419 578 4475 quem
603 4403 884 4488 Dominus
911 4405 1429 4462 commendaverit.
1463 4407 1696 4463 Utinam
1731 4409 2037 4465 sustinere-
2056 4384 2113 4457 B
2134 4415 2494 4488 pontificium
2512 4415 2817 4484 tradidisti,
2846 4415 3066 4487 suscipe
3095 4415 3384 4488 propicius
3419 4431 3624 4488 preces
3663 4433 3774 4472 no-

400 4496 474 4550 tis
511 4496 810 4554 modicum
867 4499 1007 4570 quid
1066 4499 1414 4572 insipientia
1454 4501 1591 4558 mei.
1632 4504 1895 4560 Emulor
1934 4522 1994 4561 vc

2182 4529 2301 4586 .ras,
2313 4517 2374 4570 et
2389 4513 2798 4570 intercessione
2821 4513 2948 4586 ejus
2962 4531 3310 4587 quasumus,
3325 4513 3590 4583 Domine,
3613 4513 3776 4569 auxi-

401 4587 505 4644 Dei
528 4591 895 4658 wmmatione
925 4593 986 4647 in
1005 4593 1229 4650 Christo
1251 4595 1404 4651 Jesu.
2133 4607 2294 4677 lium,
2309 4611 2420 4664 uta
2439 4611 2806 4680 peccatorum
2827 4611 3156 4664 nostrorum
3172 4607 3410 4664 nexibus
3429 4607 3770 4662 liberemur.

473 4750 582 4838 "In
606 4750 724 4838 fine
748 4750 982 4838 Missalis
1016 4755 1530 4838 Gothicogallicani
1558 4759 2030 4838 paij_._modo_ha-
2133 4764 2412 4838 teneatis;
2441 4764 2576 4838 quia
2595 4765 2702 4838 etsi
2725 4765 2853 4837 quis
2880 4768 3134 4838 vestrum
3164 4782 3282 4822 non
3307 4765 3523 4838 poterit
3557 4769 3770 4821 tenere

403 4823 575 4878 betur
599 4825 772 4908 ἔπζξξα
796 4824 1072 4908 cotidiana
1100 4823 1391 4906 βοηιεῆηςὶε,
1423 4830 1525 4908 sed
1553 4823 1755 4908 mutila
1777 4833 2032 4908 ;i_ncipit-
2133 4823 2410 4908 perfecte,
2436 4823 2726 4908 audiendo
2741 4823 3009 4908 ‘quotidie
3035 4838 3274 4892 tenebit.
3296 4823 3329 4888 ›ἶ
3354 4839 3486 4894 Post
3512 4837 3772 4908 prophe-

405 4911 516 4981 que
547 4913 582 4950 a
609 4895 861 4981 collecta
891 4911 1018 4981 qua
1054 4896 1146 4976 hic
1185 4897 1541 4981 in‘secundo
1578 4903 1703 4981 loco
1737 4895 1990 4981 refertur
2017 4924 2030 4962 :
2133 4895 2276 4964 tiam
2302 4895 2592 4981 Collectio,
2636 4895 2790 4981 post‘
2807 4908 3122 4980 Epistolam
3152 4895 3568 4981 Aresponsorids
3613 4895 3772 4981 psal-

402 4969 565 5031 Βεαε,
578 4969 692 5051 ,ραὶ
717 4969 908 5051 ᾳυιραλ
1024 4967 1072 5021 Si
1100 4983 1236 5051 ζετο
1257 4968 1384 5035 haec.
1408 4971 1582 5051 missa
1601 4974 1916 5051 plurimum
1939 4977 2036 5033 de—
2133 4993 2293 5046 mus;
2317 4978 2477 5051 cujus
2493 4967 2749 5049 singulos
2759 4967 2974 5046 versus,
2994 4967 3342 5051 praecinente
3368 4967 3774 5045 lectorefcho-

402 5041 634 5120 δυΨΡίδ
651 5042 744 5124 ‘09}
775 5055 842 5093 ex
862 5038 2034 5124 ,Οτάξηθβίριηειῑλον,ῥαφθηίῼεῑιιὶρᾶηολιε-
2133 5066 2232 5124 rus
2249 5038 2568 5124 repetebat,
2585 5038 2839 5124 ‘uti‘ecte
2863 5038 3071 5122 probat
3091 5051 3308 5124 amicus
3333 5053 3533 5124 noster
3548 5038 3772 5124 pius‘ac

405 5109 771 5192 commodata
796 5111 901 5179 est,
941 5110 1014 5192 ut.
1027 5113 1188 5182 patet
1211 5128 1278 5166 ex
1300 5113 1740 5171 Collectionibus
1766 5120 1899 5175 Post
1919 5119 2034 5178 No-
2135 5109 2334 5177 doctus
2360 5109 2638 5192 Iosephus
2662 5121 2730 5177 Μ.
2755 5109 2928 5176 Carus
2955 5139 3055 5178 seu
3080 5121 3416 5178 Thomasius
3445 5122 3508 5176 in
3538 5109 3773 5178 erudita

405 5179 589 5264 mina,
618 5180 690 5234 ad
715 5179 1074 5264 Pacem,etc.
1155 5254 1165 5264 .
1379 5257 1388 5264 Δ
1688 5256 1704 5264 _
1820 5257 1840 5264 Δ
1938 5261 1968 5264 Α
2133 5191 2472 5264 prafatione
2493 5179 2612 5264 .sua
2642 5192 2716 5264 ad
2750 5193 3212 5264 Responsorialia
3239 5198 3298 5248 et
3329 5193 3771 5264 Antiphonalia,

476 5250 506 5292 ιι
531 5251 847 5338 Nempead
872 5253 1128 5338 missam,
1152 5254 1210 5338 in
1239 5271 1353 5338 qua
1374 5257 1490 5338 tres
1511 5256 1806 5338 quondam
1819 5257 2035 5338 Lectio-
2133 5250 2560 5338 quafRoplanis
2583 5263 2734 5338 typis
2763 5250 2918 5320 anno
2943 5265 3239 5336 superiore
3259 5250 3622 5338 prodierunt.

403 5339 507 5406 nes
533 5326 765 5406 recitari
789 5339 917 5404 mos
947 5329 1088 5396 e_rat,
1116 5329 1190 5406 ut.
1202 5326 1347 5406 alias
1371 5326 1647 5406 diximus.
1665 5329 1866 5406 Erant_
1891 5347 2030 5406 ergo
2151 5326 2184 5406 ’ί
2201 5361 2224 5406 ο
2260 5337 2324 5392 In
2351 5335 2578 5406 Codice,
2607 5326 2793 5399 stilla,
2839 5339 2898 5392 et
2927 5326 3194 5394 constans
3220 5326 3435 5406 ubique
3477 5335 3772 5406 scriptura
3825 5391 3834 5404 ,

402 5395 582 5478 etiam
609 5395 755 5478 tune‘
777 5394 1593 5478 missa'quotidiana,_quales
1613 5400 1824 5478 iterum
1851 5394 2032 5478 habes
2133 5405 2243 5478 ubi,
2258 5405 2503 5478 occurrit
2517 5394 2686 5475 stilla,
2713 5394 2831 5463 non
2855 5409 3036 5464 stella.
3065 5407 3285 5463 Passim
3314 5394 3496 5462 obvia
3523 5394 3662 5461 sunt
3689 5408 3775 5464 in-

402 5465 646 5548 infe‘riu’s
673 5465 776 5520 sub
803 5464 979 5520 ﬁnem
1006 5464 1175 5548 hujus
1199 5464 1668 5548 libri.:hﬁssarum
1695 5472 2030 5548 huiusmodi
2131 5477 2336 5533 Codice
2355 5480 2552 5532 nostro
2579 5464 2862 5548 ejusmodi
2887 5478 3369 5536 commutationes
3413 5479 3768 5533 litterarum.

399 5537 873 5622 quotidianarum
883 5553 1049 5592 usum
1061 5537 1324 5611 tempore
1333 5543 1637 5622 Augustini
1653 5543 1716 5622 in
1727 5537 1921 5601 A'frica
1936 5545 2032 5600 ob-
2202 5548 2229 5588 b
2253 5549 2347 5604 Sic
2367 5549 2579 5621 passim
2603 5537 2851 5622 legendo
2880 5551 3188 5622 Evangelia
3217 5550 3512 5621 quondam
3537 5548 3776 5622 diceba-

399 5609 638 5694 tinuisse
651 5609 976 5694 colligimus
996 5625 1062 5663 ex
1079 5609 1346 5694 sermone
1365 5609 1521 5694 ᾅδέιᾲ
1545 5615 2030 5694 popululn,_nova
2131 5622 2225 5694 tur
2240 5609 2505 5694 Dominus
2529 5609 2700 5694 Iesus,
2741 5638 2860 5694 non
2907 5609 3255 5694 simpliciter‘
3266 5624 3459 5694 Iesus,
3485 5619 3650 5693 quod
3698 5619 3771 5694 de

401 5682 994 5763 e_(1.i.tior_1_is,_num_l2n;
1027 5701 1056 5732 «
1080 5682 1418 5763 ln.Ecclesia
1447 5685 1520 5739 ad
1545 5682 1726 5763 altare
1757 5682 1858 5744 Dei
1873 5705 2028 5763 _quo-
2129 5691 2509 5748 Ambrosiano
2551 5682 3134 5751 ritu'observavimus
3188 5693 3250 5752 in
3291 5682 3462 5750 Musei
3501 5682 3686 5748 .tomo
3728 5693 3768 5760 ι,

399 5752 548 5838 tidie
578 5754 788 5838 dicitur
810 5753 920 5809 ista
944 5752 1244 5838 Dominica
1271 5753 1488 5836 oratio,
1506 5759 1565 5810 et
1586 5758 1828 5838 audiunt
1868 5752 2029 5816 illam
2129 5778 2262 5838 pag.
2293 5763 2411 5822 105.

398 5822 616 5906 fideles.
645 5827 770 5883 Non
787 5841 926 5899 ergo
950 5825 1245 5896 timemus,
1268 5841 1342 5883 ne
1359 5822 1552 5884 minus
1573 5826 1882 5901 diligenter
1895 5848 2028 5889 eam
