3982 6190
233 287 321 341 453
766 264 1377 338 SACRAMENTARIUM
1414 279 1858 338 GALLICANUM.
1900 308 1969 321 -—-
2006 279 2197 337 MISSA
2236 281 2567 339 BOMENSIS
2603 283 3026 350 QUOTIDIANA.

891 388 1161 439 Collectio.

289 486 445 553 Deus,
503 481 598 556 qui
642 481 810 554 culpa
852 482 1173 554 offenderis,
1204 483 1534 555 paenitentia
1579 484 1835 557 placaris,

225 578 543 634 aﬂlictorum
570 576 815 648 gemitus
842 577 1078 648 respice,
1114 581 1172 634 et
1215 578 1368 633 mala
1411 594 1541 651 quae
1565 578 1717 650 juste
1758 578 1842 633 in-

225 688 394 744 rogas,
422 670 858 726 misericorditer
881 676 1089 727 averte.

838 774 960 823 Post
979 773 1212 825 nomina.

284 857 491 927 Oblata,
518 858 774 928 Domine,
802 875 1043 915 munera
1069 859 1374 931 sanctifica,
1404 873 1621 932 nosque
1645 875 1679 913 a
1702 874 1835 931 pec-

222 957 457 1009 catorum
484 957 807 1008 nostrorum
834 953 1065 1008 macolis
1095 953 1362 1009 emimda.

858 1054 940 1105 Ad
968 1068 1175 1120 pacem.

281 1140 437 1195 Grata
479 1138 551 1193 sit
595 1138 719 1206 tibi,
754 1139 1016 1209 Domine,
1054 1140 1179 1196 haec
1221 1139 1429 1195 oblatio
1470 1139 1655 1212 plebis
1702 1140 1837 1209 tum,

219 1250 374 1305 quam
410 1232 510 1287 tibi
556 1231 844 1288 oﬂ'erimus
899 1232 957 1287 in
1009 1233 1225 1291 honore
1280 1233 1527 1289 nominis
1571 1232 1675 1303 tui,
1735 1230 1832 1304 [ut]

218 1327 416 1382 cunctis
434 1324 697 1399 proﬁciat
720 1326 790 1381 ad
816 1326 1083 1383 salutem.

854 1427 1189 1478 Contestatio.

278 1512 408 1570 Vere
434 1512 680 1586 dignum
717 1517 771 1568 et
814 1513 1038 1585 justum
1074 1517 1177 1584 est,
1232 1526 1464 1585 aequum
1513 1517 1570 1567 et
1594 1513 1838 1567 salutare

215 1622 305 1661 nos
332 1605 433 1661 tibi
487 1624 712 1679 semper
754 1611 810 1662 et
845 1606 1059 1680 ubique
1113 1606 1328 1679 gratias
1366 1622 1556 1679 agere,
1604 1606 1839 1662 Domine

216 1704 403 1771 sancte,
422 1702 593 1757 Pater
610 1700 987 1773 omnipotens,
1010 1704 1219 1757 aeterne
1236 1702 1404 1769 Deus,
1426 1716 1531 1772 per
1552 1700 1838 1755 Christum

3470 282 3573 345 434

1867 430 1926 503 Α
1943 390 2106 444 nium
2129 395 2454 447 sanctorum
2480 396 2732 462 tuorum,
2763 394 2861 464 qui
2898 410 3001 465 per
3034 392 3363 450 universum
3396 411 3567 452 mun-

1945 484 2083 539 dum
2106 484 2255 555 passi
2277 489 2409 540 sunt
2433 488 2669 557 pr0pter
2691 502 2902 542 nomen
2946 492 3130 558 tuum,
3169 489 3427 550 Domine.
3468 508 3567 548 seu

1939 576 2353 633 confessoribus
2378 578 2509 649 tuis,
2538 595 2783 651 quorum
2809 580 3024 636 meritis
3047 582 3423 655 precibusque
3442 601 3570 641 con-

1939 670 2121 740 cedas,
2170 675 2237 726 ut
2272 671 2333 725 in
2372 671 2634 727 omnibus
2666 673 3031 744 protectionis
3078 680 3194 730 tua:
3241 678 3570 735 muniamur

1938 763 2168 831 auxilio,
2194 779 2298 835 per
2316 764 2603 821 Christum
2621 766 2925 822 Dominum
2950 772 3231 823 nostrum.

2011 858 2161 913 Hanc
2191 857 2369 929 igitur
2393 858 2738 915 oblationem
2779 861 3061 916 servitutis
3098 867 3327 930 nostrae,
3371 865 3467 920 sed
3515 872 3572 923 et

1939 956 2156 1006 cunctae
2175 950 2406 1007 familiae
2431 957 2546 1008 tuae
2575 953 2623 1022 h,
2648 969 2821 1024 quam
2838 953 2939 1008 tibi
2966 954 3256 1011 offerimus
3294 958 3354 1011 in
3387 958 3566 1015 hono-

1937 1060 2063 1127 rem
2085 1045 2334 1101 nominis
2360 1046 2465 1114 tui,
2479 1047 2646 1115 Deus,
2661 1063 3005 1119 quaesumus,
3021 1049 3277 1117 Domine,
3298 1055 3362 1106 ut
3380 1052 3566 1123 placa-

1938 1142 2030 1194 tus
2056 1139 2315 1211 accipias,
2348 1140 2579 1212 diesque
2608 1145 2830 1196 nostros
2867 1141 2929 1195 in
2966 1146 3061 1197 tua
3100 1159 3237 1213 pace
3286 1143 3569 1218 disponas,

1939 1232 2122 1304 adque
2146 1232 2216 1287 ab
2243 1237 2453 1289 aeterna
2483 1234 2842 1289 damnatione
2871 1249 2973 1289 nos
2999 1235 3165 1307 eripi,
3201 1240 3258 1291 et
3282 1236 3341 1293 in
3368 1240 3572 1295 electo-

1937 1340 2069 1379 rum
2091 1329 2324 1381 tuorum
2342 1326 2547 1397 jubeas
2576 1344 2750 1400 grege
2791 1329 3101 1398 numerari,
3144 1345 3249 1400 per
3285 1331 3572 1389 Christum

1938 1418 2239 1474 Dominum
2270 1424 2550 1476 nostrum.

2007 1511 2046 1573 -Χ-
2069 1513 2248 1577 Quam
2276 1514 2620 1569 oblationem
2645 1518 2728 1583 tu,
2757 1516 2921 1581 Deus,
2950 1515 3009 1570 in
3057 1515 3319 1572 omnibus
3347 1535 3571 1591 quasu-

1936 1621 2065 1660 mus
2089 1606 2444 1662 benedictam
2469 1607 2525 1675 +,
2553 1608 2893 1679 adscriptam
2916 1610 2973 1676 1-,
3016 1613 3217 1679 ratam,
3263 1613 3567 1670 rationabi-

1934 1694 2050 1754 lem
2078 1701 2592 1773 acceptabilemque
2621 1702 2803 1756 facere
2833 1702 3104 1772 digneris,
3138 1720 3267 1776 quas
3306 1718 3328 1747 ο
3355 1706 3515 1762 nobis
3537 1710 3575 1772 ἧι

215 1794 504 1849 Dominum
536 1799 812 1850 nostrum.
844 1796 952 1851 Per
975 1806 1148 1867 quem
1171 1795 1513 1866 Majestatem
1537 1798 1695 1850 tuam
1719 1794 1835 1849 lau—
1853 1802 1910 1875 B
1933 1809 2137 1865 corpus
2162 1792 2200 1854 ’ξ’
2225 1796 2281 1848 et
2308 1794 2541 1865 sanguis
2567 1793 2666 1849 ﬁat
2692 1794 3037 1850 dilectissimi
3062 1796 3185 1851 Filii
3227 1799 3313 1853 tui
3351 1800 3574 1856 Domini

215 1887 331 1943 dant
353 1888 567 1961 angeli,
593 1888 831 1944 adorant
854 1888 1289 1957 dominationes,
1312 1892 1569 1944 tremunt
1594 1891 1835 1960 potesta-

218 1985 302 2035 tes.
349 1982 487 2037 Caeli
534 1981 919 2053 czelorumque
968 1981 1204 2038 virtutes
1257 2000 1321 2036 ac
1360 1982 1525 2037 beata
1572 1981 1839 2053 seraphin

214 2074 340 2129 socia
363 2075 722 2131 exultatione
757 2075 1171 2132 concelebrant.
1225 2077 1368 2131 Cum
1407 2074 1613 2147 quibus
1643 2079 1700 2131 et
1734 2064 1836 2129 nol—

215 2172 334 2223 stras
360 2186 532 2225 voces
560 2172 623 2224 ut
660 2169 881 2225 admitti
902 2170 1105 2242 jubeas
1146 2169 1537 2243 deprecamur,
1586 2167 1836 2241 supplice

213 2262 547 2319 confessione
578 2262 863 2319 dicentes:
887 2263 1143 2318 Sanctus.

271 2357 337 2411 Te
365 2355 605 2429 igitur“,
637 2355 1075 2412 clementissime
1095 2358 1280 2426 Pater,
1308 2371 1411 2429 per
1435 2354 1834 2429 JesumChri-

213 2453 345 2505 stum
397 2428 613 2505 Filium
652 2454 839 2521 tuum,
887 2450 1193 2506 Dominum
1233 2428 1513 2521 nostrunf,
1553 2428 1836 2522 supplices

212 2559 459 2615 rogamus
496 2548 553 2600 et
594 2544 862 2616 petimus,
891 2544 977 2598 uti
1004 2546 1298 2616 acceptum
1323 2542 1551 2614 habeas,
1575 2547 1632 2598 et
1657 2543 1832 2598 bene-

213 2636 342 2691 dicas
357 2637 393 2700 -l-
417 2638 549 2693 haec
569 2637 735 2704 dona,
765 2637 887 2692 haec
913 2653 1176 2708 munera,
1205 2637 1329 2693 haec
1348 2640 1541 2693 sancta
1564 2635 1835 2691 sacriﬁcia

213 2730 441 2786 inlibata.

273 2826 330 2881 In
351 2825 558 2897 primis
583 2841 713 2897 quae
741 2824 843 2879 tibi
863 2822 1152 2880 offerimus
1178 2842 1281 2897 pro
1309 2824 1554 2881 Ecclesia
1580 2828 1676 2880 tua
1702 2840 1829 2879 san-

212 2923 285 2974 cta
306 2919 602 2989 catholica,
638 2935 809 2991 quam
846 2918 1160 2991 paciﬁcare,
1207 2918 1518 2990 custodire,
1561 2918 1829 2989 adunare,

212 3018 259 3067 et
274 3029 465 3085 regere
497 3012 753 3084 digneris
776 3016 961 3068 totum
988 3012 1184 3067 orbem
1216 3016 1520 3082 terrarum,
1549 3028 1666 3069 una
1701 3028 1833 3067 cum

210 3107 552 3163 devotissimo
581 3106 790 3162 famolo
834 3110 932 3162 tuo
959 3105 1059 3161 ill..
1083 3122 1233 3179 papa
1250 3144 1257 3153 ρ
1277 3110 1505 3177 nostro,
1534 3105 1679 3163 sedis
1703 3122 1833 3178 apo-

1938 1886 2037 1941 Dei
2061 1886 2239 1941 nostri
2265 1888 2393 1942 Jesu
2418 1887 2642 1942 Christi.
2689 1887 2794 1951 Qui
2829 1887 3009 1959 pridie
3052 1905 3225 1960 quam
3261 1895 3572 1963 pateretur,

1936 1982 2170 2035 Accerir
2217 1996 2390 2034 PANEM
2444 1997 2496 2035 IN
2543 1996 2778 2037 SANCTAS
2812 1982 2838 2021 ά
2887 1998 2951 2035 ac
2990 1983 3335 2038 venerabiles
3371 2002 3574 2042 manus

1937 2089 2084 2143 suas,
2123 2072 2213 2146 [et]
2246 2074 2472 2129 elevatis
2494 2074 2671 2128 oculis
2691 2074 2806 2128 suis
2829 2074 2890 2129 in
2940 2076 3166 2145 ctelum,
3198 2077 3269 2131 ad
3298 2082 3353 2133 te
3395 2080 3573 2134 Deum

1935 2167 2159 2223 Patrem
2186 2183 2354 2222 suum
2380 2166 2849 2239 omnipotentem,
2894 2168 3100 2239 gratias
3123 2185 3319 2241 agens,
3346 2171 3576 2228 benedi-

1936 2260 2020 2315 xit
2044 2263 2103 2329 ᾧ,
2138 2278 2347 2333 FBEGIT,
2391 2278 2547 2317 DEDIT
2582 2278 2877 2317 DlSCIPULIS
2917 2262 3031 2317 suis
3067 2262 3277 2333 dicens,
3326 2266 3573 2337 Accipite

1936 2357 1993 2409 et
2041 2355 2376 2411 manducata
2421 2372 2490 2410 ex
2522 2356 2630 2411 hoc
2675 2370 2890 2411 omnes.
2934 2356 3049 2410 Hoc
3085 2361 3168 2412 est
3196 2358 3347 2413 enim
3374 2376 3575 2432 corpus

1934 2450 2147 2504 meum;
2177 2448 2370 2504 Simile
2395 2449 2563 2505 modo
2586 2453 2954 2522 posteaquam
2976 2455 3237 2506 cenatum
3279 2457 3382 2523 est,
3422 2470 3576 2511 acce-

1933 2540 2020 2612 pit
2043 2545 2100 2597 et
2123 2541 2277 2598 hunc
2304 2544 2646 2614 praeclarum
2669 2542 2900 2599 calicem
2923 2544 2984 2599 in
3011 2546 3230 2600 sanctas
3251 2562 3315 2600 ac
3345 2563 3574 2603 venera-

1931 2634 2074 2690 biles
2098 2652 2301 2691 manus
2330 2653 2488 2707 suas;
2520 2637 2658 2692 item
2687 2637 2793 2692 tibi
2823 2637 3033 2709 gratias
3059 2654 3255 2709 agens,
3284 2640 3573 2697 benedixit

1932 2735 1990 2798 +,
2007 2744 2166 2785 namr
2188 2740 2490 2785 niscwous
2512 2746 2649 2799 sus,
2680 2730 2891 2797 dicens,
2920 2731 3191 2802 Accipite,
3225 2737 3281 2787 et
3298 2732 3474 2789 bibite
3501 2750 3571 2790 ex

1933 2837 2000 2878 eo
2024 2838 2242 2878 omnes.
2276 2822 2374 2877 Hic
2397 2826 2482 2878 est
2507 2823 2662 2878 enim
2689 2823 2833 2879 calix
2872 2824 3167 2895 sanguinis
3208 2836 3232 2866 ο
3268 2827 3402 2897 mei,
3441 2828 3575 2885 novi

1933 2920 1990 2971 et
2014 2916 2214 2971 aeterni
2240 2917 2583 2986 testamenti,
2613 2916 2950 2988 mysterium
2981 2917 3132 2988 ﬁdei,
3166 2918 3263 2991 qui
3288 2937 3394 2992 pro
3418 2921 3574 2977 vobis

1933 3013 1989 3064 et
2015 3025 2120 3081 pro
2144 3009 2338 3065 multis
2360 3009 2670 3066 effunditur
2712 3011 2773 3066 in
2814 3011 3146 3066 remissione
3189 3019 3568 3085 peccatorum.

1931 3102 2060 3158 Haec
2104 3103 2609 3177 quotienscumque
2660 3103 2924 3173 feceritis,
2969 3105 3027 3159 in
3072 3106 3180 3161 mei
3236 3109 3569 3165 memoriam

212 3202 402 3257 stolicaa
422 3206 483 3257 et
522 3201 787 3257 antestite
826 3205 1039 3271 nostro,
1087 3204 1144 3257 et
1191 3200 1453 3257 omnibus
1490 3199 1835 3285 orthodoxis,
1858 3183 1913 3258 C
1937 3196 2172 3252 facietis.

209 3303 359 3368 atque
381 3294 676 3352 catholicae
702 3294 833 3350 fidei
857 3294 1185 3357 cultoribus.
1594 3346 1605 3355 ,

270 3391 565 3460 Memento,
590 3389 847 3459 Domine,
865 3389 1214 3444 famulorum
1236 3388 1696 3460 famularumque
1716 3391 1836 3443 tua-

210 3500 345 3552 rum,
388 3489 447 3541 et
488 3483 753 3539 omnium
789 3482 1002 3538 circum
1058 3482 1425 3551 adstantium,
1465 3498 1711 3554 quorum
1731 3481 1836 3537 tibi

212 3578 335 3634 ﬁdes
356 3578 587 3650 cognita
611 3580 716 3648 est,
746 3581 803 3633 et
855 3581 989 3632 nota
1023 3576 1265 3645 devotio,
1306 3576 1404 3648 qui
1442 3576 1547 3631 tibi
1591 3576 1836 3631 offerunt

209 3671 307 3728 hoc
332 3671 673 3727 sacrificium
697 3669 1029 3759 laudishpro
1054 3686 1114 3727 se
1149 3670 1375 3742 suisque
1414 3668 1695 3739 omnibus,
1730 3685 1835 3741 pro

209 3765 589 3838 redemptione
616 3760 939 3820 animarum
966 3780 1221 3828 suarum,
1265 3780 1371 3835 pro
1415 3779 1513 3834 spe
1547 3762 1743 3817 salutis
1783 3766 1837 3817 et

207 3858 596 3916 incolomitatis
622 3875 760 3926 sum,
789 3858 895 3914 tibi
925 3859 1171 3915 reddunt
1199 3862 1326 3913 vota
1351 3874 1455 3913 sua
1483 3860 1696 3913 aeterno
1721 3858 1836 3912 Deo

207 3954 320 4009 vivo
344 3959 406 4010 et
429 3970 581 4009 vero.

269 4047 782 4116 Communicantes,
805 4050 861 4101 et
886 4045 1037 4101 diem
1073 4044 1515 4102 sacratissimum
1543 4043 1832 4102 celebran-

208 4145 300 4212 tes,
349 4142 571 4213 (dicitur
591 4144 651 4195 in
675 4142 976 4197 Nativitate
1006 4142 1223 4195 Domini
1243 4142 1296 4211 :)
1324 4140 1382 4195 in
1410 4156 1537 4211 ~quo
1578 4136 1832 4194 ineunte-

208 4236 416 4291 minata
457 4234 751 4307 virginitas
773 4234 908 4287 huic
939 4234 1155 4289 mundo
1182 4233 1357 4289 edidit
1382 4232 1725 4289 salvatorem
1742 4233 1832 4287 Je-

210 4344 328 4384 sum
355 4329 639 4385 Christum
668 4328 976 4383 Dominum
1002 4332 1281 4384 nostrum.
1315 4326 1542 4396 (Dicitur
1567 4330 1626 4381 in
1649 4330 1835 4381 sancto

211 4423 408 4479 Pascha
423 4422 462 4494 :)
490 4427 546 4477 et
570 4421 721 4478 diem
749 4421 1189 4479 sacratissimum
1216 4421 1559 4476 celebrantes
1584 4435 1832 4475 resurre-

214 4516 403 4572 ctionis
438 4516 665 4572 Domini
693 4515 871 4572 nostri
899 4517 1027 4573 Jesu
1067 4515 1272 4575 Christi
1316 4514 1439 4569 Filii
1489 4514 1591 4569 tui.
1638 4513 1744 4569 Sed
1780 4519 1837 4570 et

2004 3292 2156 3347 UNDE
2195 3308 2258 3345 ar
2300 3307 2546 3348 annonas
2590 3308 2787 3362 sumus,
2840 3290 3093 3361 Domine,
3131 3310 3231 3348 nos
3273 3296 3418 3351 servi
3465 3296 3570 3368 tui,

1933 3384 2032 3439 sed
2060 3389 2116 3440 et
2138 3384 2296 3455 plebs
2322 3390 2419 3439 tua
2442 3390 2630 3441 sancta
2646 3386 2851 3441 Christi
2872 3386 2993 3440 Filii
3016 3386 3101 3441 tui
3125 3387 3349 3443 Domini
3370 3393 3570 3462 nostri,

1932 3482 2049 3532 tam
2076 3476 2257 3533 beatae
2282 3477 2575 3549 passionis,
2606 3495 2831 3534 necnon
2878 3484 2932 3533 et
2977 3479 3048 3533 ab
3088 3478 3280 3534 inferis
3318 3498 3570 3539 resurre-

1934 3570 2155 3641 ctionis,
2183 3570 2279 3626 sed
2301 3575 2357 3625 et
2388 3570 2448 3626 in
2477 3570 2642 3627 caelos
2670 3571 2930 3643 gloriosa:
2973 3572 3330 3645 ascensionis,
3381 3574 3569 3633 offeri-

1933 3680 2081 3735 mus,
2099 3663 2391 3737 praeclara:
2417 3664 2689 3737 Majestati
2710 3669 2824 3720 tuae
2864 3665 2934 3721 de
2973 3665 3085 3721 tuis
3125 3666 3285 3722 donis
3322 3685 3386 3724 ac
3429 3670 3570 3727 datis

1934 3758 1971 3821 -ξ-
1994 3758 2234 3814 Hostiam
2264 3775 2490 3831 puram,
2527 3759 2768 3815 Hostiam
2795 3763 3045 3815 sanctam
3086 3758 3144 3831 1‘,
3186 3761 3425 3818 Hostiam
3458 3764 3564 3820 im-

1934 3852 2270 3908 maculatam
2295 3854 2353 3922 +,
2391 3868 2600 3924 panem
2625 3857 2882 3908 sanctum
2911 3854 3041 3909 vita:
3067 3857 3319 3924 aeternae,
3351 3860 3408 3913 et
3430 3857 3566 3914 cali-

1934 3962 2057 4001 cem
2072 3944 2268 4001 salutis
2294 3952 2605 4019 perpetuae.
2639 3946 2821 4019 Supra
2848 3964 2978 4020 qua:
3010 3947 3264 4020 propicio
3288 3966 3352 4005 ac
3375 3968 3573 4008 sereno

1932 4039 2095 4095 vultu
2124 4040 2373 4112 aspicere
2402 4041 2640 4113 dignare
2682 4040 2717 4111 ί,
2749 4045 2805 4097 et
2830 4046 3125 4113 acceptum
3151 4043 3379 4114 habere,
3409 4045 3573 4102 sicuti

1933 4138 2228 4205 acceptum
2254 4134 2466 4191 habere
2495 4134 2760 4208 dignatus
2789 4152 2847 4191 es
2870 4152 3109 4191 munera
3136 4137 3301 4207 pueri
3325 4138 3408 4192 tui
3429 4139 3572 4209 justi

1934 4227 2091 4297 Abel,
2121 4233 2177 4283 et
2210 4228 2574 4299 sacriﬁcium,
2618 4228 2957 4300 patriarchae
2987 4229 3162 4284 nostri
3207 4229 3468 4302 Abrahae,
3516 4236 3573 4288 et

1935 4321 2088 4393 quod
2112 4321 2215 4376 tibi
2243 4322 2447 4393 optulit
2466 4338 2724 4377 summus
2738 4322 2992 4377 sacerdos
3010 4326 3142 4377 tuus
3167 4322 3571 4382 Melchisedech

1936 4418 2193 4470 sanctum
2217 4415 2577 4484 sacriﬁcium,
2607 4414 3032 4470 immaculatam
3056 4413 3320 4470 hostiam.

2006 4507 2293 4582 Supplices
2339 4513 2393 4564 te
2447 4524 2734 4580 rogamus,
2787 4507 3147 4580 omnipotens
3208 4510 3375 4582 Deus,
3432 4507 3593 4583 jube‘

214 4559 403 4572 ν-υ-...ι
438 4559 665 4572 νειμ-..μ
693 4559 1027 4573 ..πνοι-νυ..
1069 4559 1272 4575 νιν-ιν.-
1318 4559 1439 4569 -..υ
1494 4559 1591 4569 ν-..
1638 4559 1744 4569 νυν.
1782 4559 1837 4570 νν
2007 4559 2289 4582 "nm"
2347 4559 2390 4564 --
2447 4559 2734 4580 --οη-νη
2794 4559 3143 4580 τ--Γηη
3208 4559 3375 4582 _-_.,
3432 4559 3571 4583 δ..-

213 4611 535 4666 memoriam
584 4615 911 4665 venerantes
954 4610 1013 4665 in
1065 4610 1265 4681 primis
1309 4607 1567 4681 gloriosa:
1611 4559 1913 4679 scmperD
1935 4603 2059 4658 haec
2085 4601 2328 4674 perferri
2350 4618 2455 4674 per
2478 4618 2682 4657 manus
2717 4602 2894 4657 sancti
2932 4601 3121 4675 angeli
3146 4603 3232 4659 tui
3254 4604 3316 4659 in
3344 4605 3572 4662 sublimi

211 4704 437 4775 virginis
457 4704 661 4775 Maria),
691 4702 991 4776 genetricis
1020 4704 1120 4759 Dei
1145 4706 1203 4757 et
1231 4702 1453 4757 Domini
1490 4701 1667 4757 nostri
1702 4703 1834 4757 Jesu

212 4795 437 4867 Christi;
466 4798 561 4853 sed
586 4802 643 4852 et
666 4796 1124 4852 beatissimorum
1153 4797 1537 4868 apostolorum
1578 4812 1642 4851 ac
1676 4812 1830 4851 mar-

209 4893 393 4960 tyrum
417 4896 647 4946 tuorum
670 4890 842 4960 Petri,
878 4890 1057 4961 Pauli,
1086 4891 1346 4960 Andreae,
1376 4890 1583 4958 Jacobi,
1621 4889 1829 4945 Johan-

211 4984 315 5054 nis,
338 4984 588 5055 Thomze,
615 4983 821 5053 Jacobi,
838 4983 1101 5056 Philippi,
1133 4982 1553 5055 Bartholomaai,’
1568 4983 1831 5051 Matthtei,

211 5076 461 5151 Simonis,
512 5083 571 5133 et
602 5076 854 5148 Thadaei,
902 5077 1043 5145 Lini,
1094 5077 1241 5149 Cliti,
1289 5078 1615 5155 Clementis,
1672 5076 1833 5146 Sixti,

211 5170 428 5241 Cornili,
458 5171 746 5244 Cypriani,
777 5171 1062 5239 Laurenti,
1091 5170 1463 5245 Chrysogoni,
1491 5170 1764 5227 Johannis
1780 5173 1839 5226 et

212 5264 379 5335 Pauli,
415 5267 630 5323 Cosmae
647 5268 707 5322 et
732 5266 1016 5336 Damiani,
1058 5265 1279 5337 Hilarii,
1326 5265 1566 5336 Martini,
1606 5265 1837 5321 Ambro-

136 5366 193 5457 »γ
213 5357 296 5425 sii,
322 5361 597 5433 Agustini,
626 5359 899 5432 Gregorii,
932 5360 1280 5431 Hieronymi,
1314 5358 1615 5450 Bei‘i‘glicti,
1645 5362 1703 5415 et
1721 5376 1838 5414 om-

282 5468 464 5543 _'Cum
490 5472 586 5527 hic
611 5472 801 5527 Canon
845 5471 930 5541 (ut
972 5471 1248 5542 vocamus)
1284 5487 1400 5525 non
1442 5474 1743 5543 repetatur
1776 5470 1835 5525 in

215 5539 670 5615 {aliaequeirtibus
696 5539 899 5613 missis,
927 5542 985 5598 id
1005 5539 1347 5615 argumento
1373 5545 1457 5597 est
1482 5539 1581 5615 eos
1602 5542 1702 5615 qui
1729 5541 1836 5615 hoc

214 5610 404 5669 Codice
445 5614 772 5685 utebantur,
821 5610 938 5673 non
982 5610 1160 5669 alium
1221 5614 1509 5670 Canonem
1569 5610 1836 5669 habuisse

218 5696 375 5752 quam
402 5686 745 5741 Romanum.

285 5754 309 5795 δ
330 5757 453 5813 Haec
469 5757 663 5827 verba,
691 5757 788 5813 sed
810 5763 861 5813 et
895 5764 1099 5816 cunctae
1139 5758 1370 5828 familia
1405 5762 1511 5813 tua:
1542 5772 1585 5812 u

220 5829 540 5904 nmmuisgtui
579 5832 743 5893 Deus,
770 5830 1078 5904 cancellata
1111 5835 1246 5886 sunt
1290 5829 1350 5885 in
1391 5828 1570 5904 veteri

220 5899 344 5956 item
367 5899 512 5958 infra
536 5918 640 5974 pro
666 5901 921 5975 accipias,
947 5908 1262 5959 correctum
1286 5903 1571 5972 suscipias.

1696 5756 1839 5814 ead

1653 5828 1833 5899 odice,

1930 4695 2128 4751 altario
2154 4700 2254 4750 tuo
2284 4695 2344 4750 in
2386 4699 2691 4768 conspectu
2742 4695 2947 4752 divinas
2984 4696 3284 4768 Majestatis
3317 4703 3467 4771 tuae;
3508 4706 3573 4757 ut

1932 4793 2210 4862 quotquot
2234 4805 2302 4845 ex
2328 4789 2433 4845 hac
2458 4788 2648 4845 altaris
2690 4789 3121 4862 participatione
3155 4798 3569 4851 sacrosanctum

1932 4884 2058 4939 Filii
2083 4883 2169 4939 tui
2193 4898 2396 4955 corpus
2416 4888 2473 4940 et
2488 4884 2828 4957 sanguinem
2851 4886 3281 4957 sumpserimus,
3303 4889 3459 4943 omni
3477 4888 3572 4946 be-

1933 4977 2253 5033 nedictione
2274 4978 2481 5034 caelesti
2509 4983 2565 5033 et
2587 4978 2766 5051 gratia
2792 4979 3136 5052 repleamur,
3164 4996 3268 5052 per
3284 4981 3569 5039 Christum

1936 5068 2239 5127 Dominum
2273 5076 2550 5127 nostrum.

2007 5166 2266 5222 Marsum
2311 5182 2490 5233 eum,
2528 5167 2770 5236 Domus,
2814 5171 2871 5222 et
2917 5180 3113 5222 eorum
3156 5164 3422 5242 nomina,
3472 5174 3571 5247 qui

1934 5275 2037 5313 nos
2077 5262 2491 5331 praecesserunt
2533 5274 2664 5314 cum
2707 5259 2870 5331 signo
2904 5258 3035 5315 ﬁdei
3076 5265 3132 5316 et
3189 5262 3479 5323 dormiunt
3514 5270 3572 5323 in

1936 5368 2137 5408 somno
2182 5354 2353 5424 pacis.
2405 5355 2839 5410 Commemoratio
2892 5356 3287 5423 defunctorum.
3345 5361 3479 5433 Ipsis
3518 5366 3573 5417 et

2007 5477 2030 5539 ε
2064 5466 2146 5539 ita
2168 5464 2439 5539 primaria
2464 5480 2669 5539 manu;
2692 5466 3046 5539 secundaria,
3074 5475 3154 5524 ut.

2006 5538 2032 5577 ἀ
2061 5537 2196 5599 Quae
2222 5535 2549 5609 maiusculis
2570 5536 2661 5591 hic
2689 5537 2888 5592 litteris
2917 5535 3066 5595 edita
3089 5540 3442 5609 sunt,.minio
3470 5540 3564 5600 de-

1934 5607 2084 5681 picta
2109 5610 2330 5681 erstant
2352 5606 2413 5661 in
2431 5612 2618 5664 vetere
2636 5610 2966 5681 exemplari.

2006 5690 2031 5720 ο
2059 5676 2329 5804 i'itﬁd‘iltum
2345 5684 2467 5735 erat
2494 5684 2689 5745 sancti,
2718 5676 2825 5738 sed
2843 5684 3037 5755 postea
3058 5681 3239 5737 tribus
3263 5680 3438 5737 obelis
3462 5698 3562 5742 ex-

2006 5770 2086 5804 mc
2218 5788 2230 5803 ο

1935 5768 2230 5824 punctum.

2005 5825 2027 5869 ε
2062 5820 2318 5954 gorrexit
2336 5836 2626 5879 nonnemo
2649 5824 2881 5896 antiqua
2903 5838 3097 5896 manu,
3130 5827 3195 5880 ut
3219 5823 3347 5895 alia:
3390 5832 3563 5901 νεφε-

2005 5916 2054 5954 re
2107 5908 2330 5954 umeris.

1937 5914 2054 5956 cere
2071 5908 2330 5963 αιθηεηε.
