4036 6188
429 295 532 347 455

1209 288 1538 346 ΑΡΡΕΝΒΙΧ
1579 288 1665 342 AD
1703 285 1924 342 OPERA
1963 285 2195 343 SANCTI
2231 285 2530 342 GERMANI
2570 281 2996 341 PARISIENSIS.

3697 285 3802 338 456

430 399 697 456 omnibus
737 399 796 454 in
839 399 1057 456 Christo
1102 397 1484 470 quiscentibus
1529 396 1717 450 locum
1755 395 2055 467 refrigerii,
2079 407 2139 480 Α
2159 393 2402 466 pidibus,
2430 398 2486 448 et
2513 394 2633 464 ejus
2661 393 2893 464 agmina
2918 395 3240 446 sanctorum
3285 388 3562 460 sanguine
3603 388 3800 461 pingi;

427 494 590 564 lucis,
629 498 685 548 et
721 493 874 566 pacis
907 497 972 547 ut
1002 491 1296 562 indulgeas
1340 491 1729 561 deprecamur,
1773 506 1875 561 per
1908 490 2064 544 Chri-

429 593 583 644 stum
601 587 902 642 Dominum
929 589 1202 640 nostrum.

425 735 428 738 .
501 684 670 737 NOBIS
697 696 920 752 quoque
945 677 1331 750 peccatoribus
1357 676 1582 732 famulis
1607 677 1738 746 tuis,
1767 677 1836 732 de
1864 677 2054 731 multi-

427 776 622 831 tudine
659 773 1086 828 miserationum
1135 776 1363 826 tuarum
1416 770 1789 842 sperantibus,
1841 775 2062 841 partem

427 868 676 939 aliquam
701 865 977 921 societatis
1021 865 1229 920 donare
1266 863 1516 936 digneris
1550 879 1680 918 cum
1713 864 1824 918 tuis
1861 864 2063 919 sanctis

426 961 690 1033 apostolis
716 964 772 1015 et
796 959 1157 1032 martyribus,
1187 975 1320 1014 cum
1343 958 1615 1026 Johanne,
1647 957 1895 1028 Stefano,
1921 959 2058 1013 Mat-

427 1054 626 1124 thiam,
678 1053 989 1122 Barnaban,
1045 1053 1287 1123 Ignacio,
1341 1051 1681 1120 Alexandro,
1721 1051 2058 1121 Marcellino,

425 1149 608 1214 Petro,
637 1149 935 1218 Perpetua,
965 1148 1142 1216 Agna,
1172 1144 1381 1215 Cicilia,
1411 1141 1712 1214 Felicitate,
1749 1145 2057 1212 Anastasia,

423 1240 660 1310 Agathe,
688 1240 876 1309 Lucia,
911 1239 1165 1312 Eugenia
1197 1237 1246 1304 ⁸,
1291 1243 1346 1293 et
1384 1255 1516 1292 cum
1545 1237 1810 1292 omnibus
1853 1239 2062 1292 sanctis

423 1335 556 1405 tuis,
587 1335 734 1389 intra
761 1349 1006 1404 quorum
1032 1349 1135 1386 nos
1159 1332 1504 1386 consortium
1529 1347 1645 1386 non
1663 1331 1922 1386 stimator
1948 1348 2063 1386 me-

423 1428 539 1498 riti,
589 1428 686 1482 sed
736 1427 915 1482 veniae
959 1441 1298 1497 quaesumus
1352 1425 1588 1496 largitor
1643 1425 1896 1494 admitte,
1961 1441 2063 1495 per

426 1521 712 1576 Christum
737 1519 1041 1575 Dominum
1067 1524 1346 1574 nostrum.

495 1616 606 1668 Pen
633 1629 780 1675 QUEM
807 1627 924 1668 HAEC
951 1627 1140 1680 omum,
1173 1611 1427 1681 Domine,
1458 1627 1684 1683 semper
1718 1611 1866 1665 bona
1885 1627 2058 1677 creas,

427 1711 465 1774 ~1-
505 1705 832 1776 sanctiﬁcas,
887 1705 926 1766 +
981 1705 1242 1773 viviﬁcas,
1289 1703 1327 1766 οἱ·
1373 1704 1677 1772 benedicis,
1735 1709 1791 1759 et
1831 1708 2063 1776 praestas

2161 489 2338 543 libera
2367 505 2469 542 nos
2492 492 2591 542 tuo
2621 487 2798 541 valido
2825 485 3079 555 brachio,
3100 489 3156 540 et
3183 484 3338 538 salva
3359 500 3462 538 nos
3491 499 3598 556 per
3635 484 3798 538 auxi-

2161 581 2436 636 liatricem
2455 581 2747 636 dexteram
2762 584 2943 648 tuam,
2961 583 3016 634 et
3035 578 3270 633 defende
3285 578 3344 631 in
3369 577 3530 632 nobis
3543 577 3802 648 precium

2161 674 2398 745 preciosi
2424 673 2715 744 sanguinis
2741 672 2846 741 tui,
2873 689 3014 743 quos
3036 670 3346 726 redemisti.
3377 672 3504 726 Per.

2536 765 2716 815 Gloria
2745 765 2810 814 ad
2835 764 3045 814 missam
3070 763 3407 814 decantanda.

2233 839 2416 893 Gloria
2453 839 2513 892 in
2554 838 2784 894 excelsis
2827 839 2958 908 Deo,
2995 841 3050 891 et
3083 837 3145 890 in
3188 840 3338 890 terra
3387 851 3498 906 pax
3547 833 3798 889 homini-

2162 933 2268 987 bus
2291 933 2456 986 bonae
2477 932 2802 987 voluntatis.
2833 931 3150 986 Laudamus
3176 933 3251 998 te,
3295 928 3684 983 benedicimus
3725 933 3798 994 te,

2161 1027 2459 1081 adoramus
2517 1031 2591 1094 te,
2641 1023 3018 1097 gloriﬁcamus
3058 1027 3131 1078 te.
3184 1023 3398 1078 Gratias
3437 1021 3664 1092 agimus
3705 1021 3802 1075 tibi

2161 1125 2396 1192 propter
2421 1135 2692 1190 magnam
2719 1119 2956 1190 gloriam
2985 1123 3162 1188 tuam,
3207 1115 3442 1170 Domine
3479 1117 3646 1182 Deus,
3701 1131 3800 1169 rex

2162 1213 2420 1280 cmlestis,
2451 1213 2596 1268 Deus
2621 1214 2783 1267 Pater
2807 1211 3184 1282 omnipotens.
3217 1209 3469 1279 Domine,
3511 1209 3616 1262 Fili
3680 1209 3802 1262 uni-

2164 1306 2354 1378 genite
2378 1307 2508 1362 Jesu
2551 1305 2788 1373 Christe,
2819 1305 3054 1359 Domine
3085 1305 3251 1372 Deus,
3283 1318 3466 1374 agnus
3492 1301 3612 1368 Dei,
3629 1301 3800 1356 Filius

2161 1400 2359 1455 Patris.
2402 1400 2508 1464 Qui
2549 1399 2694 1455 tollis
2720 1403 2946 1470 peccata
2971 1397 3170 1453 mundi
3197 1397 3466 1452 miserere
3493 1395 3676 1465 nobis,
3703 1395 3796 1467 qui

2161 1493 2308 1548 tollis
2324 1497 2548 1564 peccata
2576 1493 2775 1548 mundi
2799 1492 3018 1564 suscipe
3045 1490 3498 1563 deprecationem
3522 1493 3792 1544 nostram.

2161 1587 2269 1650 Qui
2307 1587 2465 1642 sedes
2493 1587 2564 1642 ad
2609 1587 2902 1642 dexteram
2929 1586 3127 1655 Patris,
3157 1585 3425 1640 miserere
3449 1581 3628 1638 nobis.
3659 1583 3801 1647 Quo-

2161 1680 2321 1734 niam
2345 1685 2409 1734 tu
2424 1681 2571 1736 solus
2609 1684 2856 1750 sanctus,
2893 1681 2953 1734 tu
3003 1679 3154 1734 solus
3207 1679 3498 1747 Dominus,
3549 1683 3610 1733 tu
3651 1677 3801 1731 solus

425 1771 610 1854 nobis.
653 1801 756 1854 Per
790 1771 1000 1870 ipsum,
1053 1804 1107 1853 et
1149 1771 1280 1853 cum
1315 1799 1457 1870 ipso,
1495 1803 1551 1852 et
1581 1798 1641 1851 in
1685 1798 1806 1869 ipso
1831 1771 1927 1852 est
1961 1780 2139 1852 tibiB
2163 1773 2468 1870 αὲιίεείηιιξε
2492 1776 2623 1870 1359
2649 1774 2886 1844 ChriSte:
2925 1789 3056 1828 cum
3097 1777 3287 1828 saneto
3324 1771 3534 1843 8ΡίΓὶιιι
3565 1771 3626 1826 in
3671 1771 3800 1842 810‘

424 1894 539 1948 Deo
565 1892 716 1946 Patri
736 1892 1108 1963 omnipotenti
1121 1891 1180 1945 in
1205 1891 1424 1946 unitate
1450 1890 1689 1962 Spiritus
1708 1891 1882 1946 sancti
1899 1907 2061 1947 emus

427 1987 612 2040 honor
637 1989 693 2040 et
719 1984 914 2055 gloria,
943 2001 1045 2056 per
1059 1985 1246 2039 omnia
1272 1985 1475 2039 saecula
1499 1983 1856 2040 saeculorum.

497 2079 692 2134 Divino
719 2078 1045 2148 magisterio
1069 2079 1248 2133 edocti
1277 2082 1332 2132 et
1357 2078 1547 2134 divina
1569 2078 1927 2134 institutione
1956 2095 2058 2134 au-

425 2174 624 2230 demus
649 2173 835 2229 dicere
857 2173 884 2212 b
917 2189 929 2226 :
975 2173 1154 2227 Pater.

982 2286 1104 2334 Post
1126 2285 1286 2334 Pater
1311 2287 1508 2334 noster.

495 2371 691 2426 Libera
741 2387 864 2439 nos,
908 2370 1162 2441 Domine,
1213 2370 1283 2424 ab
1323 2371 1480 2424 omni
1531 2372 1699 2441 malo,
1743 2370 2056 2442 praeterito,

423 2464 709 2536 praesenti,
739 2469 796 2518 et
817 2464 1029 2534 futuro,
1058 2469 1112 2518 et
1132 2464 1514 2518 intercedente
1561 2481 1664 2536 pro
1705 2463 1866 2518 nobis
1901 2465 2062 2518 beata

425 2561 482 2613 et
507 2557 751 2628 gloriosa
763 2573 1098 2628 semperque
1121 2557 1341 2628 virgine
1362 2557 1534 2612 Maria
1570 2570 1611 2624 ο,
1639 2560 1696 2613 et
1722 2558 1896 2612 beatis
1921 2573 2056 2629 apo-

423 2650 579 2706 stolis
615 2652 778 2706 Petro
813 2655 870 2705 et
901 2651 1094 2719 Paulo,
1135 2650 1206 2704 da
1239 2650 1524 2721 propicius
1565 2667 1764 2721 pacem
1797 2656 1956 2706 tuam
1999 2651 2058 2705 in

421 2744 615 2799 diebus
639 2743 844 2798 nostris
859 2761 876 2814 ;
925 2748 992 2798 ut
1019 2759 1126 2815 ope
1153 2743 1554 2798 misericordiae
1581 2747 1695 2798 tua;
1723 2744 1920 2815 adjuti,
1953 2747 2008 2799 et
2027 2760 2060 2798 a

421 2842 648 2910 peccato
677 2839 854 2893 simus
889 2853 1113 2909 semper
1147 2837 1330 2908 liberi,
1370 2843 1426 2892 et
1461 2837 1532 2892 ab
1567 2839 1722 2894 omni
1763 2837 2054 2910 perturba-

420 2930 573 2986 tione
592 2931 792 2988 securi.

941 3011 1060 3060 Post
1092 3011 1537 3062 communionem.

491 3097 640 3159 Quos
664 3095 893 3166 caelesti,
927 3096 1184 3164 Domine,
1219 3097 1371 3150 dono
1401 3095 1638 3166 saciasti,
1666 3099 1874 3168 praesta
1897 3111 2054 3168 quae-

421 3204 638 3260 sumus,
659 3194 722 3243 ut
744 3189 992 3243 anostris
1008 3189 1354 3245 mundemur
1366 3189 1616 3260 occultis,
1632 3195 1687 3245 et
1711 3190 1780 3244 ab
1805 3189 2058 3244 hostium

418 3283 728 3340 liberemur
751 3282 990 3338 insidiis.

933 3385 1321 3436 Consummatio
1347 3384 1536 3436 missae.

489 3470 701 3526 Gratias
723 3469 826 3525 tibi
851 3470 1096 3542 agimus,
1138 3471 1371 3527 Domine
1421 3474 1634 3542 sancte,
1675 3473 1838 3528 Pater
1872 3471 2056 3526 omni-

415 3568 640 3637 potens,
677 3569 887 3620 aeterne
912 3565 1079 3636 Deus,
1111 3565 1211 3636 qui
1247 3582 1350 3620 nos
1386 3565 1635 3638 corporis
1674 3569 1732 3622 et
1770 3565 2060 3637 sanguinis

417 3659 624 3714 Christi
649 3659 772 3713 Filii
801 3658 884 3714 tui
911 3659 1313 3715 communione
1339 3659 1860 3732 saciasti,tuamque
1887 3659 2058 3714 mise-

417 3751 719 3806 ricordiam
742 3751 1036 3808 humiliter
1053 3753 1400 3824 postolamus
1412 3771 1428 3822 ;
1449 3758 1512 3810 ut
1529 3754 1636 3808 hoc
1657 3758 1843 3824 tuum,
1875 3753 2060 3808 Domi-

418 3860 512 3911 ne,
538 3844 964 3899 Sacramentum
991 3861 1110 3900 non
1155 3846 1224 3900 sit
1261 3846 1421 3900 nobis
1461 3851 1650 3902 reatus
1697 3847 1768 3900 ad
1806 3863 2055 3918 poenam,

424 3938 522 3992 sed
559 3937 631 3991 sit
653 3937 978 3992 intercessio
1018 3939 1277 3994 salutaris
1323 3939 1394 3994 ad
1427 3940 1682 4009 veniam;
1726 3940 1797 3994 sit
1845 3941 2060 3995 ablutio

419 4031 717 4102 scelerum,
757 4029 829 4083 sit
863 4031 1134 4086 fortitudo
1177 4031 1486 4103 fragilium,
1531 4034 1604 4088 sit
1636 4038 1828 4088 contra
1861 4033 2062 4090 mundi

413 4124 663 4198 pericola
699 4123 1142 4179 ﬁrmamentum.
1172 4126 1300 4180 Haec
1342 4143 1465 4194 nos,
1509 4126 1766 4196 Domine,
1811 4144 2061 4183 commu-

416 4219 512 4276 nio
539 4223 749 4290 purget
767 4236 800 4272 a
824 4218 1082 4289 crimine,
1113 4223 1170 4276 et
1193 4219 1429 4276 caelestis
1460 4220 1652 4294 gaudii
1687 4221 1904 4277 tribuat
1941 4238 2058 4278 esse

413 4313 743 4386 participes.
767 4315 891 4368 Per.

986 4392 1186 4442 Dicitur
1210 4396 1327 4456 post
1347 4394 1493 4444 Αιόε.

485 4479 586 4549 Ίὶι,
614 4494 834 4536 summe
853 4478 1019 4546 Deus,
1053 4479 1188 4549 aios,
1221 4478 1340 4550 ipse
1367 4483 1594 4536 sanctus
1622 4481 1670 4552 ά,
1700 4481 2054 4554 omnipotens

2161 1867 2306 1922 riam
2335 1867 2433 1923 Dei
2451 1868 2644 1922 Patris.
2680 1871 2860 1924 Amen
2894 1880 2933 1920 ο.

2235 1963 2404 2030 Deus,
2433 1961 2522 2016 cui
2549 1962 2754 2018 merito
2781 1967 2838 2018 et
2861 1963 2922 2018 in
2947 1961 3200 2028 excelsis,
3233 1964 3289 2014 et
3311 1958 3372 2014 in
3391 1963 3562 2028 terra,
3585 1956 3800 2012 utrius-

2161 2071 2272 2128 que
2291 2054 2401 2108 loci
2426 2055 2625 2110 incolis
2653 2055 2833 2126 gloria
2861 2056 3190 2111 decantatur
3212 2070 3228 2122 ;
3257 2052 3356 2124 qui
3382 2069 3580 2125 pacem
3617 2057 3798 2120 tuam,

2159 2165 2274 2204 non
2300 2147 2361 2203 in
2387 2148 2684 2218 malibolis,
2716 2150 2814 2206 sed
2840 2155 2897 2204 et
2922 2150 2982 2203 in
3019 2146 3356 2203 homenibus
3393 2146 3556 2200 bonae
3595 2145 3802 2200 volun-

2161 2243 2290 2298 tatis
2329 2241 2350 2281 τ
2393 2260 2514 2299 esse
2549 2243 2772 2298 testaris
2811 2261 2829 2312 ;
2860 2248 2916 2297 te
2969 2247 3195 2297 orantes
3230 2241 3545 2306 laudamus,
3585 2237 3804 2310 tibique

2161 2343 2392 2408 agentes
2419 2336 2624 2410 gratias
2654 2335 3067 2408 supplicamus;
3097 2339 3163 2390 ut
3188 2335 3287 2406 qui
3315 2334 3374 2388 in
3397 2339 3453 2388 te
3491 2333 3806 2404 suscipiens

2159 2433 2360 2487 mundi
2399 2436 2645 2504 peccata,
2689 2437 2930 2503 purgata
2972 2429 3186 2498 delesti,
3230 2429 3497 2500 suscipias
3545 2443 3614 2482 ex
3653 2427 3803 2481 dono

2159 2531 2257 2582 tuo
2285 2526 2388 2581 tibi
2417 2525 2642 2598 placita,
2676 2529 2732 2580 et
2765 2528 3018 2596 ampotes
3055 2540 3227 2596 prava
3252 2521 3531 2577 desideria
3557 2525 3753 2575 nostra
3786 2538 3800 2574 :

2160 2619 2442 2692 simulque
2462 2623 2669 2690 praesta
2689 2623 2750 2673 ut
2778 2622 3118 2690 praesentem
3166 2615 3315 2672 diem
3357 2619 3414 2671 te
3465 2617 3804 2686 protegente

2161 2713 2278 2770 sine
2304 2718 2530 2786 peccato
2556 2711 2872 2782 transigere
2893 2727 3235 2767 mereamur.

2831 2805 2960 2853 Item
3001 2804 3117 2853 alia.

2831 2809 2960 2854 Item
3001 2809 3117 2854 alia.

2231 2879 2394 2949 Deus,
2435 2877 2526 2932 cui
2559 2877 2782 2946 merito,
2830 2881 2886 2932 ct
2924 2877 3113 2948 angeli
3139 2875 3197 2930 in
3238 2875 3406 2944 caelis,
3447 2878 3502 2928 et
3539 2874 3802 2929 homines

2158 2971 2217 3024 in
2246 2975 2398 3026 terra
2421 2971 2610 3026 debito
2637 2969 2899 3025 famolato
2937 2969 3308 3038 conlaudant;
3341 2969 3500 3039 cujus
3535 2973 3802 3022 sanctum

2155 3081 2364 3120 nomen
2392 3081 2562 3137 super
2595 3079 2762 3119 omne
2789 3079 2999 3119 nomen
3036 3063 3344 3118 exaltatum
3387 3062 3550 3116 fidele
3586 3062 3804 3116 exulta-

2079 3155 2133 3230 C
2157 3159 2308 3214 tione
2335 3158 2756 3227 concelebrant;
2777 3163 2982 3228 praesta
2999 3157 3165 3212 nobis
3193 3156 3412 3212 famolis
3441 3156 3572 3226 tuis,
3594 3155 3802 3210 etI'ectu

2157 3252 2259 3308 tibi
2284 3252 2566 3307 bonorum
2594 3267 2832 3322 operum
2857 3251 3263 3322 propinquare,
3291 3255 3462 3322 teque
3491 3249 3602 3304 vita
3624 3249 3798 3304 simul

2159 3353 2215 3403 et
2247 3363 2380 3402 voce
2421 3347 2672 3414 laudare,
2715 3351 2988 3418 tuamque
3037 3345 3480 3402 misericordiam
3505 3345 3674 3401 rectis
3711 3361 3800 3398 ac-

2157 3441 2309 3496 tibus
2327 3441 2666 3512 impetrare;
2693 3445 2756 3496 ut
2780 3441 3077 3496 universus
3104 3440 3196 3496 hic
3239 3440 3504 3512 populus,
3551 3439 3652 3511 qui
3691 3455 3796 3493 an-

2161 3535 2312 3606 gelos
2336 3539 2462 3590 tuos
2487 3533 2834 3606 aequiperare
2855 3535 3190 3606 conﬁtendo,
3215 3534 3412 3591 sectari
3427 3549 3658 3606 quoque
3685 3537 3796 3588 stu-

2159 3629 2288 3685 deat
2312 3629 2604 3684 imitando.

2655 3699 2828 3750 Oratio
2861 3701 2980 3764 post
3011 3712 3225 3762 precem
3243 3713 3286 3755 ε.

2230 3772 2509 3842 Miserere,
2539 3771 2775 3827 Domine
2802 3773 2946 3828 Deus
2972 3771 3351 3844 omnipotens,
3385 3771 3487 3844 qui
3505 3770 3792 3843 discipolis

2158 3865 2269 3920 tuis
2293 3865 2566 3937 Spiritum
2593 3870 2850 3921 sanctum
2884 3866 3107 3936 dedisti,
3149 3867 3235 3922 vel
3267 3882 3373 3938 per
3408 3865 3789 3937 Evangelista—

2159 3975 2290 4014 rum
2316 3963 2546 4014 tuorum
2567 3976 2762 4016 omnes
2807 3959 3063 4030 docuisti,
3107 3961 3276 4015 etiam
3326 3960 3589 4014 omnibus
3630 3959 3794 4014 nobis

2159 4069 2262 4124 per
2295 4053 2642 4124 baptismum
2662 4053 3078 4125 indulgentiam
3097 4054 3364 4124 tribuisti,
3387 4059 3442 4109 et
3465 4069 3664 4108 omnes
3679 4069 3794 4108 cre-

2161 4145 2420 4202 dentium
2445 4163 2658 4204 nomen
2685 4152 2942 4204 sanctum
2971 4153 3135 4204 tuum
3155 4148 3224 4204 de
3249 4147 3469 4204 inferna
3481 4146 3790 4202 redemisti.

2160 4241 2281 4296 Per.

2713 4313 2839 4362 Item
2859 4315 2977 4376 post
2998 4327 3230 4378 precem.

2235 4382 2488 4454 Domine,
2509 4399 2704 4455 preces
2729 4349 2922 4456 popdli
2947 4349 3032 4440 tui
3059 4385 3307 4456 placatus
3323 4383 3545 4454 exaudi,
3567 4383 3790 4439 univer-

2161 4477 2233 4531 sis
2256 4493 2385 4550 quae
2410 4478 2695 4549 postulant
2717 4478 2922 4548 tribue,
2951 4483 3006 4534 et
3031 4479 3266 4550 singulis
3295 4495 3422 4550 quae
3443 4483 3574 4533 sunt
3617 4493 3788 4549 opor-

495 4531 586 4549 --η
615 4531 829 4536 ητ--η
853 4531 882 4533 ί
907 4531 1019 4546 -ηη
1223 4531 1337 4550 τη
1368 4531 1591 4536 ηυ---η
1657 4531 1670 4552 ι
1704 4531 2051 4554 ν---ι-ν---τ
2272 4531 2294 4550 ι
2410 4531 2436 4549 ι
2463 4531 2471 4532 κ
2961 4531 3005 4534 η
3032 4531 3258 4550 νίψω-η
3308 4531 3332 4550 ι
3444 4531 3569 4533 re
3655 4531 3682 4549 ε
3710 4531 3740 4532 ρ

415 4571 677 4644 Sabaoth,
708 4573 807 4645 qui
836 4572 1039 4628 venisti
1065 4573 1134 4627 ab
1161 4574 1394 4630 excelsis
1418 4575 1538 4647 pati
1565 4592 1670 4648 pro
1716 4577 1902 4648 nobis,
1941 4577 2051 4631 mi-
2072 4531 2131 4604 D
2153 4575 2291 4626 tuna
2315 4571 2576 4628 concede.
2609 4574 2831 4628 Crescat
2859 4572 2918 4627 in
2945 4588 3144 4628 eorum
3167 4572 3424 4628 sensibus
3449 4571 3669 4627 devotio
3689 4571 3788 4626 tibi

415 4683 598 4724 serere
617 4667 800 4738 nobis,
843 4671 906 4723 tu
959 4667 1122 4723 trinae
1173 4668 1444 4740 potentiae
1487 4671 1651 4726 Pater
1679 4669 1906 4743 inclyte,
1953 4671 2052 4743 qui

412 4761 621 4818 moenia
662 4761 1128 4818 excellentissima
1163 4762 1510 4818 Hierusalem
1539 4763 1741 4820 divinis
1777 4781 1941 4820 ornas
1977 4764 2053 4820 la-

492 4907 518 4937 ⁸
537 4906 724 4962 Altera
753 4923 948 4978 manu,
976 4909 1152 4970 Petro,
1179 4907 1476 4970 Felicitate,
1503 4908 1792 4976 Perpetua,
1815 4911 2047 4978 Agathe,

413 4979 954 5130 A‘ififﬁigaatm;
992 5047 1235 5130 Gre-mus.
1273 5049 1559 5130 Praeceptis
1579 5049 1912 5130 salutaribus
1935 5069 2047 5107 mo-

412 5119 537 5192 niti,
575 5125 626 5192 ct
663 5121 852 5192 divina
891 5121 1232 5192 institutione
1265 5121 1498 5192 formati
1533 5120 1792 5178 audemus
1851 5125 2044 5179 dicere.

409 5189 533 5250 Alia
563 5191 808 5244 formula
831 5195 916 5244 est
939 5189 1163 5245 Ordinis
1185 5189 1466 5244 Gallicani.

483 5273 506 5300 ο
545 5261 814 5314 Additum
841 5262 1084 5316 secunda
1109 5277 1306 5332 manu,
1334 5263 1432 5317 Dei
1455 5263 1730 5329 genitrice.

482 5335 509 5374 d
539 5333 808 5411 Fortasse,
851 5332 912 5386 id
959 5337 1037 5386 est
1083 5332 1336 5404 Sanctus,
1389 5333 1541 5405 quod
1581 5339 1727 5390 esset
1771 5335 2047 5406 glossema

407 5403 662 5463 vocabuli
681 5409 830 5470 ἅγιος.

479 5491 502 5521 ο
537 5475 700 5532 Nulla
716 5475 816 5549 hic
841 5476 1055 5549 mentio
1082 5475 1150 5531 de
1165 5476 1443 5549 Symbolo
1469 5478 1567 5532 CP.
1617 5477 1768 5549 quod
1806 5477 2044 5534 fortasse

2153 4669 2212 4724 in
2239 4670 2499 4726 omnibus
2521 4671 2744 4742 placita,
2775 4671 3017 4743 qualiter
3040 4688 3074 4725 a
3099 4676 3152 4727 te
3192 4670 3466 4728 beneficia
3497 4669 3788 4726 obtineant

2152 4767 2447 4835 oportuna.
2480 4766 2604 4820 Per.

2151 4907 2431 4982 scribendi
2455 4909 2656 4982 modus
2679 4909 2892 4982 ubique
2921 4913 3199 4968 retinetur
3229 4913 3292 4967 in
3325 4916 3516 4967 nostro
3563 4911 3782 4968 Codice.

2150 4979 2418 5054 Apposite
2474 4979 2846 5054 Hildeﬁmarus,
2876 4982 2934 5036 in
2977 4989 3148 5054 caput
3199 4983 3504 5054 septimum
3569 4985 3782 5054 regulae

2150 5050 2325 5126 sancti
2359 5051 2663 5126 Benedicti,
2693 5053 2802 5126 ubi
2819 5053 2888 5107 de
2912 5050 3155 5109 secundo
3191 5050 3368 5126 gradu
3405 5050 3782 5110 humilitatis:

2152 5143 2179 5170 ‹‹
2212 5121 2539 5197 Suntmulti
2557 5124 2656 5195 qui
2681 5125 3040 5196 distinguunt
3067 5121 3397 5182 voluﬁtatem
3421 5142 3524 5197 per
3565 5143 3603 5180 η
3637 5127 3782 5181 adti-

2147 5209 2282 5269 nere
2309 5193 2380 5248 ad
2405 5193 2593 5249 Deum
2621 5211 2634 5248 :
2662 5201 2718 5250 et
2745 5193 3091 5269 volu'mtatcwn
3117 5213 3221 5269 per
3257 5214 3310 5251 m
3337 5193 3746 5253 ad—hominem
3765 5215 3782 5266 ;

2145 5265 2474 5338 voluptatem
2502 5282 2631 5338 vero
2680 5283 2784 5338 per
2813 5285 2856 5336 p
2891 5267 2963 5322 ad
3011 5265 3316 5323 diabolum.
3367 5288 3393 5322 »
3431 5269 3646 5324 Tamen
3689 5265 3785 5324 ubi

2147 5335 2316 5412 etiam
2344 5337 2532 5412 agitur
2558 5337 2626 5412 de
2653 5335 2785 5406 Deo,
2807 5335 3074 5394 uolumtus
3095 5357 3198 5412 per
3217 5357 3272 5395 m
3301 5339 3570 5394 scribitur
3589 5341 3650 5395 in
3681 5357 3782 5394 no-

2147 5409 2262 5461 stro
2291 5409 2620 5479 exemplari.

2218 5491 2244 5530 s
2274 5479 2562 5554 In_Missali
2579 5479 2832 5554 Gothico,
2855 5498 3027 5554 pagg.
3067 5485 3167 5537 190
3193 5487 3250 5537 et
3273 5485 3372 5536 251
3405 5483 3689 5538 librorum
3717 5482 3784 5536 de

407 5553 534 5606 tuin
556 5549 618 5604 in
651 5545 820 5626 missa
852 5547 1128 5626 Gallicana
1145 5545 1316 5626 haud
1363 5545 1713 5626 recitaretur.
1759 5551 1819 5604 ln
1861 5549 2045 5626 Africa
2143 5548 2392 5621 Liturgia
2424 5551 2579 5626 _Ga_ll.
2629 5545 3167 5626 habenturvivtidem
3225 5554 3593 5610 Collectiones
3659 5559 3786 5626 post

405 5629 664 5694 tempore
687 5618 1340 5694 Augustini_Symbolum
1386 5620 1456 5674 ad
1489 5621 1718 5676 missam
1751 5621 2045 5694 nonireci-

407 5689 653 5762 tabatur,
680 5695 746 5746 ut
769 5689 944 5745 oratio
979 5689 1286 5761 Deminica,
1323 5707 1392 5746 ex
1427 5706 1687 5748 sermone
1726 5695 1793 5747 58
1830 5693 1902 5748 ad
1939 5709 2043 5765 po—

407 5767 629 5838 pulum,
662 5779 821 5838 num.
853 5765 918 5838 l2
939 5767 996 5818 et
1024 5766 1106 5818 13.

2143 5635 2387 5691 precem.
2424 5622 2482 5675 ld
2503 5622 2571 5676 de
2594 5623 2810 5678 cantico
2851 5623 3026 5680 trium

2144 5707 2357 5776 sumus.
2387 5695 2455 5747 At
2474 5693 2542 5775 de
2562 5695 2776 5776 hymno
2815 5693 3152 5776 angelorum
3191 5697 3376 5776 Gloria
3427 5700 3486 5754 in
3536 5693 3780 5760 cicelsis,

3069 5641 3380 5696 puerorum
3424 5625 3780 5696 interpretati

2267 5763 2358 5818 hic
2385 5762 2641 5844 proxime
2667 5762 2966 5844 antecedit.
2991 5769 3482 5844 interpretandum
3523 5786 3645 5828 esse
3675 5785 3778 5844 pa-

481 5836 499 5874 τ
531 5833 646 5904 llic,
674 5834 760 5892 uti
785 5839 840 5890 et
864 5833 926 5894 in
958 5834 1235 5908 superiori
1277 5833 1522 5907 Cantica,
1564 5835 1894 5892 volumtatis.
1932 5835 2040 5902 Qui
2143 5833 2225 5892 tet
2249 5851 2319 5896 ex
2341 5833 2601 5910 sequenti
2619 5839 2920 5902 notatione.
