3982 6190
129 293 140 307 '
212 292 295 350 457
653 289 1264 351 SACRAMENTARIUM
1299 291 1744 352 GALLICANUM.
1787 323 1856 338 --
1893 293 2262 354 LECTIONES
2298 297 2386 355 AD
2423 292 2736 358 ADVENTU
2772 299 3026 358 DOMINI.

1819 418 1879 490 Α
1899 405 2039 461 cede
2066 401 2254 476 nobis,
2284 406 2537 480 piissime
2577 410 2764 477 Pater,
2807 413 2871 464 ut
2905 409 3005 482 [te]
3039 408 3352 466 timeamus
3391 410 3529 484 quia

841 401 971 450 Item
1003 399 1119 451 alia.

261 493 486 550 Domine
524 494 692 561 Deus,
723 493 821 566 qui
849 495 1076 566 populis
1109 495 1221 551 tuis
1247 499 1306 550 et
1331 497 1484 568 juste
1515 496 1793 568 irasceris,

202 592 249 643 et
269 587 566 644 clementer
587 587 856 659 ignoscis,
879 587 1094 644 inclina
1113 606 1313 645 aurem
1337 594 1500 647 tuam
1521 593 1797 664 supplica-

199 681 420 737 tionibus
448 681 654 736 nostris
677 699 690 737 :
714 686 778 737 ut
796 683 894 754 qui
917 688 970 738 te
996 684 1131 740 totis
1153 685 1414 740 sensibus
1430 687 1794 756 confitemur,

197 791 295 830 non
303 775 576 846 judicium
589 778 772 844 tuum,
787 777 889 832 sed
905 777 1330 850 indulgentiam
1350 796 1791 854 consequamur.

693 879 944 930 Collectio
969 885 1089 946 post
1111 883 1250 932 Αἰοε.

247 962 452 1018 Iudicia
485 965 603 1032 tua,
633 964 801 1033 Deus,
835 967 1330 1038 comprehendere
1366 985 1483 1024 non
1517 969 1790 1038 valemus,

191 1057 588 1129 reprehendere
612 1075 730 1114 non
762 1060 1080 1116 audemus:
1105 1061 1276 1116 nimis
1301 1063 1602 1134 profundae
1627 1063 1792 1119 factae

187 1153 298 1206 sunt
324 1151 701 1224 cogitationes
723 1157 857 1223 tuae,
886 1155 1016 1227 quis
1038 1155 1468 1229 investigaverit
1491 1157 1629 1213 eas?
1649 1157 1792 1214 Con-

3425 293 3529 360 458

1895 498 2082 555 bonus
2115 517 2194 569 es,
2235 505 2531 572 sperantes
2569 502 2629 556 in
2676 501 3072 559 misericordia
3105 505 3224 560 tua.
3255 504 3336 559 Tu
3371 504 3526 561 enim

1896 591 2104 661 dixisti,
2141 595 2282 650 Nolo
2317 599 2568 650 mortem
2604 599 2995 668 peccatorum.
3023 597 3270 652 Tantum
3299 596 3531 670 adjutor

1896 690 2018 742 esto
2044 688 2484 758 revertentibus,
2516 692 2580 744 ut
2602 689 2883 746 vivamus.

2279 850 2452 901 Oratio
2493 853 2612 916 post
2647 851 2673 882 ⁸
2709 851 3153 904 Benedictionem.

1963 971 2132 1039 Deus,
2165 971 2263 1043 qui
2287 971 2468 1026 tribus
2493 972 2687 1044 pueris
2713 972 2774 1028 in
2802 974 3030 1030 camin‘o
3064 973 3216 1048 ignis
3243 974 3522 1049 mitigasti

1891 1063 2162 1120 ﬂammas
2197 1064 2470 1134 incendii,
2513 1066 2785 1135 concede,
2819 1083 3166 1139 quaesumus,
3206 1072 3270 1124 ut
3302 1085 3408 1126 nos
3437 1071 3523 1127 fa-

1892 1160 2079 1214 mulos
2109 1162 2237 1215 tuos
2263 1175 2382 1216 non
2417 1163 2544 1216 urat
2569 1160 2812 1217 ﬂamma
2837 1161 3129 1219 vitiorum.
3161 1163 3288 1220 Per.

245 1314 266 1342 '
290 1314 346 1370 Id
373 1319 460 1372 est
483 1320 610 1388 post
637 1317 921 1374 canticum
951 1318 1128 1374 trium
1155 1335 1489 1392 puerorum,
1521 1321 1676 1392 quod
1702 1335 1774 1376 ex
1800 1321 2060 1394 sequenti
2088 1320 2427 1377 Collectione
2455 1321 2810 1395 intelligitur.

531 1652 1715 1803 INCIPIUNT
1872 1659 3142 1807 LECTIONES

1042 1897 1219 2008 DE
1320 1899 1955 2012 ADVENTU
2052 1899 2540 2013 DOMINI
2567 1901 2634 2008 ³.

511 2232 551 2286 l.
597 2245 758 2288 Iussa
795 2247 848 2290 ιη
887 2247 1173 2288 ADVENTUM
1211 2247 1424 2289 bonum.
1457 2299 1463 2304 _

575 2332 752 2382 Lectio
781 2331 1046 2384 Malachiaa
1078 2333 1364 2398 prophetas.

228 2414 348 2470 Haec
389 2415 536 2472 dicit
573 2417 850 2472 Dominus
879 2435 893 2474 :
921 2419 1061 2474 Ecce
1097 2435 1206 2490 ego
1245 2419 1475 2474 mittam
1508 2419 1784 2490 angelum

169 2522 362 2578 meum,
391 2513 456 2565 et
484 2511 837 2584 praeparabit
863 2511 1015 2567 viam
1049 2515 1184 2568 ante
1219 2512 1430 2568 faciem
1459 2527 1655 2567 meam
1685 2529 1698 2567 :
1727 2516 1786 2567 et

167 2601 338 2658 statim
357 2604 562 2660 veniet
581 2605 656 2660 ad
677 2609 904 2677 tempus
923 2623 1091 2661 suum
1111 2606 1470 2676 Dominator,
1489 2622 1665 2678 quem
1685 2621 1786 2660 vos

165 2697 428 2766 queritis,
457 2702 517 2753 et
558 2701 798 2770 angelus
833 2701 1188 2770 testamenti,
1237 2717 1413 2774 quem
1459 2717 1560 2756 vos
1593 2700 1779 2755 vultis.

163 2787 285 2844 Ecce
303 2791 488 2861 venit,
523 2791 661 2847 dicit
685 2793 964 2850 Dominus
991 2795 1375 2862 exercituum;
1399 2799 1458 2850 et
1477 2793 1604 2866 quis
1627 2797 1784 2866 pote-

161 2880 223 2936 rit
252 2886 512 2957 cogitare
559 2886 714 2942 diem
755 2888 1032 2944 adventus
1063 2889 1224 2960 ejus?
1255 2892 1314 2944 et
1351 2889 1477 2962 quis
1508 2893 1681 2947 stabit
1709 2892 1783 2948 ad

160 2975 464 3034 videndum
494 2995 629 3034 eum
651 2981 680 3035 ‘?
703 2982 774 3036 Et
802 2986 973 3036 erunt
999 2983 1244 3038 Domino
1271 2967 1579 3040 oﬁ‘erentes
1609 2985 1779 3042 sacri-

159 3068 270 3124 ﬁcia
295 3071 354 3126 in
376 3073 604 3143 justitia
628 3091 642 3142 ;
673 3077 731 3129 et
754 3076 1006 3146 placebit
1031 3077 1149 3132 Deo
1177 3077 1520 3134 sacriﬁcium
1550 3080 1696 3136 Iuda
1725 3085 1783 3136 et

161 3162 524 3236 Hierusalem,
553 3167 698 3223 sicut
727 3168 850 3224 dies
879 3171 1091 3239 saeculi,
1119 3174 1177 3225 et
1206 3171 1351 3226 sicut
1375 3172 1516 3227 anni
1536 3173 1777 3246 antiqui.

157 3255 220 3310 Et
253 3261 525 3316 accedam
568 3261 645 3316 ad
683 3279 782 3318 vos
821 3263 880 3318 in
916 3264 1156 3334 judicio,
1200 3268 1258 3320 et
1297 3281 1395 3321 ero
1435 3267 1594 3322 testis
1627 3270 1782 3324 velut

157 3353 441 3424 maleﬁcia,
465 3359 524 3409 et
541 3355 834 3426 adulteris,
853 3360 911 3412 et
930 3358 1196 3430 perjuris,
1221 3362 1280 3413 et
1302 3360 1403 3431 qui
1427 3362 1782 3420 calumnian-

159 3447 242 3500 tur
267 3449 604 3504 mercedem
637 3451 1030 3520 mercenariis,
1062 3451 1294 3508 viduam
1338 3457 1397 3508 et
1424 3455 1691 3528 pupillos,
1724 3461 1782 3512 et

158 3546 502 3612 oppremunt
536 3544 946 3616 peregrinum;
985 3562 1091 3601 nec
1128 3546 1450 3602 timuerunt
1485 3565 1602 3619 me,
1643 3550 1782 3626 dicit

1807 2245 1864 2316 B
1889 2233 2031 2288 cerit
2054 2235 2420 2305 peccatorem
2447 2232 2519 2288 ab
2545 2246 2741 2289 errore
2767 2232 2872 2288 vim
2899 2247 3037 2302 sum,
3060 2232 3241 2288 salvat
3264 2230 3520 2288 animam

1889 2327 2012 2398 ejus
2047 2344 2082 2382 a
2107 2330 2317 2396 morte,
2356 2331 2413 2382 et
2448 2327 2635 2400 operit
2666 2326 3099 2383 multitudinem
3128 2328 3520 2394 peccatorum.

2003 2429 2180 2480 Lectio
2213 2429 2381 2480 sancti
2412 2429 2680 2494 Evangelii
2712 2428 3001 2480 secundum
3031 2427 3328 2500 Matthmum
3356 2440 3400 2478 ο.

1957 2515 2018 2568 In
2051 2513 2251 2569 diebus
2275 2513 2406 2582 illis,
2435 2515 2729 2571 Johannes
2754 2529 2886 2571 cum
2913 2513 3166 2570 audisset
3193 2513 3254 2568 in
3283 2513 3523 2570 vincetis

1884 2624 2059 2679 opera
2101 2607 2330 2676 Christi,
2368 2609 2605 2664 mittens
2649 2609 2792 2664 duos
2837 2609 2907 2665 de
2949 2608 3239 2680 discipulis
3273 2607 3408 2675 suis,
3443 2607 3526 2662 ait

1881 2701 1967 2756 illi
1997 2719 2008 2757 :
2035 2703 2116 2756 Tu
2147 2719 2206 2756 es
2238 2701 2336 2774 qui
2362 2706 2635 2756 venturus
2671 2719 2752 2770 es,
2786 2719 2860 2756 an
2900 2702 3076 2757 alium
3112 2699 3521 2772 expectamus?

1883 2795 1952 2850 Et
1978 2795 2338 2867 respondens
2364 2795 2446 2850 ait
2481 2795 2591 2850 illis
2615 2813 2628 2851 :
2664 2796 2880 2850 Euntes
2903 2793 3241 2850 renunciata
3269 2793 3520 2849 Iohanni

1885 2905 2012 2961 quae
2045 2888 2280 2944 audistis
2312 2892 2370 2943 et
2403 2889 2627 2945 videtis.
2665 2890 2815 2946 Caeci
2843 2889 3060 2957 vident,
3093 2886 3283 2942 claudi
3313 2887 3519 2944 ambu-

1883 2984 2024 3051 lant,
2054 2983 2266 3056 leprosi
2293 2983 2670 3053 mandantur,
2706 2983 2864 3039 surdi
2899 2981 3160 3050 audiunt,
3191 2982 3404 3038 mortui
3429 2998 3522 3037 re-

1884 3082 2145 3150 surgunt,
2172 3095 2456 3150 pauperes
2482 3078 2973 3150 evangelizantur,
2997 3080 3056 3132 et
3079 3077 3285 3132 beatus
3309 3079 3395 3131 est
3420 3077 3519 3148 qui

1884 3189 2002 3227 non
2027 3173 2202 3227 fuerit
2227 3173 2644 3228 scandalizatus
2668 3173 2726 3228 in
2753 3189 2868 3228 me.
2899 3171 3010 3227 Illis
3039 3174 3236 3226 autem
3264 3169 3524 3226 abeunti-

1881 3266 2006 3334 bus,
2036 3265 2207 3338 caspit
2227 3269 2388 3321 Iesus
2416 3266 2605 3322 dicere
2633 3266 2706 3321 ad
2732 3265 2931 3320 turbas
2956 3264 3026 3320 de
3052 3265 3316 3320 Iohanne
3337 3281 3350 3318 :
3370 3263 3521 3329 Quid

1883 3359 2072 3414 existis
2085 3361 2144 3414 in
2164 3359 2390 3414 deserto
2405 3360 2597 3415 videre
2611 3360 2639 3414 ‘I
2655 3359 3002 3414 arundinem
3019 3361 3190 3412 vento
3209 3356 3520 3428 agitatam?

1882 3453 1996 3509 Sed
2013 3453 2151 3526 quid
2169 3453 2359 3508 existis
2376 3453 2570 3508 videre
2583 3453 2611 3508 ‘2
2625 3451 2924 3508 hominem
2938 3451 3206 3506 mollibus
3215 3449 3518 3506 vestitum?

1880 3547 2020 3602 Ecce
2063 3547 2158 3619 qui
2208 3547 2476 3602 mollibus
2521 3547 2862 3614 vestiuntur,
2904 3545 2962 3600 in
3005 3543 3271 3600 domibus
3311 3559 3518 3616 regum

155 3631 425 3692 Dominus
449 3639 803 3694 exercituum
833 3657 846 3694 :
871 3656 980 3712 ego
1007 3641 1283 3697 Dominus
1307 3642 1458 3698 Deus
1483 3647 1690 3713 vester,
1703 3624 1710 3626 ﬁ
1723 3648 1782 3700 et
1799 3624 1854 3700 Ο
1881 3645 2030 3696 sunt.
2047 3641 2161 3698 Sed
2179 3640 2316 3713 quid
2335 3641 2527 3696 existis
2542 3640 2737 3696 videre
2749 3640 2778 3695 7
2789 3639 3136 3712 prophetam
3148 3637 3374 3694 ?Etiam
3391 3637 3518 3694 dico

155 3742 262 3783 non
288 3735 504 3800 mutor,
533 3733 617 3788 ait
642 3733 923 3789 Dominus
948 3735 1118 3790 Deus.

301 3834 478 3884 Lectio
511 3835 747 3899 epistolae
780 3836 963 3887 Jacobi
1005 3837 1228 3903 apostoli
1264 3839 1330 3888 ad
1364 3842 1549 3904 gentes
1575 3840 1620 3890 ι).

215 3916 460 3989 Fratres,
487 3921 774 3992 patientes
803 3925 986 3978 estote
1014 3940 1194 3996 usque
1227 3924 1302 3979 ad
1327 3925 1640 3981 adventum
1676 3927 1779 3982 Do-

157 4010 314 4068 mini.
334 4015 474 4070 Ecce
496 4015 750 4087 agricola
773 4020 1034 4090 expectat
1051 4018 1376 4090 preciosum
1394 4021 1648 4082 fructum
1669 4024 1780 4075 ter-

151 4119 243 4174 ras,
275 4108 565 4180 patienter
584 4111 795 4180 ferens,
826 4111 1009 4168 donec
1039 4115 1282 4188 accipiat
1306 4115 1693 4188 temporivum
1721 4117 1780 4170 et

153 4202 483 4259 serotinum.
497 4205 786 4261 Patientes
803 4209 1004 4278 estote,
1029 4211 1088 4264 et
1107 4210 1446 4265 conﬁrmata
1467 4211 1641 4266 corda
1660 4227 1779 4264 ves-

148 4295 255 4363 tra,
281 4299 557 4368 quoniam
581 4300 858 4356 adventus
877 4303 1109 4358 Domini
1129 4304 1630 4377 adprOpinquavit.
1649 4298 1777 4360 Fra-

149 4388 284 4457 tres,
309 4392 480 4448 nolite
505 4391 887 4466 ingemiscere
912 4397 972 4452 in
996 4399 1360 4467 alterutrum,
1389 4402 1454 4452 ut
1480 4415 1598 4454 non
1619 4398 1772 4470 judi-

145 4483 380 4541 cemini.
402 4487 542 4544 Ecce
561 4489 741 4560 judex
766 4495 900 4546 ante
915 4491 1159 4563 januam
1180 4492 1420 4548 adsistit.
1435 4492 1776 4564 Exemplum

149 4577 404 4650 accipite,
429 4583 656 4653 fratres,
686 4585 900 4640 laboris
919 4587 1293 4658 et‘patientiae
1319 4588 1652 4660 prophetas,
1676 4588 1775 4660 qui

144 4669 327 4726 locuti
344 4679 468 4747 sunt
487 4677 547 4731 in
570 4679 806 4734 nomine
826 4680 1081 4736 Domini.
1100 4683 1242 4736 Ecce
1255 4681 1656 4738 beatiﬁcamus
1676 4682 1774 4754 qui

147 4766 537 4826 sustinuerunt
575 4772 970 4830 suﬂ‘erentiam
995 4791 1008 4830 :
1037 4775 1358 4832 misericors
1384 4780 1470 4832 est
1494 4777 1774 4832 Dominus

143 4861 202 4912 et
232 4859 552 4921 miserator.
571 4868 720 4922 Ante
750 4869 966 4938 omnia,
989 4870 1198 4926 fratres
1216 4869 1352 4940 mei,
1377 4871 1554 4926 nolite
1574 4871 1772 4942 jurare

145 4967 341 5024 neque
364 4973 466 5028 per
497 4961 721 5030 caelum,
759 4979 948 5036 neque
982 4981 1087 5036 per
1113 4968 1352 5033 terram,
1392 4982 1583 5038 neque
1618 4965 1774 5021 aliud

142 5047 547 5126 quodcumque
571 5054 992 5126 juramentum.
1025 5059 1110 5117 Sit
1146 5062 1342 5114 autem
1372 5061 1625 5115 vestrum
1656 5061 1770 5128 Est,

143 5145 267 5208 est;
301 5143 433 5215 Non,
464 5165 604 5218 non,
637 5153 700 5204 ut
733 5167 850 5206 non
886 5151 1187 5236 injudicio
1220 5153 1516 5210 decidatis.
1549 5155 1773 5209 Fratres

139 5235 294 5302 mei,
317 5239 358 5293 si
384 5242 507 5312 quis
533 5260 602 5298 ex
623 5241 782 5300 vobis
809 5247 1084 5302 erraverit
1110 5265 1144 5304 a
1164 5247 1434 5318 veritate,
1465 5251 1524 5303 et
1543 5264 1774 5304 conver-

141 5326 212 5380 tit
247 5331 369 5400 quis
396 5351 547 5404 eum,
576 5338 719 5394 scire
751 5339 943 5412 debet,
973 5341 1247 5414 quoniam
1276 5343 1374 5416 qui
1399 5343 1658 5400 converti
1687 5342 1768 5398 fe-

167 5554 186 5566 .
216 5487 246 5516 '
281 5485 355 5540 Ab
379 5487 486 5544 hoc
505 5491 756 5568 maxime
779 5493 906 5568 loco
931 5494 1132 5568 incipit
1147 5496 1367 5552 Missale
1394 5496 1768 5568 Gallicanum.

137 5553 300 5634 Nam
328 5573 448 5630 qua:
482 5563 838 5634 praecedunt,
867 5566 989 5621 fere
1024 5553 1091 5622 e'x
1119 5569 1331 5624 Ordine
1368 5569 1630 5623 Romano
1670 5567 1768 5622 de-

133 5630 336 5713 ffme
355 5630 504 5713 sunt:
528 5635 681 5708 Lege
708 5630 836 5713 quae
853 5637 934 5713 Ade
957 5639 1220 5696 Adventu
1243 5639 1487 5696 diximus
1511 5639 1572 5694 in
1594 5639 1771 5695 Litur-

136 5699 257 5790 Eii:
281 5699 556 5790 gallicana
581 5699 777 5790 a'pag.
808 5711 894 5790 98ε

1791 5006 1852 5080 D

1880 3735 2038 3791 vobis
2066 3739 2125 3790 et
2147 3736 2453 3808 plusquam
2479 3735 2850 3808 prophetam.
2873 3733 2972 3788 Hic
2999 3731 3157 3788 enim
3189 3735 3276 3788 est
3301 3731 3374 3787 de
3400 3747 3515 3805 quo

1880 3830 2156 3902 scriptum
2169 3831 2282 3885 est:
2299 3830 2440 3885 Ecce
2458 3829 2627 3884 mitto
2647 3829 2924 3901 angelum
2939 3843 3137 3882 meum
3156 3829 3290 3882 ante
3306 3825 3516 3882 faciem

1879 3927 2060 3992 tuam,
2083 3923 2183 3996 qui
2201 3923 2545 3996 praeparavit
2557 3922 2712 3978 viam
2739 3925 2899 3978 tuam
2921 3924 3056 3977 ante
3079 3924 3156 3977 te.
3177 3923 3364 3976 Amen
3385 3919 3513 3977 dico

1878 4018 2057 4087 vobis,
2082 4034 2200 4074 non
2227 4017 2470 4073 surrexit
2493 4017 2646 4073 inter
2671 4019 2837 4073 natos
2863 4015 3176 4071 mulierum
3204 4013 3396 4086 major
3415 4015 3509 4072 Io~

1878 4112 2072 4168 hanne
2109 4112 2380 4184 Baptista.
2419 4113 2609 4184 Usque
2645 4127 2798 4166 nunc
2823 4125 3072 4182 regnum
3098 4109 3370 4164 calorum
3399 4108 3514 4164 vim

1877 4207 2110 4278 patitur,
2141 4209 2199 4261 et
2220 4205 2454 4262 violenti
2475 4205 2710 4278 rapiunt
2736 4203 2894 4259 illud.
2919 4203 3134 4259 Omnes
3159 4201 3318 4256 enim
3340 4201 3431 4256 lex
3455 4205 3516 4256 et

1876 4301 2177 4372 Prophetas
2199 4316 2379 4372 usque
2401 4299 2475 4354 ad
2492 4299 2820 4355 Iohannem
2839 4297 3364 4370 prophetaverunt;
3387 4298 3446 4350 et
3465 4294 3512 4350 si

1875 4395 2044 4449 vultis
2067 4394 2344 4466 recipere,
2371 4393 2495 4466 ipse
2520 4395 2607 4448 est
2633 4391 2820 4446 Helias
2844 4389 2943 4463 qui
2969 4392 3245 4445 venturus
3271 4391 3374 4444 est.
3402 4385 3510 4453 Qui

1877 4489 2054 4544 habet
2079 4504 2246 4543 aures
2278 4485 2551 4542 audiendi
2581 4484 2800 4541 audiat.

2443 4600 2646 4642 INCIPIT
2699 4597 2860 4639 mssa
2887 4582 2934 4636 δ.

1947 4681 2158 4753 Excita,
2180 4679 2446 4747 Domine,
2477 4677 2800 4752 potentiam
2823 4680 2984 4732 tuam
3005 4679 3065 4732 et
3084 4676 3248 4747 veni;
3277 4680 3334 4734 et
3353 4676 3510 4752 quod

1874 4777 2138 4833 Ecclesia:
2167 4779 2280 4831 tuae
2310 4790 2492 4847 usque
2520 4773 2578 4828 in
2605 4773 2786 4828 ﬁnem
2817 4771 3009 4829 saeculi
3039 4771 3376 4844 promisisti,
3399 4773 3509 4829 cle-

1874 4874 2104 4927 menter
2133 4884 2394 4942 operare.
2521 4855 2529 4858 ’

1945 4965 2158 5034 Excita,
2185 4961 2452 5032 Damine,
2475 4959 2796 5034 potentiam
2817 4963 2998 5028 tuam,
3021 4962 3080 5014 et
3102 4974 3322 5032 magna
3339 4959 3507 5017 nobis

1873 5059 2082 5116 virtute
2110 5073 2404 5125 succurre;
2437 5060 2501 5111 ut
2529 5071 2633 5128 per
2663 5053 2935 5110 auxilium
2966 5051 3164 5124 gloria
3187 5057 3323 5127 tua,
3350 5053 3508 5127 quod

1873 5157 2072 5210 nostra
2095 5139 2333 5226 peccata
2365 5149 2747 5224 przepediunt,
2775 5146 3137 5220 indulgentia
3165 5151 3280 5205 tuae
3308 5150 3502 5224 propi-

1871 5247 2136 5305 ciationis
2161 5247 2459 5303 acceleret.

1872 5502 2142 5558 tribuitur
2163 5489 2226 5554 in
2253 5495 2611 5554 Lectionario
2642 5494 2955 5551 Gallicano.

1977 5587 2000 5616 ο
2027 5575 2156 5628 Haec
2191 5567 2486 5640 Evangelii
2515 5565 2684 5622 lectio
2724 5565 2783 5622 in
2820 5567 3080 5624 Romano
3118 5568 3362 5624 habetur
3397 5565 3503 5624 Do-

1871 5644 2086 5702 minica
2119 5639 2372 5697 secunda
2393 5639 2702 5694 Adventus.

1965 5717 1992 5758 d
2021 5713 2244 5796 Quippe
2273 5711 2448 5796 missa
2476 5709 2936 5796 proprie‘jncipit
2960 5712 3096 5796 post.
3115 5708 3392 5796 lectiones
3419 5725 3503 5766 sa-

221 5767 364 5858 fJSi‘c
395 5792 606 5858 passim
627 5767 698 5858 in
721 5767 845 5858 hoc
866 5782 1247 5858 LLec‘tionarior
1277 5783 1546 5858 laudatur
1576 5783 1772 5842 Iacobi
1873 5767 2278 5858 «33.16355
2302 5767 2904 5855 Liturgiaé‘Gallicaniae
2933 5767 3104 5849 caput
3139 5782 3188 5834 5.

129 5838 484 5910 epistola-ad
509 5855 710 5924 gentes.
737 5851 846 5920 Qui
867 5838 1070 5912 titulus
1095 5838 1254 5914 Deiri
1278 5838 1545 5930 Epistolas
1570 5838 1771 5931 primae

469 5949 744 6022 Pam-non.
789 5951 1027 6022 LXXII.

3112 5949 3186 6009 18
