3982 6190
213 315 289 368 461
656 317 1262 379 SACRAMENTARIUM
1301 326 1748 385 GALLICANUM.
1792 360 1860 371 —
1897 333 2265 390 LECTIONES
2305 334 2392 390 DE
2431 337 2745 394 ADVENTU
2788 340 3041 399 DOMINI.

3357 311 3360 313 l
3437 350 3539 404 462

208 423 256 475 in
279 437 377 492 qua
400 427 479 476 est
504 424 795 493 plenitudo
825 429 1160 493 dilectionis.
1192 435 1419 503 Praesta,
1452 438 1705 509 Domine,
1737 445 1803 496 ut
1822 454 1882 528 Α
1902 442 2084 498 ibunt.
2115 445 2190 498 De
2221 445 2310 499 die
2335 450 2527 501 autem
2556 447 2654 502 illa
2679 453 2735 504 et
2773 450 2913 505 hora
2958 468 3127 508 nemo
3172 453 3294 526 scit,
3352 472 3538 529 neque

203 532 391 586 pacem,
419 532 580 588 quam
603 536 753 576 nunc
780 538 874 577 ore
901 525 1260 599 proferimus,
1299 545 1524 602 semper
1561 533 1800 604 spiritali

204 625 344 664 5811511
361 625 677 669 conservare
702 631 1042 674 mereamur.

823 700 1153 752 Contestatio.

255 765 378 818 Vere
403 765 634 836 dignum
661 772 716 823 et
743 769 962 840 justum
998 779 1082 828 est
1118 776 1474 848 omnipotens
1513 781 1656 835 Deus
1693 799 1797 853 per

197 855 449 911 Christum
477 860 774 917 Dominum
789 869 1067 920 nostrum.
1098 869 1278 932 Quem
1301 872 1794 943 Johannes,ﬁdelis

192 949 394 1016 amicus,
433 955 716 1022 praecessit
753 962 1052 1032 nascendo,
1100 965 1387 1033 praecessit
1433 966 1492 1020 in
1562 968 1793 1023 desertis

191 1044 339 1096 eremi
363 1046 737 1119 przedicando,
766 1055 1050 1121 prmcessit
1077 1056 1430 1129 baptizando,
1467 1060 1617 1115 viam
1647 1079 1788 1133 quo-

189 1152 279 1205 que
296 1153 608 1209 praeparans
624 1143 801 1211 judici
823 1163 886 1200 ac
926 1149 1250 1206 redemtori.
1289 1153 1620 1210 Convocavit
1656 1173 1788 1228 pec-

187 1233 370 1285 catores
396 1233 464 1286 ad
489 1235 914 1310 paenitentiam;
959 1247 1014 1296 et
1050 1246 1328 1315 populum
1377 1247 1645 1304 Salvatori
1686 1252 1784 1306 ad-

184 1323 412 1392 quirens,
483 1327 780 1398 baptizavit
843 1334 903 1387 in
967 1337 1203 1392 Iordane
1269 1345 1494 1410 peccata
1557 1345 1788 1415 propria

183 1417 512 1473 conﬁtentes:
560 1439 675 1476 non
710 1425 958 1482 hominis
997 1428 1300 1486 innovandi
1336 1435 1562 1503 plenam
1592 1440 1784 1494 confe-

182 1525 288 1563 rens
329 1513 582 1582 gratiam,
639 1519 737 1572 sed
804 1520 1039 1590 piissimi
1109 1523 1407 1582 Salvatoris
1471 1530 1786 1587 admonens

181 1609 440 1674 expectare
465 1611 831 1678 praesentiam
851 1630 866 1682 ;
916 1631 1030 1670 non
1071 1615 1359 1673 remittens
1401 1622 1517 1692 ipse
1561 1630 1786 1694 peccata

180 1696 235 1751 ad
257 1713 308 1752 se
336 1700 706 1771 venientibus,
743 1707 844 1760 red
882 1709 1270 1766 remissionem
1305 1719 1669 1784 peccatorum
1713 1721 1784 1775 ad

178 1789 398 1899 futurum
426 1795 699 1864 pollicens
725 1815 842 1854 esse
869 1803 1266 1875 credentibus;
1299 1811 1360 1860 ut
1389 1809 1777 1869 descendenti-
1802 1828 1856 1899 Β

178 1881 260 1937 bus
284 1885 339 1939 in
375 1903 585 1958 aquam
622 1893 987 1966 paenitentiae,
1031 1898 1100 1952 ab
1131 1899 1229 1954 illo
1267 1910 1558 1973 sperarent
1600 1923 1778 1963 reme-

177 1976 303 2032 dium
324 1979 716 2055 indulgentiae,
747 2003 917 2057 quem
958 1995 1263 2048 venturum
1306 1997 1609 2053 audiebant
1657 2002 1775 2071 ple-

177 2085 287 2124 num
331 2074 474 2129 dono
521 2078 772 2135 veritatis
817 2086 872 2135 et
907 2085 1124 2154 gratiae,
1166 2087 1472 2144 Dominum
1520 2098 1776 2149 nostrum

173 2164 345 2222 Iesum.
374 2169 556 2232 Quem
587 2171 821 2229 laudant
846 2179 1059 2247 angeli.

384 2260 450 2312 ΙΙΙ
474 2260 519 2313 ³.
553 2278 678 2317 ΠΕΜ
711 2281 869 2321 mssa
901 2283 954 2322 IN
980 2285 1265 2326 ADVENTUM
1295 2289 1506 2330 130mm.

425 2339 661 2403 Epistola
692 2346 834 2396 Pauli
865 2351 1085 2411 apostoli
1118 2352 1183 2401 ad
1215 2354 1490 2406 Romanos.

226 2412 441 2485 Fratres,
495 2417 626 2473 dico
671 2422 825 2476 enim
871 2425 1159 2480 Christum
1209 2430 1398 2485 Iesum
1443 2433 1770 2489 ministrum

168 2504 305 2561 fuisse
330 2509 777 2570 circumcisionis
799 2522 1032 2589 propter
1051 2522 1344 2578 veritatem
1381 2526 1498 2598 Dei,
1531 2529 1601 2582 ad
1645 2546 1772 2585 con-

169 2596 428 2657 ﬁrmandas
455 2609 864 2676 promissiones
889 2615 1138 2670 Patrum.
1163 2617 1364 2674 Gentes
1389 2625 1576 2676 autem
1603 2641 1773 2696 super

167 2693 508 2754 misericordia
554 2701 836 2760 honorare
879 2708 1077 2779 Deum,
1132 2712 1277 2767 sicut
1317 2714 1590 2786 scriptum
1641 2724 1765 2773 est:

166 2785 360 2858 Propter
377 2792 480 2847 hoc
501 2797 817 2854 conﬁtebor
842 2801 940 2855 tibi
958 2803 1018 2857 in
1044 2806 1326 2877 gentibus,
1350 2812 1406 2862 et
1427 2785 1646 2865 nomini
1671 2817 1768 2867 tuo

163 2883 376 2940 cantabo.
419 2889 487 2942 Et
533 2890 747 2946 iterum
791 2893 959 2950 dicit:
1007 2898 1318 2969 Leetamini,
1361 2907 1579 2973 gentes,
1634 2923 1764 2960 cum

161 2973 293 3040 plebe
312 2979 443 3048 ejus.
473 2983 549 3037 Et
568 2983 778 3040 iterum
802 3003 815 3040 :
847 2990 1110 3059 Laudate,
1131 3010 1327 3050 omnes
1349 3001 1564 3067 gentes,
1588 2999 1764 3054 Deum

159 3069 202 3119 et
223 3073 564 3142 magniﬁcate
594 3094 749 3147 eum,
781 3098 980 3138 omnes
1002 3087 1218 3156 populi.
1259 3090 1327 3143 Et
1362 3106 1559 3146 rursus
1601 3093 1764 3148 Isaias

161 3158 219 3259 ait
243 3179 254 3216 :
282 3165 389 3221 Erit
414 3170 581 3226 radix
607 3174 774 3245 Iesse,
806 3179 863 3230 et
886 3178 985 3248 qui
1013 3181 1267 3252 exsurgit
1299 3199 1497 3256 regere
1547 3192 1763 3258 gentes,
1786 3206 1840 3280 Ο

158 3252 202 3307 in
224 3271 338 3313 eum
363 3269 566 3332 gentes
607 3269 934 3338 sperabunt.
978 3273 1122 3328 Deus
1165 3252 1520 3350 autemvspei
1551 3252 1766 3352 repleat

159 3362 231 3401 vos
253 3355 393 3408 omni
425 3359 644 3427 gaudio
678 3366 733 3416 et
757 3379 891 3433 pace
936 3366 997 3420 in
1033 3370 1332 3440 credendo,
1372 3377 1436 3427 ut
1468 3374 1764 3430 abundetis

157 3456 232 3512 spe
255 3445 306 3501 in
331 3449 538 3507 virtute
567 3453 804 3524 Spiritus
836 3461 1031 3515 sancti.

281 3533 448 3584 Lectio
472 3537 648 3586 sancti
676 3539 941 3604 Evangelii
965 3546 1253 3596 secundum
1280 3549 1594 3600 Matthaaum.

212 3599 260 3654 In
283 3603 472 3661 diebus
501 3608 613 3662 illis
632 3599 1010 3684 interrogatus
1037 3633 1070 3670 a
1106 3618 1391 3690 discipulis
1426 3599 1540 3676 suis
1576 3625 1761 3679 Domi-

152 3706 234 3746 nus
259 3697 424 3770 Jesus,
481 3704 716 3773 quando
756 3709 974 3764 venerit
1015 3728 1261 3783 regnum
1299 3715 1420 3786 Dei,
1464 3716 1605 3771 dixit
1632 3717 1753 3772 eis:

153 3783 280 3880 Sicut
301 3791 490 3864 fulgur
519 3797 639 3851 exit
663 3798 731 3852 ab
759 3800 1008 3874 Oriente,
1041 3810 1097 3859 et
1120 3809 1282 3876 paret
1306 3783 1485 3880 usque
1514 3810 1575 3864 in
1596 3811 1753 3866 Occi-

149 3878 302 3978 dente,
329 3887 402 3941 ita
442 3890 561 3944 erit
598 3892 870 3949 adventus
911 3897 1037 3952 Filii
1083 3900 1353 3957 hominis.
1391 3878 1753 3978 wUbicumque

147 3969 284 4032 fuerit
307 3996 534 4054 corpus,
566 3984 696 4040 illuc
741 3992 1246 4062 congregabuntur
1287 3997 1512 4068 aquilae.
1554 3969 1752 4055 Statim

145 4074 300 4126 autem
323 4084 447 4146 post
472 4079 902 4138 tribulationem
940 4086 1160 4142 dierum
1184 4089 1414 4145 illorum
1442 4093 1522 4146 sol
1550 4094 1750 4149 obscu-

145 4161 341 4238 rabitur,
372 4177 428 4225 et
464 4173 607 4228 luna
645 4192 760 4230 non
797 4177 952 4234 dabit
989 4180 1186 4236 lumen
1222 4201 1387 4239 suum
1421 4203 1433 4240 :
1476 4192 1531 4242 et
1575 4189 1752 4243 stellae

140 4257 305 4315 cadent
328 4264 394 4319 de
423 4268 585 4339 caelo,
602 4274 658 4324 et
676 4271 906 4328 virtutes
925 4276 1198 4330 caelorum
1223 4281 1746 4338 commovebuntur.

140 4347 188 4445 Et
211 4354 329 4409 tunc
353 4362 582 4430 parebit
607 4363 836 4435 signum
859 4368 979 4422 Filii
997 4370 1246 4425 hominis
1271 4373 1331 4427 in
1348 4375 1514 4445 caelo;
1539 4380 1594 4430 et
1615 4379 1748 4431 tunc

135 4441 368 4518 Plangent
386 4471 592 4509 omnes
614 4457 792 4513 tribus
812 4465 994 4515 terrae.
1026 4465 1092 4518 Et
1116 4464 1387 4522 videbunt
1406 4441 1609 4523 Filium
1636 4471 1744 4524 h0-

137 4538 277 4594 minis
311 4547 638 4604 venientem
665 4551 725 4606 in
750 4555 996 4610 nubibus
1025 4558 1145 4612 caeli
1175 4576 1304 4614 cum
1332 4562 1540 4618 virtute
1567 4565 1747 4620 multa

136 4635 177 4682 et
198 4637 493 4706 majestate.
525 4645 593 4699 Et
606 4645 794 4702 mittet
817 4651 1048 4721 angelos
1074 4661 1205 4708 suos
1225 4672 1357 4710 cum
1381 4657 1516 4712 tuba
1542 4662 1598 4713 et
1615 4676 1746 4722 voce

135 4737 308 4822 magna
336 4749 349 4786 :
377 4741 435 4790 et
451 4741 1106 4811 congregabantelectos
1126 4749 1246 4819 ejus
1265 4767 1298 4803 a
1324 4757 1592 4822 quattuor
1618 4774 1747 4813 ven-

132 4815 184 4870 tis
205 4837 233 4874 a
256 4830 491 4885 summis
518 4833 786 4889 cmlorum
813 4853 991 4909 usque
1019 4841 1090 4895 ad
1114 4844 1386 4899 terminos
1414 4864 1632 4905 eorum.
1659 4853 1742 4907 Ab

130 4912 294 4972 arbore
312 4929 506 4978 autem
531 4925 620 4980 lici
648 4928 842 4986 discite
862 4934 1208 5003 parabolam.
1240 4939 1380 4994 Cum
1400 4941 1524 5012 jam
1549 4961 1741 5001 ramus

127 5006 222 5074 Ejus
251 5015 402 5071 tener
426 5019 625 5089 fuerit,
655 5027 711 5077 et
731 5023 865 5080 folia
891 5033 1043 5099 nata,
1076 5032 1225 5086 scitis
1274 5006 1420 5106 quia'
1442 5055 1618 5110 prope
1659 5047 1740 5097 est

126 5107 257 5157 aestas
297 5109 340 5162 δ.
373 5113 454 5166 lta
482 5119 539 5168 et
568 5132 664 5170 vos
690 5135 821 5173 cum
846 5122 1096 5179 videritis
1126 5127 1248 5181 hinc
1289 5131 1498 5202 omnia,
1544 5135 1738 5190 scitote

125 5196 228 5262 (mia
251 5218 427 5275 prope
459 5212 545 5262 est
570 5209 630 5264 in
649 5211 860 5282 januis.
889 5219 1066 5272 Amen
1089 5220 1211 5274 dico
1235 5223 1390 5278 vobis
1446 5227 1578 5298 quia
1621 5246 1736 5284 non

124 5297 401 5355 preteribit
427 5302 550 5357 haec
574 5309 883 5379 generatio,
917 5311 1093 5368 donec
1119 5318 1308 5371 omnia
1336 5297 1492 5375 tiant.
1523 5323 1736 5378 Caelum

122 5385 163 5433 et
185 5391 318 5444 terra
348 5397 674 5455 transibunt
703 5418 715 5455 :
753 5404 921 5458 verba
948 5412 1138 5463 autem
1177 5427 1303 5466 mea
1340 5430 1455 5468 non
1497 5421 1730 5487 printer-

122 5501 292 5617 ὴρζηξὲ
595 5523 1067 5617 notarnumerica
1114 5528 1270 5584 deest
1315 5549 1379 5586 ac
1432 5533 1728 5617 deinceps:

288 5598 338 5617 ιο
391 5601 402 5617 .
436 5602 472 5617 η
505 5604 564 5617 ....
593 5607 728 5617 in-..
761 5611 800 5617 .-
831 5612 918 5617 -_-
1717 5609 1726 5617 .

118 5577 338 5678 ξξξξξφιθ
365 5584 567 5678 titulus
589 5593 802 5648 ansulis
829 5595 1098 5670 inclusus,
1123 5617 1295 5673 quem
1347 5620 1416 5659 ex
1454 5577 1730 5678 superiori

119 5658 258 5735 missa
283 5657 695 5735 supplevimus.

171 5719 414 5815 :Nlescici
435 5745 511 5815 an
536 5749 724 5815 operae
757 5742 1002 5815 pretium
1031 5745 1104 5799 sit
1136 5747 1409 5805 adnotare
1437 5750 1497 5806 in
1533 5767 1727 5808 exem-

217 5793 225 5801 ο
572 5787 591 5804 ι
622 5787 720 5790 ““
799 5787 1002 5798 -ν-υυι--ι
1031 5787 1104 5799 νιν
1136 5787 1409 5805 υυιιυυιηυ
1437 5787 1497 5806 ιη
1533 5787 1724 5808 CAG,”—

115 5787 542 5896 ξέὲἓηξὶείιὲξαέ·
565 5805 657 5896 ἒίο
683 5787 854 5896 inﬂa:
883 5820 1016 5874 ετοεε
1039 5834 1157 5889 ιΡῙὈ
1177 5825 1356 5877 estote.
1403 5822 1490 5879 Sic
1539 5842 1724 5896 supra,

117 5863 340 5922 stimulo?
359 5863 466 5942 pro
491 5863 796 5936 aestimator:

1899 537 2086 609 angeli
2111 539 2398 608 caelorum,
2423 541 2529 595 nisi
2557 543 2718 597 Pater
2742 545 2910 600 solus.
2939 545 3092 602 Sicut
3117 553 3306 605 autem
3333 550 3392 604 in
3426 551 3541 606 die-

1899 631 2002 685 bus
2033 633 2166 701 Noe,
2190 633 2264 687 ita
2291 635 2397 688 erit
2413 639 2469 690 et
2487 636 2759 691 adventus
2781 639 3184 698 Filiihominis.
3205 643 3359 699 Sicut
3383 645 3558 700 enim~

1898 728 2061 779 erant
2086 724 2143 778 in
2171 726 2366 781 diebus
2389 734 2518 783 ante
2551 729 2846 802 diluvium,
2877 734 3234 790 comedentes
3254 741 3310 791 et
3334 737 3533 793 biben-

1894 821 1997 888 tes,
2027 835 2205 890 usque
2225 821 2295 874 ad
2321 838 2451 875 eum
2478 822 2648 894 diem,
2677 842 2788 896 quo
2815 825 3046 882 intravit
3063 828 3123 883 in
3151 846 3282 883 arca
3312 831 3446 901 Noe,
3479 839 3537 888 et

1894 927 2007 966 non
2028 920 2414 984 cognoverunt
2441 916 2616 972 donec
2645 919 2799 974 venit
2825 919 3124 991 diluvium;
3157 928 3213 977 et
3251 923 3381 977 tulit
3419 942 3536 980 om-

1893 1021 2013 1072 nes,
2058 1007 2136 1061 ita
2174 1007 2280 1062 erit
2316 1013 2371 1063 et
2405 1010 2677 1066 adventus
2718 1012 2843 1066 Filii
2895 1015 3164 1070 hominis.
3212 1017 3363 1071 Tunc
3421 1019 3532 1073 duo

1893 1105 2060 1154 erunt
2085 1101 2145 1154 in
2173 1119 2329 1174 agro,
2358 1120 2507 1158 unus
2533 1105 2870 1176 adsumitur,
2901 1112 2956 1163 et
2995 1125 3142 1164 unus
3167 1111 3528 1182 relinquitur.

1892 1194 2024 1248 Duae
2063 1195 2336 1251 molentes
2378 1198 2449 1251 ad
2475 1199 2705 1269 molam,
2743 1217 2856 1254 una
2887 1202 3222 1274 adsumitur,
3263 1207 3320 1258 et
3355 1205 3530 1260 altera

1889 1288 2256 1360 relinquetur.
2304 1291 2537 1361 Vigilate
2577 1309 2734 1363 ergo,
2783 1295 2915 1366 quia
2955 1297 3180 1350 nescitis
3224 1314 3336 1368 qua
3388 1299 3526 1353 hora

1889 1383 2160 1438 Dominus
2185 1389 2454 1439 venturus
2481 1387 2571 1441 sit.
2607 1387 2747 1442 Illud
2780 1393 2971 1442 autem
3015 1389 3230 1460 scitote,
3258 1393 3524 1462 quoniam

1887 1476 1932 1528 si
1955 1477 2122 1532 sciret
2149 1479 2548 1548 paterfamilias
2585 1497 2696 1551 qua
2737 1482 2877 1536 liora
2911 1483 3006 1536 fur
3048 1489 3318 1538 venturus
3357 1491 3520 1553 esset,

1884 1569 2143 1640 vigilaret
2169 1572 2382 1643 utique,
2412 1577 2467 1628 et
2492 1590 2606 1628 non
2627 1575 2836 1630 sineret
2853 1577 3073 1647 perfodi
3103 1577 3338 1633 domum
3365 1595 3523 1633 suam

1885 1664 2012 1718 Ideo
2052 1669 2107 1718 et
2143 1682 2236 1718 vos
2269 1671 2440 1720 estote
2476 1669 2675 1738 parati,
2725 1669 2860 1740 quia
2887 1671 3116 1726 nescitis
3143 1688 3255 1744 qua
3279 1672 3420 1727 hora
3441 1674 3524 1727 Fi-

1881 1757 1988 1812 lius
2014 1759 2262 1814 hominis
2287 1763 2558 1815 venturus
2583 1766 2682 1816 est.

2485 1888 2682 1929 INCIPIT
2722 1891 2896 1930 MISSA.

2316 1955 2560 2007 Collectio
2585 1961 2703 2020 post
2724 1959 3072 2023 prephetiam.

1950 2029 2222 2098 Concede,
2257 2046 2603 2102 quaesumus,
2632 2034 2886 2097 Domine,
2917 2035 3062 2090 hanc
3084 2038 3322 2108 gratiam
3365 2040 3516 2110 plebi

1877 2127 2011 2193 tuae,
2042 2124 2349 2179 adventum
2379 2125 2663 2198 Unigeniti
2691 2127 2772 2182 tui
2804 2146 2933 2184 cum
2970 2147 3194 2185 summa
3229 2132 3512 2203 vigilantia

1876 2221 2168 2287 expectare
2197 2234 2210 2272 :
2245 2223 2308 2273 ut
2335 2218 2478 2273 sicut
2501 2219 2620 2290 ipse
2654 2219 2769 2293 [est]
2809 2225 3004 2277 auctor
3045 2229 3254 2279 nostra.
3293 2219 3511 2296 salutis,

1875 2309 2028 2365 velut
2055 2311 2335 2382 fulgentes
2359 2313 2644 2384 lampadas
2668 2315 2728 2369 in
2756 2315 2876 2386 ejus
2893 2333 3122 2373 occurso
3147 2323 3364 2374 nostras
3400 2321 3515 2374 ani-

1875 2420 1995 2458 mas
2009 2421 2412 2476 praaparemus.
2427 2409 2736 2480 Praecinge,
2759 2427 3104 2482 qumsumus,
3121 2413 3356 2469 Domine
3369 2415 3515 2470 Deus

1872 2503 2082 2569 noster,
2110 2499 2333 2554 lumbos
2357 2501 2564 2556 mentis
2591 2508 2798 2558 nostrae
2826 2505 3012 2559 divina
3038 2511 3134 2561 tua
3161 2507 3368 2563 virtute
3411 2525 3512 2579 po-

1872 2596 2074 2662 tenter,
2104 2599 2168 2648 ut
2193 2594 2451 2650 veniente
2479 2596 2716 2651 Domino
2743 2603 2934 2653 nostro
2953 2601 3082 2654 Iesu
3118 2600 3340 2656 Christo
3374 2602 3514 2655 Filio

1871 2691 1991 2757 tuo,
2040 2687 2198 2759 digni
2221 2687 2580 2744 inveniamur
2599 2695 2826 2746 internae
2853 2693 2978 2748 vitm
3006 2693 3278 2763 convivio,
3303 2699 3358 2749 et
3385 2701 3512 2750 vota

1870 2780 2176 2835 caelestium
2202 2781 2500 2852 dignatum
2525 2783 2594 2836 ab
2623 2783 2744 2854 ipso
2768 2785 3058 2858 percipere
3087 2803 3401 2843 meremur.

2417 2885 2666 2936 Collectio
2690 2887 2938 2950 sequitur.

1938 2959 2188 3026 Festina,
2227 2976 2555 3031 quaesumus
2586 3003 2599 3031 ,
2646 2963 2902 3032 Domine,
2948 2979 3020 3018 ne
3053 2965 3402 3036 tardaveris,
3454 2965 3512 3022 et

1865 3053 2196 3123 praesidium
2221 3054 2381 3108 nobis
2408 3059 2522 3110 tua:
2541 3055 2764 3126 pietatis
2792 3056 3088 3128 impende;
3122 3063 3187 3113 ut
3213 3061 3510 3130 oportunis

1867 3147 2347 3203 consolationibus
2372 3150 2755 3219 subleventur,
2786 3151 2884 3223 qui
2910 3150 2970 3206 in
3009 3156 3105 3207 tua
3142 3153 3508 3211 miseratione

1866 3241 2178 3296 confidunt.

1939 3336 2306 3407 Omnipotens
2351 3337 2694 3406 sempiterna
2721 3339 2888 3408 Deus,
2919 3339 3016 3411 qui
3043 3356 3146 3394 nos
3173 3341 3331 3396 omni
3357 3347 3502 3398 tem-

1863 3447 2002 3502 pore
2030 3430 2142 3484 tuis
2169 3429 2383 3484 deditos
2409 3429 2491 3483 vis
2518 3447 2635 3486 esse
2685 3432 2988 3502 mandatis,
3036 3433 3276 3489 concede
3313 3437 3505 3507 propi-

1863 3525 1999 3594 cius,
2028 3526 2094 3578 ut
2121 3523 2191 3577 ad
2218 3523 2524 3578 adventum
2566 3524 2785 3579 Domini
2825 3525 3106 3596 possimus
3134 3542 3253 3582 esse
3293 3527 3499 3600 devoti,

1861 3618 2067 3690 quibus
2095 3617 2232 3672 illud
2265 3621 2347 3672 est
2375 3617 2705 3689 mysterium
2737 3619 3156 3688 celebrandum,
3197 3620 3287 3675 cui
3329 3623 3501 3678 servit

1859 3712 2042 3768 omnis
2063 3711 2347 3767 excusatio
2378 3713 2798 3769 mandatorum.

2481 3805 2600 3855 Post
2631 3807 2862 3856 nomina.

1927 3880 2182 3937 Concede
2223 3880 2405 3947 nobis,
2454 3881 2712 3948 Domine,
2757 3898 3109 3954 quaesumus,
3157 3888 3222 3939 ut
3269 3899 3496 3957 magna:

1854 3975 2166 4031 festivitatis
2201 3979 2440 4030 ventura
2485 3976 2812 4031 solemnitas
2865 3993 3138 4050 prospero
3182 3979 3497 4035 celebretur

1855 4069 2074 4136 elfectu,
2115 4069 2441 4142 pariterque
2479 4070 2784 4126 reddamur
2819 4074 2877 4126 et
2917 4071 3124 4127 intenti
3179 4071 3496 4130 caelestibus

1853 4163 2184 4236 disciplinis,
2222 4167 2278 4220 et
2314 4167 2677 4235 peccatorum
2718 4164 3134 4237 indulgentiam
3179 4182 3489 4238 consequa-

1851 4275 1999 4314 mur.

2511 4328 2588 4378 Ad
2617 4341 2820 4394 pacem.

1921 4404 2235 4460 Devotionis
2263 4407 2469 4458 nostrae
2497 4402 2622 4473 tibi,
2648 4403 2905 4471 Domine,
2934 4418 3284 4474 quaesumus,
3307 4402 3490 4458 hostia

1840 4499 2059 4571 jugiter
2100 4498 2448 4564 immolatur,
2502 4513 2627 4569 quae
2671 4501 2728 4551 et
2768 4497 2908 4551 sacri
2960 4502 3197 4568 peragat
3233 4496 3488 4553 instituta

1765 4583 1826 4656 D
1849 4593 2122 4666 mysterii,
2151 4595 2207 4647 et
2235 4592 2477 4647 salutare
2513 4595 2678 4645 tuum
2718 4590 2880 4646 nobis
2916 4590 3253 4648 mirabiliter
3285 4607 3484 4665 opere-

1983 4700 2024 4742 cl

1983 4700 2024 4742 c-

1849 4694 2263 4838 tmsacrificium
2307 4779 2429 4848 tibi,
2477 4778 2737 4849 Domine,
2781 4777 3184 4835 celebrandum
3227 4781 3484 4853 placatus

1843 4877 2095 4947 intende,
2143 4875 2294 4947 quod
2345 4881 2401 4929 et
2447 4890 2550 4928 nos
2599 4891 2630 4927 a
2674 4872 2821 4928 vitiis
2878 4878 3088 4929 nostrae
3151 4874 3483 4930 conditionis

1843 4971 2132 5039 emundet,
2165 4975 2221 5026 et
2243 4974 2342 5024 tuo
2366 4968 2586 5024 nomini
2619 4967 2818 5023 reddat
2839 4971 3116 5038 acceptos.

2489 5059 2824 5111 Contestatio.

1911 5142 2049 5195 Vere
2078 5140 2317 5210 dignum
2347 5141 2402 5194 et
2420 5137 2640 5208 justum
2668 5141 2768 5204 est,
2792 5134 3148 5206 omnipotens
3182 5135 3346 5208 Deus,
3386 5139 3477 5192 cui

1837 5235 2134 5308 proprium
2151 5238 2235 5289 est
2260 5233 2483 5289 veniam
2495 5229 2710 5286 delictis
2731 5229 3062 5300 inpendere,
3093 5245 3263 5301 quam
3288 5247 3478 5303 pmna-

1836 5331 1963 5385 liter
1982 5329 2263 5384 inminere
2292 5328 2338 5382 ά.
2361 5325 2467 5390 Qui
2495 5323 2767 5379 fabricam
2779 5322 2863 5377 tui
2881 5323 3067 5395 Operis
3094 5341 3197 5396 per
3211 5326 3475 5382 eumdem

1834 5440 2030 5480 rursus
2047 5422 2318 5494 Lapidem
2331 5437 2390 5475 es
2408 5417 2717 5490 dignitatus
2732 5417 2951 5488 erigere
2988 5434 3002 5472 :
3025 5434 3098 5474 ne
3113 5418 3324 5492 imago,
3345 5437 3474 5492 quae

1904 5553 1926 5581 ε
1958 5539 2222 5595 Collectio
2255 5539 2377 5592 haec
2404 5535 2616 5608 legitur
2640 5552 2757 5608 non
2789 5534 2970 5590 solum
3004 5535 3067 5590 in
3094 5537 3351 5608 Romano
3375 5533 3470 5588 sed

1833 5612 2003 5668 etiam
2029 5611 2089 5664 in
2113 5607 2483 5664 Ambrosiano
2509 5607 2800 5684 Dominica
2825 5612 3034 5684 quarta_
3051 5607 3358 5684 Adventus.

1901 5685 1927 5726 d
1958 5683 2047 5739 Sic
2072 5683 2336 5737 inminere
2363 5697 2469 5753 pro
2495 5681 2823 5753 instarenEt
2842 5673 2970 5753 haec
2998 5675 3336 5753 Contestatio
3361 5673 3468 5727 ha-

1828 5755 1994 5811 betur
2021 5753 2083 5808 in
2105 5753 2312 5808 Ordine
2331 5744 2702 5808 Kmbrosiano
2729 5751 3019 5805 Dominica
3037 5751 3233 5819 quarta
3253 5744 3466 5801 Adven-

1830 5832 1920 5884 tus
1949 5842 2128 5898 usque
2155 5825 2225 5881 ad
2255 5826 2376 5883 haec
2402 5825 2590 5895 verba,
2624 5826 2749 5879 Haec
2774 5827 3085 5894 postquam,
3116 5821 3220 5872 etc.
