4036 6188
469 355 571 412 463

1344 355 1676 415 APPENDIX
1715 357 1801 414 AD
1837 355 2059 415 OPERA
2097 356 2150 414 S.
2192 355 2492 416 GERMANI
2527 349 2954 415 PARISIENSlS.

3735 348 3844 413 464

467 464 538 518 ad
587 462 1014 520 similitudinem
1043 463 1128 520 tui
1153 463 1300 519 facta
1340 465 1524 521 fuerat
1553 467 1768 534 vivens,
1811 466 2098 522 dissimilis
2121 480 2178 551 Α
2199 467 2296 538 qui
2324 484 2452 522 cum
2481 483 2550 524 ex
2575 469 2806 540 Virgine
2835 472 2889 522 te
2915 461 3266 522 nasciturum
3301 464 3664 538 pronuncias,
3709 467 3848 536 quia

464 555 773 614 haberetur
829 575 896 612 ex
931 563 1132 625 morte,
1181 575 1390 613 munus
1445 559 1676 615 venialis
1725 561 2098 632 indulgentiae

463 645 805 722 praestitisti;
833 657 898 706 ut
927 652 1077 706 unde
1104 658 1346 708 mortem
1383 659 1680 726 peccatum
1719 659 2094 724 contraxerat,

463 745 594 800 inde
623 745 795 798 vitam
819 744 996 815 pietas
1023 753 1310 818 repararet
1323 747 1619 803 immensa.
1643 750 1770 803 Hmc
1797 753 2094 820 postquam

461 837 788 910 prophetica
812 838 1019 910 saepius
1043 857 1154 895 vox
1183 842 1470 912 praedixit,
1497 847 1550 896 et
1576 842 1836 897 Gabrihel
1863 843 2097 913 angelus

459 931 644 986 Maria
665 931 787 1000 jam
817 935 1116 1002 praesentia
1141 935 1390 1004 nunciat,
1427 953 1562 990 mox
1603 937 1792 1008 puella
1831 936 2095 991 eredente

455 1024 518 1078 in
543 1029 705 1080 utero
730 1024 910 1079 ﬁdelis
937 1028 1104 1082 Verbi
1131 1029 1342 1083 mansit
1378 1030 1620 1100 aspirata
1659 1030 1952 1101 conceptio
1995 1045 2097 1100 per

458 1117 746 1173 Christum
775 1119 1080 1175 Dominum
1110 1127 1388 1178 nostrum.
1417 1125 1522 1177 Per
1556 1141 1728 1196 quem
1757 1124 2094 1194 Majestatem

457 1216 612 1267 tuam
632 1212 867 1268 laudant
895 1215 1104 1285 angeli.

827 1311 955 1358 Item
985 1309 1302 1360 Contestatio
1318 1311 1344 1341 ⁸
1367 1310 1431 1360 de
1461 1310 1718 1361 Adventu.

529 1389 668 1445 Vere
714 1389 957 1458 dignum
992 1389 1048 1438 et
1075 1385 1294 1454 justum
1351 1389 1451 1439 est.
1507 1386 1610 1454 Tu,
1661 1383 2093 1439 clementissime

456 1483 624 1551 Deus,
671 1489 848 1536 verae'
870 1478 1216 1534 credulitatis
1259 1478 1318 1532 in
1366 1479 1621 1534 sensibus
1662 1479 1868 1533 nostris
1905 1478 2090 1533 incre-

453 1581 650 1631 menta
675 1575 1008 1646 multiplica,
1049 1577 1106 1628 et
1142 1572 1411 1644 imaginis
1453 1590 1516 1628 ac
1559 1571 1946 1627 similitudinis
1979 1577 2093 1627 tute

453 1669 696 1725 formam
721 1671 780 1724 in
807 1668 970 1724 nobis
1017 1665 1235 1739 [magis]
1281 1666 1577 1738 magisque
1617 1670 1888 1736 restaura,
1917 1671 1983 1722 ut
2013 1671 2089 1736 te,

455 1780 626 1836 quem
647 1763 862 1820 dudum
889 1761 1102 1816 venisse
1129 1760 1410 1814 credimus
1437 1777 1539 1832 pro
1569 1760 1820 1816 remedio
1845 1761 2089 1832 captivo-

2199 562 2430 616 Mariam
2473 563 2710 616 Matrem
2749 561 2968 631 creasti,
3009 563 3072 615 ut
3109 559 3399 628 Dominus,
3439 560 3508 614 de
3531 575 3646 630 qua
3671 563 3846 614 natus

2199 670 2258 708 es
2299 655 2447 710 filius
2466 673 2482 724 ;
2528 656 2598 709 da
2631 656 2792 710 nobis
2827 660 2892 710 ut
2937 655 3036 726 qui
3084 671 3212 709 cum
3259 653 3356 707 illa
3383 669 3416 708 a
3445 658 3499 708 te
3527 653 3613 708 vel
3645 669 3752 724 per
3783 657 3842 707 te

2198 749 2368 803 creati
2397 766 2590 804 sumus
2617 765 2684 804 ex
2715 749 2912 819 nihilo,
2955 749 3126 803 simili
3163 751 3226 802 ut
3259 763 3324 804 ea
3361 746 3708 802 credulitatis
3747 762 3842 800 re-

2197 858 2570 898 muneremur
2597 859 2667 898 ex
2693 843 2954 915 praemio.

2817 937 2939 986 Post
2970 935 3200 986 nomina.

2267 1017 2636 1088 Omnipotens
2665 1016 3004 1088 sempiterna
3042 1017 3211 1084 Deus,
3251 1013 3348 1087 qui
3381 1013 3735 1070 nasciturum
3765 1031 3836 1070 ex

2197 1115 2354 1165 utero
2378 1110 2642 1182 virginali
2667 1112 2856 1165 Jesum
2874 1110 3162 1166 Christum
3183 1109 3384 1164 Filium
3411 1115 3574 1165 tuum
3607 1111 3842 1181 agnosci

2195 1204 2266 1258 ab
2291 1205 2575 1274 omnibus,
2603 1209 2794 1260 sancto
2823 1203 3164 1275 archangelo
3203 1203 3526 1272 nunciante,
3569 1203 3836 1270 voluisti;

2196 1297 2266 1352 da
2303 1301 2366 1352 ut
2391 1299 2549 1369 cujus
2588 1299 2938 1354 nativitatem
2986 1297 3324 1370 accepimus,
3367 1297 3488 1367 ejus
3527 1295 3840 1368 praesentia

2197 1391 2562 1462 gaudeamus.

2864 1462 2940 1513 Ad
2969 1475 3172 1527 pacem.

2265 1545 2431 1614 Deus,
2464 1545 2622 1616 cujus
2647 1544 2934 1599 nativitate
2963 1543 3086 1598 Filii
3105 1543 3190 1598 tui
3217 1542 3446 1598 Domini
3485 1543 3666 1598 nostri
3710 1543 3830 1613 glo-

2194 1638 2342 1692 riosa
2367 1639 2633 1693 festivitas
2659 1643 2714 1693 et
2741 1637 2928 1692 Mariae
2951 1641 3178 1709 partum
3199 1641 3254 1692 et
3273 1636 3538 1708 Eogeniaa
3577 1635 3600 1676 ἲ
3621 1636 3832 1691 trium—

2193 1731 2393 1802 phum.
2425 1733 2598 1787 Hodie
2623 1733 2835 1804 quippe
2863 1731 3036 1787 Maria
3073 1731 3360 1787 Christum
3394 1731 3592 1802 genuit
3617 1748 3634 1799 ;
3667 1730 3838 1786 hodie

451 1825 603 1926 rum,
633 1857 694 1912 in
719 1857 966 1912 secundo
995 1855 1237 1909 adventu
1258 1859 1355 1910 tuo
1389 1825 1456 1909 te.
1473 1871 1604 1909 cum
1623 1825 1930 1925 majestate.
1951 1871 2090 1910 ven-
2113 1853 2168 1926 B
2195 1827 2442 1926 Εοεθηξθ
2474 1827 2544 1926 a9
2569 1826 2856 1926 (Πξῖίδίυξη
2885 1825 3068 1926 Ῡέἀίξξ
3117 1825 3286 1926 hocne
3311 1826 3424 1926 ‘iua
3465 1829 3720 1926 Βθιξθτθίν

449 1954 648 2006 turum
691 1951 1031 2006 sustinentes
1075 1947 1266 2004 videre
1330 1965 1655 2005 mereamur
1706 1965 1836 2004 cum
1902 1949 2089 2004 indul-

450 2045 640 2116 gentia
667 2049 1050 2118 peccatorum.

521 2141 753 2208 Praesta,
791 2139 954 2193 unita
983 2137 1011 2176 ι’
1049 2141 1105 2192 et
1151 2135 1388 2192 indivisa
1427 2137 1666 2192 Trinitas
1705 2138 1869 2206 Deus,
1919 2152 2092 2208 quem

450 2233 720 2288 caelorum
742 2231 1038 2304 multiplex
1065 2235 1121 2286 et
1149 2229 1446 2286 ineffabilis
1465 2247 1762 2300 numerus,
1788 2247 1960 2302 quem
1975 2247 2093 2285 om-

447 2327 610 2382 nium
635 2327 966 2398 angelorum
988 2329 1044 2380 et
1090 2325 1562 2396 archangelorum
1605 2325 1780 2395 milia,
1827 2341 1956 2379 cum
2001 2341 2086 2380 se-

447 2419 703 2474 nioribus
730 2423 786 2474 et
804 2419 1130 2490 virtutibus,
1154 2435 1282 2473 cum
1299 2419 1520 2474 thronis
1547 2423 1603 2474 et
1615 2418 2089 2474 dominationibus

445 2511 676 2569 laudare
697 2530 814 2568 non
839 2517 1056 2568 cessant
1084 2513 1330 2567 dicentes
1359 2529 1372 2567 :
1406 2511 1656 2568 Sanctus.

767 2623 922 2663 MISSA
961 2625 1014 2662 IN
1053 2623 1252 2662 VIGILIA
1293 2623 1514 2663 NATALIS
1555 2622 1763 2662 DOMINI.

677 2689 910 2754 Epistola
927 2689 1070 2738 Pauli
1100 2689 1320 2752 apostoli
1342 2689 1408 2738 ad
1433 2689 1788 2754 Philippenses
1815 2713 1854 2740 ο.

517 2765 756 2834 Fratres,
792 2764 1030 2835 gaudete
1059 2763 1118 2817 in
1145 2763 1383 2818 Domino
1419 2780 1664 2836 semper,
1707 2764 1912 2819 iterum
1963 2765 2086 2820 dico

445 2859 684 2930 gaudete
714 2877 726 2912 :
758 2858 1034 2913 modestia
1058 2861 1239 2912 vestra
1261 2861 1395 2914 nota
1421 2857 1492 2913 sit
1533 2858 1796 2913 omnibus
1835 2859 2082 2914 homini-

444 2937 576 3020 bus,-
618 2952 888 3006 Dominus
932 2951 1084 3005 enim
1121 2967 1296 3023 prope
1343 2957 1445 3006 est.
1495 2953 1644 3006 Nihil
1687 2951 1904 3006 solliciti
1942 2953 2080 3020 sitis,

444 3043 539 3098 sed
563 3043 621 3097 in
651 3045 807 3098 omni
839 3043 1092 3098 oratione
1117 3061 1248 3098 cum
1277 3045 1590 3116 gratiarum
1619 3046 1840 3100 actione
1867 3047 2084 3116 petitio-

443 3151 544 3192 nes
561 3141 763 3196 vestrac
794 3138 1148 3192 innotescant
1173 3139 1322 3208 apud
1351 3139 1549 3193 Deum.
1575 3140 1639 3192 Et
1665 3157 1774 3210 pax
1803 3140 1924 3208 Dei,
1954 3156 2082 3212 qua:

2193 1936 2366 1993 quem
2385 1920 2490 1974 ista
2514 1921 2773 1990 festinat;
2802 1920 2970 1975 hodie
3009 1919 3264 1975 Christus
3306 1919 3366 1974 in
3400 1919 3615 1974 mundo
3657 1919 3836 1982 venit,

2191 2013 2360 2069 hodie
2389 2015 2668 2086 virginem
2694 2015 2754 2068 in
2785 2015 2921 2068 caelo
2945 2013 3200 2068 Christus
3235 2013 3497 2084 suscipit;
3529 2012 3700 2068 hodie
3741 2029 3840 2066 na-

2193 2109 2397 2163 scendo
2424 2107 2704 2180 virginem
2721 2111 2962 2164 matrem
2985 2107 3136 2178 fecit,
3167 2107 3266 2179 qui
3291 2107 3458 2162 hodie
3483 2105 3835 2178 perﬁciendo

2191 2206 2500 2273 martyrem
2527 2201 2834 2256 coronavit.

2841 2293 3182 2344 Contestatio.

2261 2375 2400 2430 Vere
2427 2375 2667 2446 dignum
2693 2379 2748 2430 et
2765 2376 2986 2446 justum
3015 2381 3116 2445 est,
3148 2375 3505 2446 omnipotens
3533 2375 3700 2445 Deus,
3731 2391 3838 2446 per

2191 2469 2476 2525 Christum
2501 2469 2804 2524 Dominum
2827 2475 3106 2525 nostrum.
3121 2469 3507 2534 Quiasummo
3528 2469 3666 2524 celo
3677 2469 3836 2524 thro-

2187 2563 2386 2635 nisque
2411 2564 2696 2633 regalibus
2720 2565 2790 2619 ad
2815 2563 2932 2618 ima
2959 2563 3323 2633 descendens,
3365 2563 3542 2618 Patris
3583 2563 3832 2635 imperio

2187 2674 2360 2712 sacrae
2384 2658 2568 2712 Mariae
2593 2661 2754 2713 utero
2783 2657 3048 2712 inviolate
3076 2659 3367 2729 susceptus
3395 2661 3497 2726 est,
3539 2659 3602 2710 ut
3629 2656 3832 2710 misce-

2187 2755 2275 2806 tor
2303 2765 2330 2804 ε
2359 2753 2504 2806 Deus
2531 2751 2816 2818 elementi,
2835 2752 3052 2823 sucepit
3075 2751 3336 2806 membra
3359 2751 3638 2820 mortalia,
3667 2766 3830 2804 sum-

2186 2846 2258 2900 sit
2283 2844 2466 2900 carnis
2494 2845 2704 2916 injuria
2729 2845 3006 2900 liberandi
3040 2845 3286 2900 hominis
3311 2851 3460 2900 vota.
3501 2843 3730 2899 Jacebat
3773 2846 3832 2898 in

2185 2940 2410 3012 pannis,
2438 2939 2692 3010 fulgebat
2718 2940 2778 2994 in
2803 2939 2993 2995 stellis.
3023 2939 3164 2994 Caro
3191 2943 3274 2994 est
3301 2939 3452 3010 quod
3479 2938 3824 2993 involvitur:

2185 3033 2466 3102 divinitas,
2496 3033 2584 3088 cui
2611 3033 2680 3086 ab
2704 3033 2921 3104 angelis
2951 3033 3326 3088 ministratur.
3363 3033 3496 3087 Erat
3523 3031 3744 3104 positus
3765 3033 3822 3086 in

2183 3128 2483 3198 praesepio,
2525 3127 2620 3182 sed
2673 3127 2849 3182 virtus
2889 3127 3012 3198 ejus
3057 3127 3395 3198 operabatur
3435 3127 3494 3180 in
3537 3127 3708 3181 caelis.
3771 3128 3828 3180 ln

443 3235 674 3301 superat
717 3247 946 3285 omnem
985 3247 1234 3298 sensum,
1285 3231 1561 3286 custodiat
1599 3234 1764 3287 corda
1807 3237 1988 3288 vestra
2030 3231 2159 3305 etC
2185 3219 2479 3276 ουηῖὼυιίε
2507 3220 2746 3292 iacebat:
2769 3225 2826 3276 et
2845 3237 3090 3292 regnum
3117 3221 3336 3276 οωλθδῖθ
3363 3219 3623 3275 donabat-
3653 3220 3832 3275 Natus

441 3324 844 3396 intelligentias
869 3329 1078 3379 vestras
1104 3325 1163 3379 in
1190 3325 1412 3380 Christo
1439 3327 1588 3382 Jesu.

599 3419 773 3468 Lectio
803 3417 968 3468 sancti
991 3417 1262 3482 Evangelii
1290 3418 1581 3469 secundum
1611 3419 1925 3470 Matthmum.

512 3499 633 3555 Sint
659 3499 838 3554 lumbi
866 3499 1036 3554 vestri
1062 3499 1372 3570 praecincti,
1391 3505 1447 3554 et
1471 3500 1718 3556 lucerna:
1743 3502 2004 3556 ardentes
2020 3503 2079 3554 d:

439 3599 497 3650 et
543 3611 640 3647 vos
695 3593 904 3648 similes
957 3593 1262 3648 homnibus
1313 3594 1739 3665 expectantibus
1783 3596 2080 3650 dominum

442 3703 631 3754 suum,
663 3687 892 3757 quando
919 3690 1240 3741 revertatur
1265 3705 1298 3742 a
1325 3687 1556 3759 nuptiis,
1599 3693 1664 3743 ut
1698 3706 1828 3744 cum
1867 3689 2084 3745 venerit

441 3783 499 3834 et
525 3779 849 3850 pulsaverit,
881 3780 1178 3834 confestim
1204 3779 1462 3851 aperiant
1496 3781 1566 3834 ei.
1599 3783 1754 3837 Beati
1777 3787 1909 3838 sunt
1938 3783 2082 3838 servi

439 3871 543 3939 illi,
573 3888 734 3943 quos,
763 3887 894 3926 cum
913 3873 1130 3926 venerit
1153 3872 1436 3942 dominus,
1467 3873 1746 3930 invenerit
1759 3876 2078 3948 vigilantes.

441 3967 620 4020 Amen
665 3965 788 4019 dico
825 3965 999 4034 vobis,
1049 3965 1203 4036 quod
1245 3965 1548 4038 praecingit
1595 3985 1674 4038 se,
1721 3973 1778 4024 et
1809 3970 1942 4025 facit
1959 3971 2081 4025 illos

441 4057 816 4126 discumbere,
849 4063 904 4112 et
923 4057 1201 4113 transiens
1227 4058 1572 4116 ministrabit
1593 4061 1722 4116 illis.

1032 4167 1226 4208 INCIPIT
1258 4169 1416 4208 MISSA
1453 4165 1494 4208 θ.

510 4245 819 4302 Misericors
869 4261 932 4300 ac
975 4245 1226 4317 piissime
1267 4247 1434 4316 Deus,
1487 4247 1646 4318 cujus
1690 4248 1974 4304 voluntate
2015 4267 2078 4304 ac

437 4357 677 4397 munere
723 4340 993 4396 Dominus
1037 4345 1229 4396 noster
1264 4343 1422 4396 Jesus
1464 4342 1716 4397 Christus
1757 4345 1826 4398 ad
1865 4343 1970 4398 hoc
2019 4361 2076 4400 se

437 4435 778 4502 humiliavit,
827 4441 890 4490 ut
921 4438 1104 4490 totum
1151 4453 1330 4508 genus
1357 4436 1630 4491 exaltaret
1657 4437 1993 4508 humanum,
2023 4445 2079 4494 et

438 4527 565 4598 ideo
591 4529 660 4582 ad
687 4527 798 4582 ima
827 4529 1193 4598 descenderit,
1223 4535 1286 4584 ut
1330 4531 1569 4585 humilia
1607 4531 1972 4600 sublimaret;
2013 4550 2076 4588 ac

2186 3319 2270 3370 est
2293 3314 2452 3370 nobis
2474 3315 2746 3384 Christus,
2777 3314 3147 3370 inluminatus
3175 3319 3260 3370 est
3288 3315 3553 3369 mundus.
3581 3315 3828 3386 Innupta

2185 3411 2424 3480 peperit,
2454 3408 2550 3464 sed
2593 3409 2754 3480 virgo
2791 3409 3074 3480 concepit;
3125 3407 3196 3462 de
3233 3409 3356 3462 viro
3391 3424 3558 3480 pura,
3597 3408 3668 3462 de
3709 3408 3826 3463 tilio

2187 3503 2449 3573 gloriosa.
2479 3501 2705 3572 Accepit
2729 3519 2940 3557 nomen
2961 3502 3176 3569 matris,
3201 3501 3296 3556 sed
3323 3517 3437 3556 non
3454 3501 3654 3556 habuit
3671 3501 3824 3557 thro-

2182 3613 2322 3652 num
2353 3596 2564 3650 uxoris.
2595 3597 2700 3651 Per
2739 3596 2900 3666 cujus
2934 3595 3285 3650 nativitatem
3319 3595 3676 3666 indulgentia
3713 3597 3818 3650 cri-

2183 3691 2406 3746 minum
2431 3689 2772 3760 conceditur,
2803 3693 2860 3744 et
2894 3689 3228 3746 resurrectio
3257 3706 3374 3744 non
3415 3695 3682 3760 negatur.
3719 3691 3822 3744 Per

2183 3784 2372 3856 ipsum
2397 3800 2570 3856 quem
2595 3785 2829 3840 laudant
2852 3783 3063 3856 angeli.

2631 3903 2785 3944 MISSA
2827 3905 2880 3944 IN
2921 3904 3122 3944 NATALE
3159 3903 3370 3944 DOMINI.

2289 3976 2462 4026 Lectio
2485 3976 2626 4026 Isaiae
2651 3977 2937 4041 prophetae,
2963 3976 3185 4040 legenda
3209 3977 3264 4026 in
3296 3976 3472 4026 Natale
3499 3973 3726 4026 Domini.

2253 4057 2522 4112 Parvulus
2569 4057 2722 4112 enim
2761 4059 2925 4112 natus
2965 4063 3050 4112 est
3091 4058 3270 4128 nobis,
3319 4057 3466 4112 ﬁlius
3515 4061 3686 4112 natus
3739 4061 3820 4112 est

2181 4149 2373 4205 nobis:
2417 4156 2473 4205 et
2489 4151 2666 4206 factus
2693 4155 2777 4207 est
2797 4149 3145 4223 principatus
3170 4153 3292 4222 ejus
3317 4167 3488 4224 super
3511 4151 3818 4206 humerum

2181 4243 2321 4314 ejus,
2349 4248 2407 4300 et
2443 4245 2731 4322 vocabitur
2755 4262 2964 4300 nomen
2995 4244 3116 4317 ejus
3141 4243 3520 4314 Admirabilis,
3543 4245 3816 4300 Consilia-

2178 4337 2314 4408 rius,
2371 4339 2535 4410 Deus,
2593 4339 2794 4406 Fortis,
2846 4341 3009 4394 Pater
3060 4339 3238 4395 futuri
3288 4339 3497 4408 saeculi,
3549 4339 3814 4410 Princeps

2176 4433 2348 4503 pacis.
2381 4433 2843 4504 Multiplicabitur
2871 4435 2992 4505 ejus
3025 4433 3354 4506 imperium,
3397 4437 3451 4488 et
3489 4425 3656 4504 regni
3697 4433 3818 4504 ejus

2176 4543 2292 4582 non
2320 4527 2425 4582 erit
2449 4527 2597 4582 linis.
2629 4527 2813 4598 Super
2835 4528 3040 4582 solium
3068 4527 3238 4583 David
3279 4533 3333 4582 et
3365 4543 3536 4599 super
3569 4543 3812 4599 regnum

437 4625 741 4691 prOpterea
773 4621 918 4676 Deus
947 4623 1117 4677 homo
1147 4624 1398 4678 nascitur
1423 4641 1526 4696 per
1563 4626 1873 4697 Virginem,
1913 4631 1979 4680 ut
2017 4627 2074 4682 in
2096 4609 2155 4681 D
2178 4621 2299 4691 ejus
2345 4619 2626 4694 [sedebit],
2677 4627 2738 4677 ut
2790 4622 3088 4678 conﬁrmet
3125 4622 3260 4676 illud
3305 4625 3362 4677 et
3391 4620 3730 4676 conrobaret
3757 4621 3812 4675 in

439 4713 671 4770 homine
724 4714 1002 4783 perditam
1037 4717 1314 4772 caelestem
1348 4719 1682 4774 reformaret
1719 4720 2030 4793 imaginem
2059 4739 2074 4790 ;

441 4806 514 4862 da
539 4811 604 4862 ut
627 4806 788 4878 plebs
807 4807 928 4860 hinc
955 4808 1058 4862 tibi
1082 4810 1387 4880 adhmreat,
1407 4817 1656 4882 utquam
1673 4815 1960 4870 redemisti
1981 4821 2078 4871 tuo

439 4916 699 4972 munere,
733 4899 832 4956 tibi
859 4917 1084 4972 semper
1108 4903 1306 4958 devota
1330 4905 1547 4974 placeat
1575 4909 1860 4964 servitute.

1201 4996 1395 5046 llectio.

1201 4997 1267 5046 le
1329 4997 1340 5006 '
1385 5033 1395 5044 .

513 5069 903 5138 Emmanuhel,
951 4997 1252 5124 Nollisggli‘l
1274 4999 1462 5140 cillius,
1501 5074 1717 5131 Christe
1755 5077 1924 5132 Filius
1957 5079 2073 5148 Dei,

513 5195 534 5218 ε’
572 5193 912 5278 contestatio
941 5197 1062 5278 haec
1091 5213 1195 5278 pro
1219 5197 1328 5278 alia
1368 5198 1540 5278 missa
1575 5200 1642 5278 de
1677 5201 1965 5278 adventu;
2007 5205 2074 5278 de

441 5280 553 5336 quo
580 5269 806 5342 nonnisi
827 5271 941 5321 tres
967 5269 1162 5342 missae
1179 5269 1418 5342 iptegrae
1445 5270 1550 5324 hoc
1591 5271 1650 5325 in
1683 5271 1890 5328 Ordine
1934 5269 2072 5329 assi-

483 5339 732 5410 nantur_:
765 5335 906 5410 forte
933 5340 1103 5410 quod,
1121 5341 1168 5394 si
1193 5335 1502 5396 Dorﬁinicae
1529 5359 1626 5398 sex
1657 5347 1780 5398 tum
1803 5361 2068 5400 numera-

481 5409 666 5492 aptpr,
697 5407 1001 5492 memisse}
1031 5407 1212 5492 repeti
1235 5417 1487 5492 possent.

511 5479 539 5518 ι)
568 5477 916 5554 δὶοίαηὶτᾳιὶη
931 5477 1268 5554 exemplari,
1291 5501 1395 5554 pro
1417 5501 1549 5541 una.
1573 5487 1800 5541 Veteres
1821 5490 2072 5544 unionem

439 5553 780 5676 prouénitate
809 5549 1086 5606 dicebant.
1105 5549 1516 5610 hdiVélesium
1547 5557 1606 5612 in
1633 5558 1858 5630 Evagrii
1886 5560 1987 5616 lib.
2017 5577 2068 5630 v,

439 5637 561 5676 can.
634 5663 647 5676 .

437 5637 750 5780 ῗίῗξιίλέὶίῖρ
781 5691 905 5780 hie?
931 5691 990 5746 in
1015 5691 1225 5780 .Ordine
1251 5695 1594 5780 δτςεοτίεηο
1617 5702 2072 5780 habeturpomi-

437 5763 770 5890 ῧῗὲἱέῗιὶθ.
814 5763 1120 5836 Adventus,
1167 5781 1296 5838 quae
1333 5763 1426 5824 hic
1473 5787 1577 5842 pro
1619 5773 1822 5846 Vigilia
1865 5776 2070 5832 Natalis

503 5904 528 5946 ἀ
557 5907 721 5962 Addit
745 5905 1002 5978 Vulgata,
1023 5911 1081 5966 in
1097 5911 1351 5966 manibus
1375 5915 1596 5968 vestris:
1627 5931 1756 5988 quae
1783 5917 1951 5974 verba
1967 5920 2064 5976 de-

2173 4715 2387 4785 judicio
2418 4715 2727 4786 etjustitia.
2761 4716 2975 4770 Amodo
3003 4719 3059 4770 et
3085 4731 3263 4788 usque
3301 4713 3362 4770 in
3402 4713 3816 4786 sempiternum

2180 4809 2330 4865 zelus
2355 4809 2576 4864 Domini
2604 4809 2956 4866 exercituum
2979 4810 3146 4866 faciet
3167 4811 3294 4866 hoc.

2457 4903 2686 4967 Epistola
2731 4904 2878 4954 Pauli
2923 4904 3144 4967 apostoli
3175 4903 3241 4953 ad
3283 4903 3548 4954 Hebmos.

2249 4985 2488 5056 Fratres,
2543 4986 2848 5041 multifarie
2897 4985 3208 5058 multisque
3259 4985 3443 5040 modis
3482 4985 3624 5039 olim
3671 4986 3824 5041 Deus

2175 5078 2412 5150 loquens
2437 5080 2692 5135 Patrihus
2719 5079 2778 5135 in
2797 5079 3124 5152 prophetis;
3155 5079 3452 5134 novissime
3471 5083 3666 5134 autem
3699 5079 3822 5134 die-

2177 5210 2308 5261 sunt
2335 5207 2395 5261 in
2422 5207 2624 5262 Codice
2655 5212 2870 5276 nostro,
2897 5211 3168 5278 textuque
3195 5207 3408 5278 Graeco,
3435 5211 3492 5261 et
3521 5207 3674 5278 apud
3697 5211 3818 5260 Au-

2177 5278 2490 5351 gustinum,
2517 5296 2632 5334 non
2658 5283 2849 5333 tamen
2877 5279 3028 5351 apud
3055 5278 3390 5351 Gregorium
3416 5279 3708 5351 Magnum.

2244 5349 2461 5422 {Missa
2487 5351 2606 5405 hac
2636 5351 2824 5422 differt
2855 5350 2925 5404 ab
2953 5365 3018 5404 ea
3035 5349 3820 5422 quie'assignatur’inAMissaﬁ

2172 5420 2700 5493 Cothicogallicano.
2715 5421 2768 5477 Si
2785 5423 3014 5492 quando
3026 5420 3238 5493 conven
3246 5420 3818 5493 ient,adnotabimus.

2245 5489 2265 5530 ε
2300 5489 2442 5547 Nota
2475 5493 2567 5548 hic
2593 5494 2662 5549 de
2692 5489 2884 5547 sancta
2919 5492 3174 5565 Eugenia
3207 5491 3428 5565 virgine
3467 5497 3534 5565 et
3563 5499 3820 5565 martyre

2172 5563 2445 5636 Romana,
2475 5581 2604 5636 quae
2631 5581 2792 5636 passa
2817 5568 2901 5620 est
2927 5561 3104 5618 die'25
3135 5561 3474 5636 Decembris,
3503 5561 3624 5636 fieri
3651 5561 3822 5618 men-

2172 5633 2406 5705 tionem,
2431 5633 2546 5691 ndn
2577 5633 2652 5692 de
2673 5639 2867 5690 sancta
2891 5635 3203 5703 Anastasia,
3255 5634 3324 5690 de
3375 5651 3500 5705 qua
3518 5635 3822 5689 Romanus

2172 5705 2318 5778 ρι’ᾱο
2363 5707 2470 5762 hac
2507 5707 2598 5762 die
2647 5706 3242 5762 commemorationem
3297 5705 3489 5760 habet.
3545 5705 3818 5778 Ejusdem

2171 5776 2441 5849 Eugeniae
2467 5779 2740 5834 memoria
2764 5779 2824 5834 in
2853 5779 3075 5834 Canone
3107 5778 3296 5832 missae
3323 5793 3518 5848 supra.

2239 5861 2265 5902 ε
2295 5852 2400 5906 Pro
2427 5853 2634 5926 mistor,
2661 5855 2726 5908 ut
2755 5849 2986 5926 quidem
3009 5849 3314 5908 verisimile
3345 5853 3448 5906 est.
