4036 6188
229 279 314 334 465
689 270 1299 330 SACRAMENTARJUM
1336 273 1783 329 GALLICANlJ-M.
1825 302 1894 315 —--
1934 273 2298 332 LECTIONES
2336 274 2421 329 DE
2458 274 2771 331 ADVENTU
2812 273 3068 332 DOMINI.

3467 277 3569 333 4ὓῦ

215 388 312 442 bus
334 379 450 440 istis
469 381 688 439 locutus
718 386 802 437 est
829 380 994 437 nobis
1019 380 1080 437 in
1099 380 1239 436 Filio
1265 398 1388 451 suo,
1416 398 1590 454 quem
1618 380 1826 440 consti-
1852 394 1910 470 Α
1930 384 2077 440 Deus
2103 384 2270 439 Pater
2289 382 2669 456 omnipotens,
2689 382 2787 456 qui
2801 399 2905 455 per
2923 383 3158 441 unicum
3187 380 3392 440 Filium
3405 388 3574 442 tuum

211 481 311 537 tuit
333 478 601 534 heredem
621 476 1039 544 universorum,
1056 492 1160 549 per
1173 493 1345 549 quem
1369 475 1501 531 fecit
1525 481 1581 532 et
1600 478 1827 535 saecula.

211 574 307 640 Qui
332 589 462 628 cum
480 571 551 626 sit
575 571 840 644 splendor
858 571 1052 643 gloriae
1070 574 1127 626 et
1139 571 1327 642 figura
1345 571 1668 627 substantia:
1687 573 1828 644 ejus,

209 674 540 742 portansque
578 665 768 721 omnia
792 665 964 720 verbo
1011 664 1233 721 virtutis
1261 683 1398 734 suae,
1430 667 1833 738 purgationem

207 764 554 835 peccatorum
576 759 806 828 faciens,
834 759 978 814 sedit
1006 759 1076 814 ad
1107 760 1397 815 dexteram
1425 760 1735 831 majestatis
1774 761 1832 816 in

209 854 450 922 excelsis,
495 857 648 908 tanto
673 852 875 908 melior
904 853 1120 926 angelis
1144 853 1392 924 effectus,
1415 858 1696 926 quantum
1722 854 1830 910 dif-

207 950 466 1006 ferentior
490 965 607 1020 prae
627 947 737 1002 illis
761 963 970 1002 nomen
1000 947 1352 1004 hereditavit.
1380 947 1484 1003 Cui
1509 948 1663 1003 enim
1692 949 1836 1004 dixit

205 1042 498 1116 aliquando
527 1042 862 1112 angelorum
890 1058 903 1096 :
931 1040 1103 1096 Filius
1129 1057 1290 1097 meus
1318 1058 1376 1097 es
1403 1047 1484 1112 tu,
1524 1059 1630 1113 ego
1666 1042 1834 1098 hodie

208 1136 368 1210 genui
393 1142 448 1192 te
467 1137 495 1192 Τ
523 1137 588 1191 Et
608 1151 834 1190 rursum
869 1153 883 1190 :
914 1135 1032 1207 Ego
1061 1151 1156 1190 ero
1184 1135 1265 1190 illi
1293 1135 1352 1190 in
1378 1140 1618 1207 patrem,
1645 1137 1833 1209 etipse

207 1231 305 1287 erit
329 1230 473 1286 mihi
500 1230 562 1284 in
591 1228 792 1284 ﬁlium.

331 1323 510 1375 Lectio
544 1323 711 1374 sancti
741 1321 1012 1384 Evangelii
1046 1321 1335 1372 secundum
1368 1322 1684 1374 Matthteum.

270 1406 430 1461 Liber
481 1404 864 1477 generationis
911 1405 1041 1459 Iesu
1080 1402 1288 1458 Christi
1337 1402 1438 1457 ﬁlii
1489 1405 1680 1474 David,
1738 1404 1835 1459 ﬁlii

203 1500 496 1557 Abraham.
525 1499 812 1554 Abraham
835 1498 1033 1570 genuit
1056 1501 1225 1566 Isaac,
1248 1499 1398 1552 Isaac
1419 1501 1609 1554 autem
1639 1499 1837 1570 genuit

203 1593 377 1661 Iacob,
407 1593 578 1648 Iacob
603 1597 793 1648 autem
819 1592 1016 1664 genuit
1033 1592 1232 1647 Judam
1259 1594 1316 1646 et
1339 1593 1538 1647 fratres
1583 1592 1724 1663 ejus.
1771 1594 1838 1647 Et

208 1687 334 1742 alius
357 1686 530 1742 Judas
565 1685 762 1758 genuit
787 1685 994 1757 Joseph
1027 1686 1214 1740 virum
1242 1685 1445 1756 Mariae,
1478 1685 1547 1741 de
1576 1702 1689 1758 qua
1730 1703 1834 1740 na-

208 1785 286 1891 tus
304 1785 385 1835 est
410 1779 669 1891 Christus
692 1781 740 1834 ⁸.
761 1779 968 1891 Christi
995 1784 1200 1891 nauteom
1236 1779 1525 1891 generatio
1575 1779 1654 1891 sic
1695 1781 1833 1834 erat.
1858 1771 1913 1844 B
2009 1820 2175 1888 Deus,
2231 1819 2465 1891 antiqua
2511 1835 2580 1873 ex

210 1875 336 1931 Cum
365 1878 512 1930 esset
545 1874 876 1945 desponsata
896 1877 1077 1928 mater
1102 1874 1224 1944 ejus
1259 1873 1428 1929 Maria
1464 1872 1689 1944 Joseph,
1733 1890 1835 1928 an-

210 1975 422 2041 tequam
452 1967 844 2034 convenirent,
866 1966 1092 2021 inventa
1119 1967 1279 2022 estin
1321 1971 1482 2022 utero
1520 1967 1732 2022 habens
1769 1968 1838 2023 de

212 2063 404 2134 Spiritu
456 2064 677 2117 sancto.
718 2060 924 2132 Joseph
963 2064 1156 2115 autem
1192 2060 1278 2114 vir
1325 2060 1466 2131 ejus,
1509 2077 1638 2115 cum
1695 2064 1839 2116 esset

207 2156 392 2228 justus,
425 2159 483 2210 et
507 2155 689 2210 nollet
714 2170 838 2210 eam
869 2154 1184 2223 traducere,
1208 2153 1386 2208 voluit
1410 2155 1626 2209 occulte
1642 2153 1836 2208 dimit-

211 2255 312 2305 tere
337 2265 480 2304 eam.
512 2250 645 2303 Haec
671 2252 863 2304 autem
884 2264 949 2303 eo
975 2247 1276 2319 cogitante,
1307 2263 1433 2302 ecce
1466 2247 1702 2319 angelus
1727 2249 1836 2302 Do-

213 2343 335 2398 mini
354 2343 412 2397 in
440 2341 662 2396 somnis
684 2341 950 2413 apparuit
971 2341 1044 2410 ei,
1069 2339 1260 2395 dicens
1279 2357 1292 2394 :
1309 2341 1514 2412 Joseph
1537 2340 1616 2394 ﬁli
1642 2341 1835 2411 David,

212 2435 314 2492 noli
364 2435 574 2492 timere
602 2434 858 2506 accipere
884 2433 1116 2488 Mariam
1149 2433 1451 2506 conjugem
1477 2437 1654 2491 tuam.
1681 2435 1838 2499 Quod

214 2530 347 2585 enim
375 2529 434 2585 in
462 2545 537 2584 ea
564 2533 763 2584 natum
793 2531 896 2597 est,
920 2528 988 2582 de
1019 2527 1228 2599 Spiritu
1270 2532 1461 2582 sancto
1505 2532 1607 2582 est.
1657 2528 1840 2584 Pariet

214 2629 382 2679 autem
406 2623 618 2692 ﬁlium,
636 2627 692 2678 et
719 2621 940 2676 vocabis
953 2637 1162 2677 nomen
1189 2621 1310 2692 ejus
1327 2623 1520 2677 Iasum.
1542 2623 1662 2693 Ipse
1686 2621 1838 2677 enim

216 2717 407 2772 salvum
441 2717 617 2772 faciet
640 2716 917 2788 populum
945 2731 1112 2770 suum
1141 2732 1173 2769 a
1200 2715 1441 2786 peccatis
1473 2731 1691 2770 eorum.
1724 2717 1838 2770 Hoc

216 2815 386 2867 autem
411 2815 609 2868 totum
641 2811 854 2866 factum
880 2813 983 2878 est,
1011 2812 1077 2864 ut
1119 2809 1526 2880 adimpleretur
1560 2809 1712 2881 quod
1750 2809 1836 2864 di-

215 2914 348 2965 ctum
375 2914 458 2966 est
483 2926 597 2981 per
625 2909 963 2980 prophetam
1009 2908 1332 2963 dicentem:
1390 2909 1527 2962 Ecce
1571 2907 1733 2978 virgo
1776 2907 1837 2962 in

212 3008 355 3060 utero
381 3003 688 3074 concipiet,
716 3007 770 3057 et
793 3001 976 3073 pariet
1001 3000 1200 3071 ﬁlium,
1233 3007 1288 3057 et
1312 3001 1602 3056 vocabitur
1630 3016 1840 3055 nomen

214 3098 318 3167 ejus
345 3096 747 3164 Emmanuhel,
780 3096 931 3167 quod
951 3098 1034 3150 est
1059 3095 1510 3167 interpretatum,
1541 3093 1839 3148 Nobiscum

215 3190 362 3246 Deus.
392 3193 720 3262 Exsurgens
741 3194 934 3244 autem
967 3173 1172 3259 Ioseph
1212 3205 1244 3244 e
1281 3204 1478 3243 somno
1522 3187 1655 3242 fecit
1696 3188 1841 3242 sicut

214 3289 550 3356 praeceperat
563 3284 614 3339 ei
630 3283 868 3355 angelus
880 3283 1101 3337 Domini
1118 3300 1133 3352 ;
1154 3284 1211 3338 et
1232 3281 1445 3352 accepit
1464 3281 1694 3336 Mariam
1709 3297 1842 3337 con-

208 3379 386 3451 jugem
402 3394 594 3446 suam,
614 3381 792 3432 etnon
807 3376 1068 3448 cognovit
1084 3393 1205 3431 eam
1216 3377 1411 3443 ,donec
1424 3366 1645 3448 peperit
1656 3374 1837 3430 ﬁlium

216 3489 361 3528 suum
388 3471 862 3544 primogenitum,
895 3475 950 3525 et
974 3470 1187 3525 vocavit
1214 3486 1422 3524 nomen
1450 3470 1570 3540 ejus
1598 3470 1789 3525 JESUM.

323 3566 491 3616 Lectio
534 3563 703 3615 sancti
732 3563 1003 3628 Evangelii
1036 3563 1325 3613 secundum
1358 3562 1652 3613 Matthaaum
1669 3564 1714 3610 b.

274 3653 403 3708 Cum
419 3655 592 3706 natus
615 3654 760 3705 esset
780 3649 1051 3704 Dominus
1076 3650 1102 3704 J
1108 3665 1234 3704 esus
1251 3649 1323 3717 fin
1341 3648 1655 3703 Betthelem
1678 3647 1839 3702 ludas

214 3743 264 3798 in
287 3745 475 3800 diebus
503 3743 740 3799 Herodis
766 3742 936 3815 regis,
960 3759 1087 3798 ecce
1116 3741 1271 3814 magi
1297 3742 1367 3795 ab
1389 3740 1616 3796 Oriente
1660 3757 1832 3796 vene-

215 3842 333 3892 runt
358 3838 769 3909 Hierusolyma,
800 3837 1048 3891 dicentes
1081 3853 1094 3890 :
1142 3835 1245 3890 Ubi
1291 3837 1373 3888 est
1413 3834 1510 3906 qui
1553 3837 1718 3889 natus
1757 3836 1840 3889 est

217 3947 301 3985 rex
325 3932 654 3987 Iudaeorum
666 3931 694 3985 ?
709 3931 952 3985 vidimus
969 3928 1122 3985 enim
1143 3927 1362 3984 stellam
1377 3927 1498 3999 ejus
1518 3927 1577 3982 in
1590 3927 1836 3997 Oriente,

217 4028 262 4077 et
305 4026 567 4080 venimus
605 4024 837 4079 adorare
877 4039 1028 4079 eum.
1080 4021 1328 4078 Audiens
1366 4025 1557 4076 autem
1598 4021 1840 4076 Herodes

216 4132 302 4172 rex
326 4119 586 4173 turbatus
616 4121 718 4187 est,
759 4121 814 4173 et
841 4117 1023 4171 omnis
1051 4115 1443 4186 Hierusolyma
1476 4131 1606 4170 cum
1626 4114 1742 4170 illo.
1773 4116 1840 4169 Et

216 4227 558 4284 congregans
599 4227 794 4267 omnes
834 4210 1119 4283 principes
1155 4209 1512 4264 sacerdotum
1542 4213 1597 4263 et
1634 4208 1840 4264 scribas

218 4306 412 4376 pepuli,
435 4305 824 4361 sciscitabatur
845 4305 914 4359 ab
941 4303 1020 4359 eis
1057 4303 1156 4358 ubi
1195 4302 1448 4358 Christus
1491 4306 1837 4358 nasceretur.

219 4400 280 4452 At
302 4399 380 4454 illi
407 4400 677 4455 dixerunt
709 4418 722 4454 :
760 4401 819 4454 In
848 4398 1161 4454 Betthelem
1185 4397 1374 4466 Iudae;
1403 4397 1481 4451 sic
1511 4396 1665 4451 enim
1703 4394 1840 4450 scri-

220 4497 365 4562 ptum
404 4499 488 4550 est
536 4510 640 4566 per
689 4493 1072 4565 prophetam:
1122 4493 1189 4546 Et
1231 4494 1294 4546 tu
1332 4491 1644 4546 Betthelem
1695 4493 1922 4587 terraD

217 4585 406 4644 Iuda...
447 4605 516 4644 ex
561 4592 616 4643 te
651 4587 805 4643 enim
851 4585 1000 4642 exiet
1036 4586 1180 4655 Dux,
1220 4583 1318 4657 qui
1362 4588 1523 4657 regat
1567 4584 1844 4656 populum

220 4694 394 4737 meum
420 4681 612 4737 Israel.

784 4769 978 4809 INCIPIT
1018 4767 1176 4808 MISSA
1217 4761 1259 4805 θ.

280 4845 586 4902 Nativitatis
616 4845 921 4901 Dominieze
947 4845 1307 4917 splendidum
1327 4843 1498 4912 diem,
1525 4843 1585 4897 in
1616 4859 1729 4916 quo
1755 4858 1844 4896 sa-

218 4936 336 4994 lutis
358 4945 564 4996 nostra:
592 4939 880 4995 institutor
907 4943 963 4994 et
981 4939 1267 4994 redemtor
1292 4938 1487 4992 mortis
1511 4937 1697 5008 legem
1732 4935 1844 4990 cal-

218 5032 364 5101 cavit,
387 5033 624 5088 humani
656 5034 880 5106 generis
909 5033 1166 5088 membra
1195 5030 1456 5102 suscepit,
1492 5030 1699 5096 debita,
1730 5029 1843 5084 fra-

221 5129 319 5180 tres
348 5127 719 5191 dilectissimi,
759 5127 1133 5199 sollemnitate
1177 5141 1534 5194 veneremur,
1581 5127 1846 5194 rogantes

220 5223 272 5272 ut
300 5223 396 5294 qui
423 5223 494 5277 ad
521 5222 932 5278 redemtionem
964 5227 1289 5276 nostrorum
1332 5217 1635 5274 criminum
1679 5219 1846 5272 natus

219 5319 309 5378 est,
337 5315 455 5388 ipse
486 5316 555 5370 sit
580 5322 763 5372 custos
792 5321 1101 5388 perpetuus
1120 5316 1189 5369 ad
1217 5315 1476 5398 salutem.

885 5403 1154 5455 Collectio.

284 5484 416 5557 Spes
427 5484 592 5542 unica
603 5486 731 5542 vitae
746 5488 956 5542 nostrae
977 5490 1032 5542 et
1047 5483 1177 5540 ﬁdei
1198 5487 1608 5551 remunerator,
1635 5484 1848 5538 aeterne

227 5678 234 5688 ι
283 5609 304 5637 ⁸
330 5610 416 5695 Sic
448 5612 824 5695 Evangeliurn
840 5613 909 5668 de
929 5609 1534 5695 ‘genealogianDomini
1563 5608 1850 5695 breviatur

227 5681 469 5805 ilnbveteri
497 5681 694 5740 Codice
732 5690 788 5740 et
811 5684 870 5739 in
895 5681 1017 5738 aliis
1045 5681 1334 5738 nonnullis
1377 5681 1622 5753 antiquis
1668 5681 1848 5736 Missa-

247 5769 260 5804 ι
299 5769 380 5808 us.

290 5823 314 5861 δ
353 5824 598 5882 Notanda
618 5826 740 5884 haec
762 5825 1006 5885 secunda
1023 5825 1190 5886 lectio
1217 5823 1504 5899 Evangelii
1524 5839 1628 5896 pro
1645 5824 1850 5898 Vigilia

1931 479 2144 548 salvare
2173 478 2438 550 dignatus
2463 494 2522 534 es
2543 477 2857 534 mundum:
2889 480 3109 533 naturae
3130 477 3313 534 carnis
3339 479 3570 535 adsum-

1930 573 2082 628 tione
2103 571 2390 642 miscetur,
2416 577 2481 628 ut
2511 573 2609 645 qui
2637 573 2785 628 Deus
2811 576 2932 628 erat
2959 589 3028 629 ex
3053 573 3162 628 Deo
3193 575 3378 644 Patre,
3397 573 3570 630 homo

1932 683 2160 739 quoque
2198 671 2344 722 esset
2371 683 2438 722 ex
2469 671 2684 736 matre;
2715 683 2785 722 ex
2813 669 2866 723 te
2893 666 3012 722 sine
3038 671 3314 739 tempore,
3357 683 3426 723 ex
3474 668 3572 724 illa

1933 761 2053 816 sine
2079 760 2291 816 semine
2320 780 2336 815 :
2365 761 2578 833 respice
2608 778 2730 831 nos,
2759 766 2816 816 et
2844 761 3036 817 adesto
3064 761 3324 833 precibus
3346 762 3572 818 nostris.

1934 861 1989 911 et
2020 859 2247 926 praesta
2270 859 2335 910 ut
2371 855 2469 927 qui
2506 855 2812 910 adventum
2856 855 2981 910 Filii
3025 855 3108 910 tui
3134 855 3410 910 humilem
3441 873 3573 913 cum

1935 949 2140 1021 gaudio
2166 949 2420 1018 colimus,
2446 949 2506 1004 in
2528 950 2707 1021 gloria
2733 949 3053 1006 venientem
3078 966 3208 1007 cum
3233 949 3430 1004 laetitia
3455 967 3573 1008 me-

1935 1060 2164 1099 reamur
2191 1043 2461 1115 aspicere.

2555 1114 2678 1163 Post
2708 1113 2939 1162 nomina.

2006 1198 2223 1254 Christe
2251 1199 2504 1265 Domine,
2537 1199 2709 1271 quite
2738 1197 3058 1267 exinanisti,
3085 1203 3147 1254 ut
3175 1215 3276 1254 nos
3301 1199 3573 1273 adimple-

1936 1309 2024 1348 res
2044 1310 2060 1361 ;
2085 1293 2183 1364 qui
2211 1292 2522 1347 humiliasti
2552 1297 2628 1362 te,
2655 1297 2720 1347 ut
2744 1309 2846 1346 nos
2871 1293 3163 1362 exaltares,
3195 1295 3261 1347 ut
3304 1293 3403 1365 qui
3449 1309 3571 1349 eras

1935 1390 2064 1442 ante
2090 1387 2398 1458 Virginem,
2427 1403 2572 1441 esses
2599 1403 2669 1442 ex
2706 1386 2974 1456 Virgine;
3026 1402 3093 1440 ex
3136 1387 3247 1440 Deo
3289 1388 3448 1442 Patre
3477 1404 3573 1442 na-

1937 1486 2028 1535 tus
2045 1482 2190 1536 Deus
2219 1485 2349 1536 ante
2377 1481 2601 1551 saecula,
2631 1479 2798 1536 hodie
2830 1481 3000 1534 homo
3026 1480 3327 1535 nasceretis
3353 1480 3424 1534 ob
3465 1497 3570 1536 sae-

1938 1574 2097 1643 cula;
2128 1577 2182 1629 te
2209 1590 2455 1641 oramus,
2475 1579 2530 1630 et
2554 1574 2800 1646 petimus
2830 1577 2893 1628 ut
2917 1589 3114 1644 preces
3139 1576 3357 1628 nostras
3386 1573 3571 1644 placa-

1936 1672 2028 1723 tus
2055 1668 2344 1724 exaudias.

2604 1739 2680 1788 Ad
2707 1751 2912 1802 pacem.

2584 1818 2850 1890 spectatio
2897 1819 3175 1891 gentium,
3216 1819 3316 1890 qui
3359 1820 3577 1876 oracola

1939 1914 2345 1985 prophetarum
2374 1913 2435 1967 in
2460 1913 2584 1968 luce
2609 1913 2900 1984 Evangelii
2926 1912 3182 1986 posuisti,
3211 1913 3310 1985 qui
3332 1913 3574 1986 languo-

1936 2024 2027 2063 res
2083 2012 2302 2062 nostros
2345 2011 2642 2062 curaturus
2687 2007 2921 2062 caelestis
2977 2006 3225 2062 medicus
3276 2007 3573 2063 advenisti.

1937 2103 2077 2155 Nam
2105 2101 2232 2173 quis
2278 2105 2334 2156 te
2384 2100 2560 2173 possit
2603 2117 2923 2172 agnoscere,
2978 2100 3088 2155 nisi
3143 2100 3263 2172 ipse
3310 2100 3576 2156 voluisses

1937 2194 2216 2267 agnosci?
2241 2193 2446 2263 tribue,
2475 2210 2822 2265 quaesumus,
2854 2198 2920 2250 ut
2944 2193 3382 2250 communicatio
3422 2210 3573 2266 prm-

1939 2289 2111 2345 sentis
2137 2287 2312 2343 osculi
2337 2292 2627 2360 perpetuae
2655 2287 2910 2359 proﬁciat
2935 2287 3176 2343 caritati.

2591 2391 2926 2441 Contestatio.

2009 2473 2149 2526 Vere
2183 2469 2425 2543 dignum
2485 2476 2542 2526 et
2584 2471 2806 2542 justum
2849 2476 2952 2541 est,
2999 2472 3355 2544 omnipotens
3410 2473 3577 2538 Deus,

1939 2582 2040 2638 per
2064 2565 2350 2620 Christum
2370 2564 2674 2620 Dominum
2693 2570 2970 2621 nostrum.
2992 2567 3165 2638 Cujus
3179 2565 3580 2622 Incarnationis

1937 2659 2184 2714 natalem
2209 2659 2377 2713 hodie
2407 2657 2775 2728 celebramus,
2809 2675 2913 2731 per
2940 2676 3112 2732 quem
3145 2676 3336 2714 annua
3375 2659 3580 2715 festivi~

1937 2756 2050 2808 tate
2061 2753 2243 2807 lucem
2258 2751 2513 2823 gentium
2531 2752 2790 2823 genuisse
2818 2753 3039 2808 testaris
3060 2770 3075 2822 ;
3099 2769 3269 2824 quem
3284 2753 3579 2825 prophetas

1939 2845 2285 2914 cecinerunt,
2304 2844 2654 2900 nasciturum
2670 2845 3066 2916 Emmanuhel,
3084 2846 3388 2901 Nobiscum
3407 2847 3571 2916 Deus;

1939 2956 2113 3011 quem
2138 2939 2373 3012 angelus
2393 2939 2688 2995 nunciavit
2712 2942 3024 2995 creatorem
3051 2939 3234 2995 carnis
3261 2940 3323 2994 in
3348 2956 3579 2997 carnem

1939 3038 2273 3103 venturum;
2297 3049 2470 3105 quem
2482 3038 2681 3089 natum
2699 3050 2800 3104 pro
2824 3034 3000 3088 salute
3019 3033 3414 3089 universorum
3434 3035 3579 3091 mul-

1861 3141 1915 3216 C
1941 3128 2122 3183 titudo
2152 3127 2384 3183 caelestis
2412 3127 2690 3184 exercitus
2718 3127 2920 3182 divinis
2945 3128 3208 3183 laudibus
3245 3128 3573 3198 honoravit;

1940 3239 2112 3294 quem
2139 3221 2487 3278 credentium
2505 3221 2598 3293 pia
2614 3221 2752 3275 tides
2778 3220 3007 3293 agnovit
3027 3227 3081 3276 et
3098 3221 3300 3278 tenuit.
3319 3223 3392 3277 Te
3412 3238 3573 3293 ergo,

1941 3332 2288 3389 quaesumus,
2321 3315 2559 3370 Domine
2587 3316 2734 3369 Deus
2760 3319 2968 3383 noster,
2999 3315 3221 3384 exaudi,
3250 3320 3430 3383 tuere,
3458 3332 3582 3370 san-

1940 3409 2119 3464 ctiﬁca
2141 3409 2367 3480 plebem
2390 3414 2567 3475 tuam,
2599 3424 2772 3478 quam
2802 3407 2872 3461 ad
2897 3407 3291 3462 celebrandam
3325 3423 3577 3477 praesen-

1941 3502 2010 3557 tis
2036 3502 2420 3557 sollemnitatis
2443 3499 2854 3556 beatitudinem
2880 3499 3256 3571 congregasti,
3279 3499 3579 3554 universis-

1940 3613 2050 3668 que
2074 3595 2288 3650 notitiae
2316 3598 2426 3649 ture
2457 3592 2737 3666 [gratiam]
2769 3592 3198 3665 participatione
3237 3592 3412 3647 sancti
3450 3591 3576 3664 Spi-

1941 3690 2080 3744 ritus
2128 3688 2470 3760 propiciatus
2524 3687 2782 3756 infunde,
2834 3703 2940 3758 per
2986 3687 3145 3741 illam
3197 3690 3576 3758 exspectatam

1941 3781 2146 3837 sanctis
2173 3782 2284 3837 tuis
2307 3782 2578 3837 adventus
2602 3780 2689 3836 tui
2718 3781 2978 3853 gloriam,
3012 3796 3114 3853 per
3150 3780 3438 3836 Christum
3475 3780 3578 3835 Do-

1940 3877 2165 3933 minum
2192 3878 2470 3932 nostrum.
2502 3877 2606 3932 Per
2629 3891 2824 3947 quem.

2383 4012 2542 4053 mssx
2570 3996 2597 4037 ά
2638 4012 2824 4054 SANCTI
2865 4013 3108 4054 aream.

2236 4093 2486 4160 Legenda
2522 4092 2582 4145 in
2621 4093 2798 4146 sancti
2833 4092 3050 4160 Stefam‘
3085 4093 3270 4147 missa.

2272 4183 2450 4234 Lectio
2480 4184 2623 4234 Pauli
2640 4185 2860 4249 apostoli
2883 4185 2950 4234 ad
2974 4187 3250 4234 Romanos.

2015 4272 2253 4339 Fratres,
2283 4270 2416 4324 nolo
2436 4285 2532 4324 vos
2545 4268 2842 4341 ignorare,
2864 4269 2996 4340 quia
3023 4285 3172 4340 stepe
3198 4269 3466 4340 proposui
3491 4285 3580 4325 ve-

1942 4364 2065 4419 nire
2091 4365 2163 4418 ad
2188 4379 2306 4432 vos,
2335 4365 2392 4418 et
2414 4361 2733 4433 prohibitus
2753 4377 2877 4415 sum
2914 4377 3093 4432 usque
3127 4361 3330 4430 adhuc,
3368 4366 3433 4416 ut
3472 4361 3578 4416 ali-

1945 4473 2119 4528 quem
2143 4456 2396 4511 fructum
2424 4455 2666 4510 habeam
2688 4453 2748 4508 in
2774 4453 2952 4522 vobis,
2975 4453 3118 4508 sicut
3143 4454 3203 4508 in
3229 4453 3428 4508 ceteris
3449 4469 3584 4525 gen-

1948 4549 2116 4605 tibus.
2159 4548 2366 4604 Graecis
2405 4565 2468 4602 ac
2511 4545 2784 4615 barbaris,
2831 4545 3177 4618 sapientibus
3198 4551 3255 4602 et
3279 4546 3579 4603 insensatis

1945 4643 2165 4698 debitor
2201 4657 2349 4710 sum,
2392 4645 2449 4696 et
2497 4640 2556 4695 in
2592 4639 2750 4694 vobis
2787 4640 3194 4712 evangelizare.
3249 4641 3372 4696 Non
3424 4639 3579 4696 enim

1946 4736 2210 4792 erubesco
2236 4750 2406 4806 super
2429 4733 2818 4805 Evangelium.
2847 4734 3032 4790 Virtus
3075 4733 3228 4789 enim
3268 4734 3368 4790 Dei
3407 4739 3492 4790 est
3523 4735 3583 4790 in

1947 4832 2188 4886 salutem
2217 4827 2373 4884 omni
2411 4827 2681 4898 credenti,
2736 4827 2928 4883 Judeso
2959 4827 3235 4900 primum,
3270 4833 3326 4884 et
3366 4828 3580 4896 Graeco,

1945 4923 2163 4979 Justitia
2191 4921 2346 4978 enim
2373 4921 2470 4977 Dei
2506 4922 2566 4976 in
2595 4937 2660 4976 eo
2690 4921 3030 4976 revelabitur
3056 4937 3125 4976 ex
3155 4920 3265 4976 fide
3290 4919 3348 4975 in
3386 4919 3580 4988 ﬁdem,

1949 5017 2094 5072 sicut
2133 5015 2408 5088 scriptum
2456 5019 2582 5072 est:
2635 5017 2822 5072 Justus
2865 5019 3057 5070 autem
3099 5031 3168 5070 ex
3207 5014 3316 5070 ﬁde
3354 5012 3492 5070 vivit
3527 5014 3586 5069 in

1946 5111 2168 5168 Christo
2193 5112 2343 5166 Jesu.

2095 5211 2270 5263 Lectio
2305 5211 2470 5264 sancti
2501 5211 2770 5277 Evangelii
2801 5209 3091 5261 secundum
3125 5210 3441 5263 Matthaaum.

2020 5300 2162 5355 Cum
2191 5299 2433 5354 venisset
2453 5299 2723 5353 Dominus
2745 5299 2904 5353 Jesus
2944 5298 3364 5370 Capharnaum,
3398 5315 3582 5355 acces-

1950 5398 2147 5450 serunt
2174 5393 2273 5466 qui
2318 5394 2546 5448 dracma
2577 5391 2948 5464 accipiebant,
2988 5397 3044 5447 et
3075 5392 3342 5450 dixerunt
3377 5394 3539 5449 Petro
3565 5409 3578 5447 :

1948 5487 2209 5560 Magister
2233 5491 2414 5542 vester
2441 5502 2558 5542 non
2584 5485 2748 5542 solvit
2776 5485 3103 5543 didracma?
3125 5488 3248 5544 Ait:
3283 5486 3486 5543 Etiam.
3519 5486 3586 5540 Et

1949 5609 2154 5665 Natalis
2184 5606 2428 5676 Domini,
2456 5608 2644 5664 forsan
2671 5608 2743 5664 ad
2769 5607 2995 5665 libitum
3020 5607 3309 5664 varianda.

2018 5693 2044 5754 ἦ
2079 5679 2252 5754 Quica
2277 5680 2400 5754 haec
2417 5674 2598 5736 imissa
2622 5697 2726 5754 pro
2747 5681 2839 5737 die
2858 5681 2982 5754 ipso
3009 5677 3320 5754 Nativitatis
3337 5674 3586 5754 Domini.

2021 5751 2049 5792 ἀ
2079 5751 2177 5806 Hic
2205 5751 2402 5806 titulus
2430 5746 2679 5824 secunda
2708 5746 2903 5824 manu,
2933 5753 3028 5810 sed
3071 5749 3304 5822 antiqua
3334 5746 3588 5818 adjectus

1953 5827 2054 5895 est,
2081 5827 2140 5879 at
2165 5823 2532 5882 necessarius.
