  <div class='ocr_page' id='page_1' title='image "/cluster/home/n/w/nwhite01/storage/ocr_20150623/72/hvd.32044054758768/239.png"; bbox 0 0 3982 6190; ppageno 0'>
   <div class='ocr_carea' id='block_1_1' title="bbox 441 279 542 333">
    <p class='ocr_par' dir='ltr' id='par_1_1' title="bbox 441 279 542 333">
     <span class='ocr_line' id='line_1_1' title="bbox 441 279 542 333; baseline 0 -1"><span class='ocrx_word' id='word_1_1' title='bbox 441 279 542 333; x_wconf 64' lang='grc'>467</span> 
     </span>
    </p>
   </div>
   <div class='ocr_carea' id='block_1_2' title="bbox 1342 273 2952 331">
    <p class='ocr_par' dir='ltr' id='par_1_2' title="bbox 1342 273 2952 331">
     <span class='ocr_line' id='line_1_2' title="bbox 1342 273 2952 331; baseline 0.001 -3"><span class='ocrx_word' id='word_1_2' title='bbox 1342 274 1676 329; x_wconf 71' lang='lat' dir='ltr'>APPENDIX</span> <span class='ocrx_word' id='word_1_3' title='bbox 1712 273 1798 328; x_wconf 74' lang='lat' dir='ltr'>AD</span> <span class='ocrx_word' id='word_1_4' title='bbox 1836 275 2056 328; x_wconf 77' lang='lat' dir='ltr'>()l’ERA</span> <span class='ocrx_word' id='word_1_5' title='bbox 2095 275 2146 328; x_wconf 86' lang='lat' dir='ltr'>S.</span> <span class='ocrx_word' id='word_1_6' title='bbox 2191 275 2488 331; x_wconf 78' lang='lat' dir='ltr'>GERMANI</span> <span class='ocrx_word' id='word_1_7' title='bbox 2527 275 2952 331; x_wconf 76' lang='lat' dir='ltr'>PARlSlENSlS.</span> 
     </span>
    </p>
   </div>
   <div class='ocr_carea' id='block_1_3' title="bbox 3707 283 3814 336">
    <p class='ocr_par' dir='ltr' id='par_1_3' title="bbox 3707 283 3814 336">
     <span class='ocr_line' id='line_1_3' title="bbox 3707 283 3814 336; baseline 0.019 -2"><span class='ocrx_word' id='word_1_8' title='bbox 3707 283 3814 336; x_wconf 61' lang='grc'>468</span> 
     </span>
    </p>
   </div>
   <div class='ocr_carea' id='block_1_4' title="bbox 395 382 3820 470">
    <p class='ocr_par' dir='ltr' id='par_1_4' title="bbox 395 382 3820 470">
     <span class='ocr_line' id='line_1_4' title="bbox 395 382 3820 470; baseline 0.001 -26"><span class='ocrx_word' id='word_1_9' title='bbox 395 385 400 390; x_wconf 81' lang='grc'><em>’</em></span> <span class='ocrx_word' id='word_1_10' title='bbox 439 405 570 444; x_wconf 92' lang='lat' dir='ltr'>cum</span> <span class='ocrx_word' id='word_1_11' title='bbox 601 387 862 444; x_wconf 84' lang='lat' dir='ltr'>intrasset</span> <span class='ocrx_word' id='word_1_12' title='bbox 879 387 1135 455; x_wconf 89' lang='lat' dir='ltr'>domum,</span> <span class='ocrx_word' id='word_1_13' title='bbox 1165 383 1441 457; x_wconf 77' lang='lat' dir='ltr'>praevenit</span> <span class='ocrx_word' id='word_1_14' title='bbox 1469 399 1602 439; x_wconf 90' lang='lat' dir='ltr'>eum</span> <span class='ocrx_word' id='word_1_15' title='bbox 1641 383 1798 438; x_wconf 88' lang='lat' dir='ltr'>Iesus</span> <span class='ocrx_word' id='word_1_16' title='bbox 1835 382 2026 440; x_wconf 90' lang='lat' dir='ltr'>dicens</span> <span class='ocrx_word' id='word_1_17' title='bbox 2057 400 2070 439; x_wconf 91' lang='lat'>:</span> <span class='ocrx_word' id='word_1_18' title='bbox 2096 395 2155 470; x_wconf 75' lang='grc' dir='ltr'><strong>Α</strong></span> <span class='ocrx_word' id='word_1_19' title='bbox 2175 391 2439 442; x_wconf 76' lang='lat' dir='ltr'>nostram</span> <span class='ocrx_word' id='word_1_20' title='bbox 2470 386 2539 442; x_wconf 92' lang='lat' dir='ltr'>de</span> <span class='ocrx_word' id='word_1_21' title='bbox 2571 385 2659 441; x_wconf 91' lang='lat' dir='ltr'>his</span> <span class='ocrx_word' id='word_1_22' title='bbox 2686 385 2784 458; x_wconf 88' lang='lat' dir='ltr'>qui</span> <span class='ocrx_word' id='word_1_23' title='bbox 2807 385 3063 442; x_wconf 88' lang='lat' dir='ltr'>habitant</span> <span class='ocrx_word' id='word_1_24' title='bbox 3090 385 3150 442; x_wconf 92' lang='lat' dir='ltr'>in</span> <span class='ocrx_word' id='word_1_25' title='bbox 3173 391 3326 443; x_wconf 90' lang='lat' dir='ltr'>terra</span> <span class='ocrx_word' id='word_1_26' title='bbox 3344 389 3370 443; x_wconf 73' lang='lat' dir='ltr'>‘I</span> <span class='ocrx_word' id='word_1_27' title='bbox 3395 389 3462 443; x_wconf 88' lang='lat' dir='ltr'>Et</span> <span class='ocrx_word' id='word_1_28' title='bbox 3501 387 3645 444; x_wconf 81' lang='lat' dir='ltr'>datae</span> <span class='ocrx_word' id='word_1_29' title='bbox 3681 395 3820 446; x_wconf 89' lang='lat' dir='ltr'>sunt</span> 
     </span>
    </p>
   </div>
   <div class='ocr_carea' id='block_1_5' title="bbox 438 477 2072 549">
    <p class='ocr_par' dir='ltr' id='par_1_5' title="bbox 438 477 2072 549">
     <span class='ocr_line' id='line_1_5' title="bbox 438 477 2072 549; baseline -0.003 -11"><span class='ocrx_word' id='word_1_30' title='bbox 438 483 582 548; x_wconf 88' lang='lat' dir='ltr'>Quid</span> <span class='ocrx_word' id='word_1_31' title='bbox 607 481 710 538; x_wconf 89' lang='lat' dir='ltr'>tibi</span> <span class='ocrx_word' id='word_1_32' title='bbox 737 481 977 547; x_wconf 90' lang='lat' dir='ltr'>videtur,</span> <span class='ocrx_word' id='word_1_33' title='bbox 1007 479 1242 534; x_wconf 82' lang='lat' dir='ltr'>Simon?</span> <span class='ocrx_word' id='word_1_34' title='bbox 1281 478 1462 549; x_wconf 83' lang='lat' dir='ltr'>Reges</span> <span class='ocrx_word' id='word_1_35' title='bbox 1488 481 1655 532; x_wconf 87' lang='lat' dir='ltr'>terrae</span> <span class='ocrx_word' id='word_1_36' title='bbox 1681 495 1714 532; x_wconf 89' lang='lat' dir='ltr'>a</span> <span class='ocrx_word' id='word_1_37' title='bbox 1749 477 1954 549; x_wconf 86' lang='lat' dir='ltr'>quibus</span> <span class='ocrx_word' id='word_1_38' title='bbox 1976 495 2072 533; x_wconf 92' lang='lat' dir='ltr'>ac-</span> 
     </span>
    </p>
   </div>
   <div class='ocr_carea' id='block_1_6' title="bbox 439 571 2072 649">
    <p class='ocr_par' dir='ltr' id='par_1_6' title="bbox 439 571 2072 649">
     <span class='ocr_line' id='line_1_6' title="bbox 439 571 2072 649; baseline -0.003 -16"><span class='ocrx_word' id='word_1_39' title='bbox 439 577 660 649; x_wconf 90' lang='lat' dir='ltr'>cipiunt</span> <span class='ocrx_word' id='word_1_40' title='bbox 691 574 967 630; x_wconf 87' lang='lat' dir='ltr'>tributum</span> <span class='ocrx_word' id='word_1_41' title='bbox 1015 573 1102 628; x_wconf 90' lang='lat' dir='ltr'>vel</span> <span class='ocrx_word' id='word_1_42' title='bbox 1138 573 1406 627; x_wconf 85' lang='lat' dir='ltr'>censum?</span> <span class='ocrx_word' id='word_1_43' title='bbox 1455 588 1488 626; x_wconf 90' lang='lat' dir='ltr'>a</span> <span class='ocrx_word' id='word_1_44' title='bbox 1529 571 1656 626; x_wconf 88' lang='lat' dir='ltr'>ﬁliis</span> <span class='ocrx_word' id='word_1_45' title='bbox 1712 571 1846 642; x_wconf 85' lang='lat' dir='ltr'>suis,</span> <span class='ocrx_word' id='word_1_46' title='bbox 1879 589 1952 627; x_wconf 87' lang='lat' dir='ltr'>an</span> <span class='ocrx_word' id='word_1_47' title='bbox 2002 573 2072 628; x_wconf 87' lang='lat' dir='ltr'>ab</span> 
     </span>
    </p>
   </div>
   <div class='ocr_carea' id='block_1_7' title="bbox 437 665 2074 738">
    <p class='ocr_par' dir='ltr' id='par_1_7' title="bbox 437 665 2074 738">
     <span class='ocr_line' id='line_1_7' title="bbox 437 665 2074 738; baseline -0.001 -12"><span class='ocrx_word' id='word_1_48' title='bbox 437 669 771 726; x_wconf 82' lang='lat' dir='ltr'>alienis?Ab</span> <span class='ocrx_word' id='word_1_49' title='bbox 799 667 1016 722; x_wconf 86' lang='lat' dir='ltr'>alienis.</span> <span class='ocrx_word' id='word_1_50' title='bbox 1049 665 1198 722; x_wconf 79' lang='lat' dir='ltr'>Dixit</span> <span class='ocrx_word' id='word_1_51' title='bbox 1221 665 1306 720; x_wconf 83' lang='lat' dir='ltr'>illi</span> <span class='ocrx_word' id='word_1_52' title='bbox 1330 665 1486 721; x_wconf 90' lang='lat' dir='ltr'>Iesus</span> <span class='ocrx_word' id='word_1_53' title='bbox 1518 682 1532 720; x_wconf 91' lang='lat'>:</span> <span class='ocrx_word' id='word_1_54' title='bbox 1563 667 1710 738; x_wconf 89' lang='lat' dir='ltr'>Ergo</span> <span class='ocrx_word' id='word_1_55' title='bbox 1737 665 1900 722; x_wconf 83' lang='lat' dir='ltr'>liberi</span> <span class='ocrx_word' id='word_1_56' title='bbox 1943 669 2074 724; x_wconf 88' lang='lat' dir='ltr'>sunt</span> 
     </span>
    </p>
   </div>
   <div class='ocr_carea' id='block_1_8' title="bbox 436 760 2066 832">
    <p class='ocr_par' dir='ltr' id='par_1_8' title="bbox 436 760 2066 832">
     <span class='ocr_line' id='line_1_8' title="bbox 436 760 2066 832; baseline -0.001 -14"><span class='ocrx_word' id='word_1_57' title='bbox 436 765 550 820; x_wconf 88' lang='lat' dir='ltr'>alii.</span> <span class='ocrx_word' id='word_1_58' title='bbox 581 765 651 819; x_wconf 91' lang='lat' dir='ltr'>Ut</span> <span class='ocrx_word' id='word_1_59' title='bbox 672 765 862 817; x_wconf 89' lang='lat' dir='ltr'>autem</span> <span class='ocrx_word' id='word_1_60' title='bbox 885 777 1004 816; x_wconf 89' lang='lat' dir='ltr'>non</span> <span class='ocrx_word' id='word_1_61' title='bbox 1031 761 1471 816; x_wconf 83' lang='lat' dir='ltr'>scandalizemus</span> <span class='ocrx_word' id='word_1_62' title='bbox 1492 777 1606 830; x_wconf 92' lang='lat' dir='ltr'>eos,</span> <span class='ocrx_word' id='word_1_63' title='bbox 1621 760 1759 815; x_wconf 82' lang='lat' dir='ltr'>vade</span> <span class='ocrx_word' id='word_1_64' title='bbox 1787 761 1858 815; x_wconf 91' lang='lat' dir='ltr'>ad</span> <span class='ocrx_word' id='word_1_65' title='bbox 1877 777 2066 832; x_wconf 89' lang='lat' dir='ltr'>mare;</span> 
     </span>
    </p>
   </div>
   <div class='ocr_carea' id='block_1_9' title="bbox 437 854 2074 928">
    <p class='ocr_par' dir='ltr' id='par_1_9' title="bbox 437 854 2074 928">
     <span class='ocr_line' id='line_1_9' title="bbox 437 854 2074 928; baseline -0.002 -14"><span class='ocrx_word' id='word_1_66' title='bbox 437 863 493 914; x_wconf 91' lang='lat' dir='ltr'>et</span> <span class='ocrx_word' id='word_1_67' title='bbox 517 857 680 912; x_wconf 86' lang='lat' dir='ltr'>mitte</span> <span class='ocrx_word' id='word_1_68' title='bbox 699 856 955 923; x_wconf 83' lang='lat' dir='ltr'>hamum,</span> <span class='ocrx_word' id='word_1_69' title='bbox 989 858 1046 910; x_wconf 90' lang='lat' dir='ltr'>et</span> <span class='ocrx_word' id='word_1_70' title='bbox 1070 871 1202 910; x_wconf 93' lang='lat' dir='ltr'>eum</span> <span class='ocrx_word' id='word_1_71' title='bbox 1229 855 1440 927; x_wconf 90' lang='lat' dir='ltr'>piscem</span> <span class='ocrx_word' id='word_1_72' title='bbox 1453 855 1552 928; x_wconf 85' lang='lat' dir='ltr'>qui</span> <span class='ocrx_word' id='word_1_73' title='bbox 1576 854 1796 926; x_wconf 81' lang='lat' dir='ltr'>primus</span> <span class='ocrx_word' id='word_1_74' title='bbox 1814 856 2074 910; x_wconf 89' lang='lat' dir='ltr'>ascende-</span> 
     </span>
    </p>
   </div>
   <div class='ocr_carea' id='block_1_10' title="bbox 434 947 2071 1020">
    <p class='ocr_par' dir='ltr' id='par_1_10' title="bbox 434 947 2071 1020">
     <span class='ocr_line' id='line_1_10' title="bbox 434 947 2071 1020; baseline 0 -15"><span class='ocrx_word' id='word_1_75' title='bbox 434 951 511 1006; x_wconf 87' lang='lat' dir='ltr'>rit</span> <span class='ocrx_word' id='word_1_76' title='bbox 533 948 687 1019; x_wconf 91' lang='lat' dir='ltr'>tolle,</span> <span class='ocrx_word' id='word_1_77' title='bbox 715 954 772 1003; x_wconf 92' lang='lat' dir='ltr'>et</span> <span class='ocrx_word' id='word_1_78' title='bbox 795 953 990 1020; x_wconf 88' lang='lat' dir='ltr'>aperto</span> <span class='ocrx_word' id='word_1_79' title='bbox 1003 965 1098 1003; x_wconf 90' lang='lat' dir='ltr'>ore</span> <span class='ocrx_word' id='word_1_80' title='bbox 1129 949 1250 1020; x_wconf 88' lang='lat' dir='ltr'>ejus</span> <span class='ocrx_word' id='word_1_81' title='bbox 1274 947 1568 1004; x_wconf 89' lang='lat' dir='ltr'>inveniens</span> <span class='ocrx_word' id='word_1_82' title='bbox 1597 951 1883 1019; x_wconf 87' lang='lat' dir='ltr'>staterem,</span> <span class='ocrx_word' id='word_1_83' title='bbox 1913 949 2071 1005; x_wconf 91' lang='lat' dir='ltr'>illum</span> 
     </span>
    </p>
   </div>
   <div class='ocr_carea' id='block_1_11' title="bbox 435 1043 1296 1115">
    <p class='ocr_par' dir='ltr' id='par_1_11' title="bbox 435 1043 1296 1115">
     <span class='ocr_line' id='line_1_11' title="bbox 435 1043 1296 1115; baseline -0.002 -15"><span class='ocrx_word' id='word_1_84' title='bbox 435 1060 665 1102; x_wconf 89' lang='lat' dir='ltr'>sumens</span> <span class='ocrx_word' id='word_1_85' title='bbox 689 1043 760 1099; x_wconf 90' lang='lat' dir='ltr'>da</span> <span class='ocrx_word' id='word_1_86' title='bbox 786 1043 866 1099; x_wconf 90' lang='lat' dir='ltr'>eis</span> <span class='ocrx_word' id='word_1_87' title='bbox 891 1060 996 1115; x_wconf 89' lang='lat' dir='ltr'>pro</span> <span class='ocrx_word' id='word_1_88' title='bbox 1021 1059 1113 1098; x_wconf 92' lang='lat' dir='ltr'>me</span> <span class='ocrx_word' id='word_1_89' title='bbox 1144 1046 1200 1098; x_wconf 91' lang='lat' dir='ltr'>et</span> <span class='ocrx_word' id='word_1_90' title='bbox 1223 1047 1296 1098; x_wconf 91' lang='lat' dir='ltr'>te.</span> 
     </span>
    </p>
   </div>
   <div class='ocr_carea' id='block_1_12' title="bbox 1044 1157 1462 1198">
    <p class='ocr_par' dir='ltr' id='par_1_12' title="bbox 1044 1157 1462 1198">
     <span class='ocr_line' id='line_1_12' title="bbox 1044 1157 1462 1198; baseline -0.002 0"><span class='ocrx_word' id='word_1_91' title='bbox 1044 1157 1244 1198; x_wconf 80' lang='lat' dir='ltr'>INCIPIT</span> <span class='ocrx_word' id='word_1_92' title='bbox 1283 1157 1462 1198; x_wconf 79' lang='lat' dir='ltr'>MISSA.</span> 
     </span>
    </p>
   </div>
   <div class='ocr_carea' id='block_1_13' title="bbox 503 1234 2072 1310">
    <p class='ocr_par' dir='ltr' id='par_1_13' title="bbox 503 1234 2072 1310">
     <span class='ocr_line' id='line_1_13' title="bbox 503 1234 2072 1310; baseline -0.001 -18"><span class='ocrx_word' id='word_1_93' title='bbox 503 1239 651 1294; x_wconf 86' lang='lat' dir='ltr'>Deus</span> <span class='ocrx_word' id='word_1_94' title='bbox 675 1237 1056 1310; x_wconf 87' lang='lat' dir='ltr'>omnipotens,</span> <span class='ocrx_word' id='word_1_95' title='bbox 1085 1237 1184 1308; x_wconf 89' lang='lat' dir='ltr'>qui</span> <span class='ocrx_word' id='word_1_96' title='bbox 1207 1235 1468 1292; x_wconf 62' lang='lat' dir='ltr'>Ecclesiae</span> <span class='ocrx_word' id='word_1_97' title='bbox 1505 1239 1618 1290; x_wconf 75' lang='lat' dir='ltr'>tuae</span> <span class='ocrx_word' id='word_1_98' title='bbox 1657 1237 1912 1290; x_wconf 89' lang='lat' dir='ltr'>sanctum</span> <span class='ocrx_word' id='word_1_99' title='bbox 1957 1234 2072 1291; x_wconf 90' lang='lat' dir='ltr'>Ste-</span> 
     </span>
    </p>
   </div>
   <div class='ocr_carea' id='block_1_14' title="bbox 431 1329 2070 1404">
    <p class='ocr_par' dir='ltr' id='par_1_14' title="bbox 431 1329 2070 1404">
     <span class='ocr_line' id='line_1_14' title="bbox 431 1329 2070 1404; baseline -0.003 -15"><span class='ocrx_word' id='word_1_100' title='bbox 431 1335 631 1390; x_wconf 85' lang='lat' dir='ltr'>fanum</span> <span class='ocrx_word' id='word_1_101' title='bbox 667 1335 978 1404; x_wconf 81' lang='lat' dir='ltr'>martyrem</span> <span class='ocrx_word' id='word_1_102' title='bbox 1015 1330 1269 1402; x_wconf 88' lang='lat' dir='ltr'>primum</span> <span class='ocrx_word' id='word_1_103' title='bbox 1313 1329 1510 1386; x_wconf 88' lang='lat' dir='ltr'>messis</span> <span class='ocrx_word' id='word_1_104' title='bbox 1558 1333 1672 1384; x_wconf 67' lang='lat' dir='ltr'>tuae</span> <span class='ocrx_word' id='word_1_105' title='bbox 1713 1329 2070 1404; x_wconf 74' lang='lat' dir='ltr'>manipulum</span> 
     </span>
    </p>
   </div>
   <div class='ocr_carea' id='block_1_15' title="bbox 433 1423 2068 1497">
    <p class='ocr_par' dir='ltr' id='par_1_15' title="bbox 433 1423 2068 1497">
     <span class='ocr_line' id='line_1_15' title="bbox 433 1423 2068 1497; baseline -0.004 -14"><span class='ocrx_word' id='word_1_106' title='bbox 433 1427 658 1496; x_wconf 83' lang='lat' dir='ltr'>dedisti,</span> <span class='ocrx_word' id='word_1_107' title='bbox 696 1430 752 1482; x_wconf 91' lang='lat' dir='ltr'>et</span> <span class='ocrx_word' id='word_1_108' title='bbox 777 1425 1120 1497; x_wconf 90' lang='lat' dir='ltr'>primitivam</span> <span class='ocrx_word' id='word_1_109' title='bbox 1147 1424 1488 1480; x_wconf 83' lang='lat' dir='ltr'>oblationem</span> <span class='ocrx_word' id='word_1_110' title='bbox 1507 1424 1743 1480; x_wconf 69' lang='lat' dir='ltr'>novellze</span> <span class='ocrx_word' id='word_1_111' title='bbox 1765 1423 2068 1478; x_wconf 88' lang='lat' dir='ltr'>confessio-</span> 
     </span>
    </p>
   </div>
   <div class='ocr_carea' id='block_1_16' title="bbox 429 1518 2070 1590">
    <p class='ocr_par' dir='ltr' id='par_1_16' title="bbox 429 1518 2070 1590">
     <span class='ocr_line' id='line_1_16' title="bbox 429 1518 2070 1590; baseline -0.002 -14"><span class='ocrx_word' id='word_1_112' title='bbox 429 1521 520 1576; x_wconf 89' lang='lat' dir='ltr'>nis</span> <span class='ocrx_word' id='word_1_113' title='bbox 543 1519 835 1576; x_wconf 87' lang='lat' dir='ltr'>ostendisti</span> <span class='ocrx_word' id='word_1_114' title='bbox 857 1535 1201 1590; x_wconf 82' lang='lat' dir='ltr'>praeconem,</span> <span class='ocrx_word' id='word_1_115' title='bbox 1224 1519 1374 1590; x_wconf 91' lang='lat' dir='ltr'>quod</span> <span class='ocrx_word' id='word_1_116' title='bbox 1389 1518 1608 1573; x_wconf 89' lang='lat' dir='ltr'>fructus</span> <span class='ocrx_word' id='word_1_117' title='bbox 1628 1520 2070 1574; x_wconf 89' lang='lat' dir='ltr'>maturescentes</span> 
     </span>
    </p>
   </div>
   <div class='ocr_carea' id='block_1_17' title="bbox 433 1611 2072 1685">
    <p class='ocr_par' dir='ltr' id='par_1_17' title="bbox 433 1611 2072 1685">
     <span class='ocr_line' id='line_1_17' title="bbox 433 1611 2072 1685; baseline -0.003 -15"><span class='ocrx_word' id='word_1_118' title='bbox 433 1614 722 1682; x_wconf 78' lang='lat' dir='ltr'>exhibuit;</span> <span class='ocrx_word' id='word_1_119' title='bbox 757 1615 965 1685; x_wconf 73' lang='lat' dir='ltr'>praesta</span> <span class='ocrx_word' id='word_1_120' title='bbox 989 1612 1252 1667; x_wconf 91' lang='lat' dir='ltr'>universo</span> <span class='ocrx_word' id='word_1_121' title='bbox 1279 1612 1447 1668; x_wconf 89' lang='lat' dir='ltr'>coetui</span> <span class='ocrx_word' id='word_1_122' title='bbox 1483 1611 1883 1668; x_wconf 88' lang='lat' dir='ltr'>intercessione</span> <span class='ocrx_word' id='word_1_123' title='bbox 1924 1627 2072 1666; x_wconf 88' lang='lat' dir='ltr'>mar-</span> 
     </span>
    </p>
   </div>
   <div class='ocr_carea' id='block_1_18' title="bbox 2174 481 3812 556">
    <p class='ocr_par' dir='ltr' id='par_1_18' title="bbox 2174 481 3812 556">
     <span class='ocr_line' id='line_1_18' title="bbox 2174 481 3812 556; baseline 0.002 -20"><span class='ocrx_word' id='word_1_124' title='bbox 2174 482 2409 554; x_wconf 68' lang='lat' dir='ltr'>singulre</span> <span class='ocrx_word' id='word_1_125' title='bbox 2435 481 2590 536; x_wconf 69' lang='lat' dir='ltr'>stolae</span> <span class='ocrx_word' id='word_1_126' title='bbox 2626 481 2785 550; x_wconf 83' lang='lat' dir='ltr'>albae,</span> <span class='ocrx_word' id='word_1_127' title='bbox 2835 485 2890 536; x_wconf 90' lang='lat' dir='ltr'>et</span> <span class='ocrx_word' id='word_1_128' title='bbox 2923 481 3138 537; x_wconf 91' lang='lat' dir='ltr'>dictum</span> <span class='ocrx_word' id='word_1_129' title='bbox 3177 485 3261 537; x_wconf 91' lang='lat' dir='ltr'>est</span> <span class='ocrx_word' id='word_1_130' title='bbox 3307 481 3416 536; x_wconf 89' lang='lat' dir='ltr'>illis</span> <span class='ocrx_word' id='word_1_131' title='bbox 3460 487 3523 538; x_wconf 91' lang='lat' dir='ltr'>ut</span> <span class='ocrx_word' id='word_1_132' title='bbox 3557 483 3812 556; x_wconf 89' lang='lat' dir='ltr'>requies-</span> 
     </span>
    </p>
   </div>
   <div class='ocr_carea' id='block_1_19' title="bbox 2173 575 3814 649">
    <p class='ocr_par' dir='ltr' id='par_1_19' title="bbox 2173 575 3814 649">
     <span class='ocr_line' id='line_1_19' title="bbox 2173 575 3814 649; baseline 0.002 -18"><span class='ocrx_word' id='word_1_133' title='bbox 2173 579 2365 632; x_wconf 88' lang='lat' dir='ltr'>cerent</span> <span class='ocrx_word' id='word_1_134' title='bbox 2393 579 2617 648; x_wconf 85' lang='lat' dir='ltr'>tempus</span> <span class='ocrx_word' id='word_1_135' title='bbox 2655 576 2839 631; x_wconf 92' lang='lat' dir='ltr'>adhuc</span> <span class='ocrx_word' id='word_1_136' title='bbox 2885 575 3192 646; x_wconf 91' lang='lat' dir='ltr'>modicum,</span> <span class='ocrx_word' id='word_1_137' title='bbox 3238 576 3414 632; x_wconf 91' lang='lat' dir='ltr'>donec</span> <span class='ocrx_word' id='word_1_138' title='bbox 3463 577 3814 649; x_wconf 85' lang='lat' dir='ltr'>impleantur</span> 
     </span>
    </p>
   </div>
   <div class='ocr_carea' id='block_1_20' title="bbox 2174 670 3814 744">
    <p class='ocr_par' dir='ltr' id='par_1_20' title="bbox 2174 670 3814 744">
     <span class='ocr_line' id='line_1_20' title="bbox 2174 670 3814 744; baseline 0.003 -20"><span class='ocrx_word' id='word_1_139' title='bbox 2174 670 2426 725; x_wconf 85' lang='lat' dir='ltr'>conservi</span> <span class='ocrx_word' id='word_1_140' title='bbox 2451 686 2650 725; x_wconf 92' lang='lat' dir='ltr'>eorum</span> <span class='ocrx_word' id='word_1_141' title='bbox 2695 676 2750 726; x_wconf 91' lang='lat' dir='ltr'>et</span> <span class='ocrx_word' id='word_1_142' title='bbox 2792 670 2992 726; x_wconf 86' lang='lat' dir='ltr'>fratres</span> <span class='ocrx_word' id='word_1_143' title='bbox 3037 686 3254 742; x_wconf 89' lang='lat' dir='ltr'>eorum,</span> <span class='ocrx_word' id='word_1_144' title='bbox 3300 670 3402 744; x_wconf 89' lang='lat' dir='ltr'>qui</span> <span class='ocrx_word' id='word_1_145' title='bbox 3437 671 3814 730; x_wconf 87' lang='lat' dir='ltr'>interﬁciendi</span> 
     </span>
    </p>
   </div>
   <div class='ocr_carea' id='block_1_21' title="bbox 2173 763 2684 821">
    <p class='ocr_par' dir='ltr' id='par_1_21' title="bbox 2173 763 2684 821">
     <span class='ocr_line' id='line_1_21' title="bbox 2173 763 2684 821; baseline -0.002 -2"><span class='ocrx_word' id='word_1_146' title='bbox 2173 769 2306 821; x_wconf 91' lang='lat' dir='ltr'>sunt</span> <span class='ocrx_word' id='word_1_147' title='bbox 2331 765 2475 820; x_wconf 84' lang='lat' dir='ltr'>sicut</span> <span class='ocrx_word' id='word_1_148' title='bbox 2502 768 2558 819; x_wconf 89' lang='lat' dir='ltr'>et</span> <span class='ocrx_word' id='word_1_149' title='bbox 2583 763 2684 819; x_wconf 86' lang='lat' dir='ltr'>illi.</span> 
     </span>
    </p>
   </div>
   <div class='ocr_carea' id='block_1_22' title="bbox 2347 863 3647 928">
    <p class='ocr_par' dir='ltr' id='par_1_22' title="bbox 2347 863 3647 928">
     <span class='ocr_line' id='line_1_22' title="bbox 2347 863 3647 928; baseline -0.001 -14"><span class='ocrx_word' id='word_1_150' title='bbox 2347 864 2520 914; x_wconf 86' lang='lat' dir='ltr'>Lectio</span> <span class='ocrx_word' id='word_1_151' title='bbox 2545 863 2710 914; x_wconf 86' lang='lat' dir='ltr'>sancti</span> <span class='ocrx_word' id='word_1_152' title='bbox 2734 863 3002 928; x_wconf 82' lang='lat' dir='ltr'>Evangelii</span> <span class='ocrx_word' id='word_1_153' title='bbox 3026 863 3312 914; x_wconf 88' lang='lat' dir='ltr'>secundum</span> <span class='ocrx_word' id='word_1_154' title='bbox 3335 863 3647 913; x_wconf 65' lang='lat' dir='ltr'>Matthmum.</span> 
     </span>
    </p>
   </div>
   <div class='ocr_carea' id='block_1_23' title="bbox 2247 949 3814 1022">
    <p class='ocr_par' dir='ltr' id='par_1_23' title="bbox 2247 949 3814 1022">
     <span class='ocr_line' id='line_1_23' title="bbox 2247 949 3814 1022; baseline 0.001 -16"><span class='ocrx_word' id='word_1_155' title='bbox 2247 949 2452 1006; x_wconf 89' lang='lat' dir='ltr'>Diebus</span> <span class='ocrx_word' id='word_1_156' title='bbox 2486 950 2614 1020; x_wconf 86' lang='lat' dir='ltr'>illis,</span> <span class='ocrx_word' id='word_1_157' title='bbox 2663 949 2924 1022; x_wconf 82' lang='lat' dir='ltr'>apparuit</span> <span class='ocrx_word' id='word_1_158' title='bbox 2967 949 3202 1022; x_wconf 85' lang='lat' dir='ltr'>angelus</span> <span class='ocrx_word' id='word_1_159' title='bbox 3230 949 3454 1004; x_wconf 91' lang='lat' dir='ltr'>Domini</span> <span class='ocrx_word' id='word_1_160' title='bbox 3491 949 3550 1004; x_wconf 90' lang='lat' dir='ltr'>in</span> <span class='ocrx_word' id='word_1_161' title='bbox 3599 951 3814 1007; x_wconf 89' lang='lat' dir='ltr'>somnis</span> 
     </span>
    </p>
   </div>
   <div class='ocr_carea' id='block_1_24' title="bbox 2170 1045 3812 1118">
    <p class='ocr_par' dir='ltr' id='par_1_24' title="bbox 2170 1045 3812 1118">
     <span class='ocr_line' id='line_1_24' title="bbox 2170 1045 3812 1118; baseline -0.001 -16"><span class='ocrx_word' id='word_1_162' title='bbox 2170 1045 2376 1118; x_wconf 85' lang='lat' dir='ltr'>Ioseph</span> <span class='ocrx_word' id='word_1_163' title='bbox 2397 1045 2586 1118; x_wconf 84' lang='lat' dir='ltr'>dicens</span> <span class='ocrx_word' id='word_1_164' title='bbox 2615 1062 2627 1100; x_wconf 94' lang='lat'>:</span> <span class='ocrx_word' id='word_1_165' title='bbox 2659 1045 2857 1117; x_wconf 81' lang='lat' dir='ltr'>Surge,</span> <span class='ocrx_word' id='word_1_166' title='bbox 2892 1049 2946 1100; x_wconf 92' lang='lat' dir='ltr'>et</span> <span class='ocrx_word' id='word_1_167' title='bbox 2977 1045 3165 1116; x_wconf 87' lang='lat' dir='ltr'>accipe</span> <span class='ocrx_word' id='word_1_168' title='bbox 3191 1060 3432 1118; x_wconf 83' lang='lat' dir='ltr'>puerum</span> <span class='ocrx_word' id='word_1_169' title='bbox 3471 1047 3527 1098; x_wconf 90' lang='lat' dir='ltr'>et</span> <span class='ocrx_word' id='word_1_170' title='bbox 3567 1048 3812 1100; x_wconf 85' lang='lat' dir='ltr'>matrem</span> 
     </span>
    </p>
   </div>
   <div class='ocr_carea' id='block_1_25' title="bbox 2172 1137 3810 1212">
    <p class='ocr_par' dir='ltr' id='par_1_25' title="bbox 2172 1137 3810 1212">
     <span class='ocr_line' id='line_1_25' title="bbox 2172 1137 3810 1212; baseline -0.001 -18"><span class='ocrx_word' id='word_1_171' title='bbox 2172 1139 2313 1210; x_wconf 86' lang='lat' dir='ltr'>ejus,</span> <span class='ocrx_word' id='word_1_172' title='bbox 2345 1145 2401 1196; x_wconf 90' lang='lat' dir='ltr'>et</span> <span class='ocrx_word' id='word_1_173' title='bbox 2423 1140 2558 1212; x_wconf 87' lang='lat' dir='ltr'>fuge</span> <span class='ocrx_word' id='word_1_174' title='bbox 2587 1139 2647 1194; x_wconf 92' lang='lat' dir='ltr'>in</span> <span class='ocrx_word' id='word_1_175' title='bbox 2682 1142 3014 1210; x_wconf 65' lang='lat' dir='ltr'>Egyptum;</span> <span class='ocrx_word' id='word_1_176' title='bbox 3057 1143 3114 1193; x_wconf 92' lang='lat' dir='ltr'>et</span> <span class='ocrx_word' id='word_1_177' title='bbox 3161 1143 3279 1194; x_wconf 87' lang='lat' dir='ltr'>esto</span> <span class='ocrx_word' id='word_1_178' title='bbox 3330 1137 3410 1192; x_wconf 91' lang='lat' dir='ltr'>ibi</span> <span class='ocrx_word' id='word_1_179' title='bbox 3451 1155 3628 1210; x_wconf 89' lang='lat' dir='ltr'>usque</span> <span class='ocrx_word' id='word_1_180' title='bbox 3674 1138 3810 1193; x_wconf 87' lang='lat' dir='ltr'>dum</span> 
     </span>
    </p>
   </div>
   <div class='ocr_carea' id='block_1_26' title="bbox 2173 1231 3814 1303">
    <p class='ocr_par' dir='ltr' id='par_1_26' title="bbox 2173 1231 3814 1303">
     <span class='ocr_line' id='line_1_26' title="bbox 2173 1231 3814 1303; baseline -0.001 -14"><span class='ocrx_word' id='word_1_181' title='bbox 2173 1235 2357 1290; x_wconf 91' lang='lat' dir='ltr'>dicam</span> <span class='ocrx_word' id='word_1_182' title='bbox 2393 1234 2516 1289; x_wconf 86' lang='lat' dir='ltr'>tibi.</span> <span class='ocrx_word' id='word_1_183' title='bbox 2568 1234 2846 1288; x_wconf 89' lang='lat' dir='ltr'>Futurum</span> <span class='ocrx_word' id='word_1_184' title='bbox 2890 1237 2974 1288; x_wconf 91' lang='lat' dir='ltr'>est</span> <span class='ocrx_word' id='word_1_185' title='bbox 3012 1233 3166 1289; x_wconf 91' lang='lat' dir='ltr'>enim</span> <span class='ocrx_word' id='word_1_186' title='bbox 3201 1237 3266 1287; x_wconf 89' lang='lat' dir='ltr'>ut</span> <span class='ocrx_word' id='word_1_187' title='bbox 3307 1231 3553 1287; x_wconf 89' lang='lat' dir='ltr'>Herodes</span> <span class='ocrx_word' id='word_1_188' title='bbox 3594 1237 3814 1303; x_wconf 83' lang='lat' dir='ltr'>quaerat</span> 
     </span>
    </p>
   </div>
   <div class='ocr_carea' id='block_1_27' title="bbox 2171 1326 3812 1402">
    <p class='ocr_par' dir='ltr' id='par_1_27' title="bbox 2171 1326 3812 1402">
     <span class='ocr_line' id='line_1_27' title="bbox 2171 1326 3812 1402; baseline -0.002 -18"><span class='ocrx_word' id='word_1_189' title='bbox 2171 1345 2416 1402; x_wconf 86' lang='lat' dir='ltr'>puerum</span> <span class='ocrx_word' id='word_1_190' title='bbox 2443 1329 2513 1384; x_wconf 92' lang='lat' dir='ltr'>ad</span> <span class='ocrx_word' id='word_1_191' title='bbox 2538 1327 2891 1399; x_wconf 90' lang='lat' dir='ltr'>perdendum</span> <span class='ocrx_word' id='word_1_192' title='bbox 2919 1344 3069 1383; x_wconf 91' lang='lat' dir='ltr'>eum.</span> <span class='ocrx_word' id='word_1_193' title='bbox 3098 1327 3206 1392; x_wconf 88' lang='lat' dir='ltr'>Qui</span> <span class='ocrx_word' id='word_1_194' title='bbox 3231 1342 3578 1398; x_wconf 87' lang='lat' dir='ltr'>consurgens</span> <span class='ocrx_word' id='word_1_195' title='bbox 3591 1326 3812 1398; x_wconf 88' lang='lat' dir='ltr'>accepit</span> 
     </span>
    </p>
   </div>
   <div class='ocr_carea' id='block_1_28' title="bbox 2171 1419 3806 1496">
    <p class='ocr_par' dir='ltr' id='par_1_28' title="bbox 2171 1419 3806 1496">
     <span class='ocr_line' id='line_1_28' title="bbox 2171 1419 3806 1496; baseline -0.004 -17"><span class='ocrx_word' id='word_1_196' title='bbox 2171 1440 2416 1496; x_wconf 86' lang='lat' dir='ltr'>puerum</span> <span class='ocrx_word' id='word_1_197' title='bbox 2442 1427 2498 1478; x_wconf 91' lang='lat' dir='ltr'>et</span> <span class='ocrx_word' id='word_1_198' title='bbox 2525 1427 2764 1478; x_wconf 87' lang='lat' dir='ltr'>matrem</span> <span class='ocrx_word' id='word_1_199' title='bbox 2795 1423 2914 1492; x_wconf 86' lang='lat' dir='ltr'>ejus</span> <span class='ocrx_word' id='word_1_200' title='bbox 2942 1425 3125 1490; x_wconf 92' lang='lat' dir='ltr'>nocte,</span> <span class='ocrx_word' id='word_1_201' title='bbox 3159 1425 3216 1476; x_wconf 92' lang='lat' dir='ltr'>et</span> <span class='ocrx_word' id='word_1_202' title='bbox 3240 1420 3468 1476; x_wconf 88' lang='lat' dir='ltr'>recessit</span> <span class='ocrx_word' id='word_1_203' title='bbox 3497 1419 3556 1474; x_wconf 90' lang='lat' dir='ltr'>in</span> <span class='ocrx_word' id='word_1_204' title='bbox 3599 1423 3806 1492; x_wconf 68' lang='lat' dir='ltr'>(Egyp-</span> 
     </span>
    </p>
   </div>
   <div class='ocr_carea' id='block_1_29' title="bbox 2170 1513 3808 1588">
    <p class='ocr_par' dir='ltr' id='par_1_29' title="bbox 2170 1513 3808 1588">
     <span class='ocr_line' id='line_1_29' title="bbox 2170 1513 3808 1588; baseline -0.003 -15"><span class='ocrx_word' id='word_1_205' title='bbox 2170 1521 2325 1587; x_wconf 86' lang='lat' dir='ltr'>tum;</span> <span class='ocrx_word' id='word_1_206' title='bbox 2355 1521 2412 1574; x_wconf 90' lang='lat' dir='ltr'>et</span> <span class='ocrx_word' id='word_1_207' title='bbox 2442 1521 2560 1572; x_wconf 89' lang='lat' dir='ltr'>erat</span> <span class='ocrx_word' id='word_1_208' title='bbox 2583 1517 2663 1572; x_wconf 91' lang='lat' dir='ltr'>ibi</span> <span class='ocrx_word' id='word_1_209' title='bbox 2687 1533 2868 1588; x_wconf 89' lang='lat' dir='ltr'>usque</span> <span class='ocrx_word' id='word_1_210' title='bbox 2893 1516 2963 1570; x_wconf 92' lang='lat' dir='ltr'>ad</span> <span class='ocrx_word' id='word_1_211' title='bbox 2990 1515 3211 1570; x_wconf 89' lang='lat' dir='ltr'>obitum</span> <span class='ocrx_word' id='word_1_212' title='bbox 3241 1514 3492 1570; x_wconf 80' lang='lat' dir='ltr'>Herodis.</span> <span class='ocrx_word' id='word_1_213' title='bbox 3527 1515 3598 1570; x_wconf 90' lang='lat' dir='ltr'>Ut</span> <span class='ocrx_word' id='word_1_214' title='bbox 3633 1513 3808 1568; x_wconf 91' lang='lat' dir='ltr'>adim-</span> 
     </span>
    </p>
   </div>
   <div class='ocr_carea' id='block_1_30' title="bbox 2169 1609 3812 1684">
    <p class='ocr_par' dir='ltr' id='par_1_30' title="bbox 2169 1609 3812 1684">
     <span class='ocr_line' id='line_1_30' title="bbox 2169 1609 3812 1684; baseline -0.002 -18"><span class='ocrx_word' id='word_1_215' title='bbox 2169 1613 2423 1684; x_wconf 90' lang='lat' dir='ltr'>pleretur</span> <span class='ocrx_word' id='word_1_216' title='bbox 2447 1612 2598 1683; x_wconf 91' lang='lat' dir='ltr'>quod</span> <span class='ocrx_word' id='word_1_217' title='bbox 2621 1611 2836 1666; x_wconf 88' lang='lat' dir='ltr'>dictum</span> <span class='ocrx_word' id='word_1_218' title='bbox 2860 1613 2943 1665; x_wconf 91' lang='lat' dir='ltr'>est</span> <span class='ocrx_word' id='word_1_219' title='bbox 2978 1626 3011 1663; x_wconf 89' lang='lat' dir='ltr'>a</span> <span class='ocrx_word' id='word_1_220' title='bbox 3054 1609 3292 1664; x_wconf 88' lang='lat' dir='ltr'>Domino</span> <span class='ocrx_word' id='word_1_221' title='bbox 3329 1625 3432 1680; x_wconf 89' lang='lat' dir='ltr'>per</span> <span class='ocrx_word' id='word_1_222' title='bbox 3464 1609 3812 1680; x_wconf 86' lang='lat' dir='ltr'>pr0phetam</span> 
     </span>
    </p>
   </div>
   <div class='ocr_carea' id='block_1_31' title="bbox 433 1703 3812 1780">
    <p class='ocr_par' dir='ltr' id='par_1_31' title="bbox 433 1703 3812 1780">
     <span class='ocr_line' id='line_1_31' title="bbox 433 1703 3812 1780; baseline -0.001 -18"><span class='ocrx_word' id='word_1_223' title='bbox 433 1707 570 1780; x_wconf 90' lang='lat' dir='ltr'>tyris</span> <span class='ocrx_word' id='word_1_224' title='bbox 595 1706 804 1776; x_wconf 91' lang='lat' dir='ltr'>meriti,</span> <span class='ocrx_word' id='word_1_225' title='bbox 824 1711 886 1762; x_wconf 94' lang='lat' dir='ltr'>ut</span> <span class='ocrx_word' id='word_1_226' title='bbox 906 1705 1206 1762; x_wconf 87' lang='lat' dir='ltr'>Ecclesiam</span> <span class='ocrx_word' id='word_1_227' title='bbox 1219 1710 1380 1762; x_wconf 91' lang='lat' dir='ltr'>tuam</span> <span class='ocrx_word' id='word_1_228' title='bbox 1401 1705 1563 1778; x_wconf 87' lang='lat' dir='ltr'>juvet</span> <span class='ocrx_word' id='word_1_229' title='bbox 1588 1705 1880 1777; x_wconf 72' lang='lat' dir='ltr'>suffragio,</span> <span class='ocrx_word' id='word_1_230' title='bbox 1897 1722 2070 1778; x_wconf 89' lang='lat' dir='ltr'>quam</span> <span class='ocrx_word' id='word_1_231' title='bbox 2089 1775 2133 1780; x_wconf 86' lang='lat'><em>_</em></span> <span class='ocrx_word' id='word_1_232' title='bbox 2172 1705 2454 1762; x_wconf 90' lang='lat' dir='ltr'>dicentem</span> <span class='ocrx_word' id='word_1_233' title='bbox 2483 1721 2496 1760; x_wconf 91' lang='lat'><strong>:</strong></span> <span class='ocrx_word' id='word_1_234' title='bbox 2535 1707 2616 1760; x_wconf 86' lang='lat' dir='ltr'>Ex</span> <span class='ocrx_word' id='word_1_235' title='bbox 2659 1707 2896 1776; x_wconf 70' lang='lat' dir='ltr'>.Egypto</span> <span class='ocrx_word' id='word_1_236' title='bbox 2939 1703 3128 1759; x_wconf 88' lang='lat' dir='ltr'>vocavi</span> <span class='ocrx_word' id='word_1_237' title='bbox 3157 1703 3363 1758; x_wconf 89' lang='lat' dir='ltr'>Filium</span> <span class='ocrx_word' id='word_1_238' title='bbox 3398 1719 3612 1772; x_wconf 91' lang='lat' dir='ltr'>meum,</span> <span class='ocrx_word' id='word_1_239' title='bbox 3664 1718 3812 1774; x_wconf 85' lang='lat' dir='ltr'>quo-</span> 
     </span>
    </p>
   </div>
   <div class='ocr_carea' id='block_1_32' title="bbox 433 1799 1011 1858">
    <p class='ocr_par' dir='ltr' id='par_1_32' title="bbox 433 1799 1011 1858">
     <span class='ocr_line' id='line_1_32' title="bbox 433 1799 1011 1858; baseline -0.007 0"><span class='ocrx_word' id='word_1_240' title='bbox 433 1800 652 1858; x_wconf 89' lang='lat' dir='ltr'>ornavit</span> <span class='ocrx_word' id='word_1_241' title='bbox 677 1799 1011 1856; x_wconf 89' lang='lat' dir='ltr'>ministerio.</span> 
     </span>
    </p>
   </div>
   <div class='ocr_carea' id='block_1_33' title="bbox 1111 1870 1380 1922">
    <p class='ocr_par' dir='ltr' id='par_1_33' title="bbox 1111 1870 1380 1922">
     <span class='ocr_line' id='line_1_33' title="bbox 1111 1870 1380 1922; baseline -0.007 0"><span class='ocrx_word' id='word_1_242' title='bbox 1111 1870 1380 1922; x_wconf 89' lang='lat' dir='ltr'>Collectio.</span> 
     </span>
    </p>
   </div>
   <div class='ocr_carea' id='block_1_34' title="bbox 504 1951 2066 2025">
    <p class='ocr_par' dir='ltr' id='par_1_34' title="bbox 504 1951 2066 2025">
     <span class='ocr_line' id='line_1_34' title="bbox 504 1951 2066 2025; baseline -0.001 -17"><span class='ocrx_word' id='word_1_243' title='bbox 504 1953 760 2024; x_wconf 83' lang='lat' dir='ltr'>Domine,</span> <span class='ocrx_word' id='word_1_244' title='bbox 783 1951 881 2025; x_wconf 89' lang='lat' dir='ltr'>qui</span> <span class='ocrx_word' id='word_1_245' title='bbox 907 1951 1234 2008; x_wconf 87' lang='lat' dir='ltr'>ambulante</span> <span class='ocrx_word' id='word_1_246' title='bbox 1260 1952 1329 2006; x_wconf 92' lang='lat' dir='ltr'>de</span> <span class='ocrx_word' id='word_1_247' title='bbox 1348 1951 1553 2006; x_wconf 89' lang='lat' dir='ltr'>virtute</span> <span class='ocrx_word' id='word_1_248' title='bbox 1579 1951 1918 2006; x_wconf 88' lang='lat' dir='ltr'>invirtutem</span> <span class='ocrx_word' id='word_1_249' title='bbox 1936 1967 2066 2006; x_wconf 88' lang='lat' dir='ltr'>san-</span> 
     </span>
    </p>
   </div>
   <div class='ocr_carea' id='block_1_35' title="bbox 429 2044 2068 2118">
    <p class='ocr_par' dir='ltr' id='par_1_35' title="bbox 429 2044 2068 2118">
     <span class='ocr_line' id='line_1_35' title="bbox 429 2044 2068 2118; baseline -0.002 -16"><span class='ocrx_word' id='word_1_250' title='bbox 429 2051 518 2103; x_wconf 91' lang='lat' dir='ltr'>cto</span> <span class='ocrx_word' id='word_1_251' title='bbox 537 2048 761 2104; x_wconf 89' lang='lat' dir='ltr'>Stefano</span> <span class='ocrx_word' id='word_1_252' title='bbox 785 2046 1024 2118; x_wconf 85' lang='lat' dir='ltr'>martyri</span> <span class='ocrx_word' id='word_1_253' title='bbox 1054 2049 1153 2102; x_wconf 92' lang='lat' dir='ltr'>tuo</span> <span class='ocrx_word' id='word_1_254' title='bbox 1197 2045 1473 2118; x_wconf 89' lang='lat' dir='ltr'>aperuisti</span> <span class='ocrx_word' id='word_1_255' title='bbox 1506 2045 1669 2101; x_wconf 76' lang='lat' dir='ltr'>caelos</span> <span class='ocrx_word' id='word_1_256' title='bbox 1707 2045 1778 2100; x_wconf 90' lang='lat' dir='ltr'>ad</span> <span class='ocrx_word' id='word_1_257' title='bbox 1829 2044 2068 2117; x_wconf 87' lang='lat' dir='ltr'>gloriam</span> 
     </span>
    </p>
   </div>
   <div class='ocr_carea' id='block_1_36' title="bbox 427 2138 2068 2214">
    <p class='ocr_par' dir='ltr' id='par_1_36' title="bbox 427 2138 2068 2214">
     <span class='ocr_line' id='line_1_36' title="bbox 427 2138 2068 2214; baseline -0.003 -17"><span class='ocrx_word' id='word_1_258' title='bbox 427 2140 934 2214; x_wconf 87' lang='lat' dir='ltr'>contemplationis,</span> <span class='ocrx_word' id='word_1_259' title='bbox 989 2156 1129 2211; x_wconf 87' lang='lat' dir='ltr'>quos</span> <span class='ocrx_word' id='word_1_260' title='bbox 1189 2139 1242 2194; x_wconf 92' lang='lat' dir='ltr'>ei</span> <span class='ocrx_word' id='word_1_261' title='bbox 1306 2154 1608 2209; x_wconf 90' lang='lat' dir='ltr'>aperueras</span> <span class='ocrx_word' id='word_1_262' title='bbox 1671 2138 1741 2193; x_wconf 91' lang='lat' dir='ltr'>ad</span> <span class='ocrx_word' id='word_1_263' title='bbox 1799 2138 2068 2192; x_wconf 88' lang='lat' dir='ltr'>meritum</span> 
     </span>
    </p>
   </div>
   <div class='ocr_carea' id='block_1_37' title="bbox 427 2231 2064 2305">
    <p class='ocr_par' dir='ltr' id='par_1_37' title="bbox 427 2231 2064 2305">
     <span class='ocr_line' id='line_1_37' title="bbox 427 2231 2064 2305; baseline -0.001 -17"><span class='ocrx_word' id='word_1_264' title='bbox 427 2233 755 2305; x_wconf 86' lang='lat' dir='ltr'>sanctitatis,</span> <span class='ocrx_word' id='word_1_265' title='bbox 800 2237 864 2289; x_wconf 92' lang='lat' dir='ltr'>ut</span> <span class='ocrx_word' id='word_1_266' title='bbox 915 2231 1278 2289; x_wconf 88' lang='lat' dir='ltr'>confessionis</span> <span class='ocrx_word' id='word_1_267' title='bbox 1329 2249 1446 2287; x_wconf 78' lang='lat' dir='ltr'>suae</span> <span class='ocrx_word' id='word_1_268' title='bbox 1501 2233 1753 2288; x_wconf 90' lang='lat' dir='ltr'>fructum</span> <span class='ocrx_word' id='word_1_269' title='bbox 1799 2237 2064 2303; x_wconf 85' lang='lat' dir='ltr'>caperet;</span> 
     </span>
    </p>
   </div>
   <div class='ocr_carea' id='block_1_38' title="bbox 427 2325 1952 2400">
    <p class='ocr_par' dir='ltr' id='par_1_38' title="bbox 427 2325 1952 2400">
     <span class='ocr_line' id='line_1_38' title="bbox 427 2325 1952 2400; baseline -0.001 -18"><span class='ocrx_word' id='word_1_270' title='bbox 427 2329 658 2384; x_wconf 85' lang='lat' dir='ltr'>ostende</span> <span class='ocrx_word' id='word_1_271' title='bbox 682 2328 847 2384; x_wconf 89' lang='lat' dir='ltr'>nobis</span> <span class='ocrx_word' id='word_1_272' title='bbox 870 2327 1138 2400; x_wconf 79' lang='lat' dir='ltr'>suffragio</span> <span class='ocrx_word' id='word_1_273' title='bbox 1164 2329 1285 2398; x_wconf 90' lang='lat' dir='ltr'>ejus</span> <span class='ocrx_word' id='word_1_274' title='bbox 1303 2325 1750 2382; x_wconf 90' lang='lat' dir='ltr'>misericordiam</span> <span class='ocrx_word' id='word_1_275' title='bbox 1774 2329 1952 2381; x_wconf 89' lang='lat' dir='ltr'>tuam.</span> 
     </span>
    </p>
   </div>
   <div class='ocr_carea' id='block_1_39' title="bbox 1047 2419 1433 2470">
    <p class='ocr_par' dir='ltr' id='par_1_39' title="bbox 1047 2419 1433 2470">
     <span class='ocr_line' id='line_1_39' title="bbox 1047 2419 1433 2470; baseline -0.003 0"><span class='ocrx_word' id='word_1_276' title='bbox 1047 2421 1170 2470; x_wconf 85' lang='lat' dir='ltr'>Post</span> <span class='ocrx_word' id='word_1_277' title='bbox 1205 2419 1433 2470; x_wconf 90' lang='lat' dir='ltr'>nomina.</span> 
     </span>
    </p>
   </div>
   <div class='ocr_carea' id='block_1_40' title="bbox 495 2501 2069 2576">
    <p class='ocr_par' dir='ltr' id='par_1_40' title="bbox 495 2501 2069 2576">
     <span class='ocr_line' id='line_1_40' title="bbox 495 2501 2069 2576; baseline -0.002 -17"><span class='ocrx_word' id='word_1_278' title='bbox 495 2503 732 2559; x_wconf 90' lang='lat' dir='ltr'>Domine</span> <span class='ocrx_word' id='word_1_279' title='bbox 757 2505 904 2574; x_wconf 89' lang='lat' dir='ltr'>Jesu,</span> <span class='ocrx_word' id='word_1_280' title='bbox 937 2520 970 2558; x_wconf 88' lang='lat' dir='ltr'>a</span> <span class='ocrx_word' id='word_1_281' title='bbox 994 2519 1107 2576; x_wconf 91' lang='lat' dir='ltr'>quo</span> <span class='ocrx_word' id='word_1_282' title='bbox 1131 2519 1296 2558; x_wconf 89' lang='lat' dir='ltr'>suum</span> <span class='ocrx_word' id='word_1_283' title='bbox 1325 2501 1589 2573; x_wconf 90' lang='lat' dir='ltr'>spiritum</span> <span class='ocrx_word' id='word_1_284' title='bbox 1619 2501 1828 2572; x_wconf 88' lang='lat' dir='ltr'>suscipi</span> <span class='ocrx_word' id='word_1_285' title='bbox 1852 2505 2069 2572; x_wconf 89' lang='lat' dir='ltr'>martyr</span> 
     </span>
    </p>
   </div>
   <div class='ocr_carea' id='block_1_41' title="bbox 425 2594 2067 2669">
    <p class='ocr_par' dir='ltr' id='par_1_41' title="bbox 425 2594 2067 2669">
     <span class='ocr_line' id='line_1_41' title="bbox 425 2594 2067 2669; baseline -0.002 -16"><span class='ocrx_word' id='word_1_286' title='bbox 425 2597 682 2654; x_wconf 89' lang='lat' dir='ltr'>Stefanus</span> <span class='ocrx_word' id='word_1_287' title='bbox 703 2597 1018 2669; x_wconf 88' lang='lat' dir='ltr'>postulavit,</span> <span class='ocrx_word' id='word_1_288' title='bbox 1047 2601 1110 2652; x_wconf 90' lang='lat' dir='ltr'>tu</span> <span class='ocrx_word' id='word_1_289' title='bbox 1136 2597 1429 2668; x_wconf 87' lang='lat' dir='ltr'>praesentis</span> <span class='ocrx_word' id='word_1_290' title='bbox 1468 2596 1640 2667; x_wconf 91' lang='lat' dir='ltr'>hujus</span> <span class='ocrx_word' id='word_1_291' title='bbox 1681 2594 2067 2651; x_wconf 87' lang='lat' dir='ltr'>sollemnitatis</span> 
     </span>
    </p>
   </div>
   <div class='ocr_carea' id='block_1_42' title="bbox 421 2689 2069 2763">
    <p class='ocr_par' dir='ltr' id='par_1_42' title="bbox 421 2689 2069 2763">
     <span class='ocr_line' id='line_1_42' title="bbox 421 2689 2069 2763; baseline -0.001 -17"><span class='ocrx_word' id='word_1_292' title='bbox 421 2692 678 2763; x_wconf 90' lang='lat' dir='ltr'>placatus</span> <span class='ocrx_word' id='word_1_293' title='bbox 694 2691 995 2761; x_wconf 87' lang='lat' dir='ltr'>oblatione,</span> <span class='ocrx_word' id='word_1_294' title='bbox 1026 2695 1082 2746; x_wconf 91' lang='lat' dir='ltr'>et</span> <span class='ocrx_word' id='word_1_295' title='bbox 1099 2690 1414 2746; x_wconf 88' lang='lat' dir='ltr'>viventibus</span> <span class='ocrx_word' id='word_1_296' title='bbox 1437 2690 1681 2760; x_wconf 85' lang='lat' dir='ltr'>veniam,</span> <span class='ocrx_word' id='word_1_297' title='bbox 1706 2692 1761 2745; x_wconf 90' lang='lat' dir='ltr'>et</span> <span class='ocrx_word' id='word_1_298' title='bbox 1782 2689 2069 2761; x_wconf 87' lang='lat' dir='ltr'>quiescen-</span> 
     </span>
    </p>
   </div>
   <div class='ocr_carea' id='block_1_43' title="bbox 423 2784 1574 2857">
    <p class='ocr_par' dir='ltr' id='par_1_43' title="bbox 423 2784 1574 2857">
     <span class='ocr_line' id='line_1_43' title="bbox 423 2784 1574 2857; baseline 0 -17"><span class='ocrx_word' id='word_1_299' title='bbox 423 2785 574 2841; x_wconf 87' lang='lat' dir='ltr'>tibus</span> <span class='ocrx_word' id='word_1_300' title='bbox 600 2785 840 2841; x_wconf 90' lang='lat' dir='ltr'>concede</span> <span class='ocrx_word' id='word_1_301' title='bbox 861 2785 1118 2857; x_wconf 89' lang='lat' dir='ltr'>requiem</span> <span class='ocrx_word' id='word_1_302' title='bbox 1145 2784 1574 2857; x_wconf 88' lang='lat' dir='ltr'>sempiternam.</span> 
     </span>
    </p>
   </div>
   <div class='ocr_carea' id='block_1_44' title="bbox 925 2877 1525 2942">
    <p class='ocr_par' dir='ltr' id='par_1_44' title="bbox 925 2877 1525 2942">
     <span class='ocr_line' id='line_1_44' title="bbox 925 2877 1525 2942; baseline -0.003 -14"><span class='ocrx_word' id='word_1_303' title='bbox 925 2878 1174 2929; x_wconf 89' lang='lat' dir='ltr'>Collectio</span> <span class='ocrx_word' id='word_1_304' title='bbox 1214 2877 1280 2928; x_wconf 91' lang='lat' dir='ltr'>ad</span> <span class='ocrx_word' id='word_1_305' title='bbox 1321 2891 1525 2942; x_wconf 87' lang='lat' dir='ltr'>pacem.</span> 
     </span>
    </p>
   </div>
   <div class='ocr_carea' id='block_1_45' title="bbox 497 2957 2064 3030">
    <p class='ocr_par' dir='ltr' id='par_1_45' title="bbox 497 2957 2064 3030">
     <span class='ocr_line' id='line_1_45' title="bbox 497 2957 2064 3030; baseline -0.001 -17"><span class='ocrx_word' id='word_1_306' title='bbox 497 2961 644 3015; x_wconf 91' lang='lat' dir='ltr'>Deus</span> <span class='ocrx_word' id='word_1_307' title='bbox 667 2959 820 3030; x_wconf 88' lang='lat' dir='ltr'>pacis</span> <span class='ocrx_word' id='word_1_308' title='bbox 847 2959 1125 3028; x_wconf 88' lang='lat' dir='ltr'>conditor,</span> <span class='ocrx_word' id='word_1_309' title='bbox 1157 2960 1303 3012; x_wconf 91' lang='lat' dir='ltr'>Deus</span> <span class='ocrx_word' id='word_1_310' title='bbox 1331 2957 1702 3028; x_wconf 84' lang='lat' dir='ltr'>indulgentiae</span> <span class='ocrx_word' id='word_1_311' title='bbox 1729 2972 2064 3012; x_wconf 89' lang='lat' dir='ltr'>remunera-</span> 
     </span>
    </p>
   </div>
   <div class='ocr_carea' id='block_1_46' title="bbox 424 3050 2066 3123">
    <p class='ocr_par' dir='ltr' id='par_1_46' title="bbox 424 3050 2066 3123">
     <span class='ocr_line' id='line_1_46' title="bbox 424 3050 2066 3123; baseline -0.001 -17"><span class='ocrx_word' id='word_1_312' title='bbox 424 3058 532 3120; x_wconf 91' lang='lat' dir='ltr'>tor,</span> <span class='ocrx_word' id='word_1_313' title='bbox 567 3052 664 3123; x_wconf 89' lang='lat' dir='ltr'>qui</span> <span class='ocrx_word' id='word_1_314' title='bbox 691 3057 881 3106; x_wconf 91' lang='lat' dir='ltr'>sancto</span> <span class='ocrx_word' id='word_1_315' title='bbox 906 3052 1143 3122; x_wconf 84' lang='lat' dir='ltr'>martyri</span> <span class='ocrx_word' id='word_1_316' title='bbox 1171 3055 1270 3105; x_wconf 91' lang='lat' dir='ltr'>tuo</span> <span class='ocrx_word' id='word_1_317' title='bbox 1305 3051 1530 3105; x_wconf 89' lang='lat' dir='ltr'>Stefano</span> <span class='ocrx_word' id='word_1_318' title='bbox 1568 3050 1628 3104; x_wconf 92' lang='lat' dir='ltr'>in</span> <span class='ocrx_word' id='word_1_319' title='bbox 1663 3050 1921 3120; x_wconf 88' lang='lat' dir='ltr'>passione</span> <span class='ocrx_word' id='word_1_320' title='bbox 1953 3051 2066 3104; x_wconf 90' lang='lat' dir='ltr'>lar-</span> 
     </span>
    </p>
   </div>
   <div class='ocr_carea' id='block_1_47' title="bbox 2091 1775 2977 1856">
    <p class='ocr_par' dir='ltr' id='par_1_47' title="bbox 2091 1775 2977 1856">
     <span class='ocr_line' id='line_1_47' title="bbox 2091 1775 2977 1856; baseline -0.001 -2"><span class='ocrx_word' id='word_1_321' title='bbox 2091 1775 2147 1846; x_wconf 83' lang='lat' dir='ltr'>B</span> <span class='ocrx_word' id='word_1_322' title='bbox 2171 1799 2328 1856; x_wconf 90' lang='lat' dir='ltr'>niam</span> <span class='ocrx_word' id='word_1_323' title='bbox 2353 1799 2642 1854; x_wconf 72' lang='lat' dir='ltr'>Nazarzeus</span> <span class='ocrx_word' id='word_1_324' title='bbox 2667 1798 2977 1854; x_wconf 86' lang='lat' dir='ltr'>vocabitur.</span> 
     </span>
    </p>
   </div>
   <div class='ocr_carea' id='block_1_48' title="bbox 2779 1926 3192 1968">
    <p class='ocr_par' dir='ltr' id='par_1_48' title="bbox 2779 1926 3192 1968">
     <span class='ocr_line' id='line_1_48' title="bbox 2779 1926 3192 1968; baseline -0.005 0"><span class='ocrx_word' id='word_1_325' title='bbox 2779 1928 2979 1968; x_wconf 81' lang='lat' dir='ltr'><strong>INCIPIT</strong></span> <span class='ocrx_word' id='word_1_326' title='bbox 3015 1926 3192 1967; x_wconf 76' lang='lat' dir='ltr'>MISSA.</span> 
     </span>
    </p>
   </div>
   <div class='ocr_carea' id='block_1_49' title="bbox 2243 2004 3814 2078">
    <p class='ocr_par' dir='ltr' id='par_1_49' title="bbox 2243 2004 3814 2078">
     <span class='ocr_line' id='line_1_49' title="bbox 2243 2004 3814 2078; baseline 0 -18"><span class='ocrx_word' id='word_1_327' title='bbox 2243 2009 2385 2062; x_wconf 90' lang='lat' dir='ltr'>Deus</span> <span class='ocrx_word' id='word_1_328' title='bbox 2419 2019 2440 2048; x_wconf 82' lang='grc' dir='ltr'><strong>ο</strong></span> <span class='ocrx_word' id='word_1_329' title='bbox 2467 2007 2628 2078; x_wconf 87' lang='lat' dir='ltr'>cujus</span> <span class='ocrx_word' id='word_1_330' title='bbox 2652 2006 2926 2062; x_wconf 88' lang='lat' dir='ltr'>hodierna</span> <span class='ocrx_word' id='word_1_331' title='bbox 2952 2006 3042 2062; x_wconf 91' lang='lat' dir='ltr'>die</span> <span class='ocrx_word' id='word_1_332' title='bbox 3079 2004 3434 2078; x_wconf 65' lang='lat' dir='ltr'>praeconium</span> <span class='ocrx_word' id='word_1_333' title='bbox 3477 2005 3814 2060; x_wconf 84' lang='lat' dir='ltr'>lnnocentes</span> 
     </span>
    </p>
   </div>
   <div class='ocr_carea' id='block_1_50' title="bbox 2169 2097 3809 2173">
    <p class='ocr_par' dir='ltr' id='par_1_50' title="bbox 2169 2097 3809 2173">
     <span class='ocr_line' id='line_1_50' title="bbox 2169 2097 3809 2173; baseline -0.003 -17"><span class='ocrx_word' id='word_1_334' title='bbox 2169 2105 2446 2173; x_wconf 89' lang='lat' dir='ltr'>martyres</span> <span class='ocrx_word' id='word_1_335' title='bbox 2469 2118 2583 2156; x_wconf 92' lang='lat' dir='ltr'>non</span> <span class='ocrx_word' id='word_1_336' title='bbox 2613 2101 2916 2172; x_wconf 88' lang='lat' dir='ltr'>loquendo,</span> <span class='ocrx_word' id='word_1_337' title='bbox 2945 2101 3042 2155; x_wconf 89' lang='lat' dir='ltr'>sed</span> <span class='ocrx_word' id='word_1_338' title='bbox 3065 2099 3360 2155; x_wconf 90' lang='lat' dir='ltr'>moriendo</span> <span class='ocrx_word' id='word_1_339' title='bbox 3386 2097 3624 2154; x_wconf 88' lang='lat' dir='ltr'>confessi</span> <span class='ocrx_word' id='word_1_340' title='bbox 3651 2103 3809 2168; x_wconf 91' lang='lat' dir='ltr'>sunt,</span> 
     </span>
    </p>
   </div>
   <div class='ocr_carea' id='block_1_51' title="bbox 2171 2191 3814 2264">
    <p class='ocr_par' dir='ltr' id='par_1_51' title="bbox 2171 2191 3814 2264">
     <span class='ocr_line' id='line_1_51' title="bbox 2171 2191 3814 2264; baseline -0.002 -14"><span class='ocrx_word' id='word_1_341' title='bbox 2171 2195 2362 2250; x_wconf 88' lang='lat' dir='ltr'>omnia</span> <span class='ocrx_word' id='word_1_342' title='bbox 2411 2195 2471 2249; x_wconf 91' lang='lat' dir='ltr'>in</span> <span class='ocrx_word' id='word_1_343' title='bbox 2497 2195 2659 2250; x_wconf 90' lang='lat' dir='ltr'>nobis</span> <span class='ocrx_word' id='word_1_344' title='bbox 2685 2195 2952 2249; x_wconf 89' lang='lat' dir='ltr'>vitiorum</span> <span class='ocrx_word' id='word_1_345' title='bbox 2977 2195 3128 2250; x_wconf 87' lang='lat' dir='ltr'>mala</span> <span class='ocrx_word' id='word_1_346' title='bbox 3164 2192 3458 2262; x_wconf 89' lang='lat' dir='ltr'>mortiﬁca,</span> <span class='ocrx_word' id='word_1_347' title='bbox 3497 2195 3554 2248; x_wconf 93' lang='lat' dir='ltr'>et</span> <span class='ocrx_word' id='word_1_348' title='bbox 3598 2191 3814 2264; x_wconf 89' lang='lat' dir='ltr'>gaudia</span> 
     </span>
    </p>
   </div>
   <div class='ocr_carea' id='block_1_52' title="bbox 2169 2289 3079 2362">
    <p class='ocr_par' dir='ltr' id='par_1_52' title="bbox 2169 2289 3079 2362">
     <span class='ocr_line' id='line_1_52' title="bbox 2169 2289 3079 2362; baseline -0.001 -17"><span class='ocrx_word' id='word_1_349' title='bbox 2169 2293 2380 2345; x_wconf 71' lang='lat' dir='ltr'>aeterna</span> <span class='ocrx_word' id='word_1_350' title='bbox 2403 2289 2568 2344; x_wconf 89' lang='lat' dir='ltr'>nobis</span> <span class='ocrx_word' id='word_1_351' title='bbox 2595 2289 2792 2362; x_wconf 89' lang='lat' dir='ltr'>largiri</span> <span class='ocrx_word' id='word_1_352' title='bbox 2818 2289 3079 2348; x_wconf 90' lang='lat' dir='ltr'>concede.</span> 
     </span>
    </p>
   </div>
   <div class='ocr_carea' id='block_1_53' title="bbox 2848 2381 3117 2432">
    <p class='ocr_par' dir='ltr' id='par_1_53' title="bbox 2848 2381 3117 2432">
     <span class='ocr_line' id='line_1_53' title="bbox 2848 2381 3117 2432; baseline -0.011 0"><span class='ocrx_word' id='word_1_353' title='bbox 2848 2381 3117 2432; x_wconf 90' lang='lat' dir='ltr'>Collectio.</span> 
     </span>
    </p>
   </div>
   <div class='ocr_carea' id='block_1_54' title="bbox 2241 2467 3814 2540">
    <p class='ocr_par' dir='ltr' id='par_1_54' title="bbox 2241 2467 3814 2540">
     <span class='ocr_line' id='line_1_54' title="bbox 2241 2467 3814 2540; baseline -0.002 -18"><span class='ocrx_word' id='word_1_354' title='bbox 2241 2470 2406 2539; x_wconf 91' lang='lat' dir='ltr'>Deus,</span> <span class='ocrx_word' id='word_1_355' title='bbox 2449 2469 2778 2538; x_wconf 76' lang='lat' dir='ltr'>laetantium</span> <span class='ocrx_word' id='word_1_356' title='bbox 2803 2469 2962 2538; x_wconf 89' lang='lat' dir='ltr'>ﬁdes,</span> <span class='ocrx_word' id='word_1_357' title='bbox 3006 2485 3130 2540; x_wconf 89' lang='lat' dir='ltr'>spes</span> <span class='ocrx_word' id='word_1_358' title='bbox 3191 2467 3515 2534; x_wconf 86' lang='lat' dir='ltr'>infantium,</span> <span class='ocrx_word' id='word_1_359' title='bbox 3563 2467 3814 2520; x_wconf 81' lang='lat' dir='ltr'>Charitas</span> 
     </span>
    </p>
   </div>
   <div class='ocr_carea' id='block_1_55' title="bbox 2169 2561 3814 2636">
    <p class='ocr_par' dir='ltr' id='par_1_55' title="bbox 2169 2561 3814 2636">
     <span class='ocr_line' id='line_1_55' title="bbox 2169 2561 3814 2636; baseline -0.003 -17"><span class='ocrx_word' id='word_1_360' title='bbox 2169 2579 2498 2636; x_wconf 88' lang='lat' dir='ltr'>puerorum,</span> <span class='ocrx_word' id='word_1_361' title='bbox 2546 2563 2645 2636; x_wconf 90' lang='lat' dir='ltr'>qui</span> <span class='ocrx_word' id='word_1_362' title='bbox 2693 2579 2796 2634; x_wconf 91' lang='lat' dir='ltr'>per</span> <span class='ocrx_word' id='word_1_363' title='bbox 2849 2563 3245 2620; x_wconf 89' lang='lat' dir='ltr'>Innocentium</span> <span class='ocrx_word' id='word_1_364' title='bbox 3295 2561 3522 2617; x_wconf 87' lang='lat' dir='ltr'>laudem</span> <span class='ocrx_word' id='word_1_365' title='bbox 3575 2563 3814 2614; x_wconf 91' lang='lat' dir='ltr'>cunctos</span> 
     </span>
    </p>
   </div>
   <div class='ocr_carea' id='block_1_56' title="bbox 2167 2647 3812 2730">
    <p class='ocr_par' dir='ltr' id='par_1_56' title="bbox 2167 2647 3812 2730">
     <span class='ocr_line' id='line_1_56' title="bbox 2167 2647 3812 2730; baseline -0.003 -18"><span class='ocrx_word' id='word_1_366' title='bbox 2167 2673 2434 2730; x_wconf 87' lang='lat' dir='ltr'>provocas</span> <span class='ocrx_word' id='word_1_367' title='bbox 2464 2657 2534 2712; x_wconf 92' lang='lat' dir='ltr'>ad</span> <span class='ocrx_word' id='word_1_368' title='bbox 2579 2658 2856 2726; x_wconf 84' lang='lat' dir='ltr'>salutem;</span> <span class='ocrx_word' id='word_1_369' title='bbox 2902 2655 3138 2711; x_wconf 91' lang='lat' dir='ltr'>infunde</span> <span class='ocrx_word' id='word_1_370' title='bbox 3179 2656 3240 2710; x_wconf 92' lang='lat' dir='ltr'>in</span> <span class='ocrx_word' id='word_1_371' title='bbox 3287 2655 3449 2710; x_wconf 90' lang='lat' dir='ltr'>nobis</span> <span class='ocrx_word' id='word_1_372' title='bbox 3494 2647 3812 2727; x_wconf 81' lang='lat' dir='ltr'>puritatem</span> 
     </span>
    </p>
   </div>
   <div class='ocr_carea' id='block_1_57' title="bbox 2168 2749 3360 2821">
    <p class='ocr_par' dir='ltr' id='par_1_57' title="bbox 2168 2749 3360 2821">
     <span class='ocr_line' id='line_1_57' title="bbox 2168 2749 3360 2821; baseline -0.001 -17"><span class='ocrx_word' id='word_1_373' title='bbox 2168 2751 2426 2808; x_wconf 88' lang='lat' dir='ltr'>lactentis</span> <span class='ocrx_word' id='word_1_374' title='bbox 2446 2749 2720 2821; x_wconf 62' lang='lat' dir='ltr'>infantiae,</span> <span class='ocrx_word' id='word_1_375' title='bbox 2751 2750 2996 2806; x_wconf 90' lang='lat' dir='ltr'>concede</span> <span class='ocrx_word' id='word_1_376' title='bbox 3025 2749 3360 2805; x_wconf 83' lang='lat' dir='ltr'>doctrinam.</span> 
     </span>
    </p>
   </div>
   <div class='ocr_carea' id='block_1_58' title="bbox 2791 2847 3183 2898">
    <p class='ocr_par' dir='ltr' id='par_1_58' title="bbox 2791 2847 3183 2898">
     <span class='ocr_line' id='line_1_58' title="bbox 2791 2847 3183 2898; baseline -0.005 0"><span class='ocrx_word' id='word_1_377' title='bbox 2791 2851 2910 2898; x_wconf 85' lang='lat' dir='ltr'>Post</span> <span class='ocrx_word' id='word_1_378' title='bbox 2932 2847 3183 2898; x_wconf 72' lang='lat' dir='ltr'>nomina.’</span> 
     </span>
    </p>
   </div>
   <div class='ocr_carea' id='block_1_59' title="bbox 2239 2931 3814 3006">
    <p class='ocr_par' dir='ltr' id='par_1_59' title="bbox 2239 2931 3814 3006">
     <span class='ocr_line' id='line_1_59' title="bbox 2239 2931 3814 3006; baseline -0.003 -16"><span class='ocrx_word' id='word_1_379' title='bbox 2239 2936 2418 2990; x_wconf 91' lang='lat' dir='ltr'>Deum</span> <span class='ocrx_word' id='word_1_380' title='bbox 2453 2934 2905 3006; x_wconf 86' lang='lat' dir='ltr'>omnipotentem</span> <span class='ocrx_word' id='word_1_381' title='bbox 2944 2951 3192 3003; x_wconf 90' lang='lat' dir='ltr'>oremus,</span> <span class='ocrx_word' id='word_1_382' title='bbox 3241 2931 3339 3006; x_wconf 90' lang='lat' dir='ltr'>qui</span> <span class='ocrx_word' id='word_1_383' title='bbox 3397 2931 3814 2988; x_wconf 69' lang='lat' dir='ltr'>Bethlemiticae</span> 
     </span>
    </p>
   </div>
   <div class='ocr_carea' id='block_1_60' title="bbox 2167 3027 3812 3101">
    <p class='ocr_par' dir='ltr' id='par_1_60' title="bbox 2167 3027 3812 3101">
     <span class='ocr_line' id='line_1_60' title="bbox 2167 3027 3812 3101; baseline -0.001 -19"><span class='ocrx_word' id='word_1_384' title='bbox 2167 3028 2318 3100; x_wconf 85' lang='lat' dir='ltr'>plebi</span> <span class='ocrx_word' id='word_1_385' title='bbox 2338 3047 2400 3084; x_wconf 93' lang='lat' dir='ltr'>ac</span> <span class='ocrx_word' id='word_1_386' title='bbox 2427 3029 2722 3085; x_wconf 75' lang='lat' dir='ltr'>dominicae</span> <span class='ocrx_word' id='word_1_387' title='bbox 2739 3029 2950 3084; x_wconf 89' lang='lat' dir='ltr'>civitati</span> <span class='ocrx_word' id='word_1_388' title='bbox 2967 3045 3069 3101; x_wconf 91' lang='lat' dir='ltr'>pro</span> <span class='ocrx_word' id='word_1_389' title='bbox 3095 3027 3502 3100; x_wconf 85' lang='lat' dir='ltr'>temporalibus</span> <span class='ocrx_word' id='word_1_390' title='bbox 3529 3027 3812 3081; x_wconf 60' lang='lat' dir='ltr'>aerumnis</span> 
     </span>
    </p>
   </div>
   <div class='ocr_carea' id='block_1_61' title="bbox 426 3121 3808 3222">
    <p class='ocr_par' dir='ltr' id='par_1_61' title="bbox 426 3121 3808 3222">
     <span class='ocr_line' id='line_1_61' title="bbox 426 3121 3808 3222; baseline -0.002 -22"><span class='ocrx_word' id='word_1_391' title='bbox 426 3121 660 3218; x_wconf 15' lang='lat' dir='ltr'>gitusﬁes</span> <span class='ocrx_word' id='word_1_392' title='bbox 677 3149 742 3199; x_wconf 90' lang='lat' dir='ltr'>ut</span> <span class='ocrx_word' id='word_1_393' title='bbox 771 3145 1014 3199; x_wconf 91' lang='lat' dir='ltr'>imbrem</span> <span class='ocrx_word' id='word_1_394' title='bbox 1039 3121 1294 3215; x_wconf 87' lang='lat' dir='ltr'>lapidum</span> <span class='ocrx_word' id='word_1_395' title='bbox 1332 3143 1645 3198; x_wconf 86' lang='lat' dir='ltr'>clementer</span> <span class='ocrx_word' id='word_1_396' title='bbox 1669 3143 1974 3215; x_wconf 86' lang='lat' dir='ltr'>exciperet,</span> <span class='ocrx_word' id='word_1_397' title='bbox 2013 3147 2141 3222; x_wconf 79' lang='lat' dir='ltr'>etC</span> <span class='ocrx_word' id='word_1_398' title='bbox 2170 3123 2376 3194; x_wconf 69' lang='lat' dir='ltr'>gaudia</span> <span class='ocrx_word' id='word_1_399' title='bbox 2423 3127 2632 3222; x_wconf 53' lang='grc' dir='ltr'>ξθῗθξἮέ</span> <span class='ocrx_word' id='word_1_400' title='bbox 2681 3123 2898 3222; x_wconf 40' lang='lat' dir='ltr'>“afuit,</span> <span class='ocrx_word' id='word_1_401' title='bbox 2954 3126 3020 3178; x_wconf 65' lang='grc' dir='ltr'>ατ</span> <span class='ocrx_word' id='word_1_402' title='bbox 3069 3123 3276 3222; x_wconf 50' lang='lat' dir='ltr'>Rfmhel</span> <span class='ocrx_word' id='word_1_403' title='bbox 3317 3125 3508 3222; x_wconf 41' lang='lat'>53209</span> <span class='ocrx_word' id='word_1_404' title='bbox 3551 3121 3808 3192; x_wconf 65' lang='lat' dir='ltr'>910mm:</span> 
     </span>
    </p>
   </div>
   <div class='ocr_carea' id='block_1_62' title="bbox 423 3237 2064 3311">
    <p class='ocr_par' dir='ltr' id='par_1_62' title="bbox 423 3237 2064 3311">
     <span class='ocr_line' id='line_1_62' title="bbox 423 3237 2064 3311; baseline -0.001 -18"><span class='ocrx_word' id='word_1_405' title='bbox 423 3243 527 3310; x_wconf 79' lang='lat' dir='ltr'>pro</span> <span class='ocrx_word' id='word_1_406' title='bbox 569 3239 951 3311; x_wconf 89' lang='lat' dir='ltr'>lapidantibus</span> <span class='ocrx_word' id='word_1_407' title='bbox 981 3255 1040 3293; x_wconf 89' lang='lat' dir='ltr'>se</span> <span class='ocrx_word' id='word_1_408' title='bbox 1065 3237 1426 3310; x_wconf 89' lang='lat' dir='ltr'>supplicaret,</span> <span class='ocrx_word' id='word_1_409' title='bbox 1455 3237 1726 3309; x_wconf 85' lang='lat' dir='ltr'>pietatem</span> <span class='ocrx_word' id='word_1_410' title='bbox 1749 3241 1926 3307; x_wconf 89' lang='lat' dir='ltr'>tuam,</span> <span class='ocrx_word' id='word_1_411' title='bbox 1957 3239 2064 3291; x_wconf 84' lang='lat' dir='ltr'>Do-</span> 
     </span>
    </p>
   </div>
   <div class='ocr_carea' id='block_1_63' title="bbox 423 3331 2065 3404">
    <p class='ocr_par' dir='ltr' id='par_1_63' title="bbox 423 3331 2065 3404">
     <span class='ocr_line' id='line_1_63' title="bbox 423 3331 2065 3404; baseline -0.001 -17"><span class='ocrx_word' id='word_1_412' title='bbox 423 3331 598 3402; x_wconf 89' lang='lat' dir='ltr'>mine,</span> <span class='ocrx_word' id='word_1_413' title='bbox 627 3331 908 3404; x_wconf 91' lang='lat' dir='ltr'>supplices</span> <span class='ocrx_word' id='word_1_414' title='bbox 935 3331 1324 3404; x_wconf 87' lang='lat' dir='ltr'>deprecamur,</span> <span class='ocrx_word' id='word_1_415' title='bbox 1351 3335 1415 3386; x_wconf 89' lang='lat' dir='ltr'>ut</span> <span class='ocrx_word' id='word_1_416' title='bbox 1439 3335 1803 3403; x_wconf 88' lang='lat' dir='ltr'>peccatorum</span> <span class='ocrx_word' id='word_1_417' title='bbox 1843 3331 2065 3386; x_wconf 85' lang='lat' dir='ltr'>veniam</span> 
     </span>
    </p>
   </div>
   <div class='ocr_carea' id='block_1_64' title="bbox 423 3442 855 3499">
    <p class='ocr_par' dir='ltr' id='par_1_64' title="bbox 423 3442 855 3499">
     <span class='ocr_line' id='line_1_64' title="bbox 423 3442 855 3499; baseline 0.002 -18"><span class='ocrx_word' id='word_1_418' title='bbox 423 3442 855 3499; x_wconf 89' lang='lat' dir='ltr'>consequamur.</span> 
     </span>
    </p>
   </div>
   <div class='ocr_carea' id='block_1_65' title="bbox 1065 3495 1399 3546">
    <p class='ocr_par' dir='ltr' id='par_1_65' title="bbox 1065 3495 1399 3546">
     <span class='ocr_line' id='line_1_65' title="bbox 1065 3495 1399 3546; baseline -0.003 -1"><span class='ocrx_word' id='word_1_419' title='bbox 1065 3495 1399 3546; x_wconf 87' lang='lat' dir='ltr'>Contestatio.</span> 
     </span>
    </p>
   </div>
   <div class='ocr_carea' id='block_1_66' title="bbox 493 3575 2064 3650">
    <p class='ocr_par' dir='ltr' id='par_1_66' title="bbox 493 3575 2064 3650">
     <span class='ocr_line' id='line_1_66' title="bbox 493 3575 2064 3650; baseline 0 -18"><span class='ocrx_word' id='word_1_420' title='bbox 493 3579 630 3634; x_wconf 88' lang='lat' dir='ltr'>Vere</span> <span class='ocrx_word' id='word_1_421' title='bbox 652 3577 890 3650; x_wconf 90' lang='lat' dir='ltr'>dignum</span> <span class='ocrx_word' id='word_1_422' title='bbox 912 3581 968 3633; x_wconf 90' lang='lat' dir='ltr'>et</span> <span class='ocrx_word' id='word_1_423' title='bbox 984 3577 1208 3648; x_wconf 88' lang='lat' dir='ltr'>justum</span> <span class='ocrx_word' id='word_1_424' title='bbox 1235 3579 1320 3631; x_wconf 91' lang='lat' dir='ltr'>est</span> <span class='ocrx_word' id='word_1_425' title='bbox 1339 3593 1442 3648; x_wconf 88' lang='lat' dir='ltr'>per</span> <span class='ocrx_word' id='word_1_426' title='bbox 1455 3575 1744 3631; x_wconf 89' lang='lat' dir='ltr'>Christum</span> <span class='ocrx_word' id='word_1_427' title='bbox 1760 3577 2064 3632; x_wconf 87' lang='lat' dir='ltr'>Dominum</span> 
     </span>
    </p>
   </div>
   <div class='ocr_carea' id='block_1_67' title="bbox 421 3670 2064 3738">
    <p class='ocr_par' dir='ltr' id='par_1_67' title="bbox 421 3670 2064 3738">
     <span class='ocr_line' id='line_1_67' title="bbox 421 3670 2064 3738; baseline 0.001 -14"><span class='ocrx_word' id='word_1_428' title='bbox 421 3673 704 3726; x_wconf 90' lang='lat' dir='ltr'>nostrum.</span> <span class='ocrx_word' id='word_1_429' title='bbox 750 3671 854 3735; x_wconf 88' lang='lat' dir='ltr'>Qui</span> <span class='ocrx_word' id='word_1_430' title='bbox 885 3671 962 3726; x_wconf 86' lang='lat' dir='ltr'>ita</span> <span class='ocrx_word' id='word_1_431' title='bbox 990 3670 1157 3725; x_wconf 90' lang='lat' dir='ltr'>militi</span> <span class='ocrx_word' id='word_1_432' title='bbox 1183 3687 1284 3724; x_wconf 89' lang='lat' dir='ltr'>suo</span> <span class='ocrx_word' id='word_1_433' title='bbox 1311 3670 1442 3725; x_wconf 84' lang='lat' dir='ltr'>ﬁdei</span> <span class='ocrx_word' id='word_1_434' title='bbox 1469 3675 1685 3725; x_wconf 80' lang='lat' dir='ltr'>armata</span> <span class='ocrx_word' id='word_1_435' title='bbox 1705 3671 1908 3726; x_wconf 88' lang='lat' dir='ltr'>astutia</span> <span class='ocrx_word' id='word_1_436' title='bbox 1923 3671 1967 3738; x_wconf 76' lang='grc'>⁸,</span> <span class='ocrx_word' id='word_1_437' title='bbox 1999 3675 2064 3725; x_wconf 91' lang='lat' dir='ltr'>ut</span> 
     </span>
    </p>
   </div>
   <div class='ocr_carea' id='block_1_68' title="bbox 420 3761 2060 3833">
    <p class='ocr_par' dir='ltr' id='par_1_68' title="bbox 420 3761 2060 3833">
     <span class='ocr_line' id='line_1_68' title="bbox 420 3761 2060 3833; baseline 0.002 -17"><span class='ocrx_word' id='word_1_438' title='bbox 420 3780 525 3833; x_wconf 90' lang='lat' dir='ltr'>pro</span> <span class='ocrx_word' id='word_1_439' title='bbox 553 3762 650 3817; x_wconf 88' lang='lat' dir='ltr'>illo</span> <span class='ocrx_word' id='word_1_440' title='bbox 679 3767 892 3818; x_wconf 87' lang='lat' dir='ltr'>certare</span> <span class='ocrx_word' id='word_1_441' title='bbox 913 3779 1028 3816; x_wconf 90' lang='lat' dir='ltr'>non</span> <span class='ocrx_word' id='word_1_442' title='bbox 1058 3761 1298 3818; x_wconf 72' lang='lat' dir='ltr'>differat.</span> <span class='ocrx_word' id='word_1_443' title='bbox 1339 3762 1436 3816; x_wconf 86' lang='lat' dir='ltr'>Hic</span> <span class='ocrx_word' id='word_1_444' title='bbox 1467 3767 1550 3817; x_wconf 89' lang='lat' dir='ltr'>est</span> <span class='ocrx_word' id='word_1_445' title='bbox 1589 3763 1788 3818; x_wconf 91' lang='lat' dir='ltr'>beatus</span> <span class='ocrx_word' id='word_1_446' title='bbox 1817 3763 1909 3818; x_wconf 92' lang='lat' dir='ltr'>ille</span> <span class='ocrx_word' id='word_1_447' title='bbox 1938 3764 2060 3819; x_wconf 89' lang='lat' dir='ltr'>Ste-</span> 
     </span>
    </p>
   </div>
   <div class='ocr_carea' id='block_1_69' title="bbox 419 3855 2060 3928">
    <p class='ocr_par' dir='ltr' id='par_1_69' title="bbox 419 3855 2060 3928">
     <span class='ocr_line' id='line_1_69' title="bbox 419 3855 2060 3928; baseline 0.001 -18"><span class='ocrx_word' id='word_1_448' title='bbox 419 3857 602 3924; x_wconf 89' lang='lat' dir='ltr'>fanus,</span> <span class='ocrx_word' id='word_1_449' title='bbox 631 3871 838 3910; x_wconf 90' lang='lat' dir='ltr'>corona</span> <span class='ocrx_word' id='word_1_450' title='bbox 865 3855 1114 3910; x_wconf 90' lang='lat' dir='ltr'>nominis</span> <span class='ocrx_word' id='word_1_451' title='bbox 1139 3859 1194 3910; x_wconf 90' lang='lat' dir='ltr'>et</span> <span class='ocrx_word' id='word_1_452' title='bbox 1223 3855 1428 3910; x_wconf 66' lang='lat' dir='ltr'>divina:</span> <span class='ocrx_word' id='word_1_453' title='bbox 1452 3856 1646 3928; x_wconf 75' lang='lat' dir='ltr'>gratiae</span> <span class='ocrx_word' id='word_1_454' title='bbox 1683 3861 2060 3913; x_wconf 90' lang='lat' dir='ltr'>consecratus.</span> 
     </span>
    </p>
   </div>
   <div class='ocr_carea' id='block_1_70' title="bbox 423 3948 2062 4020">
    <p class='ocr_par' dir='ltr' id='par_1_70' title="bbox 423 3948 2062 4020">
     <span class='ocr_line' id='line_1_70' title="bbox 423 3948 2062 4020; baseline 0.002 -17"><span class='ocrx_word' id='word_1_455' title='bbox 423 3949 522 4004; x_wconf 80' lang='lat' dir='ltr'>Hic</span> <span class='ocrx_word' id='word_1_456' title='bbox 553 3952 635 4003; x_wconf 89' lang='lat' dir='ltr'>est</span> <span class='ocrx_word' id='word_1_457' title='bbox 658 3965 908 4020; x_wconf 61' lang='lat' dir='ltr'>praisens</span> <span class='ocrx_word' id='word_1_458' title='bbox 933 3948 1208 4019; x_wconf 87' lang='lat' dir='ltr'>passionis</span> <span class='ocrx_word' id='word_1_459' title='bbox 1233 3949 1453 4002; x_wconf 90' lang='lat' dir='ltr'>Domini</span> <span class='ocrx_word' id='word_1_460' title='bbox 1479 3953 1535 4003; x_wconf 89' lang='lat' dir='ltr'>et</span> <span class='ocrx_word' id='word_1_461' title='bbox 1563 3949 1859 4005; x_wconf 90' lang='lat' dir='ltr'>Salvatoris</span> <span class='ocrx_word' id='word_1_462' title='bbox 1885 3952 2062 4006; x_wconf 87' lang='lat' dir='ltr'>nostri</span> 
     </span>
    </p>
   </div>
   <div class='ocr_carea' id='block_1_71' title="bbox 420 4041 2062 4115">
    <p class='ocr_par' dir='ltr' id='par_1_71' title="bbox 420 4041 2062 4115">
     <span class='ocr_line' id='line_1_71' title="bbox 420 4041 2062 4115; baseline 0.002 -18"><span class='ocrx_word' id='word_1_463' title='bbox 420 4058 670 4111; x_wconf 89' lang='lat' dir='ltr'>consors,</span> <span class='ocrx_word' id='word_1_464' title='bbox 722 4041 1042 4113; x_wconf 64' lang='lat' dir='ltr'>apostolicae</span> <span class='ocrx_word' id='word_1_465' title='bbox 1091 4041 1336 4113; x_wconf 89' lang='lat' dir='ltr'>dignatis</span> <span class='ocrx_word' id='word_1_466' title='bbox 1378 4041 1640 4115; x_wconf 82' lang='lat' dir='ltr'>[culmen]</span> <span class='ocrx_word' id='word_1_467' title='bbox 1685 4043 1892 4115; x_wconf 89' lang='lat' dir='ltr'>attigit,</span> <span class='ocrx_word' id='word_1_468' title='bbox 1928 4061 2062 4100; x_wconf 81' lang='lat' dir='ltr'>mox</span> 
     </span>
    </p>
   </div>
   <div class='ocr_carea' id='block_1_72' title="bbox 419 4135 2061 4208">
    <p class='ocr_par' dir='ltr' id='par_1_72' title="bbox 419 4135 2061 4208">
     <span class='ocr_line' id='line_1_72' title="bbox 419 4135 2061 4208; baseline 0.001 -17"><span class='ocrx_word' id='word_1_469' title='bbox 419 4135 831 4208; x_wconf 67' lang='lat' dir='ltr'>praedicationis</span> <span class='ocrx_word' id='word_1_470' title='bbox 857 4135 1162 4190; x_wconf 90' lang='lat' dir='ltr'>Dominicae</span> <span class='ocrx_word' id='word_1_471' title='bbox 1202 4139 1260 4191; x_wconf 90' lang='lat' dir='ltr'>et</span> <span class='ocrx_word' id='word_1_472' title='bbox 1297 4135 1454 4190; x_wconf 89' lang='lat' dir='ltr'>testis</span> <span class='ocrx_word' id='word_1_473' title='bbox 1499 4137 1746 4192; x_wconf 87' lang='lat' dir='ltr'>veritatis</span> <span class='ocrx_word' id='word_1_474' title='bbox 1783 4154 1900 4192; x_wconf 90' lang='lat' dir='ltr'>esse</span> <span class='ocrx_word' id='word_1_475' title='bbox 1942 4155 2061 4193; x_wconf 90' lang='lat' dir='ltr'>non</span> 
     </span>
    </p>
   </div>
   <div class='ocr_carea' id='block_1_73' title="bbox 417 4229 2062 4301">
    <p class='ocr_par' dir='ltr' id='par_1_73' title="bbox 417 4229 2062 4301">
     <span class='ocr_line' id='line_1_73' title="bbox 417 4229 2062 4301; baseline 0.001 -15"><span class='ocrx_word' id='word_1_476' title='bbox 417 4229 652 4286; x_wconf 86' lang='lat' dir='ltr'>distulit.</span> <span class='ocrx_word' id='word_1_477' title='bbox 681 4232 830 4285; x_wconf 91' lang='lat' dir='ltr'>Dum</span> <span class='ocrx_word' id='word_1_478' title='bbox 855 4230 926 4284; x_wconf 87' lang='lat' dir='ltr'>ab</span> <span class='ocrx_word' id='word_1_479' title='bbox 953 4229 1144 4301; x_wconf 88' lang='lat' dir='ltr'>impiis</span> <span class='ocrx_word' id='word_1_480' title='bbox 1156 4229 1364 4284; x_wconf 76' lang='lat' dir='ltr'>Iudaeis</span> <span class='ocrx_word' id='word_1_481' title='bbox 1393 4229 1710 4285; x_wconf 86' lang='lat' dir='ltr'>saevissimis</span> <span class='ocrx_word' id='word_1_482' title='bbox 1733 4229 1936 4286; x_wconf 88' lang='lat' dir='ltr'>ictibus</span> <span class='ocrx_word' id='word_1_483' title='bbox 1959 4249 2062 4287; x_wconf 73' lang='lat' dir='ltr'>cas-</span> 
     </span>
    </p>
   </div>
   <div class='ocr_carea' id='block_1_74' title="bbox 417 4323 2056 4397">
    <p class='ocr_par' dir='ltr' id='par_1_74' title="bbox 417 4323 2056 4397">
     <span class='ocr_line' id='line_1_74' title="bbox 417 4323 2056 4397; baseline 0.001 -17"><span class='ocrx_word' id='word_1_484' title='bbox 417 4325 665 4393; x_wconf 85' lang='lat' dir='ltr'>deretur,</span> <span class='ocrx_word' id='word_1_485' title='bbox 709 4325 805 4381; x_wconf 91' lang='lat' dir='ltr'>ille</span> <span class='ocrx_word' id='word_1_486' title='bbox 832 4341 1062 4397; x_wconf 87' lang='lat' dir='ltr'>precem</span> <span class='ocrx_word' id='word_1_487' title='bbox 1093 4340 1196 4396; x_wconf 91' lang='lat' dir='ltr'>pro</span> <span class='ocrx_word' id='word_1_488' title='bbox 1231 4323 1309 4379; x_wconf 91' lang='lat' dir='ltr'>eis</span> <span class='ocrx_word' id='word_1_489' title='bbox 1335 4323 1606 4380; x_wconf 89' lang='lat' dir='ltr'>fundebat</span> <span class='ocrx_word' id='word_1_490' title='bbox 1635 4324 1704 4378; x_wconf 92' lang='lat' dir='ltr'>ad</span> <span class='ocrx_word' id='word_1_491' title='bbox 1733 4325 2056 4381; x_wconf 87' lang='lat' dir='ltr'>Dominum.</span> 
     </span>
    </p>
   </div>
   <div class='ocr_carea' id='block_1_75' title="bbox 417 4417 2054 4491">
    <p class='ocr_par' dir='ltr' id='par_1_75' title="bbox 417 4417 2054 4491">
     <span class='ocr_line' id='line_1_75' title="bbox 417 4417 2054 4491; baseline 0 -16"><span class='ocrx_word' id='word_1_492' title='bbox 417 4420 594 4491; x_wconf 75' lang='lat' dir='ltr'>Rogo,</span> <span class='ocrx_word' id='word_1_493' title='bbox 629 4419 834 4490; x_wconf 90' lang='lat' dir='ltr'>inquit,</span> <span class='ocrx_word' id='word_1_494' title='bbox 862 4417 1120 4488; x_wconf 89' lang='lat' dir='ltr'>Domine,</span> <span class='ocrx_word' id='word_1_495' title='bbox 1148 4435 1220 4474; x_wconf 91' lang='lat' dir='ltr'>ne</span> <span class='ocrx_word' id='word_1_496' title='bbox 1241 4421 1449 4474; x_wconf 88' lang='lat' dir='ltr'>statuas</span> <span class='ocrx_word' id='word_1_497' title='bbox 1473 4417 1588 4472; x_wconf 90' lang='lat' dir='ltr'>illis</span> <span class='ocrx_word' id='word_1_498' title='bbox 1611 4418 1719 4473; x_wconf 90' lang='lat' dir='ltr'>hoc</span> <span class='ocrx_word' id='word_1_499' title='bbox 1743 4425 2054 4491; x_wconf 88' lang='lat' dir='ltr'>peccatum.</span> 
     </span>
    </p>
   </div>
   <div class='ocr_carea' id='block_1_76' title="bbox 2167 3215 3806 3288">
    <p class='ocr_par' dir='ltr' id='par_1_76' title="bbox 2167 3215 3806 3288">
     <span class='ocr_line' id='line_1_76' title="bbox 2167 3215 3806 3288; baseline -0.002 -18"><span class='ocrx_word' id='word_1_500' title='bbox 2167 3233 2294 3287; x_wconf 70' lang='lat' dir='ltr'>quae</span> <span class='ocrx_word' id='word_1_501' title='bbox 2311 3215 2630 3286; x_wconf 86' lang='lat' dir='ltr'>proferebat</span> <span class='ocrx_word' id='word_1_502' title='bbox 2656 3233 2725 3271; x_wconf 77' lang='lat' dir='ltr'>ex</span> <span class='ocrx_word' id='word_1_503' title='bbox 2755 3216 2947 3271; x_wconf 88' lang='lat' dir='ltr'>dolore</span> <span class='ocrx_word' id='word_1_504' title='bbox 2971 3215 3268 3288; x_wconf 88' lang='lat' dir='ltr'>gemitum,</span> <span class='ocrx_word' id='word_1_505' title='bbox 3299 3215 3475 3269; x_wconf 89' lang='lat' dir='ltr'>nollet</span> <span class='ocrx_word' id='word_1_506' title='bbox 3499 3231 3569 3270; x_wconf 82' lang='lat' dir='ltr'>ex</span> <span class='ocrx_word' id='word_1_507' title='bbox 3596 3230 3806 3268; x_wconf 89' lang='lat' dir='ltr'>conso-</span> 
     </span>
    </p>
   </div>
   <div class='ocr_carea' id='block_1_77' title="bbox 2165 3309 3812 3382">
    <p class='ocr_par' dir='ltr' id='par_1_77' title="bbox 2165 3309 3812 3382">
     <span class='ocr_line' id='line_1_77' title="bbox 2165 3309 3812 3382; baseline -0.002 -18"><span class='ocrx_word' id='word_1_508' title='bbox 2165 3310 2377 3365; x_wconf 88' lang='lat' dir='ltr'>latione</span> <span class='ocrx_word' id='word_1_509' title='bbox 2405 3310 2670 3365; x_wconf 89' lang='lat' dir='ltr'>solatium</span> <span class='ocrx_word' id='word_1_510' title='bbox 2699 3328 2712 3365; x_wconf 89' lang='lat'><strong>:</strong></span> <span class='ocrx_word' id='word_1_511' title='bbox 2747 3327 2876 3382; x_wconf 68' lang='lat' dir='ltr'>qua:</span> <span class='ocrx_word' id='word_1_512' title='bbox 2912 3311 3042 3364; x_wconf 89' lang='lat' dir='ltr'>licet</span> <span class='ocrx_word' id='word_1_513' title='bbox 3079 3310 3364 3365; x_wconf 86' lang='lat' dir='ltr'>videretur</span> <span class='ocrx_word' id='word_1_514' title='bbox 3409 3309 3478 3363; x_wconf 93' lang='lat' dir='ltr'>de</span> <span class='ocrx_word' id='word_1_515' title='bbox 3525 3311 3812 3379; x_wconf 78' lang='lat' dir='ltr'>praesente</span> 
     </span>
    </p>
   </div>
   <div class='ocr_carea' id='block_1_78' title="bbox 2165 3403 3806 3474">
    <p class='ocr_par' dir='ltr' id='par_1_78' title="bbox 2165 3403 3806 3474">
     <span class='ocr_line' id='line_1_78' title="bbox 2165 3403 3806 3474; baseline 0 -18"><span class='ocrx_word' id='word_1_516' title='bbox 2165 3404 2449 3459; x_wconf 90' lang='lat' dir='ltr'>infantum</span> <span class='ocrx_word' id='word_1_517' title='bbox 2478 3404 2782 3459; x_wconf 90' lang='lat' dir='ltr'>amissione</span> <span class='ocrx_word' id='word_1_518' title='bbox 2821 3404 3142 3474; x_wconf 88' lang='lat' dir='ltr'>conterrita,</span> <span class='ocrx_word' id='word_1_519' title='bbox 3171 3409 3289 3459; x_wconf 88' lang='lat' dir='ltr'>erat</span> <span class='ocrx_word' id='word_1_520' title='bbox 3317 3407 3510 3458; x_wconf 87' lang='lat' dir='ltr'>tamen</span> <span class='ocrx_word' id='word_1_521' title='bbox 3539 3403 3609 3456; x_wconf 92' lang='lat' dir='ltr'>de</span> <span class='ocrx_word' id='word_1_522' title='bbox 3649 3417 3806 3456; x_wconf 86' lang='lat' dir='ltr'>mar-</span> 
     </span>
    </p>
   </div>
   <div class='ocr_carea' id='block_1_79' title="bbox 2165 3497 3126 3570">
    <p class='ocr_par' dir='ltr' id='par_1_79' title="bbox 2165 3497 3126 3570">
     <span class='ocr_line' id='line_1_79' title="bbox 2165 3497 3126 3570; baseline 0 -18"><span class='ocrx_word' id='word_1_523' title='bbox 2165 3497 2298 3569; x_wconf 89' lang='lat' dir='ltr'>tyrii</span> <span class='ocrx_word' id='word_1_524' title='bbox 2316 3497 2480 3553; x_wconf 88' lang='lat' dir='ltr'>beata</span> <span class='ocrx_word' id='word_1_525' title='bbox 2505 3498 2886 3570; x_wconf 89' lang='lat' dir='ltr'>perpetuitate</span> <span class='ocrx_word' id='word_1_526' title='bbox 2911 3514 3126 3553; x_wconf 89' lang='lat' dir='ltr'>secura.</span> 
     </span>
    </p>
   </div>
   <div class='ocr_carea' id='block_1_80' title="bbox 2830 3597 3137 3662">
    <p class='ocr_par' dir='ltr' id='par_1_80' title="bbox 2830 3597 3137 3662">
     <span class='ocr_line' id='line_1_80' title="bbox 2830 3597 3137 3662; baseline -0.013 -14"><span class='ocrx_word' id='word_1_527' title='bbox 2830 3597 2908 3648; x_wconf 78' lang='lat' dir='ltr'>Ad</span> <span class='ocrx_word' id='word_1_528' title='bbox 2935 3609 3137 3662; x_wconf 88' lang='lat' dir='ltr'>pacem.</span> 
     </span>
    </p>
   </div>
   <div class='ocr_carea' id='block_1_81' title="bbox 2235 3681 3802 3755">
    <p class='ocr_par' dir='ltr' id='par_1_81' title="bbox 2235 3681 3802 3755">
     <span class='ocr_line' id='line_1_81' title="bbox 2235 3681 3802 3755; baseline -0.001 -19"><span class='ocrx_word' id='word_1_529' title='bbox 2235 3683 2400 3751; x_wconf 87' lang='lat' dir='ltr'>Deus,</span> <span class='ocrx_word' id='word_1_530' title='bbox 2457 3682 2554 3755; x_wconf 91' lang='lat' dir='ltr'>qui</span> <span class='ocrx_word' id='word_1_531' title='bbox 2605 3682 2876 3754; x_wconf 86' lang='lat' dir='ltr'>martyrio</span> <span class='ocrx_word' id='word_1_532' title='bbox 2927 3686 2984 3738; x_wconf 89' lang='lat' dir='ltr'>et</span> <span class='ocrx_word' id='word_1_533' title='bbox 3037 3681 3366 3737; x_wconf 88' lang='lat' dir='ltr'>innocentia</span> <span class='ocrx_word' id='word_1_534' title='bbox 3429 3681 3802 3753; x_wconf 88' lang='lat' dir='ltr'>parvulorum</span> 
     </span>
    </p>
   </div>
   <div class='ocr_carea' id='block_1_82' title="bbox 2164 3775 3801 3848">
    <p class='ocr_par' dir='ltr' id='par_1_82' title="bbox 2164 3775 3801 3848">
     <span class='ocr_line' id='line_1_82' title="bbox 2164 3775 3801 3848; baseline 0 -18"><span class='ocrx_word' id='word_1_535' title='bbox 2164 3777 2569 3848; x_wconf 89' lang='lat' dir='ltr'>triumphalem</span> <span class='ocrx_word' id='word_1_536' title='bbox 2595 3777 2748 3832; x_wconf 89' lang='lat' dir='ltr'>hunc</span> <span class='ocrx_word' id='word_1_537' title='bbox 2796 3777 2948 3832; x_wconf 89' lang='lat' dir='ltr'>diem</span> <span class='ocrx_word' id='word_1_538' title='bbox 2988 3793 3106 3833; x_wconf 88' lang='lat' dir='ltr'>esse</span> <span class='ocrx_word' id='word_1_539' title='bbox 3147 3776 3374 3846; x_wconf 90' lang='lat' dir='ltr'>fecisti;</span> <span class='ocrx_word' id='word_1_540' title='bbox 3423 3775 3687 3847; x_wconf 81' lang='lat' dir='ltr'>exempla</span> <span class='ocrx_word' id='word_1_541' title='bbox 3729 3775 3801 3830; x_wconf 90' lang='lat' dir='ltr'>ad</span> 
     </span>
    </p>
   </div>
   <div class='ocr_carea' id='block_1_83' title="bbox 2164 3869 3804 3942">
    <p class='ocr_par' dir='ltr' id='par_1_83' title="bbox 2164 3869 3804 3942">
     <span class='ocr_line' id='line_1_83' title="bbox 2164 3869 3804 3942; baseline -0.001 -17"><span class='ocrx_word' id='word_1_542' title='bbox 2164 3871 2484 3942; x_wconf 89' lang='lat' dir='ltr'>augendam</span> <span class='ocrx_word' id='word_1_543' title='bbox 2509 3870 2680 3926; x_wconf 87' lang='lat' dir='ltr'>ﬁdem</span> <span class='ocrx_word' id='word_1_544' title='bbox 2709 3870 3086 3927; x_wconf 89' lang='lat' dir='ltr'>Ecclesiarum</span> <span class='ocrx_word' id='word_1_545' title='bbox 3109 3875 3338 3926; x_wconf 89' lang='lat' dir='ltr'>tuarum</span> <span class='ocrx_word' id='word_1_546' title='bbox 3375 3869 3804 3942; x_wconf 87' lang='lat' dir='ltr'>proﬁcientibus</span> 
     </span>
    </p>
   </div>
   <div class='ocr_carea' id='block_1_84' title="bbox 2162 3965 2723 4035">
    <p class='ocr_par' dir='ltr' id='par_1_84' title="bbox 2162 3965 2723 4035">
     <span class='ocr_line' id='line_1_84' title="bbox 2162 3965 2723 4035; baseline 0 -15"><span class='ocrx_word' id='word_1_547' title='bbox 2162 3965 2429 4020; x_wconf 79' lang='lat' dir='ltr'>exaudire</span> <span class='ocrx_word' id='word_1_548' title='bbox 2454 3965 2723 4035; x_wconf 89' lang='lat' dir='ltr'>digneris.</span> 
     </span>
    </p>
   </div>
   <div class='ocr_carea' id='block_1_85' title="bbox 2795 4035 3126 4085">
    <p class='ocr_par' dir='ltr' id='par_1_85' title="bbox 2795 4035 3126 4085">
     <span class='ocr_line' id='line_1_85' title="bbox 2795 4035 3126 4085; baseline -0.006 0"><span class='ocrx_word' id='word_1_549' title='bbox 2795 4035 3126 4085; x_wconf 84' lang='lat' dir='ltr'>Contestatio.</span> 
     </span>
    </p>
   </div>
   <div class='ocr_carea' id='block_1_86' title="bbox 2231 4115 3808 4189">
    <p class='ocr_par' dir='ltr' id='par_1_86' title="bbox 2231 4115 3808 4189">
     <span class='ocr_line' id='line_1_86' title="bbox 2231 4115 3808 4189; baseline 0.002 -19"><span class='ocrx_word' id='word_1_550' title='bbox 2231 4117 2370 4171; x_wconf 82' lang='lat' dir='ltr'>Vere</span> <span class='ocrx_word' id='word_1_551' title='bbox 2394 4115 2633 4187; x_wconf 88' lang='lat' dir='ltr'>dignum</span> <span class='ocrx_word' id='word_1_552' title='bbox 2662 4121 2718 4171; x_wconf 91' lang='lat' dir='ltr'>et</span> <span class='ocrx_word' id='word_1_553' title='bbox 2737 4117 2956 4188; x_wconf 88' lang='lat' dir='ltr'>justum</span> <span class='ocrx_word' id='word_1_554' title='bbox 2983 4119 3065 4171; x_wconf 92' lang='lat' dir='ltr'>est</span> <span class='ocrx_word' id='word_1_555' title='bbox 3092 4115 3449 4188; x_wconf 87' lang='lat' dir='ltr'>omnipotens</span> <span class='ocrx_word' id='word_1_556' title='bbox 3489 4117 3658 4185; x_wconf 90' lang='lat' dir='ltr'>Deus,</span> <span class='ocrx_word' id='word_1_557' title='bbox 3697 4135 3808 4189; x_wconf 87' lang='lat' dir='ltr'>per</span> 
     </span>
    </p>
   </div>
   <div class='ocr_carea' id='block_1_87' title="bbox 2161 4209 3804 4275">
    <p class='ocr_par' dir='ltr' id='par_1_87' title="bbox 2161 4209 3804 4275">
     <span class='ocr_line' id='line_1_87' title="bbox 2161 4209 3804 4275; baseline 0.001 -11"><span class='ocrx_word' id='word_1_558' title='bbox 2161 4209 2446 4264; x_wconf 89' lang='lat' dir='ltr'>Christum</span> <span class='ocrx_word' id='word_1_559' title='bbox 2487 4209 2790 4264; x_wconf 91' lang='lat' dir='ltr'>Dominum</span> <span class='ocrx_word' id='word_1_560' title='bbox 2815 4213 3095 4265; x_wconf 90' lang='lat' dir='ltr'>nostrum.</span> <span class='ocrx_word' id='word_1_561' title='bbox 3123 4209 3232 4275; x_wconf 85' lang='lat' dir='ltr'>Qui</span> <span class='ocrx_word' id='word_1_562' title='bbox 3261 4211 3528 4266; x_wconf 85' lang='lat' dir='ltr'>rutilante</span> <span class='ocrx_word' id='word_1_563' title='bbox 3552 4211 3712 4266; x_wconf 88' lang='lat' dir='ltr'>fonte</span> <span class='ocrx_word' id='word_1_564' title='bbox 3739 4213 3804 4266; x_wconf 89' lang='lat' dir='ltr'>in</span> 
     </span>
    </p>
   </div>
   <div class='ocr_carea' id='block_1_88' title="bbox 2161 4303 3802 4376">
    <p class='ocr_par' dir='ltr' id='par_1_88' title="bbox 2161 4303 3802 4376">
     <span class='ocr_line' id='line_1_88' title="bbox 2161 4303 3802 4376; baseline 0.001 -18"><span class='ocrx_word' id='word_1_565' title='bbox 2161 4303 2471 4360; x_wconf 89' lang='lat' dir='ltr'>Betthelem</span> <span class='ocrx_word' id='word_1_566' title='bbox 2497 4303 2719 4360; x_wconf 89' lang='lat' dir='ltr'>civitate</span> <span class='ocrx_word' id='word_1_567' title='bbox 2747 4305 3014 4374; x_wconf 87' lang='lat' dir='ltr'>Infantes,</span> <span class='ocrx_word' id='word_1_568' title='bbox 3048 4304 3146 4376; x_wconf 89' lang='lat' dir='ltr'>qui</span> <span class='ocrx_word' id='word_1_569' title='bbox 3171 4307 3336 4360; x_wconf 75' lang='lat' dir='ltr'>aetate</span> <span class='ocrx_word' id='word_1_570' title='bbox 3361 4305 3516 4376; x_wconf 91' lang='lat' dir='ltr'>loqui</span> <span class='ocrx_word' id='word_1_571' title='bbox 3545 4321 3664 4359; x_wconf 90' lang='lat' dir='ltr'>non</span> <span class='ocrx_word' id='word_1_572' title='bbox 3691 4323 3802 4376; x_wconf 89' lang='lat' dir='ltr'>po-</span> 
     </span>
    </p>
   </div>
   <div class='ocr_carea' id='block_1_89' title="bbox 2161 4397 3800 4470">
    <p class='ocr_par' dir='ltr' id='par_1_89' title="bbox 2161 4397 3800 4470">
     <span class='ocr_line' id='line_1_89' title="bbox 2161 4397 3800 4470; baseline 0.002 -20"><span class='ocrx_word' id='word_1_573' title='bbox 2161 4399 2362 4466; x_wconf 87' lang='lat' dir='ltr'>terant,</span> <span class='ocrx_word' id='word_1_574' title='bbox 2407 4399 2633 4454; x_wconf 89' lang='lat' dir='ltr'>laudem</span> <span class='ocrx_word' id='word_1_575' title='bbox 2681 4397 2902 4454; x_wconf 90' lang='lat' dir='ltr'>Domini</span> <span class='ocrx_word' id='word_1_576' title='bbox 2955 4415 3088 4453; x_wconf 92' lang='lat' dir='ltr'>cum</span> <span class='ocrx_word' id='word_1_577' title='bbox 3139 4399 3347 4470; x_wconf 90' lang='lat' dir='ltr'>gaudio</span> <span class='ocrx_word' id='word_1_578' title='bbox 3411 4399 3800 4464; x_wconf 87' lang='lat' dir='ltr'>resonabant;</span> 
     </span>
    </p>
   </div>
   <div class='ocr_carea' id='block_1_90' title="bbox 415 4491 3804 4598">
    <p class='ocr_par' dir='ltr' id='par_1_90' title="bbox 415 4491 3804 4598">
     <span class='ocr_line' id='line_1_90' title="bbox 415 4491 3804 4598; baseline 0.001 -31"><span class='ocrx_word' id='word_1_579' title='bbox 415 4513 560 4567; x_wconf 90' lang='lat' dir='ltr'>Dum</span> <span class='ocrx_word' id='word_1_580' title='bbox 585 4516 811 4570; x_wconf 89' lang='lat' dir='ltr'>terrena</span> <span class='ocrx_word' id='word_1_581' title='bbox 843 4516 1033 4570; x_wconf 89' lang='lat' dir='ltr'>tamen</span> <span class='ocrx_word' id='word_1_582' title='bbox 1058 4514 1226 4568; x_wconf 91' lang='lat' dir='ltr'>terris</span> <span class='ocrx_word' id='word_1_583' title='bbox 1251 4513 1514 4569; x_wconf 90' lang='lat' dir='ltr'>membra</span> <span class='ocrx_word' id='word_1_584' title='bbox 1542 4515 1922 4584; x_wconf 90' lang='lat' dir='ltr'>commendat,</span> <span class='ocrx_word' id='word_1_585' title='bbox 1941 4531 2051 4570; x_wconf 88' lang='lat' dir='ltr'>cae-</span> <span class='ocrx_word' id='word_1_586' title='bbox 2073 4523 2132 4598; x_wconf 86' lang='lat' dir='ltr'><strong>D</strong></span> <span class='ocrx_word' id='word_1_587' title='bbox 2157 4491 2324 4598; x_wconf 64' lang='grc' dir='ltr'>ξὀξίδί</span> <span class='ocrx_word' id='word_1_588' title='bbox 2353 4491 2734 4598; x_wconf 42' lang='grc' dir='ltr'>Ρξξὲᾷίοδδδηῖ</span> <span class='ocrx_word' id='word_1_589' title='bbox 2759 4493 2910 4597; x_wconf 61' lang='grc' dir='ltr'>(Πιοᾷ</span> <span class='ocrx_word' id='word_1_590' title='bbox 2940 4491 3050 4597; x_wconf 48' lang='grc' dir='ltr'>ἶίνί</span> <span class='ocrx_word' id='word_1_591' title='bbox 3079 4492 3452 4598; x_wconf 55' lang='grc' dir='ltr'>Ῑξθίῖυξνθτδηῖ</span> <span class='ocrx_word' id='word_1_592' title='bbox 3477 4493 3804 4564; x_wconf 66' lang='lat' dir='ltr'>loquentes;</span> 
     </span>
    </p>
   </div>
   <div class='ocr_carea' id='block_1_91' title="bbox 413 4605 2048 4678">
    <p class='ocr_par' dir='ltr' id='par_1_91' title="bbox 413 4605 2048 4678">
     <span class='ocr_line' id='line_1_91' title="bbox 413 4605 2048 4678; baseline 0.004 -19"><span class='ocrx_word' id='word_1_593' title='bbox 413 4605 610 4660; x_wconf 87' lang='lat' dir='ltr'>lestem</span> <span class='ocrx_word' id='word_1_594' title='bbox 633 4607 896 4678; x_wconf 76' lang='lat' dir='ltr'>spiritum</span> <span class='ocrx_word' id='word_1_595' title='bbox 919 4606 1193 4678; x_wconf 86' lang='lat' dir='ltr'>angelicis</span> <span class='ocrx_word' id='word_1_596' title='bbox 1221 4607 1484 4663; x_wconf 89' lang='lat' dir='ltr'>manibus</span> <span class='ocrx_word' id='word_1_597' title='bbox 1511 4609 1698 4663; x_wconf 81' lang='lat' dir='ltr'>evexit</span> <span class='ocrx_word' id='word_1_598' title='bbox 1715 4609 1784 4664; x_wconf 90' lang='lat' dir='ltr'>ad</span> <span class='ocrx_word' id='word_1_599' title='bbox 1827 4609 2048 4665; x_wconf 60' lang='lat' dir='ltr'>caelum.</span> 
     </span>
    </p>
   </div>
   <div class='ocr_carea' id='block_1_92' title="bbox 413 4699 880 4772">
    <p class='ocr_par' dir='ltr' id='par_1_92' title="bbox 413 4699 880 4772">
     <span class='ocr_line' id='line_1_92' title="bbox 413 4699 880 4772; baseline 0.002 -19"><span class='ocrx_word' id='word_1_600' title='bbox 413 4699 520 4754; x_wconf 88' lang='lat' dir='ltr'>Per</span> <span class='ocrx_word' id='word_1_601' title='bbox 547 4715 718 4771; x_wconf 87' lang='lat' dir='ltr'>quem</span> <span class='ocrx_word' id='word_1_602' title='bbox 745 4702 880 4772; x_wconf 88' lang='lat' dir='ltr'>maj.</span> 
     </span>
    </p>
   </div>
   <div class='ocr_carea' id='block_1_93' title="bbox 803 4817 1654 4860">
    <p class='ocr_par' dir='ltr' id='par_1_93' title="bbox 803 4817 1654 4860">
     <span class='ocr_line' id='line_1_93' title="bbox 803 4817 1654 4860; baseline 0.002 -2"><span class='ocrx_word' id='word_1_603' title='bbox 803 4817 962 4860; x_wconf 75' lang='lat' dir='ltr'><strong>MISSA</strong></span> <span class='ocrx_word' id='word_1_604' title='bbox 1002 4819 1320 4860; x_wconf 70' lang='lat' dir='ltr'>SANCTORUM</span> <span class='ocrx_word' id='word_1_605' title='bbox 1359 4820 1654 4860; x_wconf 80' lang='lat' dir='ltr'>INFANTUM.</span> 
     </span>
    </p>
   </div>
   <div class='ocr_carea' id='block_1_94' title="bbox 475 4891 1990 5004">
    <p class='ocr_par' dir='ltr' id='par_1_94' title="bbox 475 4891 1990 5004">
     <span class='ocr_line' id='line_1_94' title="bbox 475 4891 1990 5004; baseline 0.002 -62"><span class='ocrx_word' id='word_1_606' title='bbox 475 4891 648 4942; x_wconf 87' lang='lat' dir='ltr'>Lectio</span> <span class='ocrx_word' id='word_1_607' title='bbox 672 4891 1014 4956; x_wconf 82' lang='lat' dir='ltr'>Apocalypsis</span> <span class='ocrx_word' id='word_1_608' title='bbox 1039 4891 1483 5004; x_wconf 51' lang='grc' dir='ltr'>εῗὲἑξῶῗέιῖῃηὶε</span> <span class='ocrx_word' id='word_1_609' title='bbox 1505 4893 1728 4958; x_wconf 85' lang='lat' dir='ltr'>legenda</span> <span class='ocrx_word' id='word_1_610' title='bbox 1755 4894 1807 4943; x_wconf 90' lang='lat' dir='ltr'>in</span> <span class='ocrx_word' id='word_1_611' title='bbox 1835 4893 1990 4945; x_wconf 84' lang='lat' dir='ltr'>missa</span> 
     </span>
    </p>
   </div>
   <div class='ocr_carea' id='block_1_95' title="bbox 477 5034 2045 5108">
    <p class='ocr_par' dir='ltr' id='par_1_95' title="bbox 477 5034 2045 5108">
     <span class='ocr_line' id='line_1_95' title="bbox 477 5034 2045 5108; baseline 0.003 -19"><span class='ocrx_word' id='word_1_612' title='bbox 477 5035 594 5106; x_wconf 85' lang='lat' dir='ltr'>Ego</span> <span class='ocrx_word' id='word_1_613' title='bbox 624 5035 905 5090; x_wconf 82' lang='lat' dir='ltr'>Iohannes</span> <span class='ocrx_word' id='word_1_614' title='bbox 930 5034 1044 5090; x_wconf 90' lang='lat' dir='ltr'>vidi</span> <span class='ocrx_word' id='word_1_615' title='bbox 1071 5035 1130 5090; x_wconf 90' lang='lat' dir='ltr'>in</span> <span class='ocrx_word' id='word_1_616' title='bbox 1152 5034 1355 5107; x_wconf 90' lang='lat' dir='ltr'>spiritu</span> <span class='ocrx_word' id='word_1_617' title='bbox 1380 5051 1509 5107; x_wconf 86' lang='lat' dir='ltr'>quae</span> <span class='ocrx_word' id='word_1_618' title='bbox 1531 5040 1755 5108; x_wconf 89' lang='lat' dir='ltr'>oportet</span> <span class='ocrx_word' id='word_1_619' title='bbox 1767 5037 1890 5094; x_wconf 83' lang='lat' dir='ltr'>ﬁeri</span> <span class='ocrx_word' id='word_1_620' title='bbox 1916 5039 2045 5094; x_wconf 92' lang='lat' dir='ltr'>cito.</span> 
     </span>
    </p>
   </div>
   <div class='ocr_carea' id='block_1_96' title="bbox 407 5126 2046 5204">
    <p class='ocr_par' dir='ltr' id='par_1_96' title="bbox 407 5126 2046 5204">
     <span class='ocr_line' id='line_1_96' title="bbox 407 5126 2046 5204; baseline 0.004 -24"><span class='ocrx_word' id='word_1_621' title='bbox 407 5126 528 5182; x_wconf 88' lang='lat' dir='ltr'>Vidi</span> <span class='ocrx_word' id='word_1_622' title='bbox 552 5127 748 5184; x_wconf 90' lang='lat' dir='ltr'>subtus</span> <span class='ocrx_word' id='word_1_623' title='bbox 767 5129 942 5184; x_wconf 83' lang='lat' dir='ltr'>altare</span> <span class='ocrx_word' id='word_1_624' title='bbox 967 5129 1185 5184; x_wconf 87' lang='lat' dir='ltr'>animas</span> <span class='ocrx_word' id='word_1_625' title='bbox 1215 5129 1638 5186; x_wconf 87' lang='lat' dir='ltr'>interfectorum</span> <span class='ocrx_word' id='word_1_626' title='bbox 1663 5137 1896 5204; x_wconf 89' lang='lat' dir='ltr'>propter</span> <span class='ocrx_word' id='word_1_627' title='bbox 1922 5149 2046 5188; x_wconf 84' lang='lat' dir='ltr'>ver-</span> 
     </span>
    </p>
   </div>
   <div class='ocr_carea' id='block_1_97' title="bbox 403 5221 2050 5296">
    <p class='ocr_par' dir='ltr' id='par_1_97' title="bbox 403 5221 2050 5296">
     <span class='ocr_line' id='line_1_97' title="bbox 403 5221 2050 5296; baseline 0.004 -20"><span class='ocrx_word' id='word_1_628' title='bbox 403 5221 543 5276; x_wconf 91' lang='lat' dir='ltr'>bum</span> <span class='ocrx_word' id='word_1_629' title='bbox 563 5221 682 5292; x_wconf 90' lang='lat' dir='ltr'>Dei,</span> <span class='ocrx_word' id='word_1_630' title='bbox 713 5226 769 5277; x_wconf 93' lang='lat' dir='ltr'>et</span> <span class='ocrx_word' id='word_1_631' title='bbox 787 5229 1017 5294; x_wconf 88' lang='lat' dir='ltr'>propter</span> <span class='ocrx_word' id='word_1_632' title='bbox 1046 5223 1436 5279; x_wconf 87' lang='lat' dir='ltr'>testimonium</span> <span class='ocrx_word' id='word_1_633' title='bbox 1461 5225 1612 5296; x_wconf 87' lang='lat' dir='ltr'>quod</span> <span class='ocrx_word' id='word_1_634' title='bbox 1641 5225 1959 5282; x_wconf 88' lang='lat' dir='ltr'>habebant:</span> <span class='ocrx_word' id='word_1_635' title='bbox 1993 5231 2050 5282; x_wconf 92' lang='lat' dir='ltr'>et</span> 
     </span>
    </p>
   </div>
   <div class='ocr_carea' id='block_1_98' title="bbox 401 5315 2048 5392">
    <p class='ocr_par' dir='ltr' id='par_1_98' title="bbox 401 5315 2048 5392">
     <span class='ocr_line' id='line_1_98' title="bbox 401 5315 2048 5392; baseline 0.004 -23"><span class='ocrx_word' id='word_1_636' title='bbox 401 5315 725 5371; x_wconf 89' lang='lat' dir='ltr'>clamabant</span> <span class='ocrx_word' id='word_1_637' title='bbox 749 5333 879 5372; x_wconf 89' lang='lat' dir='ltr'>voce</span> <span class='ocrx_word' id='word_1_638' title='bbox 906 5335 1114 5390; x_wconf 89' lang='lat' dir='ltr'>magna</span> <span class='ocrx_word' id='word_1_639' title='bbox 1136 5317 1414 5374; x_wconf 90' lang='lat' dir='ltr'>dicentes:</span> <span class='ocrx_word' id='word_1_640' title='bbox 1459 5320 1778 5392; x_wconf 85' lang='lat' dir='ltr'>Usquequo,</span> <span class='ocrx_word' id='word_1_641' title='bbox 1809 5319 2048 5376; x_wconf 88' lang='lat' dir='ltr'>Domine</span> 
     </span>
    </p>
   </div>
   <div class='ocr_carea' id='block_1_99' title="bbox 400 5413 2048 5485">
    <p class='ocr_par' dir='ltr' id='par_1_99' title="bbox 400 5413 2048 5485">
     <span class='ocr_line' id='line_1_99' title="bbox 400 5413 2048 5485; baseline 0.003 -20"><span class='ocrx_word' id='word_1_642' title='bbox 400 5413 629 5465; x_wconf 88' lang='lat' dir='ltr'>sanctus</span> <span class='ocrx_word' id='word_1_643' title='bbox 649 5413 706 5466; x_wconf 91' lang='lat' dir='ltr'>et</span> <span class='ocrx_word' id='word_1_644' title='bbox 731 5427 915 5483; x_wconf 88' lang='lat' dir='ltr'>verus,</span> <span class='ocrx_word' id='word_1_645' title='bbox 947 5429 1061 5468; x_wconf 90' lang='lat' dir='ltr'>non</span> <span class='ocrx_word' id='word_1_646' title='bbox 1081 5413 1304 5484; x_wconf 90' lang='lat' dir='ltr'>judicas</span> <span class='ocrx_word' id='word_1_647' title='bbox 1331 5417 1386 5468; x_wconf 90' lang='lat' dir='ltr'>et</span> <span class='ocrx_word' id='word_1_648' title='bbox 1423 5413 1669 5469; x_wconf 87' lang='lat' dir='ltr'>vindicas</span> <span class='ocrx_word' id='word_1_649' title='bbox 1713 5413 2048 5485; x_wconf 88' lang='lat' dir='ltr'>sanguinem</span> 
     </span>
    </p>
   </div>
   <div class='ocr_carea' id='block_1_100' title="bbox 471 5547 1594 5616">
    <p class='ocr_par' dir='ltr' id='par_1_100' title="bbox 471 5547 1594 5616">
     <span class='ocr_line' id='line_1_100' title="bbox 471 5547 1594 5616; baseline 0.005 -16"><span class='ocrx_word' id='word_1_650' title='bbox 471 5547 496 5616; x_wconf 51' lang='grc' dir='ltr'><em>ε</em></span> <span class='ocrx_word' id='word_1_651' title='bbox 525 5547 708 5616; x_wconf 88' lang='lat' dir='ltr'>Forte,</span> <span class='ocrx_word' id='word_1_652' title='bbox 738 5564 894 5605; x_wconf 85' lang='lat' dir='ltr'>arma</span> <span class='ocrx_word' id='word_1_653' title='bbox 921 5551 1073 5611; x_wconf 69' lang='lat' dir='ltr'>dedit</span> <span class='ocrx_word' id='word_1_654' title='bbox 1099 5555 1284 5606; x_wconf 81' lang='lat' dir='ltr'>cont-ra</span> <span class='ocrx_word' id='word_1_655' title='bbox 1311 5553 1594 5616; x_wconf 67' lang='lat' dir='ltr'>astutiam,</span> 
     </span>
    </p>
   </div>
   <div class='ocr_carea' id='block_1_101' title="bbox 469 5615 2043 5700">
    <p class='ocr_par' dir='ltr' id='par_1_101' title="bbox 469 5615 2043 5700">
     <span class='ocr_line' id='line_1_101' title="bbox 469 5615 2043 5700; baseline 0.003 -27"><span class='ocrx_word' id='word_1_656' title='bbox 469 5615 748 5700; x_wconf 67' lang='lat' dir='ltr'>b_Eadem</span> <span class='ocrx_word' id='word_1_657' title='bbox 778 5621 964 5700; x_wconf 89' lang='lat' dir='ltr'>_lect_io</span> <span class='ocrx_word' id='word_1_658' title='bbox 1006 5639 1110 5694; x_wconf 90' lang='lat' dir='ltr'>pro</span> <span class='ocrx_word' id='word_1_659' title='bbox 1149 5621 1316 5678; x_wconf 88' lang='lat' dir='ltr'>missa</span> <span class='ocrx_word' id='word_1_660' title='bbox 1343 5621 1516 5692; x_wconf 91' lang='lat' dir='ltr'>hujus</span> <span class='ocrx_word' id='word_1_661' title='bbox 1563 5621 1689 5678; x_wconf 88' lang='lat' dir='ltr'>festi</span> <span class='ocrx_word' id='word_1_662' title='bbox 1731 5621 1792 5678; x_wconf 93' lang='lat' dir='ltr'>in</span> <span class='ocrx_word' id='word_1_663' title='bbox 1829 5621 2043 5678; x_wconf 88' lang='lat' dir='ltr'>Lectio-</span> 
     </span>
    </p>
   </div>
   <div class='ocr_carea' id='block_1_102' title="bbox 397 5691 935 5749">
    <p class='ocr_par' dir='ltr' id='par_1_102' title="bbox 397 5691 935 5749">
     <span class='ocr_line' id='line_1_102' title="bbox 397 5691 935 5749; baseline 0.013 -7"><span class='ocrx_word' id='word_1_664' title='bbox 397 5691 557 5744; x_wconf 89' lang='lat' dir='ltr'>nario</span> <span class='ocrx_word' id='word_1_665' title='bbox 583 5691 935 5749; x_wconf 86' lang='lat' dir='ltr'>Luxoviensi.</span> 
     </span>
    </p>
   </div>
   <div class='ocr_carea' id='block_1_103' title="bbox 467 5761 2039 5839">
    <p class='ocr_par' dir='ltr' id='par_1_103' title="bbox 467 5761 2039 5839">
     <span class='ocr_line' id='line_1_103' title="bbox 467 5761 2039 5839; baseline 0.006 -26"><span class='ocrx_word' id='word_1_666' title='bbox 467 5761 806 5839; x_wconf 43' lang='lat' dir='ltr'>{Collectio</span> <span class='ocrx_word' id='word_1_667' title='bbox 859 5765 981 5820; x_wconf 59' lang='lat' dir='ltr'>haec</span> <span class='ocrx_word' id='word_1_668' title='bbox 1031 5763 1242 5833; x_wconf 87' lang='lat' dir='ltr'>partim</span> <span class='ocrx_word' id='word_1_669' title='bbox 1296 5764 1497 5818; x_wconf 91' lang='lat' dir='ltr'>eadem</span> <span class='ocrx_word' id='word_1_670' title='bbox 1539 5763 1598 5820; x_wconf 92' lang='lat' dir='ltr'>in</span> <span class='ocrx_word' id='word_1_671' title='bbox 1645 5765 1852 5822; x_wconf 89' lang='lat' dir='ltr'>Ordine</span> <span class='ocrx_word' id='word_1_672' title='bbox 1901 5767 2039 5823; x_wconf 86' lang='lat' dir='ltr'>Gre-</span> 
     </span>
    </p>
   </div>
   <div class='ocr_carea' id='block_1_104' title="bbox 402 5845 652 5898">
    <p class='ocr_par' dir='ltr' id='par_1_104' title="bbox 402 5845 652 5898">
     <span class='ocr_line' id='line_1_104' title="bbox 402 5845 652 5898; baseline 0.02 -17"><span class='ocrx_word' id='word_1_673' title='bbox 402 5845 652 5898; x_wconf 80' lang='lat' dir='ltr'>goriano.</span> 
     </span>
    </p>
   </div>
   <div class='ocr_carea' id='block_1_105' title="bbox 2157 4585 3812 4642">
    <p class='ocr_par' dir='ltr' id='par_1_105' title="bbox 2157 4585 3812 4642">
     <span class='ocr_line' id='line_1_105' title="bbox 2157 4585 3812 4642; baseline -0.001 -2"><span class='ocrx_word' id='word_1_674' title='bbox 2157 4585 2340 4640; x_wconf 83' lang='lat' dir='ltr'>Infans</span> <span class='ocrx_word' id='word_1_675' title='bbox 2377 4585 2633 4640; x_wconf 89' lang='lat' dir='ltr'>Christus</span> <span class='ocrx_word' id='word_1_676' title='bbox 2675 4586 3005 4642; x_wconf 89' lang='lat' dir='ltr'>transmittit</span> <span class='ocrx_word' id='word_1_677' title='bbox 3045 4587 3115 4642; x_wconf 90' lang='lat' dir='ltr'>ad</span> <span class='ocrx_word' id='word_1_678' title='bbox 3160 4587 3325 4642; x_wconf 80' lang='lat' dir='ltr'>caelos</span> <span class='ocrx_word' id='word_1_679' title='bbox 3371 4603 3518 4642; x_wconf 86' lang='lat' dir='ltr'>nova</span> <span class='ocrx_word' id='word_1_680' title='bbox 3567 4587 3812 4642; x_wconf 80' lang='lat' dir='ltr'>exsenia</span> 
     </span>
    </p>
   </div>
   <div class='ocr_carea' id='block_1_106' title="bbox 2151 4679 3810 4753">
    <p class='ocr_par' dir='ltr' id='par_1_106' title="bbox 2151 4679 3810 4753">
     <span class='ocr_line' id='line_1_106' title="bbox 2151 4679 3810 4753; baseline 0.001 -19"><span class='ocrx_word' id='word_1_681' title='bbox 2151 4680 2324 4750; x_wconf 88' lang='lat' dir='ltr'>Patri,</span> <span class='ocrx_word' id='word_1_682' title='bbox 2351 4679 2634 4750; x_wconf 87' lang='lat' dir='ltr'>primitias</span> <span class='ocrx_word' id='word_1_683' title='bbox 2661 4679 2893 4736; x_wconf 78' lang='lat' dir='ltr'>exhibet</span> <span class='ocrx_word' id='word_1_684' title='bbox 2921 4680 3183 4753; x_wconf 87' lang='lat' dir='ltr'>genitori,</span> <span class='ocrx_word' id='word_1_685' title='bbox 3211 4698 3316 4752; x_wconf 90' lang='lat' dir='ltr'>per</span> <span class='ocrx_word' id='word_1_686' title='bbox 3357 4681 3649 4738; x_wconf 86' lang='lat' dir='ltr'>Christum</span> <span class='ocrx_word' id='word_1_687' title='bbox 3687 4683 3810 4736; x_wconf 85' lang='lat' dir='ltr'>Do-</span> 
     </span>
    </p>
   </div>
   <div class='ocr_carea' id='block_1_107' title="bbox 2153 4773 2690 4829">
    <p class='ocr_par' dir='ltr' id='par_1_107' title="bbox 2153 4773 2690 4829">
     <span class='ocr_line' id='line_1_107' title="bbox 2153 4773 2690 4829; baseline 0.002 -1"><span class='ocrx_word' id='word_1_688' title='bbox 2153 4773 2380 4828; x_wconf 90' lang='lat' dir='ltr'>minum</span> <span class='ocrx_word' id='word_1_689' title='bbox 2407 4777 2690 4829; x_wconf 87' lang='lat' dir='ltr'>nostrum.</span> 
     </span>
    </p>
   </div>
   <div class='ocr_carea' id='block_1_108' title="bbox 2573 4899 3376 4942">
    <p class='ocr_par' dir='ltr' id='par_1_108' title="bbox 2573 4899 3376 4942">
     <span class='ocr_line' id='line_1_108' title="bbox 2573 4899 3376 4942; baseline 0.002 -5"><span class='ocrx_word' id='word_1_690' title='bbox 2573 4899 2730 4940; x_wconf 74' lang='lat' dir='ltr'>MISSA</span> <span class='ocrx_word' id='word_1_691' title='bbox 2768 4899 2956 4940; x_wconf 74' lang='lat' dir='ltr'>JACOBI</span> <span class='ocrx_word' id='word_1_692' title='bbox 2998 4901 3060 4941; x_wconf 79' lang='lat' dir='ltr'>ET</span> <span class='ocrx_word' id='word_1_693' title='bbox 3097 4899 3376 4942; x_wconf 74' lang='lat' dir='ltr'>IOHANNIS.</span> 
     </span>
    </p>
   </div>
   <div class='ocr_carea' id='block_1_109' title="bbox 2157 4963 3808 5044">
    <p class='ocr_par' dir='ltr' id='par_1_109' title="bbox 2157 4963 3808 5044">
     <span class='ocr_line' id='line_1_109' title="bbox 2157 4963 3808 5044; baseline 0.002 -22"><span class='ocrx_word' id='word_1_694' title='bbox 2157 4963 2444 5036; x_wconf 72' lang='lat' dir='ltr'>[Lectiones</span> <span class='ocrx_word' id='word_1_695' title='bbox 2470 4968 2527 5020; x_wconf 74' lang='lat' dir='ltr'>in</span> <span class='ocrx_word' id='word_1_696' title='bbox 2551 4970 2690 5034; x_wconf 80' lang='lat' dir='ltr'>festo</span> <span class='ocrx_word' id='word_1_697' title='bbox 2721 4970 3088 5040; x_wconf 79' lang='lat' dir='ltr'>apostolorum</span> <span class='ocrx_word' id='word_1_698' title='bbox 3125 4969 3313 5024; x_wconf 78' lang='lat' dir='ltr'>Jacobi</span> <span class='ocrx_word' id='word_1_699' title='bbox 3349 4975 3397 5025; x_wconf 83' lang='lat' dir='ltr'>ct</span> <span class='ocrx_word' id='word_1_700' title='bbox 3418 4969 3685 5025; x_wconf 78' lang='lat' dir='ltr'>Johannis</span> <span class='ocrx_word' id='word_1_701' title='bbox 3727 4971 3808 5044; x_wconf 43' lang='grc' dir='ltr'>δὲ</span> 
     </span>
    </p>
   </div>
   <div class='ocr_carea' id='block_1_110' title="bbox 2543 5051 3374 5116">
    <p class='ocr_par' dir='ltr' id='par_1_110' title="bbox 2543 5051 3374 5116">
     <span class='ocr_line' id='line_1_110' title="bbox 2543 5051 3374 5116; baseline 0 -16"><span class='ocrx_word' id='word_1_702' title='bbox 2543 5051 2718 5102; x_wconf 90' lang='lat' dir='ltr'>Lectio</span> <span class='ocrx_word' id='word_1_703' title='bbox 2751 5053 2974 5102; x_wconf 84' lang='lat' dir='ltr'>Actuum</span> <span class='ocrx_word' id='word_1_704' title='bbox 3001 5053 3374 5116; x_wconf 89' lang='lat' dir='ltr'>apostolorum.</span> 
     </span>
    </p>
   </div>
   <div class='ocr_carea' id='block_1_111' title="bbox 2222 5135 3818 5212">
    <p class='ocr_par' dir='ltr' id='par_1_111' title="bbox 2222 5135 3818 5212">
     <span class='ocr_line' id='line_1_111' title="bbox 2222 5135 3818 5212; baseline 0.004 -24"><span class='ocrx_word' id='word_1_705' title='bbox 2222 5137 2282 5189; x_wconf 86' lang='lat' dir='ltr'>In</span> <span class='ocrx_word' id='word_1_706' title='bbox 2312 5135 2508 5192; x_wconf 91' lang='lat' dir='ltr'>diebus</span> <span class='ocrx_word' id='word_1_707' title='bbox 2533 5135 2644 5192; x_wconf 92' lang='lat' dir='ltr'>illis</span> <span class='ocrx_word' id='word_1_708' title='bbox 2669 5137 2822 5192; x_wconf 89' lang='lat' dir='ltr'>misit</span> <span class='ocrx_word' id='word_1_709' title='bbox 2847 5137 3093 5194; x_wconf 86' lang='lat' dir='ltr'>Herodes</span> <span class='ocrx_word' id='word_1_710' title='bbox 3121 5155 3218 5193; x_wconf 84' lang='lat' dir='ltr'>rex</span> <span class='ocrx_word' id='word_1_711' title='bbox 3237 5143 3299 5194; x_wconf 92' lang='lat' dir='ltr'>ut</span> <span class='ocrx_word' id='word_1_712' title='bbox 3323 5139 3606 5210; x_wconf 86' lang='lat' dir='ltr'>affligeret</span> <span class='ocrx_word' id='word_1_713' title='bbox 3631 5156 3818 5212; x_wconf 88' lang='lat' dir='ltr'>quos-</span> 
     </span>
    </p>
   </div>
   <div class='ocr_carea' id='block_1_112' title="bbox 2149 5230 3816 5291">
    <p class='ocr_par' dir='ltr' id='par_1_112' title="bbox 2149 5230 3816 5291">
     <span class='ocr_line' id='line_1_112' title="bbox 2149 5230 3816 5291; baseline 0.005 -9"><span class='ocrx_word' id='word_1_714' title='bbox 2149 5230 2280 5283; x_wconf 88' lang='lat' dir='ltr'>dam</span> <span class='ocrx_word' id='word_1_715' title='bbox 2316 5230 2385 5284; x_wconf 90' lang='lat' dir='ltr'>de</span> <span class='ocrx_word' id='word_1_716' title='bbox 2435 5231 2696 5286; x_wconf 89' lang='lat' dir='ltr'>Ecclesia.</span> <span class='ocrx_word' id='word_1_717' title='bbox 2742 5231 2955 5287; x_wconf 90' lang='lat' dir='ltr'>Occidit</span> <span class='ocrx_word' id='word_1_718' title='bbox 3005 5235 3198 5287; x_wconf 89' lang='lat' dir='ltr'>autem</span> <span class='ocrx_word' id='word_1_719' title='bbox 3239 5233 3508 5289; x_wconf 88' lang='lat' dir='ltr'>Iacobum</span> <span class='ocrx_word' id='word_1_720' title='bbox 3551 5235 3816 5291; x_wconf 84' lang='lat' dir='ltr'>fratrem</span> 
     </span>
    </p>
   </div>
   <div class='ocr_carea' id='block_1_113' title="bbox 2147 5323 3814 5399">
    <p class='ocr_par' dir='ltr' id='par_1_113' title="bbox 2147 5323 3814 5399">
     <span class='ocr_line' id='line_1_113' title="bbox 2147 5323 3814 5399; baseline 0.005 -22"><span class='ocrx_word' id='word_1_721' title='bbox 2147 5323 2418 5378; x_wconf 86' lang='lat' dir='ltr'>Iohannis</span> <span class='ocrx_word' id='word_1_722' title='bbox 2465 5323 2648 5395; x_wconf 91' lang='lat' dir='ltr'>gladio</span> <span class='ocrx_word' id='word_1_723' title='bbox 2682 5341 2695 5378; x_wconf 91' lang='lat'><strong>:</strong></span> <span class='ocrx_word' id='word_1_724' title='bbox 2737 5325 2933 5380; x_wconf 88' lang='lat' dir='ltr'>videns</span> <span class='ocrx_word' id='word_1_725' title='bbox 2971 5331 3164 5382; x_wconf 90' lang='lat' dir='ltr'>autem</span> <span class='ocrx_word' id='word_1_726' title='bbox 3209 5327 3342 5398; x_wconf 88' lang='lat' dir='ltr'>quia</span> <span class='ocrx_word' id='word_1_727' title='bbox 3397 5327 3648 5399; x_wconf 87' lang='lat' dir='ltr'>placeret</span> <span class='ocrx_word' id='word_1_728' title='bbox 3691 5329 3814 5384; x_wconf 79' lang='lat' dir='ltr'>Iu-</span> 
     </span>
    </p>
   </div>
   <div class='ocr_carea' id='block_1_114' title="bbox 2148 5417 3412 5492">
    <p class='ocr_par' dir='ltr' id='par_1_114' title="bbox 2148 5417 3412 5492">
     <span class='ocr_line' id='line_1_114' title="bbox 2148 5417 3412 5492; baseline 0.003 -20"><span class='ocrx_word' id='word_1_729' title='bbox 2148 5417 2306 5488; x_wconf 71' lang='lat' dir='ltr'>daeis,</span> <span class='ocrx_word' id='word_1_730' title='bbox 2334 5417 2596 5490; x_wconf 89' lang='lat' dir='ltr'>adposuit</span> <span class='ocrx_word' id='word_1_731' title='bbox 2624 5419 3054 5492; x_wconf 88' lang='lat' dir='ltr'>adprehendere</span> <span class='ocrx_word' id='word_1_732' title='bbox 3081 5425 3136 5476; x_wconf 91' lang='lat' dir='ltr'>et</span> <span class='ocrx_word' id='word_1_733' title='bbox 3160 5422 3412 5476; x_wconf 88' lang='lat' dir='ltr'>Petrum.</span> 
     </span>
    </p>
   </div>
   <div class='ocr_carea' id='block_1_115' title="bbox 2217 5553 3822 5633">
    <p class='ocr_par' dir='ltr' id='par_1_115' title="bbox 2217 5553 3822 5633">
     <span class='ocr_line' id='line_1_115' title="bbox 2217 5553 3822 5633; baseline 0.004 -25"><span class='ocrx_word' id='word_1_734' title='bbox 2217 5554 2240 5593; x_wconf 77' lang='grc' dir='ltr'>ἀ</span> <span class='ocrx_word' id='word_1_735' title='bbox 2279 5555 2437 5633; x_wconf 86' lang='lat' dir='ltr'>_Hunc</span> <span class='ocrx_word' id='word_1_736' title='bbox 2461 5553 2712 5633; x_wconf 59' lang='lat' dir='ltr'>titulum,</span> <span class='ocrx_word' id='word_1_737' title='bbox 2763 5557 2862 5628; x_wconf 91' lang='lat' dir='ltr'>qui</span> <span class='ocrx_word' id='word_1_738' title='bbox 2915 5556 2974 5633; x_wconf 78' lang='lat' dir='ltr'>in</span> <span class='ocrx_word' id='word_1_739' title='bbox 3025 5555 3226 5633; x_wconf 80' lang='lat' dir='ltr'>Codice</span> <span class='ocrx_word' id='word_1_740' title='bbox 3257 5558 3431 5633; x_wconf 78' lang='lat' dir='ltr'>deest,</span> <span class='ocrx_word' id='word_1_741' title='bbox 3467 5560 3606 5633; x_wconf 78' lang='lat' dir='ltr'>item</span> <span class='ocrx_word' id='word_1_742' title='bbox 3659 5575 3822 5633; x_wconf 90' lang='lat' dir='ltr'>sup—</span> 
     </span>
    </p>
   </div>
   <div class='ocr_carea' id='block_1_116' title="bbox 2145 5623 3822 5702">
    <p class='ocr_par' dir='ltr' id='par_1_116' title="bbox 2145 5623 3822 5702">
     <span class='ocr_line' id='line_1_116' title="bbox 2145 5623 3822 5702; baseline 0.007 -24"><span class='ocrx_word' id='word_1_743' title='bbox 2145 5623 2445 5702; x_wconf 83' lang='lat' dir='ltr'>p_1_evimus.</span> <span class='ocrx_word' id='word_1_744' title='bbox 2473 5623 2860 5702; x_wconf 60' lang='lat' dir='ltr'>Epistolanon</span> <span class='ocrx_word' id='word_1_745' title='bbox 2888 5627 3111 5702; x_wconf 80' lang='lat' dir='ltr'>videtur</span> <span class='ocrx_word' id='word_1_746' title='bbox 3126 5623 3703 5702; x_wconf 13' lang='lat' dir='ltr'>Aintegrerd&#39;escripta,</span> <span class='ocrx_word' id='word_1_747' title='bbox 3739 5623 3822 5689; x_wconf 64' lang='lat' dir='ltr'>ﬁt</span> 
     </span>
    </p>
   </div>
   <div class='ocr_carea' id='block_1_117' title="bbox 2144 5695 3816 5778">
    <p class='ocr_par' dir='ltr' id='par_1_117' title="bbox 2144 5695 3816 5778">
     <span class='ocr_line' id='line_1_117' title="bbox 2144 5695 3816 5778; baseline 0.007 -30"><span class='ocrx_word' id='word_1_748' title='bbox 2144 5695 2648 5778; x_wconf 45' lang='lat' dir='ltr'>aliquoties‘infra.</span> <span class='ocrx_word' id='word_1_749' title='bbox 2695 5699 3064 5771; x_wconf 88' lang='lat' dir='ltr'>Evangelium</span> <span class='ocrx_word' id='word_1_750' title='bbox 3121 5699 3182 5755; x_wconf 91' lang='lat' dir='ltr'>in</span> <span class='ocrx_word' id='word_1_751' title='bbox 3230 5695 3816 5760; x_wconf 18' lang='lat' dir='ltr'>Laetionario&#39;Lu’xo-</span> 
     </span>
    </p>
   </div>
   <div class='ocr_carea' id='block_1_118' title="bbox 2143 5769 2786 5835">
    <p class='ocr_par' dir='ltr' id='par_1_118' title="bbox 2143 5769 2786 5835">
     <span class='ocr_line' id='line_1_118' title="bbox 2143 5769 2786 5835; baseline 0.009 -15"><span class='ocrx_word' id='word_1_752' title='bbox 2143 5769 2338 5835; x_wconf 86' lang='lat' dir='ltr'>viensi,</span> <span class='ocrx_word' id='word_1_753' title='bbox 2367 5769 2464 5824; x_wconf 89' lang='lat' dir='ltr'>sed</span> <span class='ocrx_word' id='word_1_754' title='bbox 2493 5785 2562 5826; x_wconf 78' lang='lat' dir='ltr'>ex</span> <span class='ocrx_word' id='word_1_755' title='bbox 2587 5771 2786 5826; x_wconf 86' lang='lat' dir='ltr'>Marco.</span> 
     </span>
    </p>
   </div>
  </div>
