3982 6190
194 315 275 367 469
656 308 1265 391 SACRAMENTARIUM
1303 307 1747 364 GALLlCANL’M.
1790 334 1858 347 -ι
1897 306 2263 362 LECTIONES
2301 305 2391 361 DE
2428 307 2734 362 ADVENTU
2775 306 3028 364 DOMlNl.

323 415 486 468 Lectio
519 415 684 467 sancti
716 415 984 482 Evangelii
1014 415 1305 467 secundum
1339 414 1654 466 Matthaaum.

3431 310 3532 365 470

1819 429 1878 503 Α
1896 414 2038 471 alius
2062 414 2286 470 videtur
2303 413 2585 471 confidere
2612 414 2672 471 in
2693 431 2879 485 carne,
2910 432 3017 487 ego
3043 413 3255 488 magis;
3288 415 3532 474 circum-

243 503 433 560 Diebus
467 503 580 558 illis
623 504 892 559 accedens
927 503 999 558 ad
1048 503 1350 558 Dominum
1396 503 1589 558 Iesum
1614 504 1797 556 mater
1897 510 2043 564 cisus
2063 512 2256 564 octava
2269 509 2380 579 die,
2404 525 2473 564 ex
2489 525 2696 580 genere
2725 511 2908 580 Israel,
2931 511 2999 566 de
3024 510 3196 566 Tribu
3213 512 3529 584 Benjamin,

184 599 406 654 filiorum
431 598 679 654 Zehedaei
706 614 836 652 cum
863 597 995 652 ﬁliis
1042 597 1176 665 suis,
1218 597 1457 651 adorans
1499 600 1555 651 et
1599 599 1796 668 petens

183 693 374 764 aliquid
398 692 466 746 ab
487 709 574 747 eo.
607 692 711 756 Qui
739 692 882 746 dixit
909 691 961 746 ei
994 708 1007 745 :
1040 691 1184 755 Quid
1225 690 1354 745 vis?
1405 691 1496 745 Ait
1534 688 1615 745 illi
1646 705 1660 744 :
1702 689 1796 743 Dic

179 790 234 842 ut
254 786 477 841 sedeant
511 785 575 840 hi
601 786 711 840 duo
731 786 832 840 ﬁlii
859 786 972 840 mei
987 800 1136 840 unus
1166 785 1238 839 ad
1279 784 1569 839 dexteram
1615 786 1791 849 tuam,

180 885 226 934 et
245 896 386 933 unus
414 878 486 932 ad
511 879 796 934 sinistram
828 880 887 933 in
930 895 1108 950 regno
1142 882 1261 933 tuo.
1292 877 1655 949 Respondens
1691 891 1794 931 au-

179 980 276 1028 tem
319 972 590 1027 Dominus
624 975 778 1028 Iesus
829 973 973 1027 dixit
992 972 1043 1028 ei
1091 990 1104 1026 :
1150 971 1382 1026 Nescitis
1409 971 1547 1043 quid
1573 969 1793 1042 petatis.

178 1067 392 1120 Potestis
435 1066 668 1120 calicem
711 1066 905 1122 bibere
951 1082 1123 1137 quem
1160 1081 1266 1136 ego
1301 1065 1584 1120 bibiturus
1623 1064 1797 1118 sum?

177 1161 358 1214 Dicunt
394 1159 492 1214 ei:
542 1161 863 1214 Possumus.
915 1159 1005 1214 Ait
1048 1159 1198 1213 illis:
1262 1159 1503 1214 Calicem
1564 1157 1797 1230 quidem

177 1269 351 1308 meum
405 1253 642 1321 bibetis;
685 1253 880 1309 sedere
919 1258 1111 1308 autem
1157 1253 1228 1308 ad
1275 1253 1565 1308 dexteram
1610 1268 1796 1306 meam

177 1352 223 1402 et
245 1347 548 1416 sinistram,
571 1363 686 1402 non
712 1352 797 1402 est
824 1363 1019 1402 meum
1044 1347 1176 1402 dare
1227 1346 1404 1417 vobis,
1453 1346 1550 1401 sed
1591 1345 1797 1418 quibus

175 1443 420 1512 paratum
446 1446 530 1496 est
556 1457 590 1494 a
614 1441 778 1495 Patre
800 1457 948 1496 meo.

759 1555 952 1595 INCIPIT
979 1555 1136 1595 HISSA
1152 1547 1200 1594 ⁸.

235 1631 532 1687 Electionis
553 1632 860 1687 Dominicae
888 1634 1222 1704 praeclarum
1264 1629 1674 1698 testimonium,
1718 1632 1797 1684 at-

175 1742 268 1798 que
285 1727 613 1797 apostolicae
630 1726 1083 1798 congregationis
1103 1725 1361 1781 mirabile
1376 1727 1794 1792 ornamentum,

1897 605 2164 659 Hebraeus
2208 620 2279 660 ex
2322 603 2590 672 Hebrazis,
2627 604 2936 659 secundum
2974 606 3161 677 legem
3195 605 3530 678 Pharisaeus,

1898 698 2210 753 secundum
2239 698 2656 752 temulationem
2693 714 3037 771 persequens
3073 700 3374 756 Ecclesiam
3412 701 3529 758 Dei.

2116 791 2289 841 Lectio
2321 791 2486 840 sancti
2505 790 2774 855 Evangelii
2797 791 3086 842 secundum
3115 794 3326 842 Lucam.

1967 876 2168 932 Diebus
2191 876 2323 945 illis,
2355 881 2653 949 postquam
2679 877 3054 931 consummati
3095 884 3226 933 sunt
3256 879 3374 935 dies
3408 885 3532 936 octo

1900 976 1961 1026 ut
1985 970 2499 1039 circumcideretur,
2542 975 2800 1025 vocatum
2831 975 2915 1026 est
2955 987 3166 1027 nomen
3193 973 3314 1043 ejus
3348 974 3531 1044 Iesus,

1897 1066 2047 1137 quod
2091 1070 2349 1120 vocatum
2393 1068 2476 1119 est
2526 1065 2595 1118 ab
2626 1065 2847 1136 angelo,
2893 1065 3224 1137 priusquam
3259 1067 3320 1122 in
3374 1072 3535 1124 utero

1896 1159 2304 1230 conciperetur.
2337 1161 2403 1213 Et
2427 1162 2726 1230 postquam
2750 1159 2967 1229 impleti
2995 1164 3127 1213 sunt
3169 1159 3285 1215 dies
3322 1177 3534 1233 purga-

1896 1252 2063 1307 tionis
2085 1253 2206 1324 ejus
2230 1251 2542 1308 secundum
2568 1252 2756 1323 legem
2773 1252 2965 1322 Moysi,
2993 1251 3250 1308 tulerunt
3287 1253 3448 1309 illum
3474 1255 3535 1310 in

1899 1347 2268 1417 Hierusalem,
2309 1352 2374 1400 ut
2400 1345 2663 1401 sisterent
2691 1361 2825 1401 eum
2869 1345 3126 1416 Domino,
3179 1346 3322 1402 sicut
3357 1348 3534 1420 scrip-

1896 1446 2021 1495 tum
2061 1445 2142 1495 est
2183 1440 2243 1494 in
2295 1441 2420 1512 lege
2469 1439 2713 1510 Domini,
2763 1439 2898 1512 quia
2947 1455 3115 1494 omne
3163 1442 3536 1497 masculinum

1897 1535 2228 1606 adaperiens
2257 1534 2502 1604 vulvam,
2533 1538 2790 1589 sanctum
2815 1533 3050 1588 Domino
3086 1533 3392 1590 vocabitur.

2512 1654 2709 1694 INCIPIT
2747 1653 2925 1694 MISSA.

1970 1731 2274 1786 Dominum
2307 1734 2567 1787 nostrum
2617 1733 2806 1786 Iesum
2857 1731 3166 1799 Christum,
3204 1731 3407 1788 fratres
3453 1750 3542 1787 ca-

176 1820 581 1892 etevangelicm
624 1821 872 1876 veritatis
919 1821 1138 1876 céeleste
1187 1819 1537 1891 praeconium
1581 1819 1799 1882 δᾶηβωε
1822 1803 1876 1874 Β
1899 1824 2127 1895 rissimi,
2157 1825 2453 1880 humiliter
2486 1826 2873 1895 deprecemur,
2906 1825 3005 1896 qui
3039 1824 3256 1879 inﬁnita
3283 1825 3404 1896 ejus
3440 1826 3543 1882 mi-

179 1913 255 1969 Dei
281 1915 562 1985 apostolos
608 1919 664 1970 et
705 1920 985 1986 martyres
1028 1914 1297 1970 Iacobum
1355 1917 1410 1968 et
1460 1912 1796 1978 Iohannem,

177 2007 468 2063 Dominum
496 2009 900 2080 deprecemur;
937 2013 1000 2062 ut
1028 2008 1127 2080 qui
1154 2007 1265 2061 illis
1291 2005 1636 2078 apostolatus
1667 2020 1797 2076 gra-

179 2102 290 2155 tiam
319 2103 404 2156 vel
436 2103 694 2175 martyrii
723 2103 878 2158 dedit
907 2119 1194 2170 coronam,
1219 2100 1384 2156 nobis
1409 2115 1636 2173 quoque
1663 2114 1796 2153 con-

176 2194 313 2250 cedat
335 2196 572 2251 veniam
599 2202 980 2269 peccatorum.

842 2289 1108 2339 Collectio.

234 2377 388 2445 Deus,
460 2376 559 2446 qui
616 2375 948 2430 beatissimis
989 2372 1255 2445 apostolis
1313 2372 1425 2427 tuis
1485 2371 1685 2426 Iacobo
1746 2376 1802 2426 et

175 2469 397 2523 Iohanni
431 2469 674 2541 gloriam
700 2469 977 2542 martyrii,
1002 2466 1290 2523 bibitionis
1325 2467 1410 2521 tui
1443 2465 1630 2522 calicis
1648 2481 1798 2536 prse-

177 2561 361 2630 dixisti,
398 2567 467 2617 ut
492 2567 547 2618 et
584 2562 945 2618 conﬁrmares
982 2561 1410 2634 responsionem
1447 2575 1619 2632 quam
1661 2557 1800 2612 ﬁdes

179 2671 298 2726 pura
343 2658 710 2728 protulerat;
771 2656 948 2728 prosit
1010 2654 1355 2728 patrociniis,
1417 2657 1482 2708 ut
1553 2651 1802 2723 digneris

179 2750 427 2806 exaudire
458 2749 765 2821 suffragiis.

794 2822 916 2870 Post
941 2819 1173 2869 nomina.

235 2907 490 2976 Domine,
515 2922 689 2978 quem
717 2909 1011 2961 vocantem
1043 2905 1218 2960 sancti
1229 2902 1463 2976 apostoli
1490 2902 1728 2957 Iacobus
1749 2905 1804 2956 et

174 3000 440 3056 Iohannes
466 2999 576 3055 ﬁde
602 3000 828 3072 integra
852 3004 984 3055 sunt
1007 2997 1204 3067 secuti,
1232 3000 1289 3052 et
1318 3013 1490 3069 quem
1505 2999 1803 3068 sequentes

177 3094 386 3149 caritate
413 3095 645 3165 integra
668 3098 801 3148 sunt
829 3093 1008 3163 electi,
1036 3097 1100 3147 ut
1123 3090 1324 3148 mundi
1357 3091 1662 3163 piscatores
1699 3089 1799 3143 fie-

1898 1919 2198 1974 sericordia
2224 1918 2283 1972 in
2333 1918 2574 1972 salutare
2614 1935 2714 1972 suo
2745 1934 2847 1972 nos
2882 1917 3148 1988 visitavit,
3187 1919 3245 1973 in
3283 1919 3542 1991 passione

1900 2012 2157 2080 redemit,
2187 2011 2432 2082 vitiaque
2456 2016 2651 2066 nostra
2676 2027 2709 2064 a
2735 2009 2896 2065 nobis
2938 2010 3294 2082 circumcisit,
3335 2016 3391 2067 et
3425 2028 3542 2066 om-

1899 2107 1991 2161 nia
2019 2105 2167 2162 idola
2197 2106 2497 2173 destruxit,
2529 2105 2790 2176 malaque
2819 2103 3098 2160 discussit.

2574 2197 2843 2248 Collectio.

1970 2281 2186 2336 Exaudi
2218 2297 2341 2348 nos,
2398 2280 2655 2347 Domine,
2713 2277 3059 2351 sempiterna
3085 2277 3329 2334 Trinitas
3371 2280 3538 2348 Deus,

1901 2376 1999 2449 qui
2028 2379 2259 2448 propter
2287 2373 2588 2429 hominum
2612 2378 2838 2445 peccata
2862 2389 3091 2428 carnem
3126 2372 3426 2429 adsumere
3453 2373 3540 2428 di-

1904 2474 2109 2541 gnatus
2149 2472 2252 2524 est.
2293 2467 2422 2523 Dies
2461 2466 2615 2523 enim
2654 2471 2847 2522 octava
2886 2471 2970 2521 est
3013 2483 3047 2521 a
3084 2470 3182 2520 tua
3225 2465 3539 2536 nativitate,

1902 2579 2014 2635 quo
2044 2561 2530 2617 circumcisionem
2550 2561 2858 2616 Dominum
2883 2565 3145 2616 nostrum
3172 2561 3364 2615 Iesum
3388 2559 3542 2614 Chri-

1901 2661 2052 2711 stum
2078 2655 2281 2710 Filium
2305 2659 2468 2710 tuum
2485 2655 2718 2726 posuisti
2742 2671 2844 2726 pro
2871 2653 3054 2721 nobis,
3078 2658 3135 2708 et
3157 2669 3403 2725 regnum
3418 2653 3534 2707 ido-

1901 2749 2134 2803 lolatriae
2173 2748 2516 2818 destruxisti,
2558 2747 2704 2801 viam
2745 2746 2998 2802 veritatis
3047 2746 3306 2812 docuisti,
3352 2746 3540 2816 legem

1901 2842 2166 2913 implesti,
2209 2841 2415 2912 Joseph
2455 2845 2510 2895 et
2548 2839 2782 2895 Mariam
2818 2840 2880 2894 in
2923 2838 3144 2894 herimo
3182 2838 3397 2893 satiasti
3425 2856 3442 2908 ;
3485 2842 3541 2894 te

1902 2937 2279 3005 obsecramus,
2309 2933 2564 2998 Domine,
2586 2937 2652 2988 ut
2677 2950 2709 2987 a
2739 2932 2980 3005 peccatis
3007 2933 3179 3005 hujus
3204 2931 3396 2988 saeculi
3435 2948 3539 2987 nos

1901 3031 2140 3087 liberare
2165 3029 2435 3101 digneris.

2528 3100 2650 3148 Post
2681 3097 2912 3148 nomina.

177 3193 306 3256 rent,
333 3188 437 3258 qui
487 3187 759 3259 profundi
799 3186 941 3242 retia
983 3186 1376 3258 reliquissent;
1416 3183 1648 3239 auribus
1678 3177 1876 3255 per-C
1968 3183 2301 3238 Sanctorum
2326 3180 2586 3237 omnium
2615 3181 2796 3236 Deum
2829 3183 3052 3235 Patrem
3090 3179 3540 3251 omnipotentem

176 3280 302 3352 cipe,
323 3298 679 3353 quaesumus,
703 3281 1013 3336 orationem
1028 3283 1299 3349 nostram,
1327 3283 1392 3334 ut
1405 3279 1544 3333 dum
1567 3277 1802 3349 adsequi

177 3390 355 3430 eorum
383 3376 538 3430 facta
564 3391 683 3430 non
717 3391 1033 3447 possumus,
1075 3373 1312 3446 implere
1358 3371 1544 3426 saltim
1588 3371 1803 3426 monita

177 3469 586 3539 pertendamus.

695 3538 943 3589 Collectio
972 3539 1037 3588 ad
1064 3551 1266 3603 pacem.

237 3621 474 3676 Domine
505 3623 736 3688 aeterne,
781 3619 871 3674 cui
907 3619 985 3674 ita
1024 3619 1084 3674 in
1132 3619 1338 3674 sanctis
1376 3618 1640 3690 apostolis
1692 3617 1804 3672 tuis

176 3715 362 3769 Iacobo
405 3719 466 3769 et
499 3713 753 3768 Iohanne
796 3713 1008 3785 placuit
1059 3729 1327 3767 arcanum
1376 3711 1804 3783 dispensationis

176 3807 422 3880 implere,
456 3812 520 3862 ut
551 3807 797 3878 glorioso
815 3805 1089 3878 passionis
1116 3806 1374 3878 exemplo
1399 3806 1798 3878 apostolorum,

178 3918 412 3972 quorum
442 3901 538 3955 ille
564 3901 928 3973 prazcederet,
952 3901 1054 3956 iste
1081 3900 1471 3972 praemitteret.

802 3993 1136 4044 Contestutio.

238 4078 374 4132 Vere
400 4075 646 4147 dignum
673 4078 728 4129 et
747 4075 967 4146 justum
989 4080 1091 4144 est,
1136 4073 1496 4146 omnipotens
1535 4073 1697 4143 Deus,
1741 4077 1805 4128 ut

177 4171 448 4240 apostolos
460 4174 588 4224 tuos
597 4171 624 4224 ,Ι
626 4186 687 4223 ac
694 4168 868 4224 obum
881 4174 936 4224 et
946 4169 1258 4223 Iohannem
1270 4167 1487 4224 meritis
1498 4167 1805 4238 suffragan-

178 4264 315 4318 tibus
340 4281 540 4336 preces
552 4266 769 4318 nostras
797 4263 1073 4335 pr0pitius
1092 4262 1376 4331 exaudias,
1400 4278 1503 4333 per
1517 4261 1804 4316 Christum

178 4358 473 4413 Dominum
488 4361 767 4412 nostrum.
792 4357 896 4422 Qui
923 4362 1006 4412 est
1025 4362 1346 4411 sanctorum
1358 4355 1614 4409 omnium
1628 4354 1805 4409 virtus

176 4455 224 4504 et
252 4453 450 4523 gloria,
477 4451 708 4505 victoria
726 4456 1038 4523 martyrum
1062 4455 1118 4505 et
1142 4465 1366 4519 corona,
1385 4451 1577 4503 Pastor
1589 4447 1800 4517 ovium,

1901 3277 2288 3348 deprecemur,
2317 3280 2383 3330 ut
2401 3275 2713 3330 oblationes
2737 3274 3084 3329 famulorum
3103 3290 3167 3327 ac
3191 3274 3541 3330 famularum

1901 3387 2131 3426 suarum
2160 3369 2377 3441 placido
2404 3385 2468 3423 ac
2489 3384 2687 3424 sereno
2713 3369 2872 3422 vultu
2893 3367 3170 3438 respicere
3197 3366 3468 3438 digneris.

2565 3461 2642 3510 Ad
2674 3473 2882 3523 pacem.

1972 3543 2259 3598 Christum
2297 3541 2601 3597 Dominum
2639 3540 3029 3611 deprecemur,
3076 3554 3249 3610 quem
3301 3539 3540 3594 adorant

1903 3637 2075 3708 magi,
2121 3637 2528 3708 prophetarum
2569 3633 2829 3688 vaticinia
2877 3632 3253 3704 complentur,
3305 3633 3541 3688 veniunt

1903 3747 1972 3785 ex
1998 3730 2213 3786 oriente
2238 3729 2430 3801 legati,
2460 3728 2599 3784 ﬁdes
2628 3727 2889 3799 gentium
2917 3727 3265 3782 declaratur:
3301 3725 3538 3782 circum-

1903 3824 2108 3879 ciditur
2139 3828 2329 3878 octava
2353 3823 2444 3878 die
2471 3819 2912 3877 circumcisionis
2941 3820 3203 3874 inventor
3231 3836 3245 3874 :
3284 3819 3356 3874 ad
3391 3823 3536 3875 tem-
3559 3867 3574 3879 .

1903 3918 2065 3990 plum
2085 3917 2309 3972 ducitur
2323 3916 2642 3972 efferendus
2662 3915 2760 3986 qui
2782 3919 2865 3968 est
2883 3913 3202 3968 adorandus
3226 3912 3286 3968 in
3302 3914 3539 3985 templo.

2555 4007 2890 4058 Contestatio.

1975 4094 2112 4148 Vere
2161 4092 2401 4164 dignum
2457 4095 2514 4147 et
2551 4090 2773 4161 justum
2810 4095 2912 4159 est,
2963 4089 3321 4160 omnipotens
3372 4089 3538 4156 Deus,

1903 4190 2203 4259 propterea
2251 4186 2570 4242 exultemus
2608 4183 2860 4251 uberius,
2899 4183 3032 4254 quia
3062 4181 3267 4236 scimus
3319 4182 3379 4236 in
3433 4183 3540 4236 ho-

1903 4280 2167 4335 diernum
2193 4278 2344 4334 diem
2370 4277 2634 4333 salutaris
2663 4276 2788 4331 fieri
2813 4275 3010 4331 natalis
3050 4278 3311 4329 octavum
3350 4273 3540 4344 legiti-

1904 4389 2064 4428 mum
2083 4372 2306 4427 Domini
2325 4371 2635 4427 secundum
2665 4385 2891 4424 carnem
2918 4367 3092 4439 geniti
3118 4365 3544 4422 circumcisione

1903 4466 2225 4537 signatum:
2267 4465 2401 4537 quia
2425 4465 2570 4518 sicut
2598 4461 2999 4517 mortalitatem
3037 4465 3288 4515 nostram
3323 4459 3547 4514 adsum-

179 4549 228 4598 et
247 4547 432 4601 hostia
461 4545 850 4615 sacerdommi
882 4544 1157 4600 redemtio
1177 4543 1434 4616 Sentium
1451 4550 1507 4597 et
1532 4541 1804 4614 PPOPiCia'
1823 4548 1882 4620 D
1906 4560 1976 4614 sit
1998 4565 2063 4614 ut
2086 4562 2332 4614 mortem
2358 4560 2738 4618 consumeret,
2778 4549 2857 4610 ita
2875 4559 2931 4609 et
2951 4554 3162 4626 jugum
3181 4553 3326 4625 legis
3350 4553 3410 4609 in
3441 4569 3547 4608 sua

179 4638 248 4693 tio
284 4644 669 4712 peccatorum,
705 4639 824 4710 ipse
866 4639 1139 4693 Dominus
1173 4655 1238 4692 ac
1267 4637 1555 4691 redemtor
1590 4639 1803 4705 noster,

179 4739 296 4790 ante
323 4735 487 4805 cujus
515 4733 945 4789 sacratissimam
972 4733 1164 4788 sedem
1191 4735 1340 4786 stant
1359 4731 1565 4801 angeli,
1597 4730 1686 4786 ad.
1734 4772 1746 4785 .
1790 4771 1804 4784 .

487 4843 648 4884 MISSA
686 4844 774 4883 DIE
811 4841 1248 4882 CIBCUMCISIONIS
1277 4841 1485 4881 DOMINI.

391 4910 684 4982 [Lectiones
721 4913 782 4965 in
820 4911 1231 4965 Circumcis'ione
1277 4909 1496 4963 Domini
1522 4905 1592 4979 ξι]

429 4994 659 5058 Epistola
688 4993 834 5044 Pauli
865 4993 1084 5056 apostoli
1117 4991 1183 5041 ad
1217 4990 1590 5054 Philippenses.

242 5076 483 5145 Fratres,
512 5075 694 5130 videte
719 5073 1226 5130 circumcisionem.
1267 5073 1379 5127 Nos
1424 5071 1578 5127 enim
1616 5085 1812 5124 sumus

177 5168 544 5238 circumcisio,
575 5168 672 5242 qui
699 5169 903 5240 spiritu
937 5180 958 5208 ο
986 5167 1083 5223 Dei
1112 5167 1390 5223 servimus
1419 5170 1474 5222 et
1505 5164 1815 5237 gloriamur

180 5263 233 5316 in
250 5263 471 5318 Christo
495 5265 648 5329 Iesu,
675 5267 732 5318 et
757 5279 873 5317 non
918 5262 978 5316 in
1008 5278 1175 5316 carne
1216 5260 1481 5316 ﬁduciam
1521 5258 1812 5314 habentes.

179 5356 531 5428 Quamquam
547 5373 652 5428 ego
667 5357 908 5412 habeam
925 5355 1325 5410 conﬁdentiam
1337 5355 1396 5409 in
1409 5369 1594 5409 carne.
1615 5350 1674 5407 Si
1690 5351 1816 5423 quis

245 5499 270 5528 ⁸
297 5499 505 5555 Ordine
530 5505 879 5571 praepostero
906 5504 1031 5570 post
1059 5499 1295 5553 missam
1327 5500 1695 5571 innocentum
1721 5511 1818 5571 po:

182 5570 339 5624 nitur
363 5571 482 5626 haec
509 5567 700 5642 missa,
731 5588 862 5642 quae
888 5567 1086 5626 eadem
1113 5574 1198 5624 est
1223 5573 1390 5642 atque
1423 5569 1522 5642 hic
1543 5567 1818 5642 usquead

181 5642 648 5698 Contestationem
679 5638 958 5696 inMissali
985 5642 1234 5710 Gothico,
1263 5638 1359 5695 sed
1384 5638 1696 5710 prolixitor,
1727 5638 1817 5693 in-

184 5714 411 5794 scripta:
435 5716 684 5794 isscijn
696 5714 882 5794 natale
893 5715 1257 5794 apostolorum
1274 5712 1457 5792 acobi
1471 5715 1520 5765 et
1537 5712 1814 5794 I‘ohqnnis‘.

252 5781 307 5863 δξ
331 5785 391 5838 Et
441 5787 534 5863 hic
583 5785 793 5863 titulus
837 5781 993 5863 deest
1019 5785 1079 5838 in
1117 5784 1288 5863 veteri
1345 5782 1674 5863 exemplari,
1721 5781 1820 5863 sed

188 5858 491 5915 necessario
516 5855 885 5932 supplendas.
921 5855 1075 5920 idem
1103 5855 1337 5915 observa
1364 5854 1433 5916 de
1462 5852 1584 5912 aliis
1615 5852 1816 5928 titulis,

1907 4669 2076 4709 carne
2104 4652 2348 4724 suscepit
2375 4655 2441 4707 ut
2463 4654 2655 4705 nostra
2679 4648 2893 4704 cervice
2919 4647 3243 4716 discuteret,
3267 4647 3404 4720 quia
3435 4662 3541 4718 pro

1907 4746 2270 4803 universitate
2321 4744 2559 4802 humani
2611 4743 2837 4814 generis
2903 4743 3154 4800 Salvator
3222 4743 3544 4799 advenerat.

1908 4843 2089 4907 Quem
2113 4841 2263 4897 laud.

2393 4925 2550 4966 mssa
2591 4927 2647 4966 IN
2687 4925 2991 4966 EPHYFANIA
3019 4909 3066 4963 ἀ.

2308 4994 2322 5067 [
2344 4997 2617 5050 Lectiones
2667 4996 2727 5049 in
2777 4993 3113 5063 Epiphania.
3133 4991 3150 5063 ]

2239 5078 2468 5143 Epistola
2488 5077 2630 5128 Pauli
2663 5076 2883 5140 apostoli
2915 5075 2981 5124 ad
3011 5073 3199 5124 Titum.

1989 5166 2230 5232 Fratres,
2259 5164 2520 5238 apparuit
2549 5163 2728 5236 gratia
2753 5161 2851 5217 Dei
2886 5160 3179 5216 Salvatoris
3213 5162 3393 5217 nostri
3428 5180 3552 5220 om-

1914 5260 2080 5316 nibus
2105 5260 2450 5328 hominibus,
2491 5258 2757 5314 erudiens
2797 5272 2918 5327 nos,
2961 5260 3021 5311 ut
3059 5256 3405 5329 abnegantes
3445 5258 3553 5314 im-

1916 5354 2187 5426 pietatem
2213 5356 2270 5408 et
2302 5351 2592 5407 saecularia
2623 5349 2917 5420 desideria,
2961 5349 3162 5422 sobrie,
3201 5355 3257 5406 et
3284 5352 3457 5423 juste,
3501 5355 3557 5406 et

1917 5514 2061 5570 quos
2084 5495 2297 5570 ansulis
2319 5495 2566 5570 inclusos
2586 5494 2779 5570 habes.

1989 5581 2012 5609 θ
2041 5567 2286 5637 Legebat
2320 5566 2666 5637 Augustinus
2705 5565 2938 5638 Spiritui
2973 5567 3032 5622 in
3057 5581 3314 5622 sermone
3341 5565 3552 5638 cux‘ad

1918 5635 2216 5720 populum,
2242 5635 2490 5706 numfl,
2518 5638 2616 5692 ubi
2644 5635 2835 5693 subdit
2863 5656 2875 5693 :
2913 5659 2940 5688 ‹‹
2969 5638 3091 5695 Scio
3116 5639 3411 5709 plerosque
3446 5635 3552 5689 Co-

1920 5711 2068 5764 dices
2092 5709 2300 5764 habere
2330 5725 2342 5763 :
2374 5709 2479 5776 Qui
2503 5710 2716 5776 Spiritu
2743 5713 2848 5765 Deo
2876 5712 3156 5765 servimus.
3182 5727 3210 5754 ››
3304 5773 3312 5776 _
3379 5775 3386 5776 γ

1989 5727 2068 5764 :es
2092 5727 2300 5764 nanere
2330 5727 2342 5763 :
2374 5727 2478 5776 um
2503 5727 2716 5780 aptium
2743 5727 2848 5765 ueo
2876 5727 3156 5765 servimus.
3182 5727 3210 5754 ››

1989 5783 2015 5822 d
2045 5780 2414 5852 Ephyphania
2437 5781 2609 5836 etiam
2627 5781 2893 5836 scribitur
2920 5783 2979 5836 in
3011 5773 3354 5836 Lectiouario
3375 5775 3554 5835 Laxo-

1923 5852 2120 5929 viensi,
2154 5857 2278 5913 tum
2300 5853 2362 5913 in
2383 5852 2583 5914 Missali
2610 5852 2869 5912 Gothico.
