  <div class='ocr_page' id='page_1' title='image "/cluster/home/n/w/nwhite01/storage/ocr_20150623/72/hvd.32044054758768/241.png"; bbox 0 0 3982 6190; ppageno 0'>
   <div class='ocr_carea' id='block_1_1' title="bbox 390 275 486 330">
    <p class='ocr_par' dir='ltr' id='par_1_1' title="bbox 390 275 486 330">
     <span class='ocr_line' id='line_1_1' title="bbox 390 275 486 330; baseline 0 -1"><span class='ocrx_word' id='word_1_1' title='bbox 390 275 486 330; x_wconf 77' lang='grc'><strong>471</strong></span> 
     </span>
    </p>
   </div>
   <div class='ocr_carea' id='block_1_2' title="bbox 387 476 2018 550">
    <p class='ocr_par' dir='ltr' id='par_1_2' title="bbox 387 476 2018 550">
     <span class='ocr_line' id='line_1_2' title="bbox 387 476 2018 550; baseline 0.002 -18"><span class='ocrx_word' id='word_1_2' title='bbox 387 492 550 550; x_wconf 89' lang='lat' dir='ltr'><strong>spem</strong></span> <span class='ocrx_word' id='word_1_3' title='bbox 577 482 634 534; x_wconf 92' lang='lat' dir='ltr'><strong>et</strong></span> <span class='ocrx_word' id='word_1_4' title='bbox 665 478 970 534; x_wconf 88' lang='lat' dir='ltr'><strong>adventum</strong></span> <span class='ocrx_word' id='word_1_5' title='bbox 999 476 1194 547; x_wconf 69' lang='lat' dir='ltr'><strong>gloriae</strong></span> <span class='ocrx_word' id='word_1_6' title='bbox 1240 477 1436 548; x_wconf 86' lang='lat' dir='ltr'><strong>magni</strong></span> <span class='ocrx_word' id='word_1_7' title='bbox 1480 477 1702 534; x_wconf 87' lang='lat' dir='ltr'><strong>Domini</strong></span> <span class='ocrx_word' id='word_1_8' title='bbox 1739 481 1796 534; x_wconf 92' lang='lat' dir='ltr'><strong>et</strong></span> <span class='ocrx_word' id='word_1_9' title='bbox 1832 478 2018 536; x_wconf 87' lang='lat' dir='ltr'><strong>Salva-</strong></span> 
     </span>
    </p>
   </div>
   <div class='ocr_carea' id='block_1_3' title="bbox 385 568 1136 628">
    <p class='ocr_par' dir='ltr' id='par_1_3' title="bbox 385 568 1136 628">
     <span class='ocr_line' id='line_1_3' title="bbox 385 568 1136 628; baseline -0.005 0"><span class='ocrx_word' id='word_1_10' title='bbox 385 571 526 628; x_wconf 82' lang='lat' dir='ltr'><strong>toris</strong></span> <span class='ocrx_word' id='word_1_11' title='bbox 552 570 732 628; x_wconf 85' lang='lat' dir='ltr'><strong>nostri</strong></span> <span class='ocrx_word' id='word_1_12' title='bbox 758 571 888 626; x_wconf 86' lang='lat' dir='ltr'><strong>Iesu</strong></span> <span class='ocrx_word' id='word_1_13' title='bbox 909 568 1136 624; x_wconf 82' lang='lat' dir='ltr'><strong>Christi.</strong></span> 
     </span>
    </p>
   </div>
   <div class='ocr_carea' id='block_1_4' title="bbox 542 657 1862 720">
    <p class='ocr_par' dir='ltr' id='par_1_4' title="bbox 542 657 1862 720">
     <span class='ocr_line' id='line_1_4' title="bbox 542 657 1862 720; baseline 0.001 -10"><span class='ocrx_word' id='word_1_14' title='bbox 542 659 715 710; x_wconf 79' lang='lat' dir='ltr'><strong>Lectio</strong></span> <span class='ocrx_word' id='word_1_15' title='bbox 748 657 912 708; x_wconf 85' lang='lat' dir='ltr'><strong>sancti</strong></span> <span class='ocrx_word' id='word_1_16' title='bbox 944 657 1213 720; x_wconf 83' lang='lat' dir='ltr'><strong>Evangelii</strong></span> <span class='ocrx_word' id='word_1_17' title='bbox 1243 657 1530 708; x_wconf 89' lang='lat' dir='ltr'><strong>secundum</strong></span> <span class='ocrx_word' id='word_1_18' title='bbox 1554 659 1862 711; x_wconf 87' lang='lat' dir='ltr'><strong>Iohannem.</strong></span> 
     </span>
    </p>
   </div>
   <div class='ocr_carea' id='block_1_5' title="bbox 405 731 2020 803">
    <p class='ocr_par' dir='ltr' id='par_1_5' title="bbox 405 731 2020 803">
     <span class='ocr_line' id='line_1_5' title="bbox 405 731 2020 803; baseline 0.001 -13"><span class='ocrx_word' id='word_1_19' title='bbox 405 737 408 740; x_wconf 83' lang='grc'><em>’</em></span> <span class='ocrx_word' id='word_1_20' title='bbox 458 734 662 790; x_wconf 89' lang='lat' dir='ltr'><strong>Diebus</strong></span> <span class='ocrx_word' id='word_1_21' title='bbox 695 733 804 788; x_wconf 89' lang='lat' dir='ltr'><strong>illis</strong></span> <span class='ocrx_word' id='word_1_22' title='bbox 827 739 871 803; x_wconf 78' lang='grc'><strong>⁸,</strong></span> <span class='ocrx_word' id='word_1_23' title='bbox 916 731 1068 788; x_wconf 86' lang='lat' dir='ltr'><strong>venit</strong></span> <span class='ocrx_word' id='word_1_24' title='bbox 1103 733 1373 788; x_wconf 87' lang='lat' dir='ltr'><strong>Dominus</strong></span> <span class='ocrx_word' id='word_1_25' title='bbox 1417 735 1574 789; x_wconf 87' lang='lat' dir='ltr'><strong>Iesus</strong></span> <span class='ocrx_word' id='word_1_26' title='bbox 1615 735 1675 790; x_wconf 90' lang='lat' dir='ltr'><strong>in</strong></span> <span class='ocrx_word' id='word_1_27' title='bbox 1719 737 2020 792; x_wconf 86' lang='lat' dir='ltr'><strong>Iordanem</strong></span> 
     </span>
    </p>
   </div>
   <div class='ocr_carea' id='block_1_6' title="bbox 383 825 2022 898">
    <p class='ocr_par' dir='ltr' id='par_1_6' title="bbox 383 825 2022 898">
     <span class='ocr_line' id='line_1_6' title="bbox 383 825 2022 898; baseline -0.001 -10"><span class='ocrx_word' id='word_1_28' title='bbox 383 830 455 888; x_wconf 84' lang='lat' dir='ltr'><strong>ad</strong></span> <span class='ocrx_word' id='word_1_29' title='bbox 484 829 820 896; x_wconf 90' lang='lat' dir='ltr'><strong>Iohannem,</strong></span> <span class='ocrx_word' id='word_1_30' title='bbox 843 830 908 882; x_wconf 91' lang='lat' dir='ltr'><strong>ut</strong></span> <span class='ocrx_word' id='word_1_31' title='bbox 932 825 1309 898; x_wconf 78' lang='lat' dir='ltr'><strong>baptizaretur</strong></span> <span class='ocrx_word' id='word_1_32' title='bbox 1327 828 1396 882; x_wconf 92' lang='lat' dir='ltr'><strong>ab</strong></span> <span class='ocrx_word' id='word_1_33' title='bbox 1419 844 1503 883; x_wconf 92' lang='lat' dir='ltr'><strong>eo.</strong></span> <span class='ocrx_word' id='word_1_34' title='bbox 1522 829 1804 885; x_wconf 90' lang='lat' dir='ltr'><strong>Iohannes</strong></span> <span class='ocrx_word' id='word_1_35' title='bbox 1829 835 2022 886; x_wconf 89' lang='lat' dir='ltr'><strong>autem</strong></span> 
     </span>
    </p>
   </div>
   <div class='ocr_carea' id='block_1_7' title="bbox 379 921 2016 998">
    <p class='ocr_par' dir='ltr' id='par_1_7' title="bbox 379 921 2016 998">
     <span class='ocr_line' id='line_1_7' title="bbox 379 921 2016 998; baseline 0 -18"><span class='ocrx_word' id='word_1_36' title='bbox 379 922 715 998; x_wconf 83' lang='lat' dir='ltr'><strong>prohibebat</strong></span> <span class='ocrx_word' id='word_1_37' title='bbox 740 937 874 976; x_wconf 92' lang='lat' dir='ltr'><strong>eum</strong></span> <span class='ocrx_word' id='word_1_38' title='bbox 898 921 1088 977; x_wconf 90' lang='lat' dir='ltr'><strong>dicens</strong></span> <span class='ocrx_word' id='word_1_39' title='bbox 1123 941 1134 976; x_wconf 92' lang='lat'><strong>:</strong></span> <span class='ocrx_word' id='word_1_40' title='bbox 1183 923 1299 993; x_wconf 87' lang='lat' dir='ltr'><strong>Ego</strong></span> <span class='ocrx_word' id='word_1_41' title='bbox 1342 939 1374 976; x_wconf 90' lang='lat' dir='ltr'><strong>a</strong></span> <span class='ocrx_word' id='word_1_42' title='bbox 1417 925 1468 978; x_wconf 92' lang='lat' dir='ltr'><strong>te</strong></span> <span class='ocrx_word' id='word_1_43' title='bbox 1516 923 1691 979; x_wconf 91' lang='lat' dir='ltr'><strong>debeo</strong></span> <span class='ocrx_word' id='word_1_44' title='bbox 1729 925 2016 996; x_wconf 82' lang='lat' dir='ltr'><strong>baptizari,</strong></span> 
     </span>
    </p>
   </div>
   <div class='ocr_carea' id='block_1_8' title="bbox 379 1015 2020 1087">
    <p class='ocr_par' dir='ltr' id='par_1_8' title="bbox 379 1015 2020 1087">
     <span class='ocr_line' id='line_1_8' title="bbox 379 1015 2020 1087; baseline 0 -13"><span class='ocrx_word' id='word_1_45' title='bbox 379 1021 434 1078; x_wconf 88' lang='lat' dir='ltr'><strong>et</strong></span> <span class='ocrx_word' id='word_1_46' title='bbox 457 1021 518 1074; x_wconf 91' lang='lat' dir='ltr'><strong>tu</strong></span> <span class='ocrx_word' id='word_1_47' title='bbox 571 1015 729 1072; x_wconf 90' lang='lat' dir='ltr'><strong>venis</strong></span> <span class='ocrx_word' id='word_1_48' title='bbox 776 1016 847 1071; x_wconf 92' lang='lat' dir='ltr'><strong>ad</strong></span> <span class='ocrx_word' id='word_1_49' title='bbox 901 1032 995 1072; x_wconf 89' lang='lat' dir='ltr'><strong>me</strong></span> <span class='ocrx_word' id='word_1_50' title='bbox 1015 1017 1058 1084; x_wconf 86' lang='lat'><strong>?_</strong></span> <span class='ocrx_word' id='word_1_51' title='bbox 1097 1016 1460 1087; x_wconf 80' lang='lat' dir='ltr'><strong>Respondens</strong></span> <span class='ocrx_word' id='word_1_52' title='bbox 1503 1021 1694 1075; x_wconf 89' lang='lat' dir='ltr'><strong>autem</strong></span> <span class='ocrx_word' id='word_1_53' title='bbox 1748 1019 2020 1074; x_wconf 88' lang='lat' dir='ltr'><strong>Dominus</strong></span> 
     </span>
    </p>
   </div>
   <div class='ocr_carea' id='block_1_9' title="bbox 375 1097 2019 1180">
    <p class='ocr_par' dir='ltr' id='par_1_9' title="bbox 375 1097 2019 1180">
     <span class='ocr_line' id='line_1_9' title="bbox 375 1097 2019 1180; baseline -0.001 -10"><span class='ocrx_word' id='word_1_54' title='bbox 375 1097 535 1170; x_wconf 86' lang='lat' dir='ltr'><strong>Iesus</strong></span> <span class='ocrx_word' id='word_1_55' title='bbox 589 1109 730 1167; x_wconf 90' lang='lat' dir='ltr'><strong>dixit</strong></span> <span class='ocrx_word' id='word_1_56' title='bbox 775 1109 868 1165; x_wconf 87' lang='lat' dir='ltr'><strong>ei:</strong></span> <span class='ocrx_word' id='word_1_57' title='bbox 916 1110 1044 1166; x_wconf 91' lang='lat' dir='ltr'><strong>Sine</strong></span> <span class='ocrx_word' id='word_1_58' title='bbox 1095 1109 1296 1180; x_wconf 85' lang='lat' dir='ltr'><strong>modo;</strong></span> <span class='ocrx_word' id='word_1_59' title='bbox 1339 1110 1415 1164; x_wconf 90' lang='lat' dir='ltr'><strong>sic</strong></span> <span class='ocrx_word' id='word_1_60' title='bbox 1475 1111 1628 1166; x_wconf 90' lang='lat' dir='ltr'><strong>enim</strong></span> <span class='ocrx_word' id='word_1_61' title='bbox 1693 1113 1852 1169; x_wconf 89' lang='lat' dir='ltr'><strong>decet</strong></span> <span class='ocrx_word' id='word_1_62' title='bbox 1917 1131 2019 1168; x_wconf 89' lang='lat' dir='ltr'><strong>nos</strong></span> 
     </span>
    </p>
   </div>
   <div class='ocr_carea' id='block_1_10' title="bbox 375 1203 2020 1280">
    <p class='ocr_par' dir='ltr' id='par_1_10' title="bbox 375 1203 2020 1280">
     <span class='ocr_line' id='line_1_10' title="bbox 375 1203 2020 1280; baseline 0.001 -20"><span class='ocrx_word' id='word_1_63' title='bbox 375 1205 612 1278; x_wconf 89' lang='lat' dir='ltr'><strong>implere</strong></span> <span class='ocrx_word' id='word_1_64' title='bbox 641 1219 866 1260; x_wconf 89' lang='lat' dir='ltr'><strong>omnem</strong></span> <span class='ocrx_word' id='word_1_65' title='bbox 892 1203 1192 1276; x_wconf 85' lang='lat' dir='ltr'><strong>justitiam.</strong></span> <span class='ocrx_word' id='word_1_66' title='bbox 1225 1206 1380 1259; x_wconf 91' lang='lat' dir='ltr'><strong>Tunc</strong></span> <span class='ocrx_word' id='word_1_67' title='bbox 1411 1205 1622 1260; x_wconf 91' lang='lat' dir='ltr'><strong>dimisit</strong></span> <span class='ocrx_word' id='word_1_68' title='bbox 1647 1222 1800 1262; x_wconf 90' lang='lat' dir='ltr'><strong>eum.</strong></span> <span class='ocrx_word' id='word_1_69' title='bbox 1836 1207 2020 1280; x_wconf 90' lang='lat' dir='ltr'><strong>Bapti-</strong></span> 
     </span>
    </p>
   </div>
   <div class='ocr_carea' id='block_1_11' title="bbox 373 1297 2018 1372">
    <p class='ocr_par' dir='ltr' id='par_1_11' title="bbox 373 1297 2018 1372">
     <span class='ocr_line' id='line_1_11' title="bbox 373 1297 2018 1372; baseline 0.002 -18"><span class='ocrx_word' id='word_1_70' title='bbox 373 1304 530 1372; x_wconf 78' lang='lat' dir='ltr'><strong>zatus</strong></span> <span class='ocrx_word' id='word_1_71' title='bbox 577 1303 770 1356; x_wconf 89' lang='lat' dir='ltr'><strong>autem</strong></span> <span class='ocrx_word' id='word_1_72' title='bbox 818 1297 1114 1353; x_wconf 87' lang='lat' dir='ltr'><strong>confestim</strong></span> <span class='ocrx_word' id='word_1_73' title='bbox 1156 1299 1410 1354; x_wconf 87' lang='lat' dir='ltr'><strong>ascendit</strong></span> <span class='ocrx_word' id='word_1_74' title='bbox 1458 1299 1525 1354; x_wconf 92' lang='lat' dir='ltr'><strong>de</strong></span> <span class='ocrx_word' id='word_1_75' title='bbox 1573 1316 1739 1372; x_wconf 88' lang='lat' dir='ltr'><strong>aqua,</strong></span> <span class='ocrx_word' id='word_1_76' title='bbox 1795 1304 1852 1356; x_wconf 91' lang='lat' dir='ltr'><strong>et</strong></span> <span class='ocrx_word' id='word_1_77' title='bbox 1892 1317 2018 1357; x_wconf 90' lang='lat' dir='ltr'><strong>ecce</strong></span> 
     </span>
    </p>
   </div>
   <div class='ocr_carea' id='block_1_12' title="bbox 375 1391 2012 1468">
    <p class='ocr_par' dir='ltr' id='par_1_12' title="bbox 375 1391 2012 1468">
     <span class='ocr_line' id='line_1_12' title="bbox 375 1391 2012 1468; baseline 0.001 -19"><span class='ocrx_word' id='word_1_78' title='bbox 375 1392 558 1468; x_wconf 87' lang='lat' dir='ltr'><strong>aperti</strong></span> <span class='ocrx_word' id='word_1_79' title='bbox 596 1395 728 1450; x_wconf 91' lang='lat' dir='ltr'><strong>sunt</strong></span> <span class='ocrx_word' id='word_1_80' title='bbox 765 1391 817 1447; x_wconf 93' lang='lat' dir='ltr'><strong>ei</strong></span> <span class='ocrx_word' id='word_1_81' title='bbox 859 1393 998 1460; x_wconf 81' lang='lat' dir='ltr'><strong>caeli,</strong></span> <span class='ocrx_word' id='word_1_82' title='bbox 1034 1395 1090 1446; x_wconf 92' lang='lat' dir='ltr'><strong>et</strong></span> <span class='ocrx_word' id='word_1_83' title='bbox 1133 1391 1272 1452; x_wconf 82' lang='lat' dir='ltr'><strong>vidit</strong></span> <span class='ocrx_word' id='word_1_84' title='bbox 1322 1393 1596 1463; x_wconf 86' lang='lat' dir='ltr'><strong>Spiritum</strong></span> <span class='ocrx_word' id='word_1_85' title='bbox 1632 1395 1733 1450; x_wconf 91' lang='lat' dir='ltr'><strong>Dei</strong></span> <span class='ocrx_word' id='word_1_86' title='bbox 1777 1394 2012 1450; x_wconf 86' lang='lat' dir='ltr'><strong>descen-</strong></span> 
     </span>
    </p>
   </div>
   <div class='ocr_carea' id='block_1_13' title="bbox 375 1486 2016 1560">
    <p class='ocr_par' dir='ltr' id='par_1_13' title="bbox 375 1486 2016 1560">
     <span class='ocr_line' id='line_1_13' title="bbox 375 1486 2016 1560; baseline 0.001 -18"><span class='ocrx_word' id='word_1_87' title='bbox 375 1487 604 1543; x_wconf 86' lang='lat' dir='ltr'><strong>dentem</strong></span> <span class='ocrx_word' id='word_1_88' title='bbox 631 1486 774 1542; x_wconf 91' lang='lat' dir='ltr'><strong>sicut</strong></span> <span class='ocrx_word' id='word_1_89' title='bbox 798 1486 1122 1542; x_wconf 89' lang='lat' dir='ltr'><strong>columbam</strong></span> <span class='ocrx_word' id='word_1_90' title='bbox 1154 1486 1468 1542; x_wconf 88' lang='lat' dir='ltr'><strong>venientem</strong></span> <span class='ocrx_word' id='word_1_91' title='bbox 1498 1503 1668 1560; x_wconf 88' lang='lat' dir='ltr'><strong>super</strong></span> <span class='ocrx_word' id='word_1_92' title='bbox 1698 1504 1776 1558; x_wconf 90' lang='lat' dir='ltr'><strong>se,</strong></span> <span class='ocrx_word' id='word_1_93' title='bbox 1820 1494 1875 1543; x_wconf 93' lang='lat' dir='ltr'><strong>et</strong></span> <span class='ocrx_word' id='word_1_94' title='bbox 1907 1505 2016 1544; x_wconf 89' lang='lat' dir='ltr'><strong>vox</strong></span> 
     </span>
    </p>
   </div>
   <div class='ocr_carea' id='block_1_14' title="bbox 373 1579 2016 1650">
    <p class='ocr_par' dir='ltr' id='par_1_14' title="bbox 373 1579 2016 1650">
     <span class='ocr_line' id='line_1_14' title="bbox 373 1579 2016 1650; baseline -0.001 -12"><span class='ocrx_word' id='word_1_95' title='bbox 373 1583 444 1638; x_wconf 91' lang='lat' dir='ltr'><strong>de</strong></span> <span class='ocrx_word' id='word_1_96' title='bbox 481 1581 634 1636; x_wconf 60' lang='lat' dir='ltr'><strong>celis</strong></span> <span class='ocrx_word' id='word_1_97' title='bbox 670 1580 906 1636; x_wconf 89' lang='lat' dir='ltr'><strong>dicens:</strong></span> <span class='ocrx_word' id='word_1_98' title='bbox 953 1579 1048 1635; x_wconf 85' lang='lat' dir='ltr'><strong>Hic</strong></span> <span class='ocrx_word' id='word_1_99' title='bbox 1095 1585 1177 1636; x_wconf 91' lang='lat' dir='ltr'><strong>est</strong></span> <span class='ocrx_word' id='word_1_100' title='bbox 1225 1581 1393 1636; x_wconf 87' lang='lat' dir='ltr'><strong>Filius</strong></span> <span class='ocrx_word' id='word_1_101' title='bbox 1437 1599 1598 1638; x_wconf 90' lang='lat' dir='ltr'><strong>meus</strong></span> <span class='ocrx_word' id='word_1_102' title='bbox 1643 1581 1898 1650; x_wconf 90' lang='lat' dir='ltr'><strong>dilectus,</strong></span> <span class='ocrx_word' id='word_1_103' title='bbox 1957 1583 2016 1637; x_wconf 92' lang='lat' dir='ltr'><strong>in</strong></span> 
     </span>
    </p>
   </div>
   <div class='ocr_carea' id='block_1_15' title="bbox 374 1673 2016 1752">
    <p class='ocr_par' dir='ltr' id='par_1_15' title="bbox 374 1673 2016 1752">
     <span class='ocr_line' id='line_1_15' title="bbox 374 1673 2016 1752; baseline -0.001 -20"><span class='ocrx_word' id='word_1_104' title='bbox 374 1691 488 1752; x_wconf 90' lang='lat' dir='ltr'><strong>quo</strong></span> <span class='ocrx_word' id='word_1_105' title='bbox 533 1674 675 1732; x_wconf 89' lang='lat' dir='ltr'><strong>mihi</strong></span> <span class='ocrx_word' id='word_1_106' title='bbox 720 1674 1054 1746; x_wconf 90' lang='lat' dir='ltr'><strong>complacui.</strong></span> <span class='ocrx_word' id='word_1_107' title='bbox 1099 1673 1247 1746; x_wconf 86' lang='lat' dir='ltr'><strong>[Luc.</strong></span> <span class='ocrx_word' id='word_1_108' title='bbox 1295 1693 1377 1746; x_wconf 84' lang='lat' dir='ltr'><strong>In,</strong></span> <span class='ocrx_word' id='word_1_109' title='bbox 1425 1674 1533 1748; x_wconf 72' lang='lat'><strong>13.]</strong></span> <span class='ocrx_word' id='word_1_110' title='bbox 1585 1677 1661 1732; x_wconf 83' lang='lat' dir='ltr'><strong>Er</strong></span> <span class='ocrx_word' id='word_1_111' title='bbox 1701 1675 1820 1748; x_wconf 92' lang='lat' dir='ltr'><strong>ipse</strong></span> <span class='ocrx_word' id='word_1_112' title='bbox 1858 1677 2016 1732; x_wconf 87' lang='lat' dir='ltr'><strong>Iesus</strong></span> 
     </span>
    </p>
   </div>
   <div class='ocr_carea' id='block_1_16' title="bbox 371 1767 2086 1850">
    <p class='ocr_par' dir='ltr' id='par_1_16' title="bbox 371 1767 2086 1850">
     <span class='ocr_line' id='line_1_16' title="bbox 371 1767 2086 1850; baseline 0 -24"><span class='ocrx_word' id='word_1_113' title='bbox 371 1772 495 1826; x_wconf 90' lang='lat' dir='ltr'><strong>erat</strong></span> <span class='ocrx_word' id='word_1_114' title='bbox 517 1769 797 1842; x_wconf 89' lang='lat' dir='ltr'><strong>incipiens</strong></span> <span class='ocrx_word' id='word_1_115' title='bbox 826 1767 988 1842; x_wconf 87' lang='lat' dir='ltr'><strong>quasi</strong></span> <span class='ocrx_word' id='word_1_116' title='bbox 1007 1785 1289 1825; x_wconf 87' lang='lat' dir='ltr'><strong>annorum</strong></span> <span class='ocrx_word' id='word_1_117' title='bbox 1317 1769 1554 1842; x_wconf 83' lang='lat' dir='ltr'><strong>triginta</strong></span> <span class='ocrx_word' id='word_1_118' title='bbox 1595 1773 1661 1826; x_wconf 88' lang='lat' dir='ltr'><strong>ut</strong></span> <span class='ocrx_word' id='word_1_119' title='bbox 1704 1770 2011 1844; x_wconf 86' lang='lat' dir='ltr'><strong>putabatur</strong></span> <span class='ocrx_word' id='word_1_120' title='bbox 2030 1777 2086 1850; x_wconf 85' lang='grc' dir='ltr'>Β</span> 
     </span>
    </p>
   </div>
   <div class='ocr_carea' id='block_1_17' title="bbox 368 1862 732 1934">
    <p class='ocr_par' dir='ltr' id='par_1_17' title="bbox 368 1862 732 1934">
     <span class='ocr_line' id='line_1_17' title="bbox 368 1862 732 1934; baseline -0.005 -12"><span class='ocrx_word' id='word_1_121' title='bbox 368 1862 518 1922; x_wconf 80' lang='lat' dir='ltr'><strong>ﬁlius</strong></span> <span class='ocrx_word' id='word_1_122' title='bbox 547 1865 732 1934; x_wconf 88' lang='lat' dir='ltr'><strong>Iosep.</strong></span> 
     </span>
    </p>
   </div>
   <div class='ocr_carea' id='block_1_18' title="bbox 447 1955 2012 2032">
    <p class='ocr_par' dir='ltr' id='par_1_18' title="bbox 447 1955 2012 2032">
     <span class='ocr_line' id='line_1_18' title="bbox 447 1955 2012 2032; baseline -0.001 -18"><span class='ocrx_word' id='word_1_123' title='bbox 447 1957 663 2032; x_wconf 86' lang='lat' dir='ltr'><strong>[Ioann.</strong></span> <span class='ocrx_word' id='word_1_124' title='bbox 691 1973 752 2026; x_wconf 79' lang='grc' dir='ltr'><strong>ιι,</strong></span> <span class='ocrx_word' id='word_1_125' title='bbox 785 1957 857 2027; x_wconf 91' lang='grc'><strong>1.]</strong></span> <span class='ocrx_word' id='word_1_126' title='bbox 883 1957 959 2013; x_wconf 82' lang='lat' dir='ltr'><strong>Er</strong></span> <span class='ocrx_word' id='word_1_127' title='bbox 984 1955 1074 2012; x_wconf 91' lang='lat' dir='ltr'><strong>die</strong></span> <span class='ocrx_word' id='word_1_128' title='bbox 1101 1957 1266 2012; x_wconf 90' lang='lat' dir='ltr'><strong>tertio</strong></span> <span class='ocrx_word' id='word_1_129' title='bbox 1310 1958 1528 2029; x_wconf 61' lang='lat' dir='ltr'><strong>nuptias</strong></span> <span class='ocrx_word' id='word_1_130' title='bbox 1569 1958 1730 2014; x_wconf 83' lang='lat' dir='ltr'><strong>factae</strong></span> <span class='ocrx_word' id='word_1_131' title='bbox 1777 1963 1907 2013; x_wconf 92' lang='lat' dir='ltr'><strong>sunt</strong></span> <span class='ocrx_word' id='word_1_132' title='bbox 1951 1957 2012 2012; x_wconf 88' lang='lat' dir='ltr'><strong>in</strong></span> 
     </span>
    </p>
   </div>
   <div class='ocr_carea' id='block_1_19' title="bbox 367 2052 2014 2122">
    <p class='ocr_par' dir='ltr' id='par_1_19' title="bbox 367 2052 2014 2122">
     <span class='ocr_line' id='line_1_19' title="bbox 367 2052 2014 2122; baseline -0.002 -13"><span class='ocrx_word' id='word_1_133' title='bbox 367 2054 515 2110; x_wconf 88' lang='lat' dir='ltr'><strong>Cana</strong></span> <span class='ocrx_word' id='word_1_134' title='bbox 565 2052 811 2122; x_wconf 71' lang='lat' dir='ltr'><strong>Galileze,</strong></span> <span class='ocrx_word' id='word_1_135' title='bbox 856 2056 912 2108; x_wconf 90' lang='lat' dir='ltr'><strong>et</strong></span> <span class='ocrx_word' id='word_1_136' title='bbox 951 2055 1071 2106; x_wconf 88' lang='lat' dir='ltr'><strong>erat</strong></span> <span class='ocrx_word' id='word_1_137' title='bbox 1105 2055 1289 2107; x_wconf 85' lang='lat' dir='ltr'><strong>mater</strong></span> <span class='ocrx_word' id='word_1_138' title='bbox 1327 2054 1456 2107; x_wconf 89' lang='lat' dir='ltr'><strong>Iesu</strong></span> <span class='ocrx_word' id='word_1_139' title='bbox 1491 2053 1594 2107; x_wconf 86' lang='lat' dir='ltr'><strong>ibi.</strong></span> <span class='ocrx_word' id='word_1_140' title='bbox 1651 2055 1886 2108; x_wconf 89' lang='lat' dir='ltr'><strong>Vocatus</strong></span> <span class='ocrx_word' id='word_1_141' title='bbox 1929 2056 2014 2107; x_wconf 90' lang='lat' dir='ltr'><strong>est</strong></span> 
     </span>
    </p>
   </div>
   <div class='ocr_carea' id='block_1_20' title="bbox 329 2145 1998 2218">
    <p class='ocr_par' dir='ltr' id='par_1_20' title="bbox 329 2145 1998 2218">
     <span class='ocr_line' id='line_1_20' title="bbox 329 2145 1998 2218; baseline -0.002 -14"><span class='ocrx_word' id='word_1_142' title='bbox 329 2187 332 2192; x_wconf 89' lang='lat'><strong><em>-</em></strong></span> <span class='ocrx_word' id='word_1_143' title='bbox 365 2151 559 2204; x_wconf 86' lang='lat' dir='ltr'><strong>autem</strong></span> <span class='ocrx_word' id='word_1_144' title='bbox 585 2145 858 2201; x_wconf 89' lang='lat' dir='ltr'><strong>Dominus</strong></span> <span class='ocrx_word' id='word_1_145' title='bbox 884 2147 1041 2200; x_wconf 87' lang='lat' dir='ltr'><strong>Iesus</strong></span> <span class='ocrx_word' id='word_1_146' title='bbox 1064 2150 1120 2202; x_wconf 90' lang='lat' dir='ltr'><strong>et</strong></span> <span class='ocrx_word' id='word_1_147' title='bbox 1162 2145 1420 2216; x_wconf 90' lang='lat' dir='ltr'><strong>discipuli</strong></span> <span class='ocrx_word' id='word_1_148' title='bbox 1463 2147 1585 2217; x_wconf 87' lang='lat' dir='ltr'><strong>ejus</strong></span> <span class='ocrx_word' id='word_1_149' title='bbox 1633 2147 1704 2201; x_wconf 91' lang='lat' dir='ltr'><strong>ad</strong></span> <span class='ocrx_word' id='word_1_150' title='bbox 1751 2145 1998 2218; x_wconf 87' lang='lat' dir='ltr'><strong>nuptias.</strong></span> 
     </span>
    </p>
   </div>
   <div class='ocr_carea' id='block_1_21' title="bbox 363 2239 2008 2314">
    <p class='ocr_par' dir='ltr' id='par_1_21' title="bbox 363 2239 2008 2314">
     <span class='ocr_line' id='line_1_21' title="bbox 363 2239 2008 2314; baseline -0.002 -18"><span class='ocrx_word' id='word_1_151' title='bbox 363 2241 432 2296; x_wconf 90' lang='lat' dir='ltr'><strong>Et</strong></span> <span class='ocrx_word' id='word_1_152' title='bbox 483 2239 776 2296; x_wconf 82' lang='lat' dir='ltr'><strong>deﬁciente</strong></span> <span class='ocrx_word' id='word_1_153' title='bbox 818 2239 950 2294; x_wconf 89' lang='lat' dir='ltr'><strong>vino</strong></span> <span class='ocrx_word' id='word_1_154' title='bbox 1001 2239 1134 2314; x_wconf 81' lang='lat' dir='ltr'><strong>dicit</strong></span> <span class='ocrx_word' id='word_1_155' title='bbox 1180 2243 1362 2294; x_wconf 88' lang='lat' dir='ltr'><strong>mater</strong></span> <span class='ocrx_word' id='word_1_156' title='bbox 1407 2240 1536 2295; x_wconf 90' lang='lat' dir='ltr'><strong>Iesu</strong></span> <span class='ocrx_word' id='word_1_157' title='bbox 1590 2239 1660 2294; x_wconf 90' lang='lat' dir='ltr'><strong>ad</strong></span> <span class='ocrx_word' id='word_1_158' title='bbox 1698 2255 1830 2294; x_wconf 89' lang='lat' dir='ltr'><strong>eum</strong></span> <span class='ocrx_word' id='word_1_159' title='bbox 1866 2256 1878 2293; x_wconf 93' lang='lat'>:</span> <span class='ocrx_word' id='word_1_160' title='bbox 1923 2239 2008 2294; x_wconf 91' lang='lat' dir='ltr'><strong>Vi-</strong></span> 
     </span>
    </p>
   </div>
   <div class='ocr_carea' id='block_1_22' title="bbox 365 2333 2011 2398">
    <p class='ocr_par' dir='ltr' id='par_1_22' title="bbox 365 2333 2011 2398">
     <span class='ocr_line' id='line_1_22' title="bbox 365 2333 2011 2398; baseline -0.001 -9"><span class='ocrx_word' id='word_1_161' title='bbox 365 2350 508 2398; x_wconf 83' lang='lat' dir='ltr'><strong>num</strong></span> <span class='ocrx_word' id='word_1_162' title='bbox 523 2350 640 2388; x_wconf 92' lang='lat' dir='ltr'><strong>non</strong></span> <span class='ocrx_word' id='word_1_163' title='bbox 665 2333 894 2389; x_wconf 87' lang='lat' dir='ltr'><strong>habent.</strong></span> <span class='ocrx_word' id='word_1_164' title='bbox 935 2334 1002 2388; x_wconf 88' lang='lat' dir='ltr'><strong>Et</strong></span> <span class='ocrx_word' id='word_1_165' title='bbox 1046 2333 1181 2388; x_wconf 89' lang='lat' dir='ltr'><strong>dicit</strong></span> <span class='ocrx_word' id='word_1_166' title='bbox 1215 2333 1268 2388; x_wconf 91' lang='lat' dir='ltr'><strong>ei</strong></span> <span class='ocrx_word' id='word_1_167' title='bbox 1309 2333 1578 2388; x_wconf 85' lang='lat' dir='ltr'><strong>Dominus</strong></span> <span class='ocrx_word' id='word_1_168' title='bbox 1623 2333 1825 2389; x_wconf 90' lang='lat' dir='ltr'><strong>Iesus:</strong></span> <span class='ocrx_word' id='word_1_169' title='bbox 1867 2333 2011 2397; x_wconf 88' lang='lat' dir='ltr'><strong>Quid</strong></span> 
     </span>
    </p>
   </div>
   <div class='ocr_carea' id='block_1_23' title="bbox 365 2426 2006 2496">
    <p class='ocr_par' dir='ltr' id='par_1_23' title="bbox 365 2426 2006 2496">
     <span class='ocr_line' id='line_1_23' title="bbox 365 2426 2006 2496; baseline -0.001 -12"><span class='ocrx_word' id='word_1_170' title='bbox 365 2427 509 2484; x_wconf 88' lang='lat' dir='ltr'><strong>mihi</strong></span> <span class='ocrx_word' id='word_1_171' title='bbox 542 2431 598 2484; x_wconf 89' lang='lat' dir='ltr'><strong>et</strong></span> <span class='ocrx_word' id='word_1_172' title='bbox 631 2427 733 2482; x_wconf 89' lang='lat' dir='ltr'><strong>tibi</strong></span> <span class='ocrx_word' id='word_1_173' title='bbox 760 2431 861 2496; x_wconf 91' lang='lat' dir='ltr'><strong>est,</strong></span> <span class='ocrx_word' id='word_1_174' title='bbox 890 2426 1095 2481; x_wconf 89' lang='lat' dir='ltr'><strong>mulier</strong></span> <span class='ocrx_word' id='word_1_175' title='bbox 1121 2427 1148 2480; x_wconf 88' lang='lat'><strong>?</strong></span> <span class='ocrx_word' id='word_1_176' title='bbox 1176 2427 1432 2481; x_wconf 90' lang='lat' dir='ltr'><strong>nondum</strong></span> <span class='ocrx_word' id='word_1_177' title='bbox 1479 2427 1627 2482; x_wconf 86' lang='lat' dir='ltr'><strong>venit</strong></span> <span class='ocrx_word' id='word_1_178' title='bbox 1671 2428 1810 2482; x_wconf 89' lang='lat' dir='ltr'><strong>hora</strong></span> <span class='ocrx_word' id='word_1_179' title='bbox 1859 2443 2006 2482; x_wconf 88' lang='lat' dir='ltr'><strong>mea.</strong></span> 
     </span>
    </p>
   </div>
   <div class='ocr_carea' id='block_1_24' title="bbox 365 2519 2010 2593">
    <p class='ocr_par' dir='ltr' id='par_1_24' title="bbox 365 2519 2010 2593">
     <span class='ocr_line' id='line_1_24' title="bbox 365 2519 2010 2593; baseline -0.001 -15"><span class='ocrx_word' id='word_1_180' title='bbox 365 2521 509 2578; x_wconf 89' lang='lat' dir='ltr'><strong>Dicit</strong></span> <span class='ocrx_word' id='word_1_181' title='bbox 537 2523 720 2577; x_wconf 86' lang='lat' dir='ltr'><strong>mater</strong></span> <span class='ocrx_word' id='word_1_182' title='bbox 746 2521 867 2592; x_wconf 87' lang='lat' dir='ltr'><strong>ejus</strong></span> <span class='ocrx_word' id='word_1_183' title='bbox 905 2519 1214 2575; x_wconf 87' lang='lat' dir='ltr'><strong>ministris:</strong></span> <span class='ocrx_word' id='word_1_184' title='bbox 1249 2521 1654 2593; x_wconf 86' lang='lat' dir='ltr'><strong>Quodcumque</strong></span> <span class='ocrx_word' id='word_1_185' title='bbox 1686 2521 1890 2576; x_wconf 82' lang='lat' dir='ltr'><strong>dixerit</strong></span> <span class='ocrx_word' id='word_1_186' title='bbox 1917 2537 2010 2576; x_wconf 89' lang='lat' dir='ltr'><strong>vo-</strong></span> 
     </span>
    </p>
   </div>
   <div class='ocr_carea' id='block_1_25' title="bbox 363 2613 2008 2686">
    <p class='ocr_par' dir='ltr' id='par_1_25' title="bbox 363 2613 2008 2686">
     <span class='ocr_line' id='line_1_25' title="bbox 363 2613 2008 2686; baseline 0 -15"><span class='ocrx_word' id='word_1_187' title='bbox 363 2615 452 2672; x_wconf 86' lang='lat' dir='ltr'><strong>bis</strong></span> <span class='ocrx_word' id='word_1_188' title='bbox 469 2613 658 2670; x_wconf 87' lang='lat' dir='ltr'><strong>facite.</strong></span> <span class='ocrx_word' id='word_1_189' title='bbox 687 2615 858 2670; x_wconf 89' lang='lat' dir='ltr'><strong>Esant</strong></span> <span class='ocrx_word' id='word_1_190' title='bbox 883 2618 1076 2670; x_wconf 88' lang='lat' dir='ltr'><strong>autem</strong></span> <span class='ocrx_word' id='word_1_191' title='bbox 1096 2613 1176 2668; x_wconf 87' lang='lat' dir='ltr'><strong>ibi</strong></span> <span class='ocrx_word' id='word_1_192' title='bbox 1193 2613 1429 2685; x_wconf 63' lang='lat' dir='ltr'><strong>lapidea:</strong></span> <span class='ocrx_word' id='word_1_193' title='bbox 1454 2615 1673 2685; x_wconf 68' lang='lat' dir='ltr'><strong>hydria:</strong></span> <span class='ocrx_word' id='word_1_194' title='bbox 1695 2631 1791 2670; x_wconf 86' lang='lat' dir='ltr'><strong>sex</strong></span> <span class='ocrx_word' id='word_1_195' title='bbox 1807 2616 2008 2686; x_wconf 65' lang='lat' dir='ltr'><strong>positae</strong></span> 
     </span>
    </p>
   </div>
   <div class='ocr_carea' id='block_1_26' title="bbox 363 2707 1998 2781">
    <p class='ocr_par' dir='ltr' id='par_1_26' title="bbox 363 2707 1998 2781">
     <span class='ocr_line' id='line_1_26' title="bbox 363 2707 1998 2781; baseline 0 -17"><span class='ocrx_word' id='word_1_196' title='bbox 363 2709 674 2764; x_wconf 90' lang='lat' dir='ltr'><strong>secundum</strong></span> <span class='ocrx_word' id='word_1_197' title='bbox 713 2707 1168 2780; x_wconf 88' lang='lat' dir='ltr'><strong>puriﬁcationem</strong></span> <span class='ocrx_word' id='word_1_198' title='bbox 1192 2708 1544 2778; x_wconf 70' lang='lat' dir='ltr'><strong>Iudaeorum,</strong></span> <span class='ocrx_word' id='word_1_199' title='bbox 1574 2708 1856 2781; x_wconf 89' lang='lat' dir='ltr'><strong>capientes</strong></span> <span class='ocrx_word' id='word_1_200' title='bbox 1883 2709 1998 2764; x_wconf 90' lang='lat' dir='ltr'><strong>sin-</strong></span> 
     </span>
    </p>
   </div>
   <div class='ocr_carea' id='block_1_27' title="bbox 366 2802 2003 2876">
    <p class='ocr_par' dir='ltr' id='par_1_27' title="bbox 366 2802 2003 2876">
     <span class='ocr_line' id='line_1_27' title="bbox 366 2802 2003 2876; baseline 0.001 -18"><span class='ocrx_word' id='word_1_201' title='bbox 366 2803 512 2876; x_wconf 68' lang='lat' dir='ltr'><strong>gulae</strong></span> <span class='ocrx_word' id='word_1_202' title='bbox 538 2806 806 2858; x_wconf 87' lang='lat' dir='ltr'><strong>metretas</strong></span> <span class='ocrx_word' id='word_1_203' title='bbox 829 2802 993 2858; x_wconf 89' lang='lat' dir='ltr'><strong>binas</strong></span> <span class='ocrx_word' id='word_1_204' title='bbox 1020 2802 1108 2857; x_wconf 87' lang='lat' dir='ltr'><strong>vel</strong></span> <span class='ocrx_word' id='word_1_205' title='bbox 1147 2805 1357 2858; x_wconf 89' lang='lat' dir='ltr'><strong>ternas.</strong></span> <span class='ocrx_word' id='word_1_206' title='bbox 1398 2802 1540 2858; x_wconf 91' lang='lat' dir='ltr'><strong>Dicit</strong></span> <span class='ocrx_word' id='word_1_207' title='bbox 1575 2802 1653 2858; x_wconf 90' lang='lat' dir='ltr'><strong>eis</strong></span> <span class='ocrx_word' id='word_1_208' title='bbox 1691 2802 1961 2858; x_wconf 86' lang='lat' dir='ltr'><strong>Dominus</strong></span> <span class='ocrx_word' id='word_1_209' title='bbox 1990 2821 2003 2859; x_wconf 92' lang='lat'><strong>:</strong></span> 
     </span>
    </p>
   </div>
   <div class='ocr_carea' id='block_1_28' title="bbox 369 2896 2006 2970">
    <p class='ocr_par' dir='ltr' id='par_1_28' title="bbox 369 2896 2006 2970">
     <span class='ocr_line' id='line_1_28' title="bbox 369 2896 2006 2970; baseline 0.001 -20"><span class='ocrx_word' id='word_1_210' title='bbox 369 2896 600 2968; x_wconf 90' lang='lat' dir='ltr'><strong>lmplete</strong></span> <span class='ocrx_word' id='word_1_211' title='bbox 625 2896 854 2968; x_wconf 82' lang='lat' dir='ltr'><strong>hydrias</strong></span> <span class='ocrx_word' id='word_1_212' title='bbox 879 2913 1044 2969; x_wconf 89' lang='lat' dir='ltr'><strong>aqua.</strong></span> <span class='ocrx_word' id='word_1_213' title='bbox 1075 2897 1142 2951; x_wconf 90' lang='lat' dir='ltr'><strong>Et</strong></span> <span class='ocrx_word' id='word_1_214' title='bbox 1179 2896 1558 2968; x_wconf 89' lang='lat' dir='ltr'><strong>impleverunt</strong></span> <span class='ocrx_word' id='word_1_215' title='bbox 1593 2912 1686 2952; x_wconf 89' lang='lat' dir='ltr'><strong>eas</strong></span> <span class='ocrx_word' id='word_1_216' title='bbox 1725 2913 1903 2970; x_wconf 92' lang='lat' dir='ltr'><strong>usque</strong></span> <span class='ocrx_word' id='word_1_217' title='bbox 1936 2899 2006 2953; x_wconf 90' lang='lat' dir='ltr'><strong>ad</strong></span> 
     </span>
    </p>
   </div>
   <div class='ocr_carea' id='block_1_29' title="bbox 363 2989 2005 3056">
    <p class='ocr_par' dir='ltr' id='par_1_29' title="bbox 363 2989 2005 3056">
     <span class='ocr_line' id='line_1_29' title="bbox 363 2989 2005 3056; baseline 0.001 -12"><span class='ocrx_word' id='word_1_218' title='bbox 363 3006 673 3045; x_wconf 87' lang='lat' dir='ltr'><strong>summum.</strong></span> <span class='ocrx_word' id='word_1_219' title='bbox 705 2991 774 3044; x_wconf 87' lang='lat' dir='ltr'><strong>Et</strong></span> <span class='ocrx_word' id='word_1_220' title='bbox 803 2989 939 3045; x_wconf 90' lang='lat' dir='ltr'><strong>dicit</strong></span> <span class='ocrx_word' id='word_1_221' title='bbox 957 2989 1036 3044; x_wconf 91' lang='lat' dir='ltr'><strong>eis</strong></span> <span class='ocrx_word' id='word_1_222' title='bbox 1059 2991 1218 3045; x_wconf 88' lang='lat' dir='ltr'><strong>Iesus</strong></span> <span class='ocrx_word' id='word_1_223' title='bbox 1246 3007 1258 3044; x_wconf 89' lang='lat'><strong>:</strong></span> <span class='ocrx_word' id='word_1_224' title='bbox 1293 2991 1520 3045; x_wconf 83' lang='lat' dir='ltr'><strong>Haurite</strong></span> <span class='ocrx_word' id='word_1_225' title='bbox 1555 3007 1730 3056; x_wconf 90' lang='lat' dir='ltr'><strong>nunc,</strong></span> <span class='ocrx_word' id='word_1_226' title='bbox 1779 2995 1835 3045; x_wconf 91' lang='lat' dir='ltr'><strong>et</strong></span> <span class='ocrx_word' id='word_1_227' title='bbox 1863 2991 2005 3046; x_wconf 89' lang='lat' dir='ltr'><strong>ferte</strong></span> 
     </span>
    </p>
   </div>
   <div class='ocr_carea' id='block_1_30' title="bbox 291 3082 2002 3154">
    <p class='ocr_par' dir='ltr' id='par_1_30' title="bbox 291 3082 2002 3154">
     <span class='ocr_line' id='line_1_30' title="bbox 291 3082 2002 3154; baseline 0.001 -18"><span class='ocrx_word' id='word_1_228' title='bbox 291 3133 296 3136; x_wconf 89' lang='lat'><strong>.</strong></span> <span class='ocrx_word' id='word_1_229' title='bbox 367 3082 766 3137; x_wconf 89' lang='lat' dir='ltr'><strong>architriclino.</strong></span> <span class='ocrx_word' id='word_1_230' title='bbox 819 3084 886 3136; x_wconf 85' lang='lat' dir='ltr'><strong>Et</strong></span> <span class='ocrx_word' id='word_1_231' title='bbox 927 3082 1198 3138; x_wconf 89' lang='lat' dir='ltr'><strong>tulerunt.</strong></span> <span class='ocrx_word' id='word_1_232' title='bbox 1269 3085 1337 3138; x_wconf 89' lang='lat' dir='ltr'><strong>Ut</strong></span> <span class='ocrx_word' id='word_1_233' title='bbox 1383 3087 1573 3138; x_wconf 90' lang='lat' dir='ltr'><strong>autem</strong></span> <span class='ocrx_word' id='word_1_234' title='bbox 1622 3085 1868 3154; x_wconf 86' lang='lat' dir='ltr'><strong>gustavit</strong></span> <span class='ocrx_word' id='word_1_235' title='bbox 1909 3101 2002 3138; x_wconf 87' lang='lat' dir='ltr'><strong>ar-</strong></span> 
     </span>
    </p>
   </div>
   <div class='ocr_carea' id='block_1_31' title="bbox 1273 275 2882 341">
    <p class='ocr_par' dir='ltr' id='par_1_31' title="bbox 1273 275 2882 341">
     <span class='ocr_line' id='line_1_31' title="bbox 1273 275 2882 341; baseline 0.006 -12"><span class='ocrx_word' id='word_1_236' title='bbox 1273 275 1605 332; x_wconf 68' lang='lat' dir='ltr'><strong>APPENDIX</strong></span> <span class='ocrx_word' id='word_1_237' title='bbox 1640 277 1728 332; x_wconf 82' lang='lat' dir='ltr'><strong>AD</strong></span> <span class='ocrx_word' id='word_1_238' title='bbox 1765 277 1988 334; x_wconf 80' lang='lat' dir='ltr'><strong>OPERA</strong></span> <span class='ocrx_word' id='word_1_239' title='bbox 2022 279 2076 334; x_wconf 85' lang='lat' dir='ltr'><strong>S.</strong></span> <span class='ocrx_word' id='word_1_240' title='bbox 2119 279 2418 338; x_wconf 77' lang='lat' dir='ltr'><strong>GERMANI</strong></span> <span class='ocrx_word' id='word_1_241' title='bbox 2457 283 2882 341; x_wconf 80' lang='lat' dir='ltr'><strong>PARISIENSIS.</strong></span> 
     </span>
    </p>
   </div>
   <div class='ocr_carea' id='block_1_32' title="bbox 381 379 2100 472">
    <p class='ocr_par' dir='ltr' id='par_1_32' title="bbox 381 379 2100 472">
     <span class='ocr_line' id='line_1_32' title="bbox 381 379 2100 472; baseline 0.001 -34"><span class='ocrx_word' id='word_1_242' title='bbox 381 381 476 466; x_wconf 71' lang='lat' dir='ltr'><strong>pie</strong></span> <span class='ocrx_word' id='word_1_243' title='bbox 529 380 782 439; x_wconf 85' lang='lat' dir='ltr'><strong>vivamus</strong></span> <span class='ocrx_word' id='word_1_244' title='bbox 823 379 882 438; x_wconf 89' lang='lat' dir='ltr'><strong>in</strong></span> <span class='ocrx_word' id='word_1_245' title='bbox 923 382 1032 438; x_wconf 92' lang='lat' dir='ltr'><strong>hoc</strong></span> <span class='ocrx_word' id='word_1_246' title='bbox 1085 381 1306 451; x_wconf 63' lang='lat' dir='ltr'><strong>seculo,</strong></span> <span class='ocrx_word' id='word_1_247' title='bbox 1358 385 1742 454; x_wconf 83' lang='lat' dir='ltr'><strong>exspectantes</strong></span> <span class='ocrx_word' id='word_1_248' title='bbox 1795 383 2018 440; x_wconf 84' lang='lat' dir='ltr'><strong>beatam</strong></span> <span class='ocrx_word' id='word_1_249' title='bbox 2040 397 2100 472; x_wconf 76' lang='grc' dir='ltr'><strong>Α</strong></span> 
     </span>
    </p>
   </div>
   <div class='ocr_carea' id='block_1_33' title="bbox 3659 295 3766 349">
    <p class='ocr_par' dir='ltr' id='par_1_33' title="bbox 3659 295 3766 349">
     <span class='ocr_line' id='line_1_33' title="bbox 3659 295 3766 349; baseline 0 -1"><span class='ocrx_word' id='word_1_250' title='bbox 3659 295 3766 349; x_wconf 67' lang='grc'><strong>472</strong></span> 
     </span>
    </p>
   </div>
   <div class='ocr_carea' id='block_1_34' title="bbox 2743 391 3126 445">
    <p class='ocr_par' dir='ltr' id='par_1_34' title="bbox 2743 391 3126 445">
     <span class='ocr_line' id='line_1_34' title="bbox 2743 391 3126 445; baseline 0.01 -4"><span class='ocrx_word' id='word_1_251' title='bbox 2743 392 2862 443; x_wconf 88' lang='lat' dir='ltr'><strong>Post</strong></span> <span class='ocrx_word' id='word_1_252' title='bbox 2899 391 3126 445; x_wconf 87' lang='lat' dir='ltr'><strong>nomina.</strong></span> 
     </span>
    </p>
   </div>
   <div class='ocr_carea' id='block_1_35' title="bbox 2191 475 3766 554">
    <p class='ocr_par' dir='ltr' id='par_1_35' title="bbox 2191 475 3766 554">
     <span class='ocr_line' id='line_1_35' title="bbox 2191 475 3766 554; baseline 0.009 -24"><span class='ocrx_word' id='word_1_253' title='bbox 2191 477 2336 531; x_wconf 89' lang='lat' dir='ltr'><strong>Deus</strong></span> <span class='ocrx_word' id='word_1_254' title='bbox 2365 475 2464 548; x_wconf 91' lang='lat' dir='ltr'><strong>qui</strong></span> <span class='ocrx_word' id='word_1_255' title='bbox 2497 475 2648 532; x_wconf 88' lang='lat' dir='ltr'><strong>dives</strong></span> <span class='ocrx_word' id='word_1_256' title='bbox 2691 493 2748 533; x_wconf 91' lang='lat' dir='ltr'><strong>es</strong></span> <span class='ocrx_word' id='word_1_257' title='bbox 2785 477 2846 533; x_wconf 91' lang='lat' dir='ltr'><strong>in</strong></span> <span class='ocrx_word' id='word_1_258' title='bbox 2879 480 3143 537; x_wconf 91' lang='lat' dir='ltr'><strong>omnibus</strong></span> <span class='ocrx_word' id='word_1_259' title='bbox 3179 480 3566 554; x_wconf 87' lang='lat' dir='ltr'><strong>misereordia,</strong></span> <span class='ocrx_word' id='word_1_260' title='bbox 3599 489 3766 544; x_wconf 87' lang='lat' dir='ltr'><strong>Pater</strong></span> 
     </span>
    </p>
   </div>
   <div class='ocr_carea' id='block_1_36' title="bbox 2122 571 3760 648">
    <p class='ocr_par' dir='ltr' id='par_1_36' title="bbox 2122 571 3760 648">
     <span class='ocr_line' id='line_1_36' title="bbox 2122 571 3760 648; baseline 0.008 -23"><span class='ocrx_word' id='word_1_261' title='bbox 2122 571 2338 642; x_wconf 79' lang='lat' dir='ltr'><strong>gloriae,</strong></span> <span class='ocrx_word' id='word_1_262' title='bbox 2365 571 2462 643; x_wconf 92' lang='lat' dir='ltr'><strong>qui</strong></span> <span class='ocrx_word' id='word_1_263' title='bbox 2489 571 2726 644; x_wconf 89' lang='lat' dir='ltr'><strong>posuisti</strong></span> <span class='ocrx_word' id='word_1_264' title='bbox 2753 571 2959 628; x_wconf 90' lang='lat' dir='ltr'><strong>Filium</strong></span> <span class='ocrx_word' id='word_1_265' title='bbox 2985 580 3169 648; x_wconf 92' lang='lat' dir='ltr'><strong>tuum,</strong></span> <span class='ocrx_word' id='word_1_266' title='bbox 3197 577 3394 634; x_wconf 91' lang='lat' dir='ltr'><strong>lumen</strong></span> <span class='ocrx_word' id='word_1_267' title='bbox 3417 579 3480 634; x_wconf 92' lang='lat' dir='ltr'><strong>in</strong></span> <span class='ocrx_word' id='word_1_268' title='bbox 3507 582 3760 638; x_wconf 86' lang='lat' dir='ltr'><strong>nationi-</strong></span> 
     </span>
    </p>
   </div>
   <div class='ocr_carea' id='block_1_37' title="bbox 2119 665 3766 742">
    <p class='ocr_par' dir='ltr' id='par_1_37' title="bbox 2119 665 3766 742">
     <span class='ocr_line' id='line_1_37' title="bbox 2119 665 3766 742; baseline 0.007 -23"><span class='ocrx_word' id='word_1_269' title='bbox 2119 665 2246 732; x_wconf 89' lang='lat' dir='ltr'><strong>bus,</strong></span> <span class='ocrx_word' id='word_1_270' title='bbox 2299 666 2608 738; x_wconf 64' lang='lat' dir='ltr'><strong>praadicare</strong></span> <span class='ocrx_word' id='word_1_271' title='bbox 2651 667 2888 738; x_wconf 89' lang='lat' dir='ltr'><strong>captivis</strong></span> <span class='ocrx_word' id='word_1_272' title='bbox 2941 669 3414 742; x_wconf 83' lang='lat' dir='ltr'><strong>redemptionem,</strong></span> <span class='ocrx_word' id='word_1_273' title='bbox 3461 675 3624 730; x_wconf 65' lang='lat' dir='ltr'><strong>caecis</strong></span> <span class='ocrx_word' id='word_1_274' title='bbox 3683 677 3766 731; x_wconf 61' lang='lat' dir='ltr'><strong>vi.</strong></span> 
     </span>
    </p>
   </div>
   <div class='ocr_carea' id='block_1_38' title="bbox 2121 760 3767 833">
    <p class='ocr_par' dir='ltr' id='par_1_38' title="bbox 2121 760 3767 833">
     <span class='ocr_line' id='line_1_38' title="bbox 2121 760 3767 833; baseline 0.008 -19"><span class='ocrx_word' id='word_1_275' title='bbox 2121 776 2248 818; x_wconf 87' lang='lat' dir='ltr'><strong>sum</strong></span> <span class='ocrx_word' id='word_1_276' title='bbox 2271 777 2286 828; x_wconf 84' lang='lat'><strong>;</strong></span> <span class='ocrx_word' id='word_1_277' title='bbox 2316 760 2709 816; x_wconf 88' lang='lat' dir='ltr'><strong>remissionem</strong></span> <span class='ocrx_word' id='word_1_278' title='bbox 2735 767 3116 833; x_wconf 87' lang='lat' dir='ltr'><strong>peccatorum,</strong></span> <span class='ocrx_word' id='word_1_279' title='bbox 3145 769 3202 820; x_wconf 91' lang='lat' dir='ltr'><strong>et</strong></span> <span class='ocrx_word' id='word_1_280' title='bbox 3227 769 3437 821; x_wconf 85' lang='lat' dir='ltr'><strong>sortem</strong></span> <span class='ocrx_word' id='word_1_281' title='bbox 3463 766 3612 825; x_wconf 90' lang='lat' dir='ltr'><strong>inter</strong></span> <span class='ocrx_word' id='word_1_282' title='bbox 3637 786 3767 826; x_wconf 88' lang='lat' dir='ltr'><strong>san-</strong></span> 
     </span>
    </p>
   </div>
   <div class='ocr_carea' id='block_1_39' title="bbox 2120 854 3760 934">
    <p class='ocr_par' dir='ltr' id='par_1_39' title="bbox 2120 854 3760 934">
     <span class='ocr_line' id='line_1_39' title="bbox 2120 854 3760 934; baseline 0.007 -24"><span class='ocrx_word' id='word_1_283' title='bbox 2120 859 2236 910; x_wconf 92' lang='lat' dir='ltr'><strong>ctos</strong></span> <span class='ocrx_word' id='word_1_284' title='bbox 2260 871 2362 926; x_wconf 91' lang='lat' dir='ltr'><strong>per</strong></span> <span class='ocrx_word' id='word_1_285' title='bbox 2387 854 2576 922; x_wconf 81' lang='lat' dir='ltr'><strong>ﬁdem,</strong></span> <span class='ocrx_word' id='word_1_286' title='bbox 2620 854 2720 926; x_wconf 85' lang='lat' dir='ltr'><strong>qui</strong></span> <span class='ocrx_word' id='word_1_287' title='bbox 2764 871 2821 910; x_wconf 89' lang='lat' dir='ltr'><strong>es</strong></span> <span class='ocrx_word' id='word_1_288' title='bbox 2860 857 2920 911; x_wconf 94' lang='lat' dir='ltr'><strong>in</strong></span> <span class='ocrx_word' id='word_1_289' title='bbox 2955 857 3177 914; x_wconf 86' lang='lat' dir='ltr'><strong>Christo</strong></span> <span class='ocrx_word' id='word_1_290' title='bbox 3211 859 3404 932; x_wconf 86' lang='lat' dir='ltr'><strong>largus</strong></span> <span class='ocrx_word' id='word_1_291' title='bbox 3440 862 3760 934; x_wconf 74' lang='lat' dir='ltr'><strong>miseratur,</strong></span> 
     </span>
    </p>
   </div>
   <div class='ocr_carea' id='block_1_40' title="bbox 2119 949 2372 1021">
    <p class='ocr_par' dir='ltr' id='par_1_40' title="bbox 2119 949 2372 1021">
     <span class='ocr_line' id='line_1_40' title="bbox 2119 949 2372 1021; baseline 0 -17"><span class='ocrx_word' id='word_1_292' title='bbox 2119 949 2372 1021; x_wconf 83' lang='lat' dir='ltr'><strong>indulge.</strong></span> 
     </span>
    </p>
   </div>
   <div class='ocr_carea' id='block_1_41' title="bbox 2773 1019 3097 1086">
    <p class='ocr_par' dir='ltr' id='par_1_41' title="bbox 2773 1019 3097 1086">
     <span class='ocr_line' id='line_1_41' title="bbox 2773 1019 3097 1086; baseline 0.009 -17"><span class='ocrx_word' id='word_1_293' title='bbox 2773 1019 2851 1070; x_wconf 81' lang='lat' dir='ltr'><strong>Ad</strong></span> <span class='ocrx_word' id='word_1_294' title='bbox 2890 1035 3097 1086; x_wconf 88' lang='lat' dir='ltr'><strong>pacem.</strong></span> 
     </span>
    </p>
   </div>
   <div class='ocr_carea' id='block_1_42' title="bbox 2191 1106 3764 1178">
    <p class='ocr_par' dir='ltr' id='par_1_42' title="bbox 2191 1106 3764 1178">
     <span class='ocr_line' id='line_1_42' title="bbox 2191 1106 3764 1178; baseline 0.008 -19"><span class='ocrx_word' id='word_1_295' title='bbox 2191 1107 2352 1174; x_wconf 91' lang='lat' dir='ltr'><strong>Deus,</strong></span> <span class='ocrx_word' id='word_1_296' title='bbox 2385 1107 2482 1178; x_wconf 91' lang='lat' dir='ltr'><strong>qui</strong></span> <span class='ocrx_word' id='word_1_297' title='bbox 2511 1123 2611 1178; x_wconf 90' lang='lat' dir='ltr'><strong>per</strong></span> <span class='ocrx_word' id='word_1_298' title='bbox 2628 1106 2990 1178; x_wconf 88' lang='lat' dir='ltr'><strong>unigenitum</strong></span> <span class='ocrx_word' id='word_1_299' title='bbox 3018 1109 3208 1164; x_wconf 89' lang='lat' dir='ltr'><strong>Iesum</strong></span> <span class='ocrx_word' id='word_1_300' title='bbox 3237 1109 3528 1167; x_wconf 90' lang='lat' dir='ltr'><strong>Christum</strong></span> <span class='ocrx_word' id='word_1_301' title='bbox 3553 1113 3764 1172; x_wconf 84' lang='lat' dir='ltr'><strong>Filium</strong></span> 
     </span>
    </p>
   </div>
   <div class='ocr_carea' id='block_1_43' title="bbox 2121 1200 3758 1264">
    <p class='ocr_par' dir='ltr' id='par_1_43' title="bbox 2121 1200 3758 1264">
     <span class='ocr_line' id='line_1_43' title="bbox 2121 1200 3758 1264; baseline 0.007 -10"><span class='ocrx_word' id='word_1_302' title='bbox 2121 1202 2283 1254; x_wconf 93' lang='lat' dir='ltr'><strong>tuum</strong></span> <span class='ocrx_word' id='word_1_303' title='bbox 2309 1200 2614 1256; x_wconf 88' lang='lat' dir='ltr'><strong>Dominum</strong></span> <span class='ocrx_word' id='word_1_304' title='bbox 2642 1206 2901 1256; x_wconf 86' lang='lat' dir='ltr'><strong>nostrum</strong></span> <span class='ocrx_word' id='word_1_305' title='bbox 2937 1203 3104 1258; x_wconf 91' lang='lat' dir='ltr'><strong>hodie</strong></span> <span class='ocrx_word' id='word_1_306' title='bbox 3142 1204 3642 1264; x_wconf 87' lang='lat' dir='ltr'><strong>sanctiﬁcationem</strong></span> <span class='ocrx_word' id='word_1_307' title='bbox 3668 1226 3758 1264; x_wconf 88' lang='lat' dir='ltr'><strong>sa-</strong></span> 
     </span>
    </p>
   </div>
   <div class='ocr_carea' id='block_1_44' title="bbox 2117 1293 3764 1371">
    <p class='ocr_par' dir='ltr' id='par_1_44' title="bbox 2117 1293 3764 1371">
     <span class='ocr_line' id='line_1_44' title="bbox 2117 1293 3764 1371; baseline 0.007 -23"><span class='ocrx_word' id='word_1_308' title='bbox 2117 1293 2249 1349; x_wconf 90' lang='lat' dir='ltr'><strong>lutis</strong></span> <span class='ocrx_word' id='word_1_309' title='bbox 2293 1297 2518 1350; x_wconf 68' lang='lat' dir='ltr'><strong>ceterum</strong></span> <span class='ocrx_word' id='word_1_310' title='bbox 2576 1295 2736 1366; x_wconf 89' lang='lat' dir='ltr'><strong>aquis</strong></span> <span class='ocrx_word' id='word_1_311' title='bbox 2790 1297 3258 1368; x_wconf 89' lang='lat' dir='ltr'><strong>regenerantibus</strong></span> <span class='ocrx_word' id='word_1_312' title='bbox 3310 1301 3650 1371; x_wconf 74' lang='lat' dir='ltr'><strong>praestitisti,</strong></span> <span class='ocrx_word' id='word_1_313' title='bbox 3707 1309 3764 1360; x_wconf 90' lang='lat' dir='ltr'><strong>et</strong></span> 
     </span>
    </p>
   </div>
   <div class='ocr_carea' id='block_1_45' title="bbox 2117 1388 3762 1470">
    <p class='ocr_par' dir='ltr' id='par_1_45' title="bbox 2117 1388 3762 1470">
     <span class='ocr_line' id='line_1_45' title="bbox 2117 1388 3762 1470; baseline 0.007 -28"><span class='ocrx_word' id='word_1_314' title='bbox 2117 1388 2376 1444; x_wconf 87' lang='lat' dir='ltr'><strong>veniente</strong></span> <span class='ocrx_word' id='word_1_315' title='bbox 2425 1406 2594 1462; x_wconf 88' lang='lat' dir='ltr'><strong>super</strong></span> <span class='ocrx_word' id='word_1_316' title='bbox 2637 1394 2809 1462; x_wconf 91' lang='lat' dir='ltr'><strong>caput</strong></span> <span class='ocrx_word' id='word_1_317' title='bbox 2847 1390 2992 1446; x_wconf 90' lang='lat' dir='ltr'><strong>illius</strong></span> <span class='ocrx_word' id='word_1_318' title='bbox 3038 1392 3278 1464; x_wconf 85' lang='lat' dir='ltr'><strong>spiritali</strong></span> <span class='ocrx_word' id='word_1_319' title='bbox 3325 1395 3610 1466; x_wconf 82' lang='lat' dir='ltr'><strong>columba,</strong></span> <span class='ocrx_word' id='word_1_320' title='bbox 3657 1415 3762 1470; x_wconf 87' lang='lat' dir='ltr'><strong>per</strong></span> 
     </span>
    </p>
   </div>
   <div class='ocr_carea' id='block_1_46' title="bbox 2116 1483 3756 1564">
    <p class='ocr_par' dir='ltr' id='par_1_46' title="bbox 2116 1483 3756 1564">
     <span class='ocr_line' id='line_1_46' title="bbox 2116 1483 3756 1564; baseline 0.005 -26"><span class='ocrx_word' id='word_1_321' title='bbox 2116 1483 2387 1554; x_wconf 88' lang='lat' dir='ltr'><strong>Spiritum</strong></span> <span class='ocrx_word' id='word_1_322' title='bbox 2443 1488 2700 1539; x_wconf 89' lang='lat' dir='ltr'><strong>sanctum</strong></span> <span class='ocrx_word' id='word_1_323' title='bbox 2753 1484 2872 1555; x_wconf 89' lang='lat' dir='ltr'><strong>ipse</strong></span> <span class='ocrx_word' id='word_1_324' title='bbox 2923 1485 3144 1556; x_wconf 87' lang='lat' dir='ltr'><strong>venisti,</strong></span> <span class='ocrx_word' id='word_1_325' title='bbox 3190 1487 3358 1558; x_wconf 88' lang='lat' dir='ltr'><strong>dona,</strong></span> <span class='ocrx_word' id='word_1_326' title='bbox 3401 1506 3756 1564; x_wconf 58' lang='lat' dir='ltr'><strong>quaesumus,</strong></span> 
     </span>
    </p>
   </div>
   <div class='ocr_carea' id='block_1_47' title="bbox 2115 1577 3760 1650">
    <p class='ocr_par' dir='ltr' id='par_1_47' title="bbox 2115 1577 3760 1650">
     <span class='ocr_line' id='line_1_47' title="bbox 2115 1577 3760 1650; baseline 0.007 -21"><span class='ocrx_word' id='word_1_327' title='bbox 2115 1579 2180 1630; x_wconf 92' lang='lat' dir='ltr'><strong>ut</strong></span> <span class='ocrx_word' id='word_1_328' title='bbox 2212 1577 2406 1632; x_wconf 87' lang='lat' dir='ltr'><strong>&#39;veniat</strong></span> <span class='ocrx_word' id='word_1_329' title='bbox 2442 1594 2612 1650; x_wconf 87' lang='lat' dir='ltr'><strong>super</strong></span> <span class='ocrx_word' id='word_1_330' title='bbox 2653 1579 2797 1633; x_wconf 88' lang='lat' dir='ltr'><strong>hanc</strong></span> <span class='ocrx_word' id='word_1_331' title='bbox 2832 1595 3061 1634; x_wconf 90' lang='lat' dir='ltr'><strong>omnem</strong></span> <span class='ocrx_word' id='word_1_332' title='bbox 3104 1581 3396 1636; x_wconf 86' lang='lat' dir='ltr'><strong>ecclesiam</strong></span> <span class='ocrx_word' id='word_1_333' title='bbox 3446 1587 3604 1640; x_wconf 90' lang='lat' dir='ltr'><strong>tuam</strong></span> <span class='ocrx_word' id='word_1_334' title='bbox 3659 1585 3760 1642; x_wconf 88' lang='lat' dir='ltr'><strong>illa</strong></span> 
     </span>
    </p>
   </div>
   <div class='ocr_carea' id='block_1_48' title="bbox 2113 1670 3402 1748">
    <p class='ocr_par' dir='ltr' id='par_1_48' title="bbox 2113 1670 3402 1748">
     <span class='ocr_line' id='line_1_48' title="bbox 2113 1670 3402 1748; baseline 0.005 -24"><span class='ocrx_word' id='word_1_335' title='bbox 2113 1670 2448 1742; x_wconf 89' lang='lat' dir='ltr'><strong>benedictio,</strong></span> <span class='ocrx_word' id='word_1_336' title='bbox 2481 1688 2609 1744; x_wconf 80' lang='lat' dir='ltr'><strong>quae</strong></span> <span class='ocrx_word' id='word_1_337' title='bbox 2635 1675 2863 1728; x_wconf 89' lang='lat' dir='ltr'><strong>cunctos</strong></span> <span class='ocrx_word' id='word_1_338' title='bbox 2881 1673 3101 1745; x_wconf 90' lang='lat' dir='ltr'><strong>jugiter</strong></span> <span class='ocrx_word' id='word_1_339' title='bbox 3123 1679 3402 1748; x_wconf 83' lang='lat' dir='ltr'><strong>protegat.</strong></span> 
     </span>
    </p>
   </div>
   <div class='ocr_carea' id='block_1_49' title="bbox 2763 1774 3098 1825">
    <p class='ocr_par' dir='ltr' id='par_1_49' title="bbox 2763 1774 3098 1825">
     <span class='ocr_line' id='line_1_49' title="bbox 2763 1774 3098 1825; baseline 0.006 -2"><span class='ocrx_word' id='word_1_340' title='bbox 2763 1774 3098 1825; x_wconf 88' lang='lat' dir='ltr'><strong>Contestatio.</strong></span> 
     </span>
    </p>
   </div>
   <div class='ocr_carea' id='block_1_50' title="bbox 2182 1857 3758 1938">
    <p class='ocr_par' dir='ltr' id='par_1_50' title="bbox 2182 1857 3758 1938">
     <span class='ocr_line' id='line_1_50' title="bbox 2182 1857 3758 1938; baseline 0.006 -26"><span class='ocrx_word' id='word_1_341' title='bbox 2182 1859 2322 1914; x_wconf 84' lang='lat' dir='ltr'><strong>Vere</strong></span> <span class='ocrx_word' id='word_1_342' title='bbox 2376 1857 2616 1931; x_wconf 91' lang='lat' dir='ltr'><strong>dignum</strong></span> <span class='ocrx_word' id='word_1_343' title='bbox 2663 1863 2719 1915; x_wconf 89' lang='lat' dir='ltr'><strong>et</strong></span> <span class='ocrx_word' id='word_1_344' title='bbox 2763 1861 2985 1932; x_wconf 86' lang='lat' dir='ltr'><strong>justum</strong></span> <span class='ocrx_word' id='word_1_345' title='bbox 3028 1863 3130 1931; x_wconf 89' lang='lat' dir='ltr'><strong>est,</strong></span> <span class='ocrx_word' id='word_1_346' title='bbox 3179 1861 3534 1934; x_wconf 91' lang='lat' dir='ltr'><strong>omnipotens</strong></span> <span class='ocrx_word' id='word_1_347' title='bbox 3579 1867 3758 1938; x_wconf 83' lang='lat' dir='ltr'><strong>Deus,</strong></span> 
     </span>
    </p>
   </div>
   <div class='ocr_carea' id='block_1_51' title="bbox 2111 1951 3760 2030">
    <p class='ocr_par' dir='ltr' id='par_1_51' title="bbox 2111 1951 3760 2030">
     <span class='ocr_line' id='line_1_51' title="bbox 2111 1951 3760 2030; baseline 0.005 -25"><span class='ocrx_word' id='word_1_348' title='bbox 2111 1951 2245 2026; x_wconf 87' lang='lat' dir='ltr'><strong>quia</strong></span> <span class='ocrx_word' id='word_1_349' title='bbox 2265 1955 2456 2006; x_wconf 89' lang='lat' dir='ltr'><strong>notam</strong></span> <span class='ocrx_word' id='word_1_350' title='bbox 2487 1952 2666 2008; x_wconf 89' lang='lat' dir='ltr'><strong>fecisti</strong></span> <span class='ocrx_word' id='word_1_351' title='bbox 2713 1954 2774 2008; x_wconf 91' lang='lat' dir='ltr'><strong>in</strong></span> <span class='ocrx_word' id='word_1_352' title='bbox 2814 1954 3042 2026; x_wconf 88' lang='lat' dir='ltr'><strong>populis</strong></span> <span class='ocrx_word' id='word_1_353' title='bbox 3084 1953 3526 2012; x_wconf 89' lang='lat' dir='ltr'><strong>misericordiam</strong></span> <span class='ocrx_word' id='word_1_354' title='bbox 3569 1961 3760 2030; x_wconf 89' lang='lat' dir='ltr'><strong>tuam,</strong></span> 
     </span>
    </p>
   </div>
   <div class='ocr_carea' id='block_1_52' title="bbox 2113 2045 3764 2121">
    <p class='ocr_par' dir='ltr' id='par_1_52' title="bbox 2113 2045 3764 2121">
     <span class='ocr_line' id='line_1_52' title="bbox 2113 2045 3764 2121; baseline 0.007 -23"><span class='ocrx_word' id='word_1_355' title='bbox 2113 2049 2168 2098; x_wconf 91' lang='lat' dir='ltr'><strong>et</strong></span> <span class='ocrx_word' id='word_1_356' title='bbox 2188 2045 2428 2101; x_wconf 89' lang='lat' dir='ltr'><strong>salutare</strong></span> <span class='ocrx_word' id='word_1_357' title='bbox 2453 2051 2618 2101; x_wconf 90' lang='lat' dir='ltr'><strong>tuum</strong></span> <span class='ocrx_word' id='word_1_358' title='bbox 2645 2048 2859 2102; x_wconf 90' lang='lat' dir='ltr'><strong>cunctis</strong></span> <span class='ocrx_word' id='word_1_359' title='bbox 2891 2047 3154 2120; x_wconf 86' lang='lat' dir='ltr'><strong>gentibus</strong></span> <span class='ocrx_word' id='word_1_360' title='bbox 3181 2049 3492 2121; x_wconf 89' lang='lat' dir='ltr'><strong>dcclarasti,</strong></span> <span class='ocrx_word' id='word_1_361' title='bbox 3525 2051 3764 2110; x_wconf 90' lang='lat' dir='ltr'><strong>hodier-</strong></span> 
     </span>
    </p>
   </div>
   <div class='ocr_carea' id='block_1_53' title="bbox 2111 2139 3762 2219">
    <p class='ocr_par' dir='ltr' id='par_1_53' title="bbox 2111 2139 3762 2219">
     <span class='ocr_line' id='line_1_53' title="bbox 2111 2139 3762 2219; baseline 0.007 -27"><span class='ocrx_word' id='word_1_362' title='bbox 2111 2154 2252 2192; x_wconf 90' lang='lat' dir='ltr'><strong>num</strong></span> <span class='ocrx_word' id='word_1_363' title='bbox 2290 2139 2577 2195; x_wconf 89' lang='lat' dir='ltr'><strong>declarans</strong></span> <span class='ocrx_word' id='word_1_364' title='bbox 2621 2141 2791 2211; x_wconf 89' lang='lat' dir='ltr'><strong>diem,</strong></span> <span class='ocrx_word' id='word_1_365' title='bbox 2834 2141 2895 2195; x_wconf 91' lang='lat' dir='ltr'><strong>in</strong></span> <span class='ocrx_word' id='word_1_366' title='bbox 2937 2159 3048 2213; x_wconf 92' lang='lat' dir='ltr'><strong>quo</strong></span> <span class='ocrx_word' id='word_1_367' title='bbox 3091 2142 3377 2198; x_wconf 87' lang='lat' dir='ltr'><strong>adoranda</strong></span> <span class='ocrx_word' id='word_1_368' title='bbox 3411 2145 3530 2200; x_wconf 90' lang='lat' dir='ltr'><strong>veri</strong></span> <span class='ocrx_word' id='word_1_369' title='bbox 3579 2147 3762 2219; x_wconf 79' lang='lat' dir='ltr'><strong>Regis</strong></span> 
     </span>
    </p>
   </div>
   <div class='ocr_carea' id='block_1_54' title="bbox 2111 2232 3764 2308">
    <p class='ocr_par' dir='ltr' id='par_1_54' title="bbox 2111 2232 3764 2308">
     <span class='ocr_line' id='line_1_54' title="bbox 2111 2232 3764 2308; baseline 0.006 -22"><span class='ocrx_word' id='word_1_370' title='bbox 2111 2232 2346 2288; x_wconf 88' lang='lat' dir='ltr'><strong>infantia</strong></span> <span class='ocrx_word' id='word_1_371' title='bbox 2374 2233 2640 2288; x_wconf 85' lang='lat' dir='ltr'><strong>excitatos</strong></span> <span class='ocrx_word' id='word_1_372' title='bbox 2682 2235 2750 2290; x_wconf 92' lang='lat' dir='ltr'><strong>de</strong></span> <span class='ocrx_word' id='word_1_373' title='bbox 2790 2235 3023 2290; x_wconf 88' lang='lat' dir='ltr'><strong>remotis</strong></span> <span class='ocrx_word' id='word_1_374' title='bbox 3058 2235 3313 2308; x_wconf 86' lang='lat' dir='ltr'><strong>partibus</strong></span> <span class='ocrx_word' id='word_1_375' title='bbox 3355 2237 3502 2292; x_wconf 86' lang='lat' dir='ltr'><strong>viros</strong></span> <span class='ocrx_word' id='word_1_376' title='bbox 3546 2239 3764 2296; x_wconf 89' lang='lat' dir='ltr'><strong>clarior</strong></span> 
     </span>
    </p>
   </div>
   <div class='ocr_carea' id='block_1_55' title="bbox 2111 2326 3762 2400">
    <p class='ocr_par' dir='ltr' id='par_1_55' title="bbox 2111 2326 3762 2400">
     <span class='ocr_line' id='line_1_55' title="bbox 2111 2326 3762 2400; baseline 0.005 -18"><span class='ocrx_word' id='word_1_377' title='bbox 2111 2326 2310 2382; x_wconf 88' lang='lat' dir='ltr'><strong>ceteris</strong></span> <span class='ocrx_word' id='word_1_378' title='bbox 2336 2326 2614 2384; x_wconf 88' lang='lat' dir='ltr'><strong>sideribus</strong></span> <span class='ocrx_word' id='word_1_379' title='bbox 2644 2329 2804 2384; x_wconf 90' lang='lat' dir='ltr'><strong>stella</strong></span> <span class='ocrx_word' id='word_1_380' title='bbox 2830 2329 3184 2400; x_wconf 91' lang='lat' dir='ltr'><strong>perduceret,</strong></span> <span class='ocrx_word' id='word_1_381' title='bbox 3215 2335 3270 2386; x_wconf 90' lang='lat' dir='ltr'><strong>et</strong></span> <span class='ocrx_word' id='word_1_382' title='bbox 3307 2331 3427 2386; x_wconf 77' lang='lat' dir='ltr'><strong>caeli</strong></span> <span class='ocrx_word' id='word_1_383' title='bbox 3473 2349 3538 2388; x_wconf 90' lang='lat' dir='ltr'><strong>ac</strong></span> <span class='ocrx_word' id='word_1_384' title='bbox 3581 2338 3762 2391; x_wconf 68' lang='lat' dir='ltr'><strong>terra:</strong></span> 
     </span>
    </p>
   </div>
   <div class='ocr_carea' id='block_1_56' title="bbox 2113 2421 3764 2493">
    <p class='ocr_par' dir='ltr' id='par_1_56' title="bbox 2113 2421 3764 2493">
     <span class='ocr_line' id='line_1_56' title="bbox 2113 2421 3764 2493; baseline 0.006 -18"><span class='ocrx_word' id='word_1_385' title='bbox 2113 2421 2413 2476; x_wconf 89' lang='lat' dir='ltr'><strong>Dominum</strong></span> <span class='ocrx_word' id='word_1_386' title='bbox 2443 2423 2809 2493; x_wconf 90' lang='lat' dir='ltr'><strong>corporaliter</strong></span> <span class='ocrx_word' id='word_1_387' title='bbox 2835 2427 3053 2492; x_wconf 90' lang='lat' dir='ltr'><strong>natum,</strong></span> <span class='ocrx_word' id='word_1_388' title='bbox 3101 2424 3258 2479; x_wconf 89' lang='lat' dir='ltr'><strong>radio</strong></span> <span class='ocrx_word' id='word_1_389' title='bbox 3307 2442 3424 2480; x_wconf 84' lang='lat' dir='ltr'><strong>suae</strong></span> <span class='ocrx_word' id='word_1_390' title='bbox 3467 2427 3612 2482; x_wconf 89' lang='lat' dir='ltr'><strong>lucis</strong></span> <span class='ocrx_word' id='word_1_391' title='bbox 3669 2445 3764 2485; x_wconf 86' lang='lat' dir='ltr'><strong>os-</strong></span> 
     </span>
    </p>
   </div>
   <div class='ocr_carea' id='block_1_57' title="bbox 2111 2515 3760 2592">
    <p class='ocr_par' dir='ltr' id='par_1_57' title="bbox 2111 2515 3760 2592">
     <span class='ocr_line' id='line_1_57' title="bbox 2111 2515 3760 2592; baseline 0.006 -22"><span class='ocrx_word' id='word_1_392' title='bbox 2111 2515 2384 2571; x_wconf 90' lang='lat' dir='ltr'><strong>tenderet.</strong></span> <span class='ocrx_word' id='word_1_393' title='bbox 2416 2517 2716 2587; x_wconf 86' lang='lat' dir='ltr'><strong>Propterea</strong></span> <span class='ocrx_word' id='word_1_394' title='bbox 2737 2517 2978 2588; x_wconf 88' lang='lat' dir='ltr'><strong>profusis</strong></span> <span class='ocrx_word' id='word_1_395' title='bbox 3009 2517 3225 2589; x_wconf 86' lang='lat' dir='ltr'><strong>gaudiis</strong></span> <span class='ocrx_word' id='word_1_396' title='bbox 3253 2523 3401 2574; x_wconf 91' lang='lat' dir='ltr'><strong>totus</strong></span> <span class='ocrx_word' id='word_1_397' title='bbox 3425 2537 3529 2592; x_wconf 89' lang='lat' dir='ltr'><strong>per</strong></span> <span class='ocrx_word' id='word_1_398' title='bbox 3552 2521 3760 2580; x_wconf 88' lang='lat' dir='ltr'><strong>orbem</strong></span> 
     </span>
    </p>
   </div>
   <div class='ocr_carea' id='block_1_58' title="bbox 2109 2609 3756 2682">
    <p class='ocr_par' dir='ltr' id='par_1_58' title="bbox 2109 2609 3756 2682">
     <span class='ocr_line' id='line_1_58' title="bbox 2109 2609 3756 2682; baseline 0.006 -19"><span class='ocrx_word' id='word_1_399' title='bbox 2109 2613 2391 2664; x_wconf 88' lang='lat' dir='ltr'><strong>terrarum</strong></span> <span class='ocrx_word' id='word_1_400' title='bbox 2421 2609 2669 2664; x_wconf 91' lang='lat' dir='ltr'><strong>mundus</strong></span> <span class='ocrx_word' id='word_1_401' title='bbox 2694 2611 2926 2666; x_wconf 82' lang='lat' dir='ltr'><strong>exultat.</strong></span> <span class='ocrx_word' id='word_1_402' title='bbox 2943 2610 3049 2666; x_wconf 89' lang='lat' dir='ltr'><strong>Sed</strong></span> <span class='ocrx_word' id='word_1_403' title='bbox 3079 2613 3135 2666; x_wconf 90' lang='lat' dir='ltr'><strong>et</strong></span> <span class='ocrx_word' id='word_1_404' title='bbox 3151 2627 3408 2682; x_wconf 60' lang='lat' dir='ltr'><strong>supernas</strong></span> <span class='ocrx_word' id='word_1_405' title='bbox 3435 2614 3756 2673; x_wconf 83' lang='lat' dir='ltr'><strong>concinunt</strong></span> 
     </span>
    </p>
   </div>
   <div class='ocr_carea' id='block_1_59' title="bbox 2107 2703 3762 2776">
    <p class='ocr_par' dir='ltr' id='par_1_59' title="bbox 2107 2703 3762 2776">
     <span class='ocr_line' id='line_1_59' title="bbox 2107 2703 3762 2776; baseline 0.006 -19"><span class='ocrx_word' id='word_1_406' title='bbox 2107 2707 2431 2775; x_wconf 88' lang='lat' dir='ltr'><strong>potestates,</strong></span> <span class='ocrx_word' id='word_1_407' title='bbox 2461 2704 2740 2775; x_wconf 85' lang='lat' dir='ltr'><strong>hymnum</strong></span> <span class='ocrx_word' id='word_1_408' title='bbox 2774 2703 2965 2776; x_wconf 65' lang='lat' dir='ltr'><strong>gloriae</strong></span> <span class='ocrx_word' id='word_1_409' title='bbox 3008 2707 3120 2759; x_wconf 81' lang='lat' dir='ltr'><strong>tuae</strong></span> <span class='ocrx_word' id='word_1_410' title='bbox 3163 2704 3283 2761; x_wconf 90' lang='lat' dir='ltr'><strong>sine</strong></span> <span class='ocrx_word' id='word_1_411' title='bbox 3322 2707 3636 2766; x_wconf 87' lang='lat' dir='ltr'><strong>cessatione</strong></span> <span class='ocrx_word' id='word_1_412' title='bbox 3673 2709 3762 2766; x_wconf 77' lang='lat' dir='ltr'><strong>di~</strong></span> 
     </span>
    </p>
   </div>
   <div class='ocr_carea' id='block_1_60' title="bbox 2109 2797 2634 2854">
    <p class='ocr_par' dir='ltr' id='par_1_60' title="bbox 2109 2797 2634 2854">
     <span class='ocr_line' id='line_1_60' title="bbox 2109 2797 2634 2854; baseline 0.002 -2"><span class='ocrx_word' id='word_1_413' title='bbox 2109 2801 2296 2854; x_wconf 89' lang='lat' dir='ltr'><strong>centes</strong></span> <span class='ocrx_word' id='word_1_414' title='bbox 2332 2813 2344 2852; x_wconf 93' lang='lat'>:</span> <span class='ocrx_word' id='word_1_415' title='bbox 2379 2797 2634 2854; x_wconf 88' lang='lat' dir='ltr'><strong>Sanctus.</strong></span> 
     </span>
    </p>
   </div>
   <div class='ocr_carea' id='block_1_61' title="bbox 2447 2942 3407 2986">
    <p class='ocr_par' dir='ltr' id='par_1_61' title="bbox 2447 2942 3407 2986">
     <span class='ocr_line' id='line_1_61' title="bbox 2447 2942 3407 2986; baseline 0.002 -4"><span class='ocrx_word' id='word_1_416' title='bbox 2447 2942 2606 2983; x_wconf 72' lang='lat' dir='ltr'><strong>MISSA</strong></span> <span class='ocrx_word' id='word_1_417' title='bbox 2631 2944 2686 2982; x_wconf 85' lang='lat' dir='ltr'><strong>IN</strong></span> <span class='ocrx_word' id='word_1_418' title='bbox 2714 2945 2995 2985; x_wconf 69' lang='lat' dir='ltr'><strong>CATIIEDRA</strong></span> <span class='ocrx_word' id='word_1_419' title='bbox 3018 2945 3206 2986; x_wconf 74' lang='lat' dir='ltr'><strong>SANCTI</strong></span> <span class='ocrx_word' id='word_1_420' title='bbox 3235 2943 3407 2986; x_wconf 76' lang='lat' dir='ltr'><strong>PETRI.</strong></span> 
     </span>
    </p>
   </div>
   <div class='ocr_carea' id='block_1_62' title="bbox 2316 3021 3522 3098">
    <p class='ocr_par' dir='ltr' id='par_1_62' title="bbox 2316 3021 3522 3098">
     <span class='ocr_line' id='line_1_62' title="bbox 2316 3021 3522 3098; baseline 0.002 -22"><span class='ocrx_word' id='word_1_421' title='bbox 2316 3021 2606 3090; x_wconf 82' lang='lat' dir='ltr'><strong>[Lectiones</strong></span> <span class='ocrx_word' id='word_1_422' title='bbox 2647 3024 2706 3076; x_wconf 80' lang='lat' dir='ltr'><strong>in</strong></span> <span class='ocrx_word' id='word_1_423' title='bbox 2744 3021 3021 3077; x_wconf 72' lang='lat' dir='ltr'><strong>Cathedra</strong></span> <span class='ocrx_word' id='word_1_424' title='bbox 3059 3027 3239 3078; x_wconf 71' lang='lat' dir='ltr'><strong>sancti&quot;</strong></span> <span class='ocrx_word' id='word_1_425' title='bbox 3272 3025 3421 3079; x_wconf 79' lang='lat' dir='ltr'><strong>Pet-ri</strong></span> <span class='ocrx_word' id='word_1_426' title='bbox 3443 3025 3522 3098; x_wconf 78' lang='lat' dir='ltr'><strong>b.]</strong></span> 
     </span>
    </p>
   </div>
   <div class='ocr_carea' id='block_1_63' title="bbox 2439 3113 3398 3179">
    <p class='ocr_par' dir='ltr' id='par_1_63' title="bbox 2439 3113 3398 3179">
     <span class='ocr_line' id='line_1_63' title="bbox 2439 3113 3398 3179; baseline 0.004 -17"><span class='ocrx_word' id='word_1_427' title='bbox 2439 3113 2671 3177; x_wconf 87' lang='lat' dir='ltr'><strong>Epistola</strong></span> <span class='ocrx_word' id='word_1_428' title='bbox 2693 3114 2824 3164; x_wconf 88' lang='lat' dir='ltr'><strong>Petri</strong></span> <span class='ocrx_word' id='word_1_429' title='bbox 2858 3115 3080 3178; x_wconf 89' lang='lat' dir='ltr'><strong>apostoli</strong></span> <span class='ocrx_word' id='word_1_430' title='bbox 3109 3115 3174 3166; x_wconf 88' lang='lat' dir='ltr'><strong>ad</strong></span> <span class='ocrx_word' id='word_1_431' title='bbox 3199 3119 3398 3179; x_wconf 84' lang='lat' dir='ltr'><strong>gentes.</strong></span> 
     </span>
    </p>
   </div>
   <div class='ocr_carea' id='block_1_64' title="bbox 366 3153 3760 3274">
    <p class='ocr_par' dir='ltr' id='par_1_64' title="bbox 366 3153 3760 3274">
     <span class='ocr_line' id='line_1_64' title="bbox 366 3153 3760 3274; baseline 0.001 -44"><span class='ocrx_word' id='word_1_432' title='bbox 366 3174 716 3231; x_wconf 89' lang='lat' dir='ltr'><strong>chitriclinus</strong></span> <span class='ocrx_word' id='word_1_433' title='bbox 756 3191 963 3246; x_wconf 89' lang='lat' dir='ltr'><strong>aquam</strong></span> <span class='ocrx_word' id='word_1_434' title='bbox 994 3175 1192 3230; x_wconf 91' lang='lat' dir='ltr'><strong>vinum</strong></span> <span class='ocrx_word' id='word_1_435' title='bbox 1237 3177 1467 3246; x_wconf 90' lang='lat' dir='ltr'><strong>factum,</strong></span> <span class='ocrx_word' id='word_1_436' title='bbox 1525 3179 1582 3231; x_wconf 88' lang='lat' dir='ltr'><strong>et</strong></span> <span class='ocrx_word' id='word_1_437' title='bbox 1637 3193 1752 3232; x_wconf 92' lang='lat' dir='ltr'><strong>non</strong></span> <span class='ocrx_word' id='word_1_438' title='bbox 1801 3153 2080 3234; x_wconf 82' lang='lat' dir='ltr'><strong>sciebatC</strong></span> <span class='ocrx_word' id='word_1_439' title='bbox 2179 3199 2416 3268; x_wconf 55' lang='lat' dir='ltr'><strong>Fratres,</strong></span> <span class='ocrx_word' id='word_1_440' title='bbox 2457 3153 2785 3256; x_wconf 44' lang='lat' dir='ltr'><strong>bznedictus</strong></span> <span class='ocrx_word' id='word_1_441' title='bbox 2839 3153 2983 3256; x_wconf 60' lang='lat' dir='ltr'><strong>Dgus</strong></span> <span class='ocrx_word' id='word_1_442' title='bbox 3014 3205 3069 3256; x_wconf 66' lang='lat' dir='ltr'>et</span> <span class='ocrx_word' id='word_1_443' title='bbox 3109 3153 3273 3274; x_wconf 46' lang='lat' dir='ltr'><strong>Pati“.</strong></span> <span class='ocrx_word' id='word_1_444' title='bbox 3301 3202 3524 3259; x_wconf 68' lang='lat' dir='ltr'><strong>Domini</strong></span> <span class='ocrx_word' id='word_1_445' title='bbox 3571 3207 3760 3264; x_wconf 64' lang='lat' dir='ltr'><strong>nostri</strong></span> 
     </span>
    </p>
   </div>
   <div class='ocr_carea' id='block_1_65' title="bbox 367 3269 2004 3342">
    <p class='ocr_par' dir='ltr' id='par_1_65' title="bbox 367 3269 2004 3342">
     <span class='ocr_line' id='line_1_65' title="bbox 367 3269 2004 3342; baseline 0.002 -19"><span class='ocrx_word' id='word_1_446' title='bbox 367 3269 519 3325; x_wconf 89' lang='lat' dir='ltr'><strong>unde</strong></span> <span class='ocrx_word' id='word_1_447' title='bbox 546 3271 717 3336; x_wconf 88' lang='lat' dir='ltr'><strong>esset;</strong></span> <span class='ocrx_word' id='word_1_448' title='bbox 749 3269 996 3324; x_wconf 88' lang='lat' dir='ltr'><strong>ministri</strong></span> <span class='ocrx_word' id='word_1_449' title='bbox 1022 3275 1212 3324; x_wconf 89' lang='lat' dir='ltr'><strong>autem</strong></span> <span class='ocrx_word' id='word_1_450' title='bbox 1234 3269 1486 3324; x_wconf 88' lang='lat' dir='ltr'><strong>sciebant</strong></span> <span class='ocrx_word' id='word_1_451' title='bbox 1522 3271 1622 3342; x_wconf 89' lang='lat' dir='ltr'><strong>qui</strong></span> <span class='ocrx_word' id='word_1_452' title='bbox 1662 3271 2004 3327; x_wconf 91' lang='lat' dir='ltr'><strong>hauriebant</strong></span> 
     </span>
    </p>
   </div>
   <div class='ocr_carea' id='block_1_66' title="bbox 363 3363 1999 3435">
    <p class='ocr_par' dir='ltr' id='par_1_66' title="bbox 363 3363 1999 3435">
     <span class='ocr_line' id='line_1_66' title="bbox 363 3363 1999 3435; baseline 0.002 -18"><span class='ocrx_word' id='word_1_453' title='bbox 363 3379 608 3435; x_wconf 85' lang='lat' dir='ltr'><strong>aquam;</strong></span> <span class='ocrx_word' id='word_1_454' title='bbox 659 3367 821 3418; x_wconf 89' lang='lat' dir='ltr'><strong>vocat</strong></span> <span class='ocrx_word' id='word_1_455' title='bbox 856 3379 1126 3434; x_wconf 90' lang='lat' dir='ltr'><strong>sponsum</strong></span> <span class='ocrx_word' id='word_1_456' title='bbox 1166 3363 1601 3435; x_wconf 88' lang='lat' dir='ltr'><strong>architriclinus,</strong></span> <span class='ocrx_word' id='word_1_457' title='bbox 1643 3368 1702 3420; x_wconf 93' lang='lat' dir='ltr'><strong>et</strong></span> <span class='ocrx_word' id='word_1_458' title='bbox 1745 3364 1880 3420; x_wconf 92' lang='lat' dir='ltr'><strong>dicit</strong></span> <span class='ocrx_word' id='word_1_459' title='bbox 1905 3366 1999 3421; x_wconf 88' lang='lat' dir='ltr'><strong>ei:</strong></span> 
     </span>
    </p>
   </div>
   <div class='ocr_carea' id='block_1_67' title="bbox 367 3456 2006 3530">
    <p class='ocr_par' dir='ltr' id='par_1_67' title="bbox 367 3456 2006 3530">
     <span class='ocr_line' id='line_1_67' title="bbox 367 3456 2006 3530; baseline 0.001 -17"><span class='ocrx_word' id='word_1_460' title='bbox 367 3457 564 3514; x_wconf 89' lang='lat' dir='ltr'><strong>Omnis</strong></span> <span class='ocrx_word' id='word_1_461' title='bbox 581 3457 753 3512; x_wconf 90' lang='lat' dir='ltr'><strong>homo</strong></span> <span class='ocrx_word' id='word_1_462' title='bbox 791 3456 1044 3528; x_wconf 90' lang='lat' dir='ltr'><strong>primum</strong></span> <span class='ocrx_word' id='word_1_463' title='bbox 1076 3457 1290 3512; x_wconf 90' lang='lat' dir='ltr'><strong>bonum</strong></span> <span class='ocrx_word' id='word_1_464' title='bbox 1329 3457 1526 3514; x_wconf 89' lang='lat' dir='ltr'><strong>vinum</strong></span> <span class='ocrx_word' id='word_1_465' title='bbox 1563 3457 1742 3530; x_wconf 91' lang='lat' dir='ltr'><strong>ponit,</strong></span> <span class='ocrx_word' id='word_1_466' title='bbox 1777 3463 1834 3514; x_wconf 90' lang='lat' dir='ltr'><strong>et</strong></span> <span class='ocrx_word' id='word_1_467' title='bbox 1876 3475 2006 3515; x_wconf 90' lang='lat' dir='ltr'><strong>cum</strong></span> 
     </span>
    </p>
   </div>
   <div class='ocr_carea' id='block_1_68' title="bbox 363 3550 2004 3624">
    <p class='ocr_par' dir='ltr' id='par_1_68' title="bbox 363 3550 2004 3624">
     <span class='ocr_line' id='line_1_68' title="bbox 363 3550 2004 3624; baseline 0 -15"><span class='ocrx_word' id='word_1_468' title='bbox 363 3550 625 3608; x_wconf 86' lang='lat' dir='ltr'><strong>inebriati</strong></span> <span class='ocrx_word' id='word_1_469' title='bbox 670 3550 902 3620; x_wconf 89' lang='lat' dir='ltr'><strong>fuerint,</strong></span> <span class='ocrx_word' id='word_1_470' title='bbox 943 3555 1080 3606; x_wconf 91' lang='lat' dir='ltr'><strong>tunc</strong></span> <span class='ocrx_word' id='word_1_471' title='bbox 1106 3552 1164 3606; x_wconf 92' lang='lat' dir='ltr'><strong>id</strong></span> <span class='ocrx_word' id='word_1_472' title='bbox 1190 3553 1340 3624; x_wconf 89' lang='lat' dir='ltr'><strong>quod</strong></span> <span class='ocrx_word' id='word_1_473' title='bbox 1370 3552 1618 3608; x_wconf 88' lang='lat' dir='ltr'><strong>deterius</strong></span> <span class='ocrx_word' id='word_1_474' title='bbox 1656 3557 1758 3608; x_wconf 89' lang='lat' dir='ltr'><strong>est.</strong></span> <span class='ocrx_word' id='word_1_475' title='bbox 1791 3555 1870 3608; x_wconf 91' lang='lat' dir='ltr'><strong>Tu</strong></span> <span class='ocrx_word' id='word_1_476' title='bbox 1899 3571 2004 3608; x_wconf 89' lang='lat' dir='ltr'><strong>au—</strong></span> 
     </span>
    </p>
   </div>
   <div class='ocr_carea' id='block_1_69' title="bbox 365 3645 2004 3719">
    <p class='ocr_par' dir='ltr' id='par_1_69' title="bbox 365 3645 2004 3719">
     <span class='ocr_line' id='line_1_69' title="bbox 365 3645 2004 3719; baseline 0.001 -17"><span class='ocrx_word' id='word_1_477' title='bbox 365 3650 482 3702; x_wconf 90' lang='lat' dir='ltr'><strong>tem</strong></span> <span class='ocrx_word' id='word_1_478' title='bbox 516 3645 746 3701; x_wconf 87' lang='lat' dir='ltr'><strong>servasti</strong></span> <span class='ocrx_word' id='word_1_479' title='bbox 774 3645 990 3700; x_wconf 90' lang='lat' dir='ltr'><strong>bonum</strong></span> <span class='ocrx_word' id='word_1_480' title='bbox 1029 3645 1225 3701; x_wconf 90' lang='lat' dir='ltr'><strong>vinum</strong></span> <span class='ocrx_word' id='word_1_481' title='bbox 1265 3663 1445 3719; x_wconf 91' lang='lat' dir='ltr'><strong>usque</strong></span> <span class='ocrx_word' id='word_1_482' title='bbox 1480 3647 1684 3702; x_wconf 91' lang='lat' dir='ltr'><strong>adhuc.</strong></span> <span class='ocrx_word' id='word_1_483' title='bbox 1723 3648 1835 3702; x_wconf 88' lang='lat' dir='ltr'><strong>Hoc</strong></span> <span class='ocrx_word' id='word_1_484' title='bbox 1857 3648 2004 3710; x_wconf 67' lang='lat' dir='ltr'><strong>fecit</strong></span> 
     </span>
    </p>
   </div>
   <div class='ocr_carea' id='block_1_70' title="bbox 365 3737 2002 3811">
    <p class='ocr_par' dir='ltr' id='par_1_70' title="bbox 365 3737 2002 3811">
     <span class='ocr_line' id='line_1_70' title="bbox 365 3737 2002 3811; baseline 0.002 -18"><span class='ocrx_word' id='word_1_485' title='bbox 365 3737 592 3794; x_wconf 89' lang='lat' dir='ltr'><strong>initium</strong></span> <span class='ocrx_word' id='word_1_486' title='bbox 618 3739 916 3809; x_wconf 90' lang='lat' dir='ltr'><strong>signorum</strong></span> <span class='ocrx_word' id='word_1_487' title='bbox 961 3739 1231 3795; x_wconf 89' lang='lat' dir='ltr'><strong>Dominus</strong></span> <span class='ocrx_word' id='word_1_488' title='bbox 1267 3742 1424 3795; x_wconf 90' lang='lat' dir='ltr'><strong>Iesus</strong></span> <span class='ocrx_word' id='word_1_489' title='bbox 1471 3741 1532 3795; x_wconf 92' lang='lat' dir='ltr'><strong>in</strong></span> <span class='ocrx_word' id='word_1_490' title='bbox 1572 3741 1720 3796; x_wconf 87' lang='lat' dir='ltr'><strong>Cana</strong></span> <span class='ocrx_word' id='word_1_491' title='bbox 1757 3741 2002 3811; x_wconf 80' lang='lat' dir='ltr'><strong>Galileee,</strong></span> 
     </span>
    </p>
   </div>
   <div class='ocr_carea' id='block_1_71' title="bbox 369 3830 2006 3904">
    <p class='ocr_par' dir='ltr' id='par_1_71' title="bbox 369 3830 2006 3904">
     <span class='ocr_line' id='line_1_71' title="bbox 369 3830 2006 3904; baseline 0.002 -17"><span class='ocrx_word' id='word_1_492' title='bbox 369 3835 425 3887; x_wconf 86' lang='lat' dir='ltr'><strong>et</strong></span> <span class='ocrx_word' id='word_1_493' title='bbox 451 3830 828 3886; x_wconf 84' lang='lat' dir='ltr'><strong>manifestavit</strong></span> <span class='ocrx_word' id='word_1_494' title='bbox 847 3831 1084 3903; x_wconf 89' lang='lat' dir='ltr'><strong>gloriam</strong></span> <span class='ocrx_word' id='word_1_495' title='bbox 1109 3849 1290 3904; x_wconf 88' lang='lat' dir='ltr'><strong>suam,</strong></span> <span class='ocrx_word' id='word_1_496' title='bbox 1322 3838 1378 3889; x_wconf 93' lang='lat' dir='ltr'><strong>et</strong></span> <span class='ocrx_word' id='word_1_497' title='bbox 1402 3833 1762 3891; x_wconf 90' lang='lat' dir='ltr'><strong>crediderunt</strong></span> <span class='ocrx_word' id='word_1_498' title='bbox 1787 3835 1846 3889; x_wconf 93' lang='lat' dir='ltr'><strong>in</strong></span> <span class='ocrx_word' id='word_1_499' title='bbox 1873 3851 2006 3891; x_wconf 91' lang='lat' dir='ltr'><strong>eum</strong></span> 
     </span>
    </p>
   </div>
   <div class='ocr_carea' id='block_1_72' title="bbox 367 3922 794 3996">
    <p class='ocr_par' dir='ltr' id='par_1_72' title="bbox 367 3922 794 3996">
     <span class='ocr_line' id='line_1_72' title="bbox 367 3922 794 3996; baseline -0.002 -16"><span class='ocrx_word' id='word_1_500' title='bbox 367 3922 628 3995; x_wconf 88' lang='lat' dir='ltr'><strong>discipuli</strong></span> <span class='ocrx_word' id='word_1_501' title='bbox 653 3925 794 3996; x_wconf 90' lang='lat' dir='ltr'><strong>ejus.</strong></span> 
     </span>
    </p>
   </div>
   <div class='ocr_carea' id='block_1_73' title="bbox 984 4013 1396 4055">
    <p class='ocr_par' dir='ltr' id='par_1_73' title="bbox 984 4013 1396 4055">
     <span class='ocr_line' id='line_1_73' title="bbox 984 4013 1396 4055; baseline 0.002 -4"><span class='ocrx_word' id='word_1_502' title='bbox 984 4013 1182 4055; x_wconf 82' lang='lat' dir='ltr'><strong>INCIPIT</strong></span> <span class='ocrx_word' id='word_1_503' title='bbox 1221 4014 1396 4054; x_wconf 76' lang='lat' dir='ltr'><strong>MISSA.</strong></span> 
     </span>
    </p>
   </div>
   <div class='ocr_carea' id='block_1_74' title="bbox 441 4079 2004 4154">
    <p class='ocr_par' dir='ltr' id='par_1_74' title="bbox 441 4079 2004 4154">
     <span class='ocr_line' id='line_1_74' title="bbox 441 4079 2004 4154; baseline 0.003 -20"><span class='ocrx_word' id='word_1_504' title='bbox 441 4080 618 4136; x_wconf 90' lang='lat' dir='ltr'><strong>Deum</strong></span> <span class='ocrx_word' id='word_1_505' title='bbox 643 4079 742 4153; x_wconf 89' lang='lat' dir='ltr'><strong>qui</strong></span> <span class='ocrx_word' id='word_1_506' title='bbox 789 4084 1046 4136; x_wconf 88' lang='lat' dir='ltr'><strong>sanctum</strong></span> <span class='ocrx_word' id='word_1_507' title='bbox 1092 4081 1227 4136; x_wconf 90' lang='lat' dir='ltr'><strong>huic</strong></span> <span class='ocrx_word' id='word_1_508' title='bbox 1269 4081 1598 4154; x_wconf 70' lang='lat' dir='ltr'><strong>Ephyfanias</strong></span> <span class='ocrx_word' id='word_1_509' title='bbox 1643 4082 2004 4139; x_wconf 87' lang='lat' dir='ltr'><strong>festivitatem</strong></span> 
     </span>
    </p>
   </div>
   <div class='ocr_carea' id='block_1_75' title="bbox 364 4173 2006 4248">
    <p class='ocr_par' dir='ltr' id='par_1_75' title="bbox 364 4173 2006 4248">
     <span class='ocr_line' id='line_1_75' title="bbox 364 4173 2006 4248; baseline 0.002 -18"><span class='ocrx_word' id='word_1_510' title='bbox 364 4189 576 4230; x_wconf 90' lang='lat' dir='ltr'><strong>nomen</strong></span> <span class='ocrx_word' id='word_1_511' title='bbox 602 4174 671 4230; x_wconf 91' lang='lat' dir='ltr'><strong>de</strong></span> <span class='ocrx_word' id='word_1_512' title='bbox 708 4173 1068 4230; x_wconf 90' lang='lat' dir='ltr'><strong>mirabilibus</strong></span> <span class='ocrx_word' id='word_1_513' title='bbox 1093 4175 1268 4243; x_wconf 87' lang='lat' dir='ltr'><strong>dedit,</strong></span> <span class='ocrx_word' id='word_1_514' title='bbox 1307 4175 1508 4230; x_wconf 88' lang='lat' dir='ltr'><strong>fratres</strong></span> <span class='ocrx_word' id='word_1_515' title='bbox 1557 4175 1850 4246; x_wconf 89' lang='lat' dir='ltr'><strong>carissimi,</strong></span> <span class='ocrx_word' id='word_1_516' title='bbox 1903 4193 2006 4248; x_wconf 89' lang='lat' dir='ltr'><strong>per</strong></span> 
     </span>
    </p>
   </div>
   <div class='ocr_carea' id='block_1_76' title="bbox 367 4267 2002 4341">
    <p class='ocr_par' dir='ltr' id='par_1_76' title="bbox 367 4267 2002 4341">
     <span class='ocr_line' id='line_1_76' title="bbox 367 4267 2002 4341; baseline 0 -18"><span class='ocrx_word' id='word_1_517' title='bbox 367 4267 818 4324; x_wconf 87' lang='lat' dir='ltr'><strong>misericordiam</strong></span> <span class='ocrx_word' id='word_1_518' title='bbox 845 4268 1066 4323; x_wconf 90' lang='lat' dir='ltr'><strong>Domini</strong></span> <span class='ocrx_word' id='word_1_519' title='bbox 1091 4268 1191 4324; x_wconf 88' lang='lat' dir='ltr'><strong>Dei</strong></span> <span class='ocrx_word' id='word_1_520' title='bbox 1217 4269 1396 4324; x_wconf 91' lang='lat' dir='ltr'><strong>nostri</strong></span> <span class='ocrx_word' id='word_1_521' title='bbox 1435 4270 1566 4324; x_wconf 91' lang='lat' dir='ltr'><strong>Iesu</strong></span> <span class='ocrx_word' id='word_1_522' title='bbox 1615 4269 1820 4324; x_wconf 87' lang='lat' dir='ltr'><strong>Christi</strong></span> <span class='ocrx_word' id='word_1_523' title='bbox 1867 4287 2002 4341; x_wconf 92' lang='lat' dir='ltr'><strong>sup-</strong></span> 
     </span>
    </p>
   </div>
   <div class='ocr_carea' id='block_1_77' title="bbox 361 4347 2004 4434">
    <p class='ocr_par' dir='ltr' id='par_1_77' title="bbox 361 4347 2004 4434">
     <span class='ocr_line' id='line_1_77' title="bbox 361 4347 2004 4434; baseline 0.001 -18"><span class='ocrx_word' id='word_1_524' title='bbox 361 4359 584 4433; x_wconf 90' lang='lat' dir='ltr'><strong>pliciter</strong></span> <span class='ocrx_word' id='word_1_525' title='bbox 623 4347 1012 4434; x_wconf 86' lang='lat' dir='ltr'><strong>deprecemur,</strong></span> <span class='ocrx_word' id='word_1_526' title='bbox 1045 4366 1110 4417; x_wconf 93' lang='lat' dir='ltr'><strong>ut</strong></span> <span class='ocrx_word' id='word_1_527' title='bbox 1159 4361 1304 4416; x_wconf 89' lang='lat' dir='ltr'><strong>sicut</strong></span> <span class='ocrx_word' id='word_1_528' title='bbox 1344 4361 1619 4417; x_wconf 90' lang='lat' dir='ltr'><strong>hodierna</strong></span> <span class='ocrx_word' id='word_1_529' title='bbox 1661 4362 2004 4418; x_wconf 86' lang='lat' dir='ltr'><strong>sollemnitas</strong></span> 
     </span>
    </p>
   </div>
   <div class='ocr_carea' id='block_1_78' title="bbox 363 4454 2002 4526">
    <p class='ocr_par' dir='ltr' id='par_1_78' title="bbox 363 4454 2002 4526">
     <span class='ocr_line' id='line_1_78' title="bbox 363 4454 2002 4526; baseline 0 -16"><span class='ocrx_word' id='word_1_530' title='bbox 363 4457 420 4510; x_wconf 89' lang='lat' dir='ltr'><strong>et</strong></span> <span class='ocrx_word' id='word_1_531' title='bbox 452 4454 762 4525; x_wconf 87' lang='lat' dir='ltr'><strong>Apparitio,</strong></span> <span class='ocrx_word' id='word_1_532' title='bbox 809 4457 868 4510; x_wconf 89' lang='lat' dir='ltr'><strong>et</strong></span> <span class='ocrx_word' id='word_1_533' title='bbox 907 4455 1288 4524; x_wconf 89' lang='lat' dir='ltr'><strong>lnluminatio,</strong></span> <span class='ocrx_word' id='word_1_534' title='bbox 1337 4459 1393 4510; x_wconf 92' lang='lat' dir='ltr'><strong>et</strong></span> <span class='ocrx_word' id='word_1_535' title='bbox 1435 4455 1767 4526; x_wconf 87' lang='lat' dir='ltr'><strong>Declaratio,</strong></span> <span class='ocrx_word' id='word_1_536' title='bbox 1797 4473 1866 4511; x_wconf 91' lang='lat' dir='ltr'><strong>ex</strong></span> <span class='ocrx_word' id='word_1_537' title='bbox 1891 4456 2002 4510; x_wconf 87' lang='lat' dir='ltr'><strong>mi-</strong></span> 
     </span>
    </p>
   </div>
   <div class='ocr_carea' id='block_1_79' title="bbox 2104 3293 3758 3369">
    <p class='ocr_par' dir='ltr' id='par_1_79' title="bbox 2104 3293 3758 3369">
     <span class='ocr_line' id='line_1_79' title="bbox 2104 3293 3758 3369; baseline 0.007 -22"><span class='ocrx_word' id='word_1_538' title='bbox 2104 3295 2232 3348; x_wconf 87' lang='lat' dir='ltr'><strong>Iesu</strong></span> <span class='ocrx_word' id='word_1_539' title='bbox 2255 3293 2480 3361; x_wconf 88' lang='lat' dir='ltr'><strong>Christi,</strong></span> <span class='ocrx_word' id='word_1_540' title='bbox 2511 3293 2610 3366; x_wconf 90' lang='lat' dir='ltr'><strong>qui</strong></span> <span class='ocrx_word' id='word_1_541' title='bbox 2649 3295 2960 3350; x_wconf 91' lang='lat' dir='ltr'><strong>secundum</strong></span> <span class='ocrx_word' id='word_1_542' title='bbox 2993 3312 3268 3369; x_wconf 86' lang='lat' dir='ltr'><strong>magnam</strong></span> <span class='ocrx_word' id='word_1_543' title='bbox 3305 3297 3758 3358; x_wconf 80' lang='lat' dir='ltr'><strong>misericordiam</strong></span> 
     </span>
    </p>
   </div>
   <div class='ocr_carea' id='block_1_80' title="bbox 2106 3388 3754 3463">
    <p class='ocr_par' dir='ltr' id='par_1_80' title="bbox 2106 3388 3754 3463">
     <span class='ocr_line' id='line_1_80' title="bbox 2106 3388 3754 3463; baseline 0.006 -22"><span class='ocrx_word' id='word_1_544' title='bbox 2106 3403 2265 3442; x_wconf 90' lang='lat' dir='ltr'><strong>suam</strong></span> <span class='ocrx_word' id='word_1_545' title='bbox 2293 3388 2648 3460; x_wconf 89' lang='lat' dir='ltr'><strong>regeneravit</strong></span> <span class='ocrx_word' id='word_1_546' title='bbox 2688 3405 2790 3444; x_wconf 90' lang='lat' dir='ltr'><strong>nos</strong></span> <span class='ocrx_word' id='word_1_547' title='bbox 2830 3390 2890 3444; x_wconf 93' lang='lat' dir='ltr'><strong>in</strong></span> <span class='ocrx_word' id='word_1_548' title='bbox 2935 3407 3093 3461; x_wconf 89' lang='lat' dir='ltr'><strong>spem</strong></span> <span class='ocrx_word' id='word_1_549' title='bbox 3144 3390 3294 3462; x_wconf 72' lang='lat' dir='ltr'><strong>vitae,</strong></span> <span class='ocrx_word' id='word_1_550' title='bbox 3341 3407 3445 3463; x_wconf 89' lang='lat' dir='ltr'><strong>per</strong></span> <span class='ocrx_word' id='word_1_551' title='bbox 3494 3409 3754 3452; x_wconf 73' lang='lat' dir='ltr'><strong>resurre-</strong></span> 
     </span>
    </p>
   </div>
   <div class='ocr_carea' id='block_1_81' title="bbox 2106 3481 3756 3555">
    <p class='ocr_par' dir='ltr' id='par_1_81' title="bbox 2106 3481 3756 3555">
     <span class='ocr_line' id='line_1_81' title="bbox 2106 3481 3756 3555; baseline 0.005 -19"><span class='ocrx_word' id='word_1_552' title='bbox 2106 3482 2350 3537; x_wconf 88' lang='lat' dir='ltr'><strong>ctionem</strong></span> <span class='ocrx_word' id='word_1_553' title='bbox 2368 3483 2496 3538; x_wconf 83' lang='lat' dir='ltr'><strong>Iesu</strong></span> <span class='ocrx_word' id='word_1_554' title='bbox 2517 3481 2719 3538; x_wconf 90' lang='lat' dir='ltr'><strong>Christi</strong></span> <span class='ocrx_word' id='word_1_555' title='bbox 2747 3500 2816 3538; x_wconf 90' lang='lat' dir='ltr'><strong>ex</strong></span> <span class='ocrx_word' id='word_1_556' title='bbox 2858 3484 3118 3555; x_wconf 89' lang='lat' dir='ltr'><strong>mortuis,</strong></span> <span class='ocrx_word' id='word_1_557' title='bbox 3157 3485 3219 3540; x_wconf 91' lang='lat' dir='ltr'><strong>in</strong></span> <span class='ocrx_word' id='word_1_558' title='bbox 3253 3485 3632 3542; x_wconf 90' lang='lat' dir='ltr'><strong>hereditatem</strong></span> <span class='ocrx_word' id='word_1_559' title='bbox 3669 3489 3756 3544; x_wconf 86' lang='lat' dir='ltr'><strong>in-</strong></span> 
     </span>
    </p>
   </div>
   <div class='ocr_carea' id='block_1_82' title="bbox 2106 3576 3746 3649">
    <p class='ocr_par' dir='ltr' id='par_1_82' title="bbox 2106 3576 3746 3649">
     <span class='ocr_line' id='line_1_82' title="bbox 2106 3576 3746 3649; baseline 0.002 -17"><span class='ocrx_word' id='word_1_560' title='bbox 2106 3576 2528 3649; x_wconf 88' lang='lat' dir='ltr'><strong>corruptibilem</strong></span> <span class='ocrx_word' id='word_1_561' title='bbox 2557 3581 2612 3632; x_wconf 91' lang='lat' dir='ltr'><strong>et</strong></span> <span class='ocrx_word' id='word_1_562' title='bbox 2653 3577 3172 3648; x_wconf 88' lang='lat' dir='ltr'><strong>incontaminatam,</strong></span> <span class='ocrx_word' id='word_1_563' title='bbox 3223 3583 3280 3635; x_wconf 89' lang='lat' dir='ltr'><strong>et</strong></span> <span class='ocrx_word' id='word_1_564' title='bbox 3321 3579 3746 3638; x_wconf 87' lang='lat' dir='ltr'><strong>inmarcessibi-</strong></span> 
     </span>
    </p>
   </div>
   <div class='ocr_carea' id='block_1_83' title="bbox 2104 3670 2935 3742">
    <p class='ocr_par' dir='ltr' id='par_1_83' title="bbox 2104 3670 2935 3742">
     <span class='ocr_line' id='line_1_83' title="bbox 2104 3670 2935 3742; baseline 0.005 -18"><span class='ocrx_word' id='word_1_565' title='bbox 2104 3670 2238 3742; x_wconf 90' lang='lat' dir='ltr'><strong>lem,</strong></span> <span class='ocrx_word' id='word_1_566' title='bbox 2269 3676 2654 3727; x_wconf 85' lang='lat' dir='ltr'><strong>conservatam</strong></span> <span class='ocrx_word' id='word_1_567' title='bbox 2679 3672 2738 3726; x_wconf 93' lang='lat' dir='ltr'><strong>in</strong></span> <span class='ocrx_word' id='word_1_568' title='bbox 2766 3672 2935 3728; x_wconf 66' lang='lat' dir='ltr'><strong>caalis.</strong></span> 
     </span>
    </p>
   </div>
   <div class='ocr_carea' id='block_1_84' title="bbox 2253 3772 3608 3838">
    <p class='ocr_par' dir='ltr' id='par_1_84' title="bbox 2253 3772 3608 3838">
     <span class='ocr_line' id='line_1_84' title="bbox 2253 3772 3608 3838; baseline 0.004 -16"><span class='ocrx_word' id='word_1_569' title='bbox 2253 3772 2428 3822; x_wconf 87' lang='lat' dir='ltr'><strong>Lectio</strong></span> <span class='ocrx_word' id='word_1_570' title='bbox 2452 3773 2616 3823; x_wconf 87' lang='lat' dir='ltr'><strong>sancti</strong></span> <span class='ocrx_word' id='word_1_571' title='bbox 2641 3773 2906 3838; x_wconf 87' lang='lat' dir='ltr'><strong>Evangelii</strong></span> <span class='ocrx_word' id='word_1_572' title='bbox 2933 3773 3222 3826; x_wconf 81' lang='lat' dir='ltr'><strong>secundum</strong></span> <span class='ocrx_word' id='word_1_573' title='bbox 3248 3775 3544 3826; x_wconf 66' lang='lat' dir='ltr'><strong>Mattheum</strong></span> <span class='ocrx_word' id='word_1_574' title='bbox 3564 3789 3608 3827; x_wconf 80' lang='grc' dir='ltr'><strong>ο.</strong></span> 
     </span>
    </p>
   </div>
   <div class='ocr_carea' id='block_1_85' title="bbox 2174 3858 3748 3935">
    <p class='ocr_par' dir='ltr' id='par_1_85' title="bbox 2174 3858 3748 3935">
     <span class='ocr_line' id='line_1_85' title="bbox 2174 3858 3748 3935; baseline 0.005 -23"><span class='ocrx_word' id='word_1_575' title='bbox 2174 3859 2449 3930; x_wconf 87' lang='lat' dir='ltr'><strong>Tempore</strong></span> <span class='ocrx_word' id='word_1_576' title='bbox 2477 3858 2592 3929; x_wconf 92' lang='lat' dir='ltr'><strong>illo,</strong></span> <span class='ocrx_word' id='word_1_577' title='bbox 2622 3859 2776 3914; x_wconf 91' lang='lat' dir='ltr'><strong>venit</strong></span> <span class='ocrx_word' id='word_1_578' title='bbox 2809 3859 3077 3915; x_wconf 88' lang='lat' dir='ltr'><strong>Dominus</strong></span> <span class='ocrx_word' id='word_1_579' title='bbox 3105 3861 3262 3916; x_wconf 86' lang='lat' dir='ltr'><strong>Iesus</strong></span> <span class='ocrx_word' id='word_1_580' title='bbox 3289 3861 3348 3917; x_wconf 91' lang='lat' dir='ltr'><strong>in</strong></span> <span class='ocrx_word' id='word_1_581' title='bbox 3393 3865 3586 3935; x_wconf 87' lang='lat' dir='ltr'><strong>partes</strong></span> <span class='ocrx_word' id='word_1_582' title='bbox 3625 3863 3748 3920; x_wconf 66' lang='lat' dir='ltr'><strong>Ce-</strong></span> 
     </span>
    </p>
   </div>
   <div class='ocr_carea' id='block_1_86' title="bbox 2105 3952 3750 4027">
    <p class='ocr_par' dir='ltr' id='par_1_86' title="bbox 2105 3952 3750 4027">
     <span class='ocr_line' id='line_1_86' title="bbox 2105 3952 3750 4027; baseline 0.004 -21"><span class='ocrx_word' id='word_1_583' title='bbox 2105 3967 2276 4006; x_wconf 80' lang='lat' dir='ltr'><strong>sareae</strong></span> <span class='ocrx_word' id='word_1_584' title='bbox 2303 3952 2568 4024; x_wconf 86' lang='lat' dir='ltr'><strong>Philippi,</strong></span> <span class='ocrx_word' id='word_1_585' title='bbox 2601 3957 2656 4008; x_wconf 92' lang='lat' dir='ltr'><strong>et</strong></span> <span class='ocrx_word' id='word_1_586' title='bbox 2683 3953 3052 4025; x_wconf 83' lang='lat' dir='ltr'><strong>interrogavit</strong></span> <span class='ocrx_word' id='word_1_587' title='bbox 3098 3954 3400 4027; x_wconf 90' lang='lat' dir='ltr'><strong>discipulos</strong></span> <span class='ocrx_word' id='word_1_588' title='bbox 3450 3973 3602 4024; x_wconf 89' lang='lat' dir='ltr'><strong>suos,</strong></span> <span class='ocrx_word' id='word_1_589' title='bbox 3655 3955 3750 4013; x_wconf 88' lang='lat' dir='ltr'><strong>di-</strong></span> 
     </span>
    </p>
   </div>
   <div class='ocr_carea' id='block_1_87' title="bbox 2106 4046 3758 4110">
    <p class='ocr_par' dir='ltr' id='par_1_87' title="bbox 2106 4046 3758 4110">
     <span class='ocr_line' id='line_1_87' title="bbox 2106 4046 3758 4110; baseline 0.004 -10"><span class='ocrx_word' id='word_1_590' title='bbox 2106 4061 2236 4101; x_wconf 90' lang='lat' dir='ltr'><strong>cens</strong></span> <span class='ocrx_word' id='word_1_591' title='bbox 2257 4062 2269 4100; x_wconf 90' lang='lat'><strong>:</strong></span> <span class='ocrx_word' id='word_1_592' title='bbox 2300 4047 2478 4110; x_wconf 90' lang='lat' dir='ltr'><strong>Quem</strong></span> <span class='ocrx_word' id='word_1_593' title='bbox 2507 4063 2599 4102; x_wconf 90' lang='lat' dir='ltr'><strong>me</strong></span> <span class='ocrx_word' id='word_1_594' title='bbox 2615 4046 2811 4102; x_wconf 88' lang='lat' dir='ltr'><strong>dicunt</strong></span> <span class='ocrx_word' id='word_1_595' title='bbox 2837 4047 3100 4104; x_wconf 85' lang='lat' dir='ltr'><strong>homines</strong></span> <span class='ocrx_word' id='word_1_596' title='bbox 3121 4065 3238 4105; x_wconf 84' lang='lat' dir='ltr'><strong>esse</strong></span> <span class='ocrx_word' id='word_1_597' title='bbox 3259 4049 3443 4104; x_wconf 86' lang='lat' dir='ltr'><strong>ﬁlium</strong></span> <span class='ocrx_word' id='word_1_598' title='bbox 3457 4051 3758 4108; x_wconf 79' lang='lat' dir='ltr'><strong>hominis?</strong></span> 
     </span>
    </p>
   </div>
   <div class='ocr_carea' id='block_1_88' title="bbox 2105 4139 3756 4214">
    <p class='ocr_par' dir='ltr' id='par_1_88' title="bbox 2105 4139 3756 4214">
     <span class='ocr_line' id='line_1_88' title="bbox 2105 4139 3756 4214; baseline 0.005 -21"><span class='ocrx_word' id='word_1_599' title='bbox 2105 4139 2210 4203; x_wconf 91' lang='lat' dir='ltr'><strong>Qui</strong></span> <span class='ocrx_word' id='word_1_600' title='bbox 2235 4139 2536 4194; x_wconf 86' lang='lat' dir='ltr'><strong>dixerunt:</strong></span> <span class='ocrx_word' id='word_1_601' title='bbox 2565 4139 2675 4196; x_wconf 86' lang='lat' dir='ltr'><strong>Alii</strong></span> <span class='ocrx_word' id='word_1_602' title='bbox 2698 4141 3016 4196; x_wconf 85' lang='lat' dir='ltr'><strong>Iohannem</strong></span> <span class='ocrx_word' id='word_1_603' title='bbox 3049 4142 3380 4214; x_wconf 87' lang='lat' dir='ltr'><strong>Baptistam,</strong></span> <span class='ocrx_word' id='word_1_604' title='bbox 3408 4143 3505 4198; x_wconf 85' lang='lat' dir='ltr'><strong>alii</strong></span> <span class='ocrx_word' id='word_1_605' title='bbox 3541 4144 3756 4212; x_wconf 82' lang='lat' dir='ltr'><strong>Ellam,</strong></span> 
     </span>
    </p>
   </div>
   <div class='ocr_carea' id='block_1_89' title="bbox 2103 4232 3760 4310">
    <p class='ocr_par' dir='ltr' id='par_1_89' title="bbox 2103 4232 3760 4310">
     <span class='ocr_line' id='line_1_89' title="bbox 2103 4232 3760 4310; baseline 0.005 -25"><span class='ocrx_word' id='word_1_606' title='bbox 2103 4232 2198 4287; x_wconf 87' lang='lat' dir='ltr'><strong>alii</strong></span> <span class='ocrx_word' id='word_1_607' title='bbox 2223 4249 2353 4288; x_wconf 91' lang='lat' dir='ltr'><strong>vero</strong></span> <span class='ocrx_word' id='word_1_608' title='bbox 2382 4234 2702 4304; x_wconf 89' lang='lat' dir='ltr'><strong>Ieremiam,</strong></span> <span class='ocrx_word' id='word_1_609' title='bbox 2735 4239 2834 4290; x_wconf 89' lang='lat' dir='ltr'><strong>aut</strong></span> <span class='ocrx_word' id='word_1_610' title='bbox 2883 4251 3062 4291; x_wconf 90' lang='lat' dir='ltr'><strong>unum</strong></span> <span class='ocrx_word' id='word_1_611' title='bbox 3115 4253 3184 4291; x_wconf 83' lang='lat' dir='ltr'><strong>ex</strong></span> <span class='ocrx_word' id='word_1_612' title='bbox 3233 4237 3550 4310; x_wconf 88' lang='lat' dir='ltr'><strong>Prophetis.</strong></span> <span class='ocrx_word' id='word_1_613' title='bbox 3598 4238 3760 4295; x_wconf 85' lang='lat' dir='ltr'><strong>Dixit</strong></span> 
     </span>
    </p>
   </div>
   <div class='ocr_carea' id='block_1_90' title="bbox 2103 4327 3760 4403">
    <p class='ocr_par' dir='ltr' id='par_1_90' title="bbox 2103 4327 3760 4403">
     <span class='ocr_line' id='line_1_90' title="bbox 2103 4327 3760 4403; baseline 0.005 -22"><span class='ocrx_word' id='word_1_614' title='bbox 2103 4329 2296 4382; x_wconf 86' lang='lat' dir='ltr'><strong>autem</strong></span> <span class='ocrx_word' id='word_1_615' title='bbox 2319 4327 2428 4382; x_wconf 90' lang='lat' dir='ltr'><strong>illis</strong></span> <span class='ocrx_word' id='word_1_616' title='bbox 2451 4327 2720 4382; x_wconf 90' lang='lat' dir='ltr'><strong>Dominus</strong></span> <span class='ocrx_word' id='word_1_617' title='bbox 2748 4330 2906 4383; x_wconf 84' lang='lat' dir='ltr'><strong>Iesus</strong></span> <span class='ocrx_word' id='word_1_618' title='bbox 2939 4345 2953 4384; x_wconf 91' lang='lat'><strong>:</strong></span> <span class='ocrx_word' id='word_1_619' title='bbox 2985 4330 3090 4384; x_wconf 84' lang='lat' dir='ltr'><strong>Vos</strong></span> <span class='ocrx_word' id='word_1_620' title='bbox 3117 4347 3248 4386; x_wconf 91' lang='lat' dir='ltr'><strong>vero</strong></span> <span class='ocrx_word' id='word_1_621' title='bbox 3283 4347 3458 4403; x_wconf 89' lang='lat' dir='ltr'><strong>quem</strong></span> <span class='ocrx_word' id='word_1_622' title='bbox 3495 4348 3590 4388; x_wconf 89' lang='lat' dir='ltr'><strong>me</strong></span> <span class='ocrx_word' id='word_1_623' title='bbox 3625 4349 3760 4389; x_wconf 86' lang='lat' dir='ltr'><strong>esse</strong></span> 
     </span>
    </p>
   </div>
   <div class='ocr_carea' id='block_1_91' title="bbox 2103 4419 3763 4493">
    <p class='ocr_par' dir='ltr' id='par_1_91' title="bbox 2103 4419 3763 4493">
     <span class='ocr_line' id='line_1_91' title="bbox 2103 4419 3763 4493; baseline 0.005 -19"><span class='ocrx_word' id='word_1_624' title='bbox 2103 4419 2330 4476; x_wconf 82' lang='lat' dir='ltr'><strong>dicitis?</strong></span> <span class='ocrx_word' id='word_1_625' title='bbox 2363 4423 2731 4493; x_wconf 83' lang='lat' dir='ltr'><strong>Respondens</strong></span> <span class='ocrx_word' id='word_1_626' title='bbox 2767 4423 2960 4478; x_wconf 80' lang='lat' dir='ltr'><strong>Simon</strong></span> <span class='ocrx_word' id='word_1_627' title='bbox 3005 4425 3202 4479; x_wconf 87' lang='lat' dir='ltr'><strong>Petrus</strong></span> <span class='ocrx_word' id='word_1_628' title='bbox 3245 4425 3389 4481; x_wconf 82' lang='lat' dir='ltr'><strong>dixit</strong></span> <span class='ocrx_word' id='word_1_629' title='bbox 3425 4425 3522 4481; x_wconf 88' lang='lat' dir='ltr'><strong>ei:</strong></span> <span class='ocrx_word' id='word_1_630' title='bbox 3567 4425 3650 4481; x_wconf 88' lang='lat' dir='ltr'><strong>Tu</strong></span> <span class='ocrx_word' id='word_1_631' title='bbox 3693 4443 3763 4482; x_wconf 86' lang='lat' dir='ltr'><strong>es</strong></span> 
     </span>
    </p>
   </div>
   <div class='ocr_carea' id='block_1_92' title="bbox 364 4514 3762 4620">
    <p class='ocr_par' dir='ltr' id='par_1_92' title="bbox 364 4514 3762 4620">
     <span class='ocr_line' id='line_1_92' title="bbox 364 4514 3762 4620; baseline 0.003 -18"><span class='ocrx_word' id='word_1_632' title='bbox 364 4514 559 4602; x_wconf 72' lang='lat' dir='ltr'><strong>raculd</strong></span> <span class='ocrx_word' id='word_1_633' title='bbox 574 4514 826 4620; x_wconf 68' lang='lat' dir='ltr'><strong>aquaain</strong></span> <span class='ocrx_word' id='word_1_634' title='bbox 851 4548 1047 4604; x_wconf 88' lang='lat' dir='ltr'><strong>vinum</strong></span> <span class='ocrx_word' id='word_1_635' title='bbox 1067 4514 1368 4618; x_wconf 27' lang='lat' dir='ltr'><strong>versaepita</strong></span> <span class='ocrx_word' id='word_1_636' title='bbox 1393 4548 1452 4603; x_wconf 88' lang='lat' dir='ltr'><strong>in</strong></span> <span class='ocrx_word' id='word_1_637' title='bbox 1494 4549 1706 4620; x_wconf 91' lang='lat' dir='ltr'><strong>populo</strong></span> <span class='ocrx_word' id='word_1_638' title='bbox 1753 4514 1854 4604; x_wconf 76' lang='lat' dir='ltr'><strong>suo</strong></span> <span class='ocrx_word' id='word_1_639' title='bbox 1897 4555 1999 4620; x_wconf 91' lang='lat' dir='ltr'><strong>est,</strong></span> <span class='ocrx_word' id='word_1_640' title='bbox 2021 4525 2080 4598; x_wconf 87' lang='lat' dir='ltr'><strong>D</strong></span> <span class='ocrx_word' id='word_1_641' title='bbox 2103 4514 2354 4620; x_wconf 59' lang='grc' dir='ltr'><strong>(Ξδτίδίιὲῗ</strong></span> <span class='ocrx_word' id='word_1_642' title='bbox 2381 4516 2528 4620; x_wconf 40' lang='lat'><strong>91195</strong></span> <span class='ocrx_word' id='word_1_643' title='bbox 2553 4516 2652 4620; x_wconf 60' lang='lat' dir='ltr'><strong>Dfi</strong></span> <span class='ocrx_word' id='word_1_644' title='bbox 2679 4515 2810 4620; x_wconf 48' lang='lat' dir='ltr'><strong>YiVi‘</strong></span> <span class='ocrx_word' id='word_1_645' title='bbox 2838 4517 3204 4620; x_wconf 63' lang='lat' dir='ltr'><strong>RefP°ndeES</strong></span> <span class='ocrx_word' id='word_1_646' title='bbox 3231 4523 3424 4620; x_wconf 29' lang='lat' dir='ltr'><strong>autem</strong></span> <span class='ocrx_word' id='word_1_647' title='bbox 3469 4519 3762 4620; x_wconf 55' lang='lat' dir='ltr'><strong>D9minus</strong></span> 
     </span>
    </p>
   </div>
   <div class='ocr_carea' id='block_1_93' title="bbox 365 4639 2004 4716">
    <p class='ocr_par' dir='ltr' id='par_1_93' title="bbox 365 4639 2004 4716">
     <span class='ocr_line' id='line_1_93' title="bbox 365 4639 2004 4716; baseline 0.003 -22"><span class='ocrx_word' id='word_1_648' title='bbox 365 4643 428 4694; x_wconf 91' lang='lat' dir='ltr'><strong>ut</strong></span> <span class='ocrx_word' id='word_1_649' title='bbox 453 4639 676 4696; x_wconf 87' lang='lat' dir='ltr'><strong>claritas</strong></span> <span class='ocrx_word' id='word_1_650' title='bbox 701 4641 1008 4712; x_wconf 89' lang='lat' dir='ltr'><strong>majestatis</strong></span> <span class='ocrx_word' id='word_1_651' title='bbox 1033 4659 1150 4698; x_wconf 64' lang='lat' dir='ltr'><strong>sua:</strong></span> <span class='ocrx_word' id='word_1_652' title='bbox 1181 4643 1302 4699; x_wconf 91' lang='lat' dir='ltr'><strong>sine</strong></span> <span class='ocrx_word' id='word_1_653' title='bbox 1340 4642 1645 4698; x_wconf 88' lang='lat' dir='ltr'><strong>cessatione</strong></span> <span class='ocrx_word' id='word_1_654' title='bbox 1677 4642 1914 4716; x_wconf 87' lang='lat' dir='ltr'><strong>fulgeat,</strong></span> <span class='ocrx_word' id='word_1_655' title='bbox 1948 4648 2004 4699; x_wconf 88' lang='lat' dir='ltr'><strong>et</strong></span> 
     </span>
    </p>
   </div>
   <div class='ocr_carea' id='block_1_94' title="bbox 361 4732 2001 4809">
    <p class='ocr_par' dir='ltr' id='par_1_94' title="bbox 361 4732 2001 4809">
     <span class='ocr_line' id='line_1_94' title="bbox 361 4732 2001 4809; baseline 0.004 -22"><span class='ocrx_word' id='word_1_656' title='bbox 361 4732 670 4789; x_wconf 81' lang='lat' dir='ltr'><strong>sanctitatis</strong></span> <span class='ocrx_word' id='word_1_657' title='bbox 688 4733 885 4791; x_wconf 90' lang='lat' dir='ltr'><strong>lumen</strong></span> <span class='ocrx_word' id='word_1_658' title='bbox 917 4753 1143 4808; x_wconf 86' lang='lat' dir='ltr'><strong>semper</strong></span> <span class='ocrx_word' id='word_1_659' title='bbox 1175 4743 1469 4809; x_wconf 90' lang='lat' dir='ltr'><strong>appareat,</strong></span> <span class='ocrx_word' id='word_1_660' title='bbox 1501 4741 1564 4792; x_wconf 92' lang='lat' dir='ltr'><strong>ut</strong></span> <span class='ocrx_word' id='word_1_661' title='bbox 1588 4737 1749 4808; x_wconf 90' lang='lat' dir='ltr'><strong>plebs</strong></span> <span class='ocrx_word' id='word_1_662' title='bbox 1769 4735 1874 4794; x_wconf 90' lang='lat' dir='ltr'><strong>ista</strong></span> <span class='ocrx_word' id='word_1_663' title='bbox 1901 4755 2001 4793; x_wconf 90' lang='lat' dir='ltr'><strong>suo</strong></span> 
     </span>
    </p>
   </div>
   <div class='ocr_carea' id='block_1_95' title="bbox 363 4827 1320 4901">
    <p class='ocr_par' dir='ltr' id='par_1_95' title="bbox 363 4827 1320 4901">
     <span class='ocr_line' id='line_1_95' title="bbox 363 4827 1320 4901; baseline 0.004 -19"><span class='ocrx_word' id='word_1_664' title='bbox 363 4827 592 4884; x_wconf 88' lang='lat' dir='ltr'><strong>nomine</strong></span> <span class='ocrx_word' id='word_1_665' title='bbox 619 4833 941 4885; x_wconf 87' lang='lat' dir='ltr'><strong>consecrata</strong></span> <span class='ocrx_word' id='word_1_666' title='bbox 965 4835 1320 4901; x_wconf 89' lang='lat' dir='ltr'><strong>permaneat.</strong></span> 
     </span>
    </p>
   </div>
   <div class='ocr_carea' id='block_1_96' title="bbox 1048 4913 1316 4962">
    <p class='ocr_par' dir='ltr' id='par_1_96' title="bbox 1048 4913 1316 4962">
     <span class='ocr_line' id='line_1_96' title="bbox 1048 4913 1316 4962; baseline 0 0"><span class='ocrx_word' id='word_1_667' title='bbox 1048 4913 1316 4962; x_wconf 90' lang='lat' dir='ltr'><strong>Collectio.</strong></span> 
     </span>
    </p>
   </div>
   <div class='ocr_carea' id='block_1_97' title="bbox 427 4981 2001 5055">
    <p class='ocr_par' dir='ltr' id='par_1_97' title="bbox 427 4981 2001 5055">
     <span class='ocr_line' id='line_1_97' title="bbox 427 4981 2001 5055; baseline 0.005 -19"><span class='ocrx_word' id='word_1_668' title='bbox 427 4981 608 5038; x_wconf 89' lang='lat' dir='ltr'><strong>Deum</strong></span> <span class='ocrx_word' id='word_1_669' title='bbox 636 4982 734 5054; x_wconf 91' lang='lat' dir='ltr'><strong>qui</strong></span> <span class='ocrx_word' id='word_1_670' title='bbox 765 4983 1130 5038; x_wconf 81' lang='lat' dir='ltr'><strong>sanctilicavit</strong></span> <span class='ocrx_word' id='word_1_671' title='bbox 1152 4983 1406 5038; x_wconf 89' lang='lat' dir='ltr'><strong>Iordanis</strong></span> <span class='ocrx_word' id='word_1_672' title='bbox 1432 4983 1668 5055; x_wconf 87' lang='lat' dir='ltr'><strong>ﬂuenta,</strong></span> <span class='ocrx_word' id='word_1_673' title='bbox 1713 4985 2001 5044; x_wconf 87' lang='lat' dir='ltr'><strong>benedixit</strong></span> 
     </span>
    </p>
   </div>
   <div class='ocr_carea' id='block_1_98' title="bbox 357 5075 1999 5150">
    <p class='ocr_par' dir='ltr' id='par_1_98' title="bbox 357 5075 1999 5150">
     <span class='ocr_line' id='line_1_98' title="bbox 357 5075 1999 5150; baseline 0.005 -21"><span class='ocrx_word' id='word_1_674' title='bbox 357 5075 620 5148; x_wconf 89' lang='lat' dir='ltr'><strong>conjugia</strong></span> <span class='ocrx_word' id='word_1_675' title='bbox 639 5077 932 5148; x_wconf 89' lang='lat' dir='ltr'><strong>nuptialia,</strong></span> <span class='ocrx_word' id='word_1_676' title='bbox 959 5077 1161 5134; x_wconf 87' lang='lat' dir='ltr'><strong>fratres</strong></span> <span class='ocrx_word' id='word_1_677' title='bbox 1190 5077 1485 5149; x_wconf 87' lang='lat' dir='ltr'><strong>carissimi,</strong></span> <span class='ocrx_word' id='word_1_678' title='bbox 1515 5079 1904 5150; x_wconf 91' lang='lat' dir='ltr'><strong>deprecemur,</strong></span> <span class='ocrx_word' id='word_1_679' title='bbox 1935 5087 1999 5137; x_wconf 91' lang='lat' dir='ltr'><strong>ut</strong></span> 
     </span>
    </p>
   </div>
   <div class='ocr_carea' id='block_1_99' title="bbox 357 5169 1998 5247">
    <p class='ocr_par' dir='ltr' id='par_1_99' title="bbox 357 5169 1998 5247">
     <span class='ocr_line' id='line_1_99' title="bbox 357 5169 1998 5247; baseline 0.005 -24"><span class='ocrx_word' id='word_1_680' title='bbox 357 5169 518 5238; x_wconf 88' lang='lat' dir='ltr'><strong>cujus</strong></span> <span class='ocrx_word' id='word_1_681' title='bbox 557 5169 828 5225; x_wconf 88' lang='lat' dir='ltr'><strong>miracula</strong></span> <span class='ocrx_word' id='word_1_682' title='bbox 869 5171 1073 5226; x_wconf 90' lang='lat' dir='ltr'><strong>annuis</strong></span> <span class='ocrx_word' id='word_1_683' title='bbox 1115 5171 1411 5226; x_wconf 88' lang='lat' dir='ltr'><strong>recolimus</strong></span> <span class='ocrx_word' id='word_1_684' title='bbox 1459 5171 1693 5241; x_wconf 88' lang='lat' dir='ltr'><strong>vicibus,</strong></span> <span class='ocrx_word' id='word_1_685' title='bbox 1731 5174 1845 5230; x_wconf 90' lang='lat' dir='ltr'><strong>sola</strong></span> <span class='ocrx_word' id='word_1_686' title='bbox 1877 5175 1998 5247; x_wconf 90' lang='lat' dir='ltr'><strong>ejus</strong></span> 
     </span>
    </p>
   </div>
   <div class='ocr_carea' id='block_1_100' title="bbox 359 5261 1743 5338">
    <p class='ocr_par' dir='ltr' id='par_1_100' title="bbox 359 5261 1743 5338">
     <span class='ocr_line' id='line_1_100' title="bbox 359 5261 1743 5338; baseline 0.004 -22"><span class='ocrx_word' id='word_1_687' title='bbox 359 5261 541 5334; x_wconf 85' lang='lat' dir='ltr'><strong>gratia</strong></span> <span class='ocrx_word' id='word_1_688' title='bbox 571 5279 895 5320; x_wconf 89' lang='lat' dir='ltr'><strong>mereamur</strong></span> <span class='ocrx_word' id='word_1_689' title='bbox 920 5265 1335 5337; x_wconf 88' lang='lat' dir='ltr'><strong>indulgentiam</strong></span> <span class='ocrx_word' id='word_1_690' title='bbox 1365 5269 1743 5338; x_wconf 90' lang='lat' dir='ltr'><strong>peccatorum.</strong></span> 
     </span>
    </p>
   </div>
   <div class='ocr_carea' id='block_1_101' title="bbox 423 5397 1995 5474">
    <p class='ocr_par' dir='ltr' id='par_1_101' title="bbox 423 5397 1995 5474">
     <span class='ocr_line' id='line_1_101' title="bbox 423 5397 1995 5474; baseline 0.005 -22"><span class='ocrx_word' id='word_1_691' title='bbox 423 5398 448 5427; x_wconf 82' lang='grc'><strong><em>⁸</em></strong></span> <span class='ocrx_word' id='word_1_692' title='bbox 481 5397 694 5474; x_wconf 81' lang='lat' dir='ltr'><strong>Eodem</strong></span> <span class='ocrx_word' id='word_1_693' title='bbox 718 5401 884 5455; x_wconf 91' lang='lat' dir='ltr'><strong>modo</strong></span> <span class='ocrx_word' id='word_1_694' title='bbox 909 5402 1276 5474; x_wconf 87' lang='lat' dir='ltr'><strong>Evangelium</strong></span> <span class='ocrx_word' id='word_1_695' title='bbox 1301 5402 1408 5457; x_wconf 89' lang='lat' dir='ltr'><strong>hoc</strong></span> <span class='ocrx_word' id='word_1_696' title='bbox 1436 5401 1524 5474; x_wconf 79' lang='lat' dir='ltr'><strong>die</strong></span> <span class='ocrx_word' id='word_1_697' title='bbox 1551 5401 1610 5456; x_wconf 92' lang='lat' dir='ltr'><strong>in</strong></span> <span class='ocrx_word' id='word_1_698' title='bbox 1647 5401 1995 5460; x_wconf 88' lang='lat' dir='ltr'><strong>Lectionario</strong></span> 
     </span>
    </p>
   </div>
   <div class='ocr_carea' id='block_1_102' title="bbox 361 5470 1995 5547">
    <p class='ocr_par' dir='ltr' id='par_1_102' title="bbox 361 5470 1995 5547">
     <span class='ocr_line' id='line_1_102' title="bbox 361 5470 1995 5547; baseline 0.005 -24"><span class='ocrx_word' id='word_1_699' title='bbox 361 5470 696 5547; x_wconf 74' lang='lat' dir='ltr'><strong>l._u_x9viens_i</strong></span> <span class='ocrx_word' id='word_1_700' title='bbox 747 5470 1094 5547; x_wconf 17' lang='lat' dir='ltr'><strong>contextuim&#39;</strong></span> <span class='ocrx_word' id='word_1_701' title='bbox 1123 5479 1206 5530; x_wconf 91' lang='lat' dir='ltr'><strong>est</strong></span> <span class='ocrx_word' id='word_1_702' title='bbox 1248 5491 1317 5530; x_wconf 83' lang='lat' dir='ltr'><strong>ex</strong></span> <span class='ocrx_word' id='word_1_703' title='bbox 1378 5473 1558 5528; x_wconf 91' lang='lat' dir='ltr'><strong>tribus</strong></span> <span class='ocrx_word' id='word_1_704' title='bbox 1627 5474 1995 5547; x_wconf 88' lang='lat' dir='ltr'><strong>Evangelistis</strong></span> 
     </span>
    </p>
   </div>
   <div class='ocr_carea' id='block_1_103' title="bbox 357 5541 1217 5612">
    <p class='ocr_par' dir='ltr' id='par_1_103' title="bbox 357 5541 1217 5612">
     <span class='ocr_line' id='line_1_103' title="bbox 357 5541 1217 5612; baseline 0.006 -17"><span class='ocrx_word' id='word_1_705' title='bbox 357 5541 634 5608; x_wconf 70' lang='lat' dir='ltr'><strong>Matthaao,</strong></span> <span class='ocrx_word' id='word_1_706' title='bbox 665 5543 829 5612; x_wconf 88' lang='lat' dir='ltr'><strong>Luca,</strong></span> <span class='ocrx_word' id='word_1_707' title='bbox 864 5549 920 5600; x_wconf 91' lang='lat' dir='ltr'><strong>et</strong></span> <span class='ocrx_word' id='word_1_708' title='bbox 942 5546 1217 5600; x_wconf 85' lang='lat' dir='ltr'><strong>Iohanne.</strong></span> 
     </span>
    </p>
   </div>
   <div class='ocr_carea' id='block_1_104' title="bbox 429 5611 1995 5684">
    <p class='ocr_par' dir='ltr' id='par_1_104' title="bbox 429 5611 1995 5684">
     <span class='ocr_line' id='line_1_104' title="bbox 429 5611 1995 5684; baseline 0.003 -17"><span class='ocrx_word' id='word_1_709' title='bbox 429 5611 455 5653; x_wconf 72' lang='grc' dir='ltr'>δ</span> <span class='ocrx_word' id='word_1_710' title='bbox 485 5615 635 5668; x_wconf 85' lang='lat' dir='ltr'><strong>Nihil</strong></span> <span class='ocrx_word' id='word_1_711' title='bbox 661 5614 754 5670; x_wconf 90' lang='lat' dir='ltr'><strong>hic</strong></span> <span class='ocrx_word' id='word_1_712' title='bbox 793 5611 861 5671; x_wconf 91' lang='lat' dir='ltr'><strong>de</strong></span> <span class='ocrx_word' id='word_1_713' title='bbox 905 5623 1096 5672; x_wconf 90' lang='lat' dir='ltr'><strong>sancta</strong></span> <span class='ocrx_word' id='word_1_714' title='bbox 1137 5615 1430 5684; x_wconf 84' lang='lat' dir='ltr'><strong>Genovefa,</strong></span> <span class='ocrx_word' id='word_1_715' title='bbox 1484 5615 1560 5670; x_wconf 91' lang='lat' dir='ltr'><strong>sic</strong></span> <span class='ocrx_word' id='word_1_716' title='bbox 1604 5632 1735 5672; x_wconf 86' lang='lat' dir='ltr'><strong>vero</strong></span> <span class='ocrx_word' id='word_1_717' title='bbox 1782 5616 1844 5670; x_wconf 90' lang='lat' dir='ltr'><strong>in</strong></span> <span class='ocrx_word' id='word_1_718' title='bbox 1901 5616 1995 5672; x_wconf 89' lang='lat' dir='ltr'><strong>Le-</strong></span> 
     </span>
    </p>
   </div>
   <div class='ocr_carea' id='block_1_105' title="bbox 359 5683 1988 5758">
    <p class='ocr_par' dir='ltr' id='par_1_105' title="bbox 359 5683 1988 5758">
     <span class='ocr_line' id='line_1_105' title="bbox 359 5683 1988 5758; baseline 0.004 -21"><span class='ocrx_word' id='word_1_719' title='bbox 359 5683 628 5758; x_wconf 80' lang='lat' dir='ltr'><strong>ctionario</strong></span> <span class='ocrx_word' id='word_1_720' title='bbox 654 5686 1048 5758; x_wconf 24' lang='lat' dir='ltr'><strong>ALuxoviensi,</strong></span> <span class='ocrx_word' id='word_1_721' title='bbox 1077 5687 1235 5758; x_wconf 82' lang='lat' dir='ltr'><strong>Illud</strong></span> <span class='ocrx_word' id='word_1_722' title='bbox 1284 5683 1670 5758; x_wconf 75' lang='lat' dir='ltr'><strong>observatione</strong></span> <span class='ocrx_word' id='word_1_723' title='bbox 1729 5688 1988 5758; x_wconf 88' lang='lat' dir='ltr'><strong>dignum,</strong></span> 
     </span>
    </p>
   </div>
   <div class='ocr_carea' id='block_1_106' title="bbox 355 5755 1989 5829">
    <p class='ocr_par' dir='ltr' id='par_1_106' title="bbox 355 5755 1989 5829">
     <span class='ocr_line' id='line_1_106' title="bbox 355 5755 1989 5829; baseline 0.004 -21"><span class='ocrx_word' id='word_1_724' title='bbox 355 5755 525 5829; x_wconf 82' lang='lat' dir='ltr'><strong>quod</strong></span> <span class='ocrx_word' id='word_1_725' title='bbox 551 5756 832 5829; x_wconf 83' lang='lat' dir='ltr'><strong>Cathedra</strong></span> <span class='ocrx_word' id='word_1_726' title='bbox 875 5756 1241 5829; x_wconf 82' lang='lat' dir='ltr'><strong>_sancti_Petri</strong></span> <span class='ocrx_word' id='word_1_727' title='bbox 1277 5759 1389 5829; x_wconf 80' lang='lat' dir='ltr'><strong>hoc</strong></span> <span class='ocrx_word' id='word_1_728' title='bbox 1431 5756 1552 5829; x_wconf 85' lang='lat' dir='ltr'><strong>loco</strong></span> <span class='ocrx_word' id='word_1_729' title='bbox 1583 5755 1854 5829; x_wconf 83' lang='lat' dir='ltr'><strong>praecedit</strong></span> <span class='ocrx_word' id='word_1_730' title='bbox 1879 5755 1989 5816; x_wconf 59' lang='lat' dir='ltr'><strong>fesé</strong></span> 
     </span>
    </p>
   </div>
   <div class='ocr_carea' id='block_1_107' title="bbox 355 5826 1990 5901">
    <p class='ocr_par' dir='ltr' id='par_1_107' title="bbox 355 5826 1990 5901">
     <span class='ocr_line' id='line_1_107' title="bbox 355 5826 1990 5901; baseline 0.007 -24"><span class='ocrx_word' id='word_1_731' title='bbox 355 5827 477 5879; x_wconf 89' lang='lat' dir='ltr'><strong>tum</strong></span> <span class='ocrx_word' id='word_1_732' title='bbox 503 5827 916 5900; x_wconf 83' lang='lat' dir='ltr'><strong>Assumptionis</strong></span> <span class='ocrx_word' id='word_1_733' title='bbox 939 5826 1279 5892; x_wconf 70' lang='lat' dir='ltr'><strong>beatissima:</strong></span> <span class='ocrx_word' id='word_1_734' title='bbox 1307 5826 1570 5900; x_wconf 86' lang='lat' dir='ltr'><strong>Virginis,</strong></span> <span class='ocrx_word' id='word_1_735' title='bbox 1583 5826 1748 5901; x_wconf 56' lang='lat' dir='ltr'><strong>‘quod</strong></span> <span class='ocrx_word' id='word_1_736' title='bbox 1789 5829 1878 5890; x_wconf 89' lang='lat' dir='ltr'><strong>die</strong></span> <span class='ocrx_word' id='word_1_737' title='bbox 1929 5833 1990 5888; x_wconf 85' lang='grc'><strong>18</strong></span> 
     </span>
    </p>
   </div>
   <div class='ocr_carea' id='block_1_108' title="bbox 2102 4608 3760 4684">
    <p class='ocr_par' dir='ltr' id='par_1_108' title="bbox 2102 4608 3760 4684">
     <span class='ocr_line' id='line_1_108' title="bbox 2102 4608 3760 4684; baseline 0.004 -22"><span class='ocrx_word' id='word_1_738' title='bbox 2102 4608 2260 4662; x_wconf 91' lang='lat' dir='ltr'><strong>Iesus</strong></span> <span class='ocrx_word' id='word_1_739' title='bbox 2287 4608 2428 4662; x_wconf 88' lang='lat' dir='ltr'><strong>dixit</strong></span> <span class='ocrx_word' id='word_1_740' title='bbox 2448 4609 2502 4663; x_wconf 91' lang='lat' dir='ltr'><strong>ei</strong></span> <span class='ocrx_word' id='word_1_741' title='bbox 2530 4625 2543 4662; x_wconf 94' lang='lat'>:</span> <span class='ocrx_word' id='word_1_742' title='bbox 2577 4609 2779 4664; x_wconf 86' lang='lat' dir='ltr'><strong>Beatus</strong></span> <span class='ocrx_word' id='word_1_743' title='bbox 2807 4625 2886 4677; x_wconf 90' lang='lat' dir='ltr'><strong>es,</strong></span> <span class='ocrx_word' id='word_1_744' title='bbox 2911 4610 3102 4665; x_wconf 90' lang='lat' dir='ltr'><strong>Simon</strong></span> <span class='ocrx_word' id='word_1_745' title='bbox 3139 4611 3397 4682; x_wconf 87' lang='lat' dir='ltr'><strong>Barjona,</strong></span> <span class='ocrx_word' id='word_1_746' title='bbox 3438 4613 3576 4684; x_wconf 88' lang='lat' dir='ltr'><strong>quia</strong></span> <span class='ocrx_word' id='word_1_747' title='bbox 3614 4629 3760 4668; x_wconf 81' lang='lat' dir='ltr'><strong>caro</strong></span> 
     </span>
    </p>
   </div>
   <div class='ocr_carea' id='block_1_109' title="bbox 2103 4701 3762 4780">
    <p class='ocr_par' dir='ltr' id='par_1_109' title="bbox 2103 4701 3762 4780">
     <span class='ocr_line' id='line_1_109' title="bbox 2103 4701 3762 4780; baseline 0.006 -25"><span class='ocrx_word' id='word_1_748' title='bbox 2103 4707 2158 4756; x_wconf 92' lang='lat' dir='ltr'><strong>et</strong></span> <span class='ocrx_word' id='word_1_749' title='bbox 2186 4701 2413 4773; x_wconf 89' lang='lat' dir='ltr'><strong>sanguis</strong></span> <span class='ocrx_word' id='word_1_750' title='bbox 2441 4719 2556 4757; x_wconf 91' lang='lat' dir='ltr'><strong>non</strong></span> <span class='ocrx_word' id='word_1_751' title='bbox 2581 4703 2846 4759; x_wconf 90' lang='lat' dir='ltr'><strong>revelavit</strong></span> <span class='ocrx_word' id='word_1_752' title='bbox 2873 4704 2994 4774; x_wconf 91' lang='lat' dir='ltr'><strong>tibi,</strong></span> <span class='ocrx_word' id='word_1_753' title='bbox 3024 4705 3120 4760; x_wconf 90' lang='lat' dir='ltr'><strong>sed</strong></span> <span class='ocrx_word' id='word_1_754' title='bbox 3146 4706 3308 4760; x_wconf 89' lang='lat' dir='ltr'><strong>Pater</strong></span> <span class='ocrx_word' id='word_1_755' title='bbox 3331 4722 3492 4761; x_wconf 87' lang='lat' dir='ltr'><strong>meus</strong></span> <span class='ocrx_word' id='word_1_756' title='bbox 3541 4706 3644 4780; x_wconf 87' lang='lat' dir='ltr'><strong>qui</strong></span> <span class='ocrx_word' id='word_1_757' title='bbox 3691 4707 3762 4765; x_wconf 88' lang='lat' dir='ltr'><strong>in</strong></span> 
     </span>
    </p>
   </div>
   <div class='ocr_carea' id='block_1_110' title="bbox 2103 4795 3760 4871">
    <p class='ocr_par' dir='ltr' id='par_1_110' title="bbox 2103 4795 3760 4871">
     <span class='ocr_line' id='line_1_110' title="bbox 2103 4795 3760 4871; baseline 0.005 -22"><span class='ocrx_word' id='word_1_758' title='bbox 2103 4795 2250 4850; x_wconf 81' lang='lat' dir='ltr'><strong>caelis</strong></span> <span class='ocrx_word' id='word_1_759' title='bbox 2305 4801 2408 4852; x_wconf 89' lang='lat' dir='ltr'><strong>est.</strong></span> <span class='ocrx_word' id='word_1_760' title='bbox 2455 4799 2522 4852; x_wconf 91' lang='lat' dir='ltr'><strong>Et</strong></span> <span class='ocrx_word' id='word_1_761' title='bbox 2563 4813 2670 4868; x_wconf 90' lang='lat' dir='ltr'><strong>ego</strong></span> <span class='ocrx_word' id='word_1_762' title='bbox 2709 4796 2832 4853; x_wconf 92' lang='lat' dir='ltr'><strong>dico</strong></span> <span class='ocrx_word' id='word_1_763' title='bbox 2873 4797 2994 4868; x_wconf 89' lang='lat' dir='ltr'><strong>tibi,</strong></span> <span class='ocrx_word' id='word_1_764' title='bbox 3043 4797 3177 4870; x_wconf 91' lang='lat' dir='ltr'><strong>quia</strong></span> <span class='ocrx_word' id='word_1_765' title='bbox 3217 4802 3278 4854; x_wconf 93' lang='lat' dir='ltr'><strong>tu</strong></span> <span class='ocrx_word' id='word_1_766' title='bbox 3319 4815 3378 4854; x_wconf 91' lang='lat' dir='ltr'><strong>es</strong></span> <span class='ocrx_word' id='word_1_767' title='bbox 3425 4801 3648 4871; x_wconf 91' lang='lat' dir='ltr'><strong>Petrus,</strong></span> <span class='ocrx_word' id='word_1_768' title='bbox 3697 4807 3760 4858; x_wconf 88' lang='lat' dir='ltr'><strong>et</strong></span> 
     </span>
    </p>
   </div>
   <div class='ocr_carea' id='block_1_111' title="bbox 2101 4890 3762 4964">
    <p class='ocr_par' dir='ltr' id='par_1_111' title="bbox 2101 4890 3762 4964">
     <span class='ocr_line' id='line_1_111' title="bbox 2101 4890 3762 4964; baseline 0.006 -22"><span class='ocrx_word' id='word_1_769' title='bbox 2101 4905 2270 4960; x_wconf 90' lang='lat' dir='ltr'><strong>super</strong></span> <span class='ocrx_word' id='word_1_770' title='bbox 2313 4890 2459 4945; x_wconf 91' lang='lat' dir='ltr'><strong>hanc</strong></span> <span class='ocrx_word' id='word_1_771' title='bbox 2510 4895 2733 4962; x_wconf 89' lang='lat' dir='ltr'><strong>petram</strong></span> <span class='ocrx_word' id='word_1_772' title='bbox 2779 4891 3065 4948; x_wconf 65' lang='lat' dir='ltr'><strong>aedificabo</strong></span> <span class='ocrx_word' id='word_1_773' title='bbox 3109 4891 3412 4948; x_wconf 87' lang='lat' dir='ltr'><strong>Ecclesiam</strong></span> <span class='ocrx_word' id='word_1_774' title='bbox 3447 4910 3660 4964; x_wconf 86' lang='lat' dir='ltr'><strong>meam,</strong></span> <span class='ocrx_word' id='word_1_775' title='bbox 3695 4901 3762 4952; x_wconf 85' lang='lat' dir='ltr'><strong>et</strong></span> 
     </span>
    </p>
   </div>
   <div class='ocr_carea' id='block_1_112' title="bbox 2099 4983 3762 5058">
    <p class='ocr_par' dir='ltr' id='par_1_112' title="bbox 2099 4983 3762 5058">
     <span class='ocr_line' id='line_1_112' title="bbox 2099 4983 3762 5058; baseline 0.005 -20"><span class='ocrx_word' id='word_1_776' title='bbox 2099 4987 2278 5056; x_wconf 66' lang='lat' dir='ltr'><strong>porta:</strong></span> <span class='ocrx_word' id='word_1_777' title='bbox 2304 4983 2470 5040; x_wconf 85' lang='lat' dir='ltr'><strong>inferi</strong></span> <span class='ocrx_word' id='word_1_778' title='bbox 2495 5001 2614 5040; x_wconf 92' lang='lat' dir='ltr'><strong>non</strong></span> <span class='ocrx_word' id='word_1_779' title='bbox 2639 4986 3025 5058; x_wconf 66' lang='lat' dir='ltr'><strong>praevalebunt</strong></span> <span class='ocrx_word' id='word_1_780' title='bbox 3051 4986 3316 5042; x_wconf 89' lang='lat' dir='ltr'><strong>adversus</strong></span> <span class='ocrx_word' id='word_1_781' title='bbox 3341 5003 3489 5043; x_wconf 89' lang='lat' dir='ltr'><strong>eam.</strong></span> <span class='ocrx_word' id='word_1_782' title='bbox 3527 4990 3596 5046; x_wconf 88' lang='lat' dir='ltr'><strong>Et</strong></span> <span class='ocrx_word' id='word_1_783' title='bbox 3637 4991 3762 5046; x_wconf 85' lang='lat' dir='ltr'><strong>tibi</strong></span> 
     </span>
    </p>
   </div>
   <div class='ocr_carea' id='block_1_113' title="bbox 2100 5077 3762 5154">
    <p class='ocr_par' dir='ltr' id='par_1_113' title="bbox 2100 5077 3762 5154">
     <span class='ocr_line' id='line_1_113' title="bbox 2100 5077 3762 5154; baseline 0.007 -23"><span class='ocrx_word' id='word_1_784' title='bbox 2100 5077 2241 5132; x_wconf 89' lang='lat' dir='ltr'><strong>dabo</strong></span> <span class='ocrx_word' id='word_1_785' title='bbox 2261 5078 2439 5133; x_wconf 86' lang='lat' dir='ltr'><strong>claves</strong></span> <span class='ocrx_word' id='word_1_786' title='bbox 2459 5079 2622 5151; x_wconf 90' lang='lat' dir='ltr'><strong>regni</strong></span> <span class='ocrx_word' id='word_1_787' title='bbox 2649 5081 2917 5136; x_wconf 84' lang='lat' dir='ltr'><strong>caelorum</strong></span> <span class='ocrx_word' id='word_1_788' title='bbox 2943 5098 2954 5148; x_wconf 91' lang='lat'><strong>;</strong></span> <span class='ocrx_word' id='word_1_789' title='bbox 2973 5085 3030 5135; x_wconf 92' lang='lat' dir='ltr'><strong>et</strong></span> <span class='ocrx_word' id='word_1_790' title='bbox 3055 5081 3454 5154; x_wconf 91' lang='lat' dir='ltr'><strong>quodcumque</strong></span> <span class='ocrx_word' id='word_1_791' title='bbox 3477 5083 3762 5154; x_wconf 80' lang='lat' dir='ltr'><strong>ligaveris</strong></span> 
     </span>
    </p>
   </div>
   <div class='ocr_carea' id='block_1_114' title="bbox 2099 5174 3762 5252">
    <p class='ocr_par' dir='ltr' id='par_1_114' title="bbox 2099 5174 3762 5252">
     <span class='ocr_line' id='line_1_114' title="bbox 2099 5174 3762 5252; baseline 0.006 -26"><span class='ocrx_word' id='word_1_792' title='bbox 2099 5188 2268 5244; x_wconf 90' lang='lat' dir='ltr'><strong>super</strong></span> <span class='ocrx_word' id='word_1_793' title='bbox 2287 5177 2518 5243; x_wconf 91' lang='lat' dir='ltr'><strong>terram,</strong></span> <span class='ocrx_word' id='word_1_794' title='bbox 2547 5174 2654 5230; x_wconf 90' lang='lat' dir='ltr'><strong>erit</strong></span> <span class='ocrx_word' id='word_1_795' title='bbox 2679 5174 2920 5246; x_wconf 88' lang='lat' dir='ltr'><strong>ligatum</strong></span> <span class='ocrx_word' id='word_1_796' title='bbox 2945 5175 3006 5229; x_wconf 90' lang='lat' dir='ltr'><strong>in</strong></span> <span class='ocrx_word' id='word_1_797' title='bbox 3033 5175 3216 5246; x_wconf 70' lang='lat' dir='ltr'><strong>caalis;</strong></span> <span class='ocrx_word' id='word_1_798' title='bbox 3255 5179 3310 5232; x_wconf 90' lang='lat' dir='ltr'><strong>et</strong></span> <span class='ocrx_word' id='word_1_799' title='bbox 3335 5177 3762 5252; x_wconf 82' lang='lat' dir='ltr'><strong>quodcumque</strong></span> 
     </span>
    </p>
   </div>
   <div class='ocr_carea' id='block_1_115' title="bbox 2099 5266 3554 5340">
    <p class='ocr_par' dir='ltr' id='par_1_115' title="bbox 2099 5266 3554 5340">
     <span class='ocr_line' id='line_1_115' title="bbox 2099 5266 3554 5340; baseline 0.004 -19"><span class='ocrx_word' id='word_1_800' title='bbox 2099 5266 2328 5322; x_wconf 90' lang='lat' dir='ltr'><strong>solveris</strong></span> <span class='ocrx_word' id='word_1_801' title='bbox 2355 5283 2524 5340; x_wconf 91' lang='lat' dir='ltr'><strong>super</strong></span> <span class='ocrx_word' id='word_1_802' title='bbox 2543 5271 2772 5337; x_wconf 89' lang='lat' dir='ltr'><strong>terram,</strong></span> <span class='ocrx_word' id='word_1_803' title='bbox 2805 5268 2914 5324; x_wconf 89' lang='lat' dir='ltr'><strong>erit</strong></span> <span class='ocrx_word' id='word_1_804' title='bbox 2944 5269 3194 5325; x_wconf 90' lang='lat' dir='ltr'><strong>solutum</strong></span> <span class='ocrx_word' id='word_1_805' title='bbox 3217 5272 3274 5324; x_wconf 91' lang='lat' dir='ltr'><strong>et</strong></span> <span class='ocrx_word' id='word_1_806' title='bbox 3296 5269 3360 5326; x_wconf 92' lang='lat' dir='ltr'><strong>in</strong></span> <span class='ocrx_word' id='word_1_807' title='bbox 3383 5270 3554 5327; x_wconf 69' lang='lat' dir='ltr'><strong>caelis.</strong></span> 
     </span>
    </p>
   </div>
   <div class='ocr_carea' id='block_1_116' title="bbox 2095 5402 3766 5473">
    <p class='ocr_par' dir='ltr' id='par_1_116' title="bbox 2095 5402 3766 5473">
     <span class='ocr_line' id='line_1_116' title="bbox 2095 5402 3766 5473; baseline 0.007 -16"><span class='ocrx_word' id='word_1_808' title='bbox 2095 5402 2344 5458; x_wconf 88' lang='lat' dir='ltr'><strong>Ianuarii</strong></span> <span class='ocrx_word' id='word_1_809' title='bbox 2375 5403 2510 5458; x_wconf 90' lang='lat' dir='ltr'><strong>olim</strong></span> <span class='ocrx_word' id='word_1_810' title='bbox 2539 5403 2808 5460; x_wconf 87' lang='lat' dir='ltr'><strong>celebrari</strong></span> <span class='ocrx_word' id='word_1_811' title='bbox 2835 5421 2956 5460; x_wconf 88' lang='lat' dir='ltr'><strong>mos</strong></span> <span class='ocrx_word' id='word_1_812' title='bbox 2983 5407 3122 5460; x_wconf 89' lang='lat' dir='ltr'><strong>erat.</strong></span> <span class='ocrx_word' id='word_1_813' title='bbox 3149 5407 3296 5473; x_wconf 78' lang='lat' dir='ltr'><strong>Ergo</strong></span> <span class='ocrx_word' id='word_1_814' title='bbox 3335 5407 3505 5462; x_wconf 89' lang='lat' dir='ltr'><strong>etiam</strong></span> <span class='ocrx_word' id='word_1_815' title='bbox 3541 5407 3766 5469; x_wconf 84' lang='lat' dir='ltr'><strong>Cathe-</strong></span> 
     </span>
    </p>
   </div>
   <div class='ocr_carea' id='block_1_117' title="bbox 2097 5475 3764 5552">
    <p class='ocr_par' dir='ltr' id='par_1_117' title="bbox 2097 5475 3764 5552">
     <span class='ocr_line' id='line_1_117' title="bbox 2097 5475 3764 5552; baseline 0.006 -22"><span class='ocrx_word' id='word_1_816' title='bbox 2097 5475 2208 5552; x_wconf 76' lang='lat' dir='ltr'><strong>dra</strong></span> <span class='ocrx_word' id='word_1_817' title='bbox 2224 5475 2286 5530; x_wconf 89' lang='lat' dir='ltr'><strong>in</strong></span> <span class='ocrx_word' id='word_1_818' title='bbox 2309 5476 2594 5552; x_wconf 73' lang='lat' dir='ltr'><strong>Ianuario,</strong></span> <span class='ocrx_word' id='word_1_819' title='bbox 2619 5481 2685 5552; x_wconf 82' lang='lat' dir='ltr'><strong>ut</strong></span> <span class='ocrx_word' id='word_1_820' title='bbox 2709 5477 2904 5552; x_wconf 72' lang='lat' dir='ltr'><strong>validis</strong></span> <span class='ocrx_word' id='word_1_821' title='bbox 2945 5478 3294 5552; x_wconf 79' lang='lat' dir='ltr'><strong>argumentis</strong></span> <span class='ocrx_word' id='word_1_822' title='bbox 3327 5479 3634 5552; x_wconf 81' lang='lat' dir='ltr'><strong>probatum</strong></span> <span class='ocrx_word' id='word_1_823' title='bbox 3687 5484 3764 5540; x_wconf 85' lang='lat' dir='ltr'><strong>in</strong></span> 
     </span>
    </p>
   </div>
   <div class='ocr_carea' id='block_1_118' title="bbox 2094 5547 3766 5621">
    <p class='ocr_par' dir='ltr' id='par_1_118' title="bbox 2094 5547 3766 5621">
     <span class='ocr_line' id='line_1_118' title="bbox 2094 5547 3766 5621; baseline 0.007 -22"><span class='ocrx_word' id='word_1_824' title='bbox 2094 5547 2241 5621; x_wconf 78' lang='lat' dir='ltr'><strong>notis</strong></span> <span class='ocrx_word' id='word_1_825' title='bbox 2265 5547 2336 5601; x_wconf 87' lang='lat' dir='ltr'><strong>ad</strong></span> <span class='ocrx_word' id='word_1_826' title='bbox 2371 5547 2782 5621; x_wconf 85' lang='lat' dir='ltr'><strong>Lectionarium</strong></span> <span class='ocrx_word' id='word_1_827' title='bbox 2812 5547 3179 5618; x_wconf 87' lang='lat' dir='ltr'><strong>Luxoviense,</strong></span> <span class='ocrx_word' id='word_1_828' title='bbox 3212 5547 3364 5621; x_wconf 83' lang='lat' dir='ltr'><strong>quod</strong></span> <span class='ocrx_word' id='word_1_829' title='bbox 3393 5549 3480 5607; x_wconf 85' lang='lat' dir='ltr'><strong>vel</strong></span> <span class='ocrx_word' id='word_1_830' title='bbox 3513 5567 3582 5607; x_wconf 86' lang='lat' dir='ltr'><strong>ex</strong></span> <span class='ocrx_word' id='word_1_831' title='bbox 3615 5555 3766 5610; x_wconf 85' lang='lat' dir='ltr'><strong>solo</strong></span> 
     </span>
    </p>
   </div>
   <div class='ocr_carea' id='block_1_119' title="bbox 2094 5617 2694 5674">
    <p class='ocr_par' dir='ltr' id='par_1_119' title="bbox 2094 5617 2694 5674">
     <span class='ocr_line' id='line_1_119' title="bbox 2094 5617 2694 5674; baseline 0.005 -3"><span class='ocrx_word' id='word_1_832' title='bbox 2094 5617 2200 5672; x_wconf 89' lang='lat' dir='ltr'><strong>hoc</strong></span> <span class='ocrx_word' id='word_1_833' title='bbox 2227 5619 2349 5672; x_wconf 93' lang='lat' dir='ltr'><strong>loco</strong></span> <span class='ocrx_word' id='word_1_834' title='bbox 2375 5619 2694 5674; x_wconf 85' lang='lat' dir='ltr'><strong>conﬁcitur.</strong></span> 
     </span>
    </p>
   </div>
   <div class='ocr_carea' id='block_1_120' title="bbox 2163 5689 3758 5764">
    <p class='ocr_par' dir='ltr' id='par_1_120' title="bbox 2163 5689 3758 5764">
     <span class='ocr_line' id='line_1_120' title="bbox 2163 5689 3758 5764; baseline 0.006 -21"><span class='ocrx_word' id='word_1_835' title='bbox 2163 5701 2186 5729; x_wconf 79' lang='grc' dir='ltr'><strong>ο</strong></span> <span class='ocrx_word' id='word_1_836' title='bbox 2225 5689 2378 5764; x_wconf 86' lang='lat' dir='ltr'><strong>Idem</strong></span> <span class='ocrx_word' id='word_1_837' title='bbox 2404 5691 2774 5764; x_wconf 74' lang='lat' dir='ltr'><strong>Evangelium</strong></span> <span class='ocrx_word' id='word_1_838' title='bbox 2801 5692 2917 5764; x_wconf 85' lang='lat' dir='ltr'><strong>hac</strong></span> <span class='ocrx_word' id='word_1_839' title='bbox 2935 5690 3022 5764; x_wconf 88' lang='lat' dir='ltr'><strong>die</strong></span> <span class='ocrx_word' id='word_1_840' title='bbox 3051 5689 3110 5746; x_wconf 89' lang='lat' dir='ltr'><strong>in</strong></span> <span class='ocrx_word' id='word_1_841' title='bbox 3153 5691 3498 5750; x_wconf 87' lang='lat' dir='ltr'><strong>Lectionario</strong></span> <span class='ocrx_word' id='word_1_842' title='bbox 3543 5695 3758 5752; x_wconf 78' lang='lat' dir='ltr'><strong>Luxo-</strong></span> 
     </span>
    </p>
   </div>
   <div class='ocr_carea' id='block_1_121' title="bbox 2093 5759 3760 5840">
    <p class='ocr_par' dir='ltr' id='par_1_121' title="bbox 2093 5759 3760 5840">
     <span class='ocr_line' id='line_1_121' title="bbox 2093 5759 3760 5840; baseline 0.008 -27"><span class='ocrx_word' id='word_1_843' title='bbox 2093 5759 2648 5840; x_wconf 72' lang='lat' dir='ltr'><strong>viensi,_sed_aliqua</strong></span> <span class='ocrx_word' id='word_1_844' title='bbox 2700 5763 2779 5820; x_wconf 89' lang='lat' dir='ltr'><strong>ibi</strong></span> <span class='ocrx_word' id='word_1_845' title='bbox 2819 5763 3006 5820; x_wconf 81' lang='lat' dir='ltr'><strong>addita</strong></span> <span class='ocrx_word' id='word_1_846' title='bbox 3045 5779 3114 5820; x_wconf 88' lang='lat' dir='ltr'><strong>ex</strong></span> <span class='ocrx_word' id='word_1_847' title='bbox 3150 5764 3428 5835; x_wconf 87' lang='lat' dir='ltr'><strong>Iohanne,</strong></span> <span class='ocrx_word' id='word_1_848' title='bbox 3469 5781 3596 5840; x_wconf 78' lang='lat' dir='ltr'><strong>quas</strong></span> <span class='ocrx_word' id='word_1_849' title='bbox 3643 5769 3760 5826; x_wconf 86' lang='lat' dir='ltr'><strong>hic</strong></span> 
     </span>
    </p>
   </div>
   <div class='ocr_carea' id='block_1_122' title="bbox 2092 5831 2544 5896">
    <p class='ocr_par' dir='ltr' id='par_1_122' title="bbox 2092 5831 2544 5896">
     <span class='ocr_line' id='line_1_122' title="bbox 2092 5831 2544 5896; baseline 0.011 -9"><span class='ocrx_word' id='word_1_850' title='bbox 2092 5847 2210 5892; x_wconf 90' lang='lat' dir='ltr'><strong>non</strong></span> <span class='ocrx_word' id='word_1_851' title='bbox 2239 5831 2544 5896; x_wconf 87' lang='lat' dir='ltr'><strong>adduntur.</strong></span> 
     </span>
    </p>
   </div>
  </div>
