3982 6190
196 295 270 352 673
650 291 1259 347 SACRAMENTARIUM
1299 292 1742 349 GALLICANUM.
1785 320 1852 332 -ι
1893 293 2256 351 LECTIONES
2294 295 2381 351 DE
2419 295 2731 352 ADVENTU
2772 293 3026 353 DOMINI.

751 415 942 456 INCIPIT
981 415 1162 457 MISSA.

241 493 527 552 Beatissimi
583 493 733 550 Petri
774 495 1012 566 apostoli
1054 493 1555 552 sollemnissimum
1605 495 1777 567 diem,

180 593 341 664 inquo
369 605 530 645 omne
549 587 645 660 jus
666 588 929 644 Gentium
954 571 1394 662 Judaeorumque
1419 591 1652 646 sortitus
1672 597 1777 659 est,

180 701 323 760 quem
376 683 521 738 diem
580 683 701 754 ipsa
750 683 1024 738 divinitas
1074 685 1416 739 consecravit
1465 685 1780 756 delegando

178 780 416 835 celerum
454 777 654 844 claves,
694 777 781 831 vel
821 776 1156 848 pontiﬁcalis
1214 779 1494 834 cathedrae
1544 779 1783 834 contulit

178 873 501 946 dignitatem,
529 871 728 926 fratres
757 870 1056 940 carissimi,
1088 871 1406 928 exultantes
1440 872 1500 926 in
1541 873 1778 928 Domino

178 963 560 1040 [celebremus,]
616 964 980 1057 depOrecantes
1027 965 1148 1035 ejus
1200 965 1676 1037 misericordiam;
1715 970 1779 1022 ut

175 1060 296 1115 sicut
317 1059 476 1114 beato
510 1060 673 1114 Petro
700 1057 1032 1130 principalia
1056 1074 1295 1114 munera
1331 1060 1591 1131 contulit,
1619 1061 1698 1117 ita
1724 1066 1778 1118 et

172 1153 308 1210 nobis
333 1157 695 1224 peccatorum
723 1153 1018 1207 commissa
1044 1153 1316 1209 concedit.

226 1325 248 1354 ⁸
271 1328 410 1383 Deus
443 1325 543 1398 qui
581 1249 1260 1382 hodiernacodlizuboeatum
1303 1328 1536 1383 Petrum
1572 1332 1700 1400 post
1723 1333 1780 1384 te

170 1422 343 1478 dedisti
408 1425 580 1491 caput
617 1419 892 1487 Ecclesiae,
934 1437 1064 1474 cum
1100 1426 1155 1476 te
1191 1421 1284 1478 ille
1322 1439 1455 1478 vere
1495 1422 1779 1478 confessus

165 1517 238 1584 sit,
265 1518 317 1570 et
339 1515 458 1586 ipse
483 1531 516 1568 a
541 1518 598 1570 te
626 1513 798 1586 digne
823 1515 1089 1586 praelatus
1113 1515 1204 1581 sit,
1233 1520 1288 1570 te
1326 1516 1610 1588 suppliees
1638 1531 1774 1571 exo-

169 1626 358 1677 ramus;
389 1613 456 1663 ut
484 1608 581 1679 qui
619 1608 820 1663 dedisti
855 1610 1163 1678 Pastorem,
1193 1625 1265 1664 ne
1297 1610 1434 1682 quid
1476 1610 1544 1665 de
1585 1609 1780 1665 ovibus

169 1704 424 1776 perderes,
473 1707 537 1756 ut
585 1719 723 1774 grex
788 1701 1026 1774 effugiat
1060 1718 1302 1774 errores,
1352 1703 1474 1774 ejus
1520 1703 1781 1760 interces-

169 1798 298 1852 sione
323 1813 499 1869 quem
526 1796 706 1852 fecisti
733 1797 760 1836 b
789 1794 1075 1851 salviﬁces.

763 1894 884 1942 Post
931 1891 1161 1942 nomina.

217 1971 382 2025 Deum
403 1969 511 2042 qui
532 1968 696 2024 beato
714 1969 881 2023 Petro
911 1971 1128 2022 tantam
1142 1969 1478 2040 potestatem
1499 1965 1775 2038 discipulo

166 2065 386 2133 contulit,
415 2068 489 2118 ut
525 2063 572 2116 si
597 2061 715 2134 ipse
751 2060 1029 2133 ligaverit,
1066 2077 1180 2116 non
1211 2061 1282 2116 sit
1312 2061 1453 2116 alter
1480 2062 1580 2133 qui
1604 2063 1778 2118 solve-

164 2157 242 2225 rit;
279 2162 330 2212 ct
357 2174 495 2229 quae
519 2156 579 2210 in
606 2161 759 2211 terra
791 2155 1037 2224 solverit,
1083 2155 1221 2210 item
1260 2155 1395 2210 caelo
1435 2155 1616 2210 soluta
1641 2155 1774 2225 sint,

166 2251 392 2322 precibus
422 2250 801 2322 imploremus
821 2267 839 2319 ;
886 2255 950 2304 ut
995 2248 1208 2304 eductis
1246 2265 1279 2303 a
1320 2253 1531 2304 tartaro
1572 2248 1773 2304 defun-

163 2350 351 2401 ctorum
387 2344 710 2416 spiritibus,
749 2359 865 2398 non
912 2343 1255 2414 praevaleant
1291 2341 1524 2415 sepultis
1567 2342 1777 2398 inferni

164 2445 311 2509 portae
355 2456 470 2512 per
518 2437 776 2505 crimina,
811 2453 951 2509 quas
997 2453 1101 2508 per
1138 2435 1374 2509 apostoli
1421 2435 1593 2492 ﬁdem
1628 2435 1777 2492 vinci

163 2533 308 2589 credit
328 2532 595 2588 Ecclesia.

799 2600 876 2652 Ad
919 2615 1123 2666 pacem.

216 2677 662 2735 Clementissime
690 2677 966 2747 conditor,
985 2677 1081 2748 qui
1103 2680 1262 2732 tanta
1291 2676 1521 2731 caritate
1549 2691 1778 2732 succen-

163 2771 268 2827 disti
295 2773 662 2844 discipulum,
693 2775 758 2826 ut
782 2787 840 2826 se
867 2770 935 2825 de
979 2787 1120 2826 nave
1159 2771 1436 2841 jactatum
1477 2770 1548 2825 ad
1586 2774 1641 2825 te
1683 2785 1775 2825 ce-

164 2864 254 2920 lere
295 2867 596 2922 festinaret
638 2865 782 2936 pede
823 2865 978 2920 nudo
1021 2881 1122 2936 per
1157 2864 1431 2935 pelagus;
1479 2867 1535 2918 et
1579 2863 1776 2918 videns

159 2959 278 3015 hanc
304 2960 692 3029 dilectionem,
725 2957 906 3014 claves
932 2957 982 3013 ei
1010 2958 1171 3013 dares
1201 2958 1470 3028 siderum,
1503 2973 1667 3013 voces
1694 2958 1778 3012 in-

160 3053 285 3125 spice
313 3058 731 3126 suggerentum
742 3065 784 3109 ο.

786 3145 1126 3196 Contestatio.

1803 3161 1856 3235 C

3419 293 3518 355 474

1803 401 2080 489 Alierem
2105 404 2385 461 revocavit
2421 405 2490 462 de
2530 404 2752 473 funere,
2785 410 2841 462 et
2881 407 3153 463 virtutem
3183 403 3518 480 imperante,

1882 499 2050 571 morti
2076 499 2319 571 prtedari
2337 509 2359 538 θ
2388 515 2504 554 non
2532 499 2712 570 licuit,
2741 515 2844 571 per
2869 499 3160 557 Christum
3187 501 3516 559 Dominum.

2121 631 2278 672 MISSA
2317 632 2370 671 IN
2411 631 2626 671 ὃΑΝΟΤΛΕ
2664 631 2844 672 ΜΑΒΙίΕ
2881 631 3268 674 SOLEMNITATE.

2296 696 2378 767 [In
2407 699 2573 750 missa
2601 702 2800 752 sancta
2819 699 3010 752 Mariae
3025 697 3077 769 ἢ]

2190 774 2419 838 Epistola
2442 774 2583 825 Pauli
2607 776 2825 839 apostoli
2855 776 2921 826 ad
2945 777 3214 841 Ephesios.

1951 859 2097 928 Filii,
2137 859 2355 916 obedite
2400 861 2729 932 parentibus
2770 862 2969 917 vestris
3009 862 3069 918 in
3111 863 3370 935 Domino,
3409 865 3516 922 hoc

1880 957 2033 1014 enim
2076 961 2159 1012 est
2192 958 2433 1030 justum.
2478 960 2699 1014 Honora
2728 964 2949 1031 patrem
2979 964 3144 1016 tuum
3182 967 3239 1017 et
3276 965 3516 1020 matrem

1879 1055 2056 1122 tuam,
2087 1052 2238 1124 quod
2266 1057 2349 1108 est
2382 1054 2717 1108 mandatum
2743 1053 2996 1125 primum
3022 1056 3082 1110 in
3117 1056 3512 1128 promissione,

1881 1149 1943 1200 ut
1978 1145 2122 1200 bene
2153 1145 2226 1201 sit
2265 1146 2385 1216 tibi,
2425 1151 2479 1202 et
2519 1146 2591 1202 sis
2629 1147 2919 1230 longaevus
2964 1165 3134 1220 super
3173 1154 3403 1206 terram.
3449 1151 3516 1206 Et

1877 1243 2158 1311 parentes,
2191 1240 2365 1295 nolite
2395 1241 2466 1296 ad
2510 1241 2862 1296 iracundiam
2905 1259 3210 1313 provocare
3255 1244 3399 1300 ﬁlios
3427 1261 3516 1302 ve-

1879 1338 2040 1402 stros,
2072 1332 2170 1388 sed
2196 1333 2428 1389 educata
2471 1334 2599 1390 illos
2642 1335 2703 1389 in
2729 1335 3025 1407 disciplina
3064 1341 3120 1391 et
3163 1339 3516 1409 correptione

1880 1426 2122 1482 Domini.
2168 1427 2342 1495 Servi,
2381 1427 2602 1483 obedite
2640 1429 2885 1484 dominis
2915 1430 3233 1485 carnalibus
3269 1449 3397 1486 cum
3439 1433 3513 1488 ti-

1880 1541 2036 1580 more
2064 1530 2120 1580 et
2147 1529 2410 1595 tremore,
2443 1526 2504 1580 in
2543 1526 2899 1598 simplicitate
2930 1527 3115 1582 cordis
3157 1529 3345 1596 vestri,
3375 1529 3518 1584 sicut

1878 1618 2118 1686 Christo,
2149 1635 2264 1672 non
2290 1619 2360 1673 ad
2387 1619 2615 1674 oculum
2641 1621 2967 1689 servientes,
2997 1621 3158 1693 quasi
3184 1622 3513 1678 hominibus

1880 1710 2145 1783 placeatis
2191 1713 2331 1767 :sed
2361 1717 2425 1767 ut
2468 1713 2612 1768 servi
2649 1714 2855 1768 Christi
2908 1714 3126 1770 faciatis
3166 1717 3516 1773 voluntatem

1802 1786 1858 1858 B
1881 1801 1980 1856 Dei
2009 1817 2079 1856 ex
2105 1800 2315 1870 animo,
2357 1818 2487 1856 cum
2516 1803 2661 1856 bona
2686 1803 2972 1857 voluntate
3020 1803 3345 1874 servientes,
3373 1805 3518 1861 sicut

1880 1894 2119 1950 Domino
2147 1899 2203 1950 et
2230 1895 2582 1964 hominibus,
2613 1895 2871 1964 scientes,
2903 1897 3177 1967 quoniam
3205 1899 3512 1970 unusquis-

1877 2004 1986 2060 que
2039 1988 2438 2061 quodcumque
2489 1988 2684 2044 fecerit
2722 1989 2956 2059 bonum,
3008 1990 3114 2045 hoc
3164 1990 3438 2062 percipiet
3481 2009 3516 2046 a

1877 2081 2133 2151 Domino,
2178 2082 2294 2137 sive
2339 2099 2551 2149 servus,
2605 2082 2721 2138 sive
2771 2083 2933 2138 liber.
2981 2085 3049 2139 Et
3098 2100 3214 2154 vos,
3275 2084 3511 2152 domini,

1878 2175 2076 2232 eadem
2119 2175 2283 2231 facite
2333 2175 2458 2244 illis,
2487 2176 2842 2232 remittentes
2871 2176 3075 2248 minas,
3106 2178 3343 2234 scientes
3381 2178 3516 2250 quia

1875 2269 2105 2325 illorum
2133 2274 2188 2325 et
2212 2273 2396 2325 vester
2420 2269 2692 2325 Dominus
2722 2274 2805 2325 est
2833 2270 2894 2326 in
2923 2271 3096 2326 caelis.

2095 2375 2268 2424 Lectio
2289 2376 2453 2426 sancti
2481 2375 2748 2440 Evangelii
2777 2377 3066 2428 secundum
3094 2379 3301 2429 Lucam.

1950 2461 2224 2533 Tempore
2246 2461 2360 2530 illo,
2392 2461 2549 2516 ibant
2579 2467 2845 2533 parentes
2873 2464 3003 2518 Jesu
3041 2479 3144 2535 per
3188 2479 3383 2520 omnes
3409 2480 3512 2520 an-

1877 2569 1980 2608 nos
2005 2553 2065 2608 in
2094 2554 2441 2609 Hierusalem
2485 2554 2546 2609 in
2584 2555 2674 2610 die
2701 2555 2968 2611 sollemni
2991 2557 3238 2612 Paschae.
3281 2558 3348 2612 Et
3385 2573 3516 2613 cum

1877 2647 2057 2702 factus
2084 2653 2227 2702 esset
2266 2665 2547 2703 annorum
2585 2649 2904 2717 duodecim,
2935 2650 3365 2706 ascendentibus
3404 2650 3516 2706 illis

1877 2740 1936 2794 in
1961 2740 2362 2811 Hierusolyma
2395 2743 2708 2797 secundum
2739 2743 3205 2798 consuetudinem
3230 2742 3342 2798 diei
3365 2743 3515 2811 festi,

1877 2834 2394 2906 consummatisque
2446 2835 2664 2904 diebus,
2719 2852 2850 2890 cum
2915 2835 3184 2905 redirent,
3242 2837 3518 2892 remansit

1876 2944 2020 2999 puer
2046 2929 2201 2983 Jesus
2225 2927 2287 2982 in
2330 2927 2694 2996 Hierusalem,
2739 2932 2796 2984 et
2829 2945 2943 2984 non
2987 2933 3381 3001 cognoverunt
3423 2947 3517 3002 pa-

1877 3023 2065 3076 rentes
2093 3021 2234 3091 ejus.
2267 3021 2663 3077 Existimantes
2691 3025 2884 3078 autem
2909 3021 3075 3078 illum
3105 3038 3226 3078 esse
3253 3022 3313 3078 in
3338 3024 3514 3079 comi-

1880 3117 2020 3184 tatu,
2050 3120 2330 3170 venerunt
2367 3115 2473 3170 iter
2518 3115 2650 3185 diei,
2691 3118 2747 3171 et
2789 3116 3154 3188 requirebant
3195 3133 3328 3171 eum
3369 3116 3520 3173 inter

218 3224 343 3278 vere
373 3222 622 3294 dignum
649 3225 706 3277 et
723 3221 945 3292 justum
994 3224 1078 3276 est
1105 3219 1462 3290 omnipotens
1491 3219 1655 3287 Deus,
1684 3217 1782 3289 qui
1804 3209 1856 3235 υ
1882 3212 2147 3280 cognatos
2178 3213 2234 3264 et
2257 3213 2439 3264 notos.
2473 3210 2540 3263 Et
2568 3226 2683 3264 non
2711 3209 3060 3266 invenientes
3099 3211 3340 3282 regressi
3387 3215 3520 3267 sunt

156 3317 286 3372 dives
321 3317 567 3373 inﬁnitae
611 3315 928 3370 clementiae
966 3313 1193 3384 copioso
1247 3329 1481 3368 munere
1510 3313 1786 3384 plasmam

162 3415 254 3465 tua;
277 3415 555 3467 creaturae
596 3409 656 3464 in
683 3413 907 3463 tantum
935 3407 1188 3479 dignaris
1216 3407 1454 3478 erigere,
1481 3411 1547 3461 ut
1582 3422 1783 3461 verna-

162 3504 267 3558 culo
303 3505 426 3560 limi
460 3502 827 3574 eompatiens,
871 3500 1090 3556 homini
1131 3500 1200 3555 de
1242 3505 1468 3554 terrena
1513 3514 1784 3570 compage

160 3597 312 3653 claves
340 3597 471 3653 caeli
507 3596 914 3664 committeres,
945 3599 1001 3650 et
1025 3594 1096 3648 ad
1115 3593 1447 3664 judicandas
1474 3593 1655 3648 tribus
1692 3608 1782 3646 so-

157 3689 278 3746 lium
323 3690 564 3747 excelsae
611 3689 756 3744 sedis
795 3688 855 3742 in
905 3687 1138 3742 sublimi
1180 3701 1566 3757 componeres.
1611 3684 1785 3739 Testis

159 3789 226 3838 est
268 3785 382 3840 dies
426 3783 710 3840 hodierna
754 3781 903 3837 beati
944 3780 1094 3836 Petri
1132 3779 1400 3834 cathedra
1432 3778 1784 3850 episcopatus

157 3880 411 3950 exposita,
450 3878 514 3932 in
543 3893 654 3948 qua
691 3875 822 3932 ﬁdei
843 3875 1046 3930 merito
1070 3873 1424 3929 revelationis
1452 3870 1785 3942 mysterium

161 3970 271 4027 ﬁdei
297 3973 344 4043 ά,
388 3971 604 4027 Filium
648 3969 746 4026 Dei
794 3969 1131 4038 conﬁtendo,
1179 3967 1446 4038 praelatus
1501 3965 1784 4036 apostolus

159 4064 462 4135 ordinatur,
509 4065 569 4119 in
602 4064 760 4134 cujus
817 4061 1168 4117 confessione
1210 4064 1292 4115 est
1342 4059 1785 4114 fundamentum

161 4159 402 4214 Ecclesia:
437 4175 453 4214 :
486 4174 591 4213 nec
634 4157 900 4212 adversus
951 4156 1096 4210 hanc
1139 4155 1363 4209 Petram
1409 4158 1587 4224 portes
1622 4151 1788 4206 inferi

157 4254 477 4323 praevalent,
539 4251 660 4322 [nec
706 4265 939 4321 serpens
992 4247 1293 4319 vestigium
1340 4246 1633 4318 exprimit,
1684 4261 1787 4300 nec

155 4346 508 4418 triumphum
558 4361 711 4399 mors
759 4342 1016 4415 obtinet.]
1058 4340 1201 4406 Quid
1241 4356 1373 4395 vero
1419 4340 1582 4394 beato
1627 4340 1788 4394 Petro

153 4439 358 4496 diverso
390 4439 503 4496 sub
529 4442 783 4510 tempore
828 4435 1058 4492 accessit
1085 4434 1264 4489 laudis
1305 4437 1361 4488 et
1391 4431 1605 4504 gloriae,
1642 4431 1788 4503 [quae

1883 3301 1942 3356 in
1968 3301 2336 3369 Hierusalem,
2368 3302 2721 3374 requirentes
2750 3321 2904 3359 eum.
2935 3305 3001 3358 Et
3043 3304 3255 3359 factum
3283 3309 3364 3359 est
3390 3309 3520 3376 post

1883 3401 2137 3456 triduum
2170 3401 2512 3456 invenerunt
2554 3401 2715 3456 illum
2764 3402 2822 3456 in
2862 3402 3095 3473 templo,
3133 3402 3424 3458 sedentem
3456 3403 3516 3457 in

1884 3493 2070 3550 medio
2099 3494 2414 3563 doctorum,
2453 3493 2783 3549 audientem
2810 3494 2938 3549 illos
2965 3499 3021 3548 et
3046 3495 3514 3566 interrogantem.

1883 3587 2195 3658 Stupebant
2227 3591 2418 3642 autem
2464 3603 2660 3642 omnes
2701 3586 2800 3658 qui
2833 3603 2965 3642 eum
3002 3587 3310 3642 audiebant
3347 3603 3519 3659 super

1884 3680 2186 3751 prudentia
2237 3684 2293 3734 et
2339 3679 2621 3750 responsis
2665 3679 2806 3750 ejus.
2857 3682 2925 3736 Et
2955 3679 3205 3736 videntes
3254 3680 3517 3736 admirati

1884 3777 2034 3828 sunt.
2066 3775 2133 3828 Et
2158 3772 2299 3828 dixit
2326 3776 2508 3828 mater
2534 3773 2656 3844 ejus
2673 3773 2745 3828 ad
2771 3773 2932 3829 illum
2959 3791 2972 3828 :
2999 3773 3122 3841 Fili,
3169 3773 3310 3846 quid
3337 3773 3519 3830 fecisti

1883 3867 2043 3922 nobis
2069 3867 2183 3922 sic?
2205 3868 2341 3922 Ecce
2365 3871 2530 3938 pater
2554 3869 2684 3922 tuus
2710 3871 2766 3922 et
2788 3883 2893 3939 ego
2927 3868 3176 3924 dolentes
3219 3866 3515 3940 quaereba-

1884 3976 2010 4015 mus
2039 3965 2115 4016 te.
2144 3960 2312 4015 Etait
2338 3960 2408 4015 ad
2434 3959 2559 4015 illos
2589 3979 2606 4014 :
2634 3960 2996 4033 Nesciebatis,
3026 3961 3160 4034 quia
3192 3960 3251 4016 in
3271 3977 3399 4034 quae
3424 3977 3518 4033 pa-

1883 4054 1988 4110 tris
2013 4053 2126 4110 mei
2157 4057 2288 4110 sunt
2313 4057 2534 4126 oportet
2563 4071 2655 4110 me
2681 4070 2799 4110 esse
2819 4055 2846 4109 ?

2495 4173 2692 4214 INCIPIT
2742 4172 2922 4214 MISSA.

1959 4248 2326 4321 Omnipotens
2353 4251 2698 4322 sempiterne
2727 4251 2893 4320 Deus,
2921 4249 3020 4322 qui
3046 4249 3284 4304 terrenis
3318 4265 3518 4321 corpo-

1887 4347 2043 4403 ribus
2073 4347 2240 4402 Verbi
2269 4348 2353 4403 tui
2384 4349 2678 4404 veritatem
2718 4364 2822 4419 per
2857 4346 3236 4402 venerabilem
3286 4346 3520 4402 Mariam

1889 4439 2158 4512 conjungi
2190 4440 2448 4509 voluisti;
2495 4440 2741 4512 petimus
2787 4440 3123 4494 immensam
3163 4438 3519 4494 clementiam

154 4549 266 4602 vox,
296 4551 429 4607 quae
457 4533 676 4604 lingua,
706 4532 832 4604 quis
865 4529 1137 4602 explicet]
1173 4528 1310 4582 Hinc
1338 4531 1419 4582 est
1456 4526 1606 4598 quod
1633 4541 1787 4581 mare
1806 4536 1866 4608 D
1889 4538 2067 4602 tuam,
2100 4537 2162 4588 ut
2191 4533 2345 4606 quod
2372 4533 2432 4587 in
2475 4534 2597 4604 ejus
2641 4532 2998 4589 veneratione
3041 4531 3414 4605 deposcimus,
3464 4536 3520 4589 te

155 4628 462 4684 tremulum
485 4626 598 4681 ﬁxo
626 4626 800 4681 calcat
823 4623 1084 4695 vestigio,
1114 4627 1169 4677 et
1207 4622 1358 4676 inter
1399 4619 1582 4674 undas
1621 4618 1786 4690 liqui-

152 4719 237 4775 das
261 4720 517 4792 pendula
543 4720 738 4792 planta
761 4717 1135 4790 perambulat.
1165 4715 1265 4769 Hic
1291 4715 1361 4769 ad
1386 4717 1611 4785 portam
1656 4713 1786 4783 Spe-

151 4814 342 4870 ciosam
374 4813 653 4870 contracti
699 4812 880 4868 tendit
901 4809 1166 4881 vestigia,
1207 4812 1264 4863 et
1301 4812 1481 4862 tactus
1523 4805 1673 4862 Petri
1704 4805 1786 4861 di-

154 4909 258 4977 gito
282 4908 526 4964 claudus
551 4924 667 4962 non
697 4905 916 4977 indiget
941 4904 1158 4960 baculo.
1191 4902 1289 4957 Hic
1309 4905 1622 4957 careeratus
1647 4901 1786 4955 dum

151 5004 434 5074 dormitat,
471 5004 724 5060 Christus
766 5020 869 5074 pro
914 5003 1036 5074 ipso
1069 5000 1386 5072 pervigilat,
1425 5003 1481 5055 et
1533 5004 1786 5054 retrusus

150 5100 458 5170 ergastulo,
488 5099 637 5154 foras
663 5096 919 5169 procedit
938 5112 1041 5168 per
1065 5095 1355 5166 angelum.
1389 5092 1488 5147 Hic
1514 5092 1783 5164 paralyti-

148 5207 265 5249 cum
294 5192 484 5250 erexit
511 5191 884 5248 decubantem
912 5190 972 5245 in
1004 5189 1180 5258 lecto;
1224 5187 1317 5242 hic
1356 5186 1611 5242 Tabitam
1653 5201 1781 5240 mu-

209 5345 232 5375 ι
259 5339 404 5403 Quae
434 5339 749 5408 sequuntur
789 5333 1018 5408 exdhoc“
1047 5329 1230 5408 ofﬁcio
1276 5328 1570 5385 Cathedrae
1609 5327 1783 5384 sancti

145 5402 308 5478 Petri,
345 5402 550 5464 eadem
578 5411 710 5462 sunt
735 5405 806 5478 in
823 5402 1308 5478 Missali‘Gothico.

207 5482 232 5521 δ
264 5473 328 5536 In
359 5479 569 5534 Missali
597 5495 731 5533 mox
758 5476 906 5532 dicto
934 5473 1164 5545 legitur,
1189 5473 1509 5543 praefecisti.

209 5564 229 5591 ε
258 5553 403 5606 Post
433 5551 554 5606 Ilth
584 5550 812 5604 additur
836 5547 1084 5602 ibidem:
1119 5547 1186 5600 Ut
1214 5546 1538 5615 quicumque
1564 5558 1630 5597 ea:
1642 5558 1784 5613 pra-

147 5629 287 5694 ςερίο
322 5624 650 5691 junguntur
690 5621 764 5675 ad
792 5619 1054 5680 osculum,
1094 5618 1260 5671 livore
1294 5616 1529 5685 pectoris
1568 5615 1782 5696 emoluso

148 5695 267 5746 illuc
293 5710 401 5746 per
437 5694 671 5746 aratiam
703 5693 997 5746 ducantur.
1037 5704 1140 5746 auo
1181 5688 1298 5742 caeli
1323 5689 1514 5740 Petrus
1545 5688 1782 5746 estjani-

148 5697 267 5749 illuc
291 5710 401 5764 per
436 5697 671 5761 gratiam
703 5697 997 5751 ducantur,
1037 5704 1140 5759 quo
1181 5697 1297 5742 caeli
1323 5697 1514 5740 Petrus
1545 5697 1622 5740 est
1631 5697 1782 5755 Jam-

150 5770 242 5820 tor.
266 5767 503 5827 Przsta,
533 5762 1158 5836 Salvator_mundi,_etc.
1187 5828 1220 5836 __
1273 5828 1302 5836 _
1353 5825 1386 5836 η
1418 5825 1427 5836 .
1577 5830 1586 5836 Δ
1718 5827 1752 5836 η

209 5837 234 5877 ά
264 5837 440 5893 Deest
465 5825 591 5909 ﬁdei
630 5833 889 5908 repetitio
923 5832 983 5890 in
1023 5828 1226 5890 Missali
1266 5825 1520 5886 Gothico.
1559 5827 1783 5886 Ansulis

1885 4626 2230 4700 propiciante
2255 4643 2581 4684 mereamur
2603 4627 2890 4699 consequi.

2590 4727 2862 4779 Collectio.

1959 4813 2173 4869 Exaudi
2211 4829 2334 4882 nos,
2380 4813 2636 4885 Domine,
2687 4816 2876 4869 sancte
2925 4815 3107 4881 Pater,
3165 4811 3523 4886 omnipotens

1885 4910 2052 4976 Deus,
2081 4908 2180 4981 qui
2206 4908 2383 4963 beatae
2403 4908 2590 4965 Mariae
2616 4907 2765 4964 uteri
2793 4889 3226 4964 obumbratione
3252 4911 3520 4962 cunctum

1885 5002 2166 5075 mundum
2193 5001 2534 5058 inluminare
2566 5003 2832 5076 dignatus
2857 5019 2952 5058 es:
2983 5001 3326 5072 Majestatem
3362 5004 3521 5056 tuam

1885 5091 2163 5163 supplices
2190 5092 2578 5164 deprecamur,
2611 5097 2677 5147 ut
2702 5091 2854 5163 quod
2894 5090 3101 5145 nostris
3150 5088 3367 5145 meritis
3401 5106 3516 5148 non

1885 5186 2156 5256 valemus,
2181 5187 2302 5258 ejus
2329 5185 2561 5258 adipisci
2586 5184 2859 5257 praesidiis
2885 5199 3229 5239 mereamur.
3256 5185 3350 5254 Te,
3373 5200 3525 5257 quae-

1885 5329 2108 5386 inclusa
2138 5329 2392 5387 indidem
2420 5329 2777 5401 supplentur.

1957 5411 1978 5438 θ
2010 5403 2072 5456 In
2092 5402 2348 5471 Gothico,
2378 5400 2582 5456 virtuto
2612 5403 2910 5470 imperante
2932 5400 3181 5471 pradari
3204 5415 3314 5455 non
3345 5401 3516 5456 licuit.

1885 5475 2012 5529 Post
2029 5490 2157 5529 qua:
2179 5473 2452 5528 nonnulla
2481 5471 2691 5526 ibidem
2711 5471 3017 5526 adduntur.

1954 5544 1975 5584 ε
2013 5540 2110 5598 Hic
2136 5544 2333 5599 titulus
2359 5542 2466 5598 alia
2494 5559 2666 5597 manu
2691 5542 2942 5614 adjectus
2981 5548 3081 5611 est,
3134 5544 3231 5598 sed
3263 5540 3514 5611 antiqua.

1887 5615 2120 5695 fuerint
2164 5614 2412 5695 proinde
2450 5615 2547 5695 has
2575 5614 2838 5695 lectiones
2876 5630 2979 5695 pro
3014 5614 3216 5695 vigilia
3248 5615 3517 5695 Assump-

1885 5685 2072 5750 tionis,
2101 5681 2229 5757 quae
2260 5691 2461 5740 sanctae
2485 5687 2677 5741 Maria:
2704 5681 3034 5741 sollemnitas
3059 5681 3150 5740 hic
3170 5681 3516 5757 appelletur;

1884 5760 1982 5829 aut
2011 5753 2160 5811 certe
2185 5773 2288 5827 pro
2314 5756 2513 5829 quovis
2537 5757 2647 5813 alio
2674 5759 2795 5829 ejus
2822 5757 2962 5813 festo
2989 5759 3196 5826 praeter
3246 5753 3516 5823 Assump-

1885 5827 2118 5900 tionem,
2147 5843 2275 5902 quae
2306 5827 2580 5903 sequitur.
