3982 6190
441 297 540 351 475

1313 301 1646 356 APPENDIX
1682 303 1770 357 AD
1807 303 2028 359 OPERA
2065 303 2117 358 S.
2159 303 2456 360 GERMANI
2495 303 2921 361 PARlSIENSlS.

3699 305 3802 358 471]

439 443 655 502 sumus,
709 413 966 503 Domine,
1012 429 1372 504 famulantes,
1421 437 1481 490 ut
1517 434 1701 491 beatae
1743 435 1927 492 Mariae
1966 453 2068 492 nos
2089 427 2149 502 Α
2170 432 2345 484 ⁵01⁸01³,
2371 415 2604 472 nomine
2633 415 2824 486 Maria:
2849 431 2975 488 (Ιῑιω
3013 413 3182 472 Etiam
3214 413 3414 472 sedens
3441 429 3602 470 secus
3627 413 3806 487 pedes

439 523 643 595 gaudia
683 525 1042 596 comitentur,
1085 527 1246 598 cujus
1283 527 1499 584 meritis
1543 533 1736 585 nostra
1773 529 2068 586 deleantur

437 618 818 692 chirographa
859 623 1238 691 peccatorum.

1053 713 1173 764 Post
1209 715 1439 766 nomina.

512 792 828 862 Oﬂ'erimus,
867 795 1124 864 Domine,
1169 814 1364 869 preces
1415 803 1474 854 et
1498 816 1738 855 munera
1767 799 1826 854 in
1852 801 2069 856 honore

442 889 647 940 sanctae
671 885 856 942 Mariae
885 889 1197 959 gaudentes
1229 910 1243 946 :
1272 897 1493 963 praesta,
1525 910 1870 965 quaesumus,
1901 899 1964 948 ut
2015 899 2072 949 et

440 977 840 1036 convenienter
862 982 984 1037 haec
1013 999 1202 1055 agere,
1233 989 1288 1040 et
1315 987 1634 1044 remedium
1661 987 2072 1060 sempiternum

441 1071 723 1128 valeamus
751 1075 1074 1148 adquirere.

1103 1149 1180 1200 Ad
1209 1163 1412 1214 pacem.

510 1219 726 1276 Altario
773 1191 892 1292 tqu,
935 1191 1188 1294 Domine,
1209 1191 1518 1299 proposita
1549 1245 1786 1284 munera
1836 1228 2074 1299 Spiritus

439 1317 660 1370 sanctus
685 1317 969 1388 benignus
993 1320 1270 1390 adsumat,
1301 1322 1402 1392 qui
1424 1322 1606 1378 beatae
1635 1321 1822 1378 Mariae
1862 1321 2073 1378 viscera

443 1408 755 1480 splendoris
779 1411 866 1465 sui
896 1413 1130 1469 veritate
1169 1415 1424 1486 replevit.

1095 1508 1427 1558 Contestatio.

517 1585 654 1638 Vere
677 1585 915 1656 dignum
941 1591 997 1642 et
1013 1587 1234 1658 justum
1265 1594 1366 1659 est,
1396 1589 1753 1661 omnipotens
1772 1591 1936 1644 Deus.
1967 1590 2074 1654 Qui

443 1692 546 1730 nos
565 1677 821 1734 mirabile
841 1681 1174 1751 mysterium
1191 1686 1246 1738 et
1263 1682 1644 1738 inenarrabile
1661 1687 2074 1737 sacramentum

2168 510 2389 566 Domini
2408 509 2672 566 audiebat
2695 511 2928 566 verbum
2965 511 3138 566 illius.
3169 509 3386 564 Martha
3424 513 3614 564 autem
3649 513 3802 564 sata-

2171 605 2336 676 gebat
2363 605 2510 660 circa
2537 605 2806 676 frequens
2832 604 3230 661 ministerium.
3259 605 3394 668 Quae
3419 603 3572 658 stetit
3599 609 3656 658 et
3683 604 3803 658 ait:

2171 699 2427 769 Domine,
2455 715 2570 753 non
2599 705 2682 754 est
2707 699 2809 754 tibi
2837 715 2987 754 curae
3025 699 3176 772 quod
3213 713 3372 752 soror
3407 714 3534 752 mea
3572 697 3808 768 reliquit

2171 808 2261 848 me
2288 793 2463 847 solam
2491 792 2810 848 ministrare
2829 793 2857 848 ?
2885 793 2979 846 Dic
3006 809 3140 864 ergo
3179 791 3259 846 illi
3308 795 3372 846 ut
3417 807 3508 845 me
3550 791 3804 862 adjuvet.

2171 887 2238 942 Et
2265 886 2612 958 reSpondens
2651 886 2794 941 dixit
2825 887 2908 941 illi
2931 888 3087 942 Jesus
3120 903 3134 940 :
3161 873 3396 955 Martha,
3425 885 3657 947 Martha,
3692 885 3806 938 sol-

2171 979 2320 1035 licita
2349 996 2406 1035 es
2435 983 2491 1036 et
2525 979 2768 1034 turbaris
2803 980 2950 1035 circa
2987 979 3256 1052 plurima.
3287 981 3460 1034 Porro
3495 995 3680 1033 unum
3723 983 3812 1032 est

2171 1074 2570 1130 necessarium.
2597 1073 2764 1130 Maria
2786 1074 3057 1146 optimam
3076 1079 3297 1148 partem
3317 1073 3506 1146 elegit,
3536 1089 3666 1147 quin
3691 1089 3809 1128 non

2172 1168 2460 1224 auferetur
2487 1169 2556 1224 ab
2575 1184 2659 1224 ea.

2677 1247 2690 1258 ’
2778 1255 2978 1296 INCIPIT
3014 1255 3195 1295 MISSA.

2245 1328 2272 1368 δ
2293 1331 2588 1385 Generosae
2614 1329 2725 1385 diei
2747 1328 3042 1384 dominicas
3083 1326 3378 1383 Genitricis
3411 1327 3810 1399 inexplicabile

2173 1427 2606 1492 sacramentum,
2645 1427 2800 1478 tanto
2844 1421 3025 1493 magis
3061 1421 3436 1493 praeconabile
3481 1437 3806 1476 sacramen-

2173 1524 2315 1588 tum,
2347 1520 2625 1590 quantum
2651 1516 2798 1572 inter
2834 1515 3095 1570 homines
3133 1514 3530 1586 adsumptione
3557 1511 3808 1585 Virginis

2174 1613 2477 1684 singulare,
2500 1611 2648 1682 apud
2665 1627 2840 1682 quam
2864 1609 2995 1664 vitae
3019 1608 3316 1681 integritas
3341 1609 3588 1664 obtinuit
3599 1607 3810 1674 ﬁlium,

2175 1709 2232 1762 et
2259 1721 2410 1760 mors
2433 1721 2549 1760 non
2577 1704 2792 1759 invenit
2837 1720 2940 1774 par
2973 1703 3331 1773 exemplum;
3360 1718 3463 1757 nec
3491 1701 3688 1756 minus
3713 1702 3812 1756 in-

443 1786 546 1840 per
585 1773 964 1875 νέξλθτθλξϋθω
1003 1775 1264 1875 -Μδτίδῖη-
1293 1793 1512 1832 servare
1564 1776 1821 1844 domis“,
1861 1775 1922 1866 i‘}
1962 1792 2076 1875 Qua
2096 1805 2152 1875 B
2179 1816 2379 1871 gerens
2407 1804 2695 1870 stuporem
2724 1798 2792 1852 de
2817 1796 3078 1866 transitu,
3106 1795 3708 1867 quam'exultationem
3733 1796 3814 1850 fe-

445 1869 634 1920 manet
656 1865 864 1922 intacta
883 1868 1123 1939 castitas,
1153 1869 1337 1940 pudor
1354 1871 1596 1942 integer,
1613 1871 1775 1925 ﬁrma
1795 1865 2076 1925 conscien-

449 1956 542 2011 tia.
571 1958 710 2012 Nam
739 1960 800 2014 in
826 1961 932 2016 hoc
961 1966 1204 2018 matrem
1230 1963 1456 2018 Domini
1481 1964 1568 2019 sui
1593 1965 1723 2019 Jesu
1748 1981 1806 2020 se
1834 1979 1954 2018 esse
1979 1979 2072 2017 co-

448 2051 657 2122 gnovit,
702 2054 835 2124 quia
881 2055 1010 2126 plus
1050 2056 1239 2126 gaudii
1286 2057 1546 2126 contulit,
1597 2073 1770 2129 quam
1820 2055 2072 2128 pudoris.

447 2143 688 2200 Laitatur
712 2163 850 2220 ergo
887 2149 1040 2220 quod
1073 2149 1235 2221 virgo
1273 2151 1550 2222 concepit,
1580 2151 1732 2222 quod
1757 2151 1880 2206 caeli
1895 2149 2078 2206 Domi-

445 2253 588 2292 num
620 2240 825 2322 'clausis
849 2243 1105 2314 [portavit
1150 2243 1477 2313 visceribus,
1519 2244 1671 2315 quod
1710 2244 1870 2316 virgo
1904 2243 2080 2298 edidit

447 2335 695 2399 partum.
723 2334 766 2388 Ο
783 2350 992 2406 magna
1017 2336 1314 2392 clementia
1335 2337 1593 2392 Deitatis!
1612 2353 1738 2409 quae
1757 2337 1942 2392 virum
1959 2353 2077 2392 non

448 2423 604 2478 novit
623 2429 680 2480 et
705 2431 887 2482 mater
916 2432 1020 2498 est,
1049 2434 1106 2485 et
1151 2435 1278 2502 post
1301 2429 1487 2486 ﬁlium
1531 2431 1690 2502 virgo
1719 2435 1822 2486 est.
1855 2431 2078 2486 Duobus

449 2516 604 2570 enim
627 2520 810 2589 gavisa
837 2525 923 2576 est
968 2524 1299 2580 muneribus
1331 2541 1343 2579 :
1371 2525 1614 2579 miratur
1637 2524 1787 2595 quod
1801 2525 1959 2596 virgo
1987 2541 2080 2594 pe-

449 2610 630 2680 perit;
676 2613 901 2669 lcetatur
941 2617 1098 2686 quod
1125 2617 1300 2672 edidit
1333 2617 1730 2673 Redemtorem
1771 2617 2078 2673 Dominum

449 2707 704 2760 nostrum
727 2707 918 2763 Iesum
948 2709 1258 2765 Christum.
1289 2713 1396 2765 Per
1419 2727 1610 2782 quem.
1637 2712 1890 2766 Sanctus.

695 2825 854 2868 MISSA
891 2829 946 2868 IN
983 2829 1362 2870 ADSUMPTIONE
1398 2828 1614 2870 SANC'DE
1651 2829 1848 2870 MARLE.

747 2895 921 2944 Lectio
945 2897 1284 2960 Apocalypsis
1310 2897 1478 2946 sancti
1495 2896 1764 2948 Johannis.

521 2967 585 3019 Et
619 2967 750 3036 vidi,
773 2973 828 3024 et
876 2987 1002 3025 ecce
1029 2988 1209 3042 agnus
1235 2971 1416 3026 stabat
1441 2988 1611 3043 super
1641 2975 1895 3026 montem
1921 2971 2074 3040 Sion,

448 3062 502 3111 et
527 3075 658 3113 cum
681 3061 803 3114 illos
830 3067 1058 3117 centum
1087 3065 1459 3135 quadraginta
1503 3068 1745 3136 quatuor
1789 3065 1946 3119 milia
1985 3064 2080 3119 ha-

448 3149 645 3206 bentes
669 3169 878 3209 nomen
905 3155 1046 3226 ejus,
1080 3161 1136 3210 et
1162 3173 1371 3211 nomen
1395 3158 1570 3228 patris
1592 3159 1713 3230 ejus
1727 3158 2001 3229 scriptum
2021 3159 2079 3213 in
2101 3171 2154 3245 C

447 3245 726 3300 frontibus
755 3247 888 3303 suis.
938 3249 1005 3303 Et
1045 3249 1235 3304 audivi
1271 3267 1463 3306 vocem
1490 3252 1558 3306 de
1590 3252 1744 3320 caelo,
1791 3256 2081 3323 tamquam

451 3355 642 3394 vocem
661 3355 940 3410 aquarum
959 3343 1289 3414 multarum,
1315 3349 1370 3399 et
1388 3349 1679 3416 tamquam
1705 3361 1900 3399 vocem
1929 3345 2079 3399 toni-

449 3433 561 3486 trui
589 3433 821 3506 magni;
863 3440 918 3490 et
947 3453 1142 3492 vocem
1179 3454 1352 3510 quam
1388 3439 1596 3508 audivi,
1630 3439 1773 3493 sicut
1814 3439 2083 3510 cytharoe-

449 3527 652 3581 dorum
677 3529 1146 3600 eytharizantium
1173 3531 1230 3585 in
1259 3533 1504 3603 cytharis
1531 3533 1667 3587 suis.
1695 3533 1762 3587 Et
1786 3532 2084 3587 cantabant

449 3621 608 3690 quasi
630 3623 912 3678 canticum
937 3641 1148 3680 novum
1172 3629 1302 3680 ante
1330 3627 1539 3696 sedem,
1571 3630 1627 3680 et
1651 3629 1781 3680 ante
1817 3629 2084 3697 quattuor

450 3713 732 3784 animalia,
765 3721 821 3770 et
846 3717 1094 3772 seniores
1124 3736 1137 3771 :
1179 3723 1236 3773 et
1261 3735 1430 3774 nemo
1455 3723 1672 3791 poterat
1697 3719 1882 3774 dicere
1905 3718 2079 3774 canti-

451 3822 601 3870 cum,
621 3807 732 3861 nisi
749 3807 846 3862 illa
864 3815 1095 3864 centum
1117 3812 1496 3884 quadraginta
1521 3817 1791 3883 quattuor
1811 3812 1970 3866 milia
1985 3812 2084 3884 qui

453 3899 628 3968 empti
657 3905 788 3955 sunt
815 3902 882 3956 de
909 3907 1079 3958 terra.
1109 3903 1174 3958 Hi
1205 3909 1338 3959 sunt
1350 3905 1447 3977 qui
1467 3921 1596 3959 cum
1611 3905 1943 3960 mulieribus
1969 3922 2084 3960 non

451 3997 584 4046 sunt
609 3993 976 4064 coinquinati,
1007 3996 1255 4066 virgines
1284 3998 1437 4052 enim
1457 4003 1621 4052 sunt:
1645 3999 1704 4052 hi
1727 3999 1824 4069 qui
1844 4015 2084 4070 sequun-

453 4091 547 4140 tur
571 4089 798 4158 Agnum
827 4104 1189 4160 quocumque
1218 4091 1439 4146 abierit.
1472 4092 1536 4144 lli
1567 4092 1746 4162 empti
1771 4091 1925 4146 enim
1954 4095 2086 4146 sunt

454 4197 522 4234 ex
551 4180 898 4250 hominibus,
931 4182 1208 4252 primiciae
1236 4184 1350 4238 Deo
1377 4189 1432 4238 et
1451 4187 1634 4255 Agno,
1659 4188 1716 4239 et
1740 4185 1800 4238 in
1829 4201 1925 4238 ore
1943 4185 2086 4255 ipso-

454 4290 582 4328 rum
623 4291 738 4330 non
774 4279 858 4330 est
897 4275 1196 4331 inventum
1248 4277 1611 4332 mendacium
1652 4295 1665 4331 :
1709 4278 1827 4332 sine
1867 4279 2086 4332 macula

451 4371 600 4422 sunt.
631 4367 754 4423 Vidi
789 4369 1062 4441 angelum
1099 4369 1380 4426 volantem
1419 4387 1521 4442 per
1546 4370 1800 4426 medium
1845 4371 2078 4439 caelum;

453 4461 754 4518 habentem
768 4465 916 4519 Evan
924 4463 1138 4536 gelium
1155 4469 1433 4520 aeternum
1449 4469 1514 4520 ut
1528 4481 1664 4520 evan
1673 4463 1872 4536 gelizet
1887 4465 2080 4520 seden-

2173 1910 2304 1948 rens
2353 1893 2520 1946 unico
2570 1892 2733 1946 beata
2787 1891 2857 1945 de
2903 1893 3101 1960 partu;
3143 1906 3258 1944 non
3311 1889 3498 1944 solum
3534 1888 3818 1944 mirabilis

2173 1986 2411 2058 pignore
2440 1985 2594 2057 quod
2620 1985 2729 2040 ﬁde
2760 1983 3035 2055 concepit,
3063 1983 3264 2038 fratres
3283 1983 3572 2051 carissimi,
3602 1983 3813 2054 depre-

2175 2097 2398 2148 cemur;
2451 2085 2516 2134 ut
2554 2080 2675 2150 ejus
2724 2077 2904 2148 adjuti
2953 2075 3286 2131 muniamur
3347 2075 3638 2148 suffragio,
3685 2092 3818 2148 quae

2174 2174 2336 2230 beata
2357 2173 2526 2230 Maria
2551 2173 2620 2229 de
2645 2175 2816 2244 partu
2836 2171 3004 2241 clara,
3028 2171 3097 2225 de
3123 2170 3326 2226 merito
3353 2170 3487 2226 felix
3529 2169 3814 2242 pradica-

2177 2274 2269 2324 tur
2297 2273 2423 2340 post
2447 2267 2768 2322 transitum.

2877 2336 3102 2386 Secreta.

2246 2415 2391 2469 Deus
2421 2411 2766 2481 universalis,
2789 2411 2888 2483 qui
2907 2411 2967 2466 in
2993 2409 3198 2465 sanctis
3223 2409 3570 2481 spiritaliter,
3587 2410 3651 2464 in
3683 2426 3814 2465 ma-

2177 2511 2262 2562 tre
2283 2523 2413 2562 vero
2435 2505 2661 2577 Virgine
2676 2505 2846 2560 etiam
2871 2503 3235 2574 corporaliter
3261 2503 3524 2558 habitasti
3543 2519 3563 2568 ;
3579 2502 3822 2559 caritate

2178 2601 2400 2666 decens,
2428 2615 2565 2669 pace
2596 2599 2866 2670 gaudens,
2894 2597 3102 2668 pietate
3127 2597 3483 2668 praecellens;
3513 2595 3584 2650 ab
3607 2597 3822 2668 angelo

2180 2692 2359 2764 gratia
2400 2693 2584 2762 plena,
2631 2691 2700 2745 ab
2745 2690 3029 2746 Helizabet
3075 2689 3386 2759 benedicta,
3436 2689 3506 2743 ab
3551 2690 3824 2762 gentibus

2179 2787 2520 2858 praedicatur
2539 2785 2728 2854 beata;
2757 2784 2917 2855 cujus
2941 2783 3105 2838 nobis
3131 2783 3268 2838 ﬁdes
3305 2784 3660 2854 mysterium,
3691 2800 3826 2854 par-

2179 2885 2268 2934 tus
2321 2879 2611 2949 gaudium,
2651 2893 2849 2948 pacem
2889 2893 3063 2948 quam
3102 2877 3163 2931 in
3215 2876 3569 2932 adsumtione
3611 2877 3826 2930 matris

2177 2977 2311 3028 tunc
2331 2971 2616 3043 praebuisti
2643 2971 2947 3042 discipulis,
2971 2971 3132 3024 nobis
3151 2971 3419 3026 miserere
3434 2971 3822 3043 supplicibus.

2251 3139 2389 3192 Vere
2414 3136 2652 3207 dignum
2678 3137 2733 3188 et
2753 3064 3488 3204 jiiggﬁezgtlbmnipotens
3510 3135 3679 3202 Deus,
3713 3149 3828 3204 per

2179 3231 2462 3286 Christum
2523 3227 2820 3282 Dominum
2875 3231 3153 3281 nostrum.
3225 3229 3344 3291 Quo
3401 3226 3581 3281 ﬁdelis
3651 3227 3826 3280 lsrael

2181 3340 2403 3396 egressa
2451 3327 2536 3378 est
2576 3322 2644 3376 de
2687 3323 2955 3392 Egypto;
3007 3337 3121 3391 quo
3177 3320 3336 3392 virgo
3397 3321 3497 3375 Dei
3567 3321 3828 3391 genitrix

2180 3418 2350 3472 Maria
2389 3417 2459 3471 de
2499 3415 2714 3470 mundo
2755 3413 3022 3485 migravit
3059 3413 3130 3468 ad
3172 3413 3478 3480 Christum,
3509 3427 3531 3456 ο
3557 3414 3826 3482 germine

2183 3511 2445 3584 gloriosa,
2473 3507 2828 3564 adsumtione
2867 3523 3088 3577 secura,
3116 3507 3360 3578 paradisi
3387 3507 3516 3561 dote
3563 3507 3822 3577 praelata,

2183 3605 2390 3660 damna
2415 3603 2483 3658 de
2508 3607 2690 3670 coetu,
2720 3617 2949 3656 sumens
2985 3605 3112 3655 vota
3153 3601 3222 3654 de
3258 3601 3482 3669 fructu;
3521 3617 3638 3654 non
3682 3601 3822 3654 sub-

2184 3698 2296 3753 dita
2321 3696 2498 3751 labori
2525 3711 2629 3766 per
2661 3697 2909 3765 partum,
2949 3709 3065 3748 non
3109 3693 3288 3749 dolori
3332 3710 3436 3765 per
3473 3693 3818 3761 transitum;

2183 3791 2464 3863 speciosus
2487 3789 2790 3856 thalamus,
2819 3789 2887 3842 de
2915 3804 3028 3858 quo
3049 3788 3282 3842 decorus
3306 3787 3559 3858 procedit
3577 3803 3824 3858 sponsus

2183 3885 2282 3938 lux
2312 3883 2588 3955 gentium,
2617 3898 2744 3952 spes
2783 3880 3056 3949 ﬁdelium,
3091 3881 3284 3951 praedo
3319 3881 3654 3950 demonum,
3683 3897 3824 3934 con-

2183 3977 2328 4032 fusio
2349 3977 2694 4044 Judaeorum,
2723 3975 3011 4029 vasculum
3039 3973 3256 4044 gloriae,
3289 3975 3566 4044 templum
3597 3973 3828 4028 caeleste

2187 4071 2368 4144 [cujus
2399 4069 2720 4141 juvenculte
2761 4068 2964 4122 melius
3003 4067 3406 4138 praedicantur]
3433 4068 3662 4136 merita,
3691 4084 3830 4122 cum

2183 4164 2387 4220 veteris
2439 4165 2566 4216 Evze
2611 4161 2974 4216 conferentur
3017 4161 3297 4231 exempla.
3337 4159 3396 4215 Si
3437 4159 3670 4230 quidem
3721 4161 3832 4216 ista

2183 4259 2398 4314 mundo
2417 4257 2588 4311 vitam
2614 4254 2885 4326 protulit;
2909 4253 3004 4308 illa
3023 4254 3210 4324 legem
3229 4253 3426 4307 mortis
3453 4253 3666 4308 invexit
3691 4271 3706 4308 :
3731 4253 3834 4308 illa

2181 4349 2598 4425 psaevaricando
2623 4365 2726 4402 nos
2753 4346 3026 4418 perdidit;
3049 4346 3153 4401 ista
3181 4347 3508 4418 generando
3537 4348 3784 4402 servavit
3813 4365 3828 4400 :

2181 4447 2276 4502 illa
2303 4462 2409 4500 nos
2455 4459 2626 4515 pomo
2665 4439 2880 4496 arboris
2917 4439 2975 4493 in
3015 4439 3136 4511 ipsa
3175 4440 3362 4494 radice
3408 4439 3722 4510 percussit;
3761 4457 3834 4496 ex

451 4555 600 4608 tibus
627 4573 798 4627 super
821 4531 1051 4628 terram,
1083 4562 1139 4614 et
1179 4575 1349 4630 super
1377 4575 1605 4613 omnem
1639 4531 1866 4631 gentem
1903 4563 1960 4613 et
1985 4559 2086 4612 tri-
2109 4537 2166 4609 D
2189 4541 2359 4611 huius
2384 4535 2670 4631 νίΓῘῙοδ
2700 4533 2836 4631 θ-Χίξξ
2855 4533 2954 4631 (Illi
2971 4549 3082 4631 no?
3099 4533 3269 4631 οάίξΐξῖ
3289 4531 3566 4600 refecerit:
3589 4533 3836 4631 θῐῖνιξεε

452 4649 610 4714 bum,
641 4653 696 4703 et
717 4650 994 4722 linguam,
1023 4657 1077 4706 et
1102 4653 1400 4723 populum,
1431 4653 1620 4708 dicens
1659 4669 1867 4724 magna
1907 4668 2040 4706 voce
2071 4669 2085 4706 :

452 4741 666 4796 Timete
688 4743 886 4811 Deum,
915 4749 970 4798 et
1004 4745 1130 4800 date
1171 4745 1254 4799 illi
1281 4747 1577 4815 honorem,
1607 4746 1739 4817 quia
1771 4745 1924 4801 venit
1950 4746 2090 4800 hora

445 4833 644 4904 judicii
675 4835 824 4906 ejus;
865 4841 920 4892 et
945 4837 1170 4892 adorate
1197 4854 1330 4893 eum
1359 4840 1458 4910 qui
1483 4839 1616 4894 fecit
1645 4839 1844 4894 caelum
1887 4842 1944 4894 et
1969 4843 2086 4894 ter-

453 4946 595 5000 ram,
625 4947 780 4986 mare
818 4933 875 4986 et
902 4931 1086 4987 fontes
1114 4948 1412 5002 aquarum.

646 5023 822 5074 Lectio
851 5025 1015 5075 sancti
1043 5025 1312 5088 Evangelii
1339 5025 1628 5075 secundum
1654 5027 1844 5076 Lucam
1863 5026 1908 5074 ⁸.

525 5099 756 5153 Factum
777 5105 862 5156 est
887 5105 1080 5155 autem
1111 5099 1250 5156 dum
1287 5100 1395 5156 iret
1427 5100 1699 5155 Dominus
1737 5101 1878 5172 ejus,
1910 5101 2087 5156 intra-

455 5191 534 5246 vit
555 5191 615 5246 in
641 5193 928 5262 quoddam
955 5193 1265 5262 castellum,
1283 5197 1340 5249 et
1365 5194 1570 5250 mulier
1592 5195 1852 5266 qumdem
1877 5195 2092 5250 Martha

455 5285 684 5341 nomine
721 5287 940 5358 excepit
982 5287 1146 5343 illum
1194 5289 1254 5344 in
1303 5289 1475 5344 domo
1519 5305 1640 5344 sua.
1680 5289 1749 5342 Et
1787 5287 1920 5342 huic
1972 5291 2093 5342 erat

526 5409 552 5439 ⁸
581 5411 697 5484 Hoc
731 5411 1101 5484 Evangelium
1127 5414 1299 5469 modo
1329 5414 1498 5468 etiam
1535 5413 1744 5484 legitur
1781 5412 2094 5484 iniAssum-

451 5481 642 5552 ptione
669 5481 920 5554 Deiparaé
951 5501 963 5537 :
993 5484 1146 5540 aliud
1183 5485 1242 5540 in
1283 5481 1636 5540 Lectionario
1655 5483 1990 5554 Luxoviensi
2018 5499 2088 5536 ex

455 5555 615 5607 Lucze
643 5553 816 5624 capJI
847 5571 860 5608 :
891 5557 1203 5622 Exsurgens
1241 5559 1445 5617 Maria,
1477 5561 1582 5610 etc.
1615 5557 1674 5609 [n
1721 5553 2093 5609 vetustissimo

455 5624 790 5679 Kalendario
831 5627 1008 5680 sancti
1047 5627 1261 5696 Cyriaci
1295 5643 1358 5680 ac
1397 5627 1670 5681 Thermas
1721 5630 1991 5680 notatur:
2025 5641 2092 5677 xv

455 5696 578 5748 Kal.
601 5697 724 5750 Feb.
755 5699 1023 5766 Depositio
1053 5701 1254 5752 sancta
1275 5699 1468 5751 Mariae
1491 5699 1742 5766 virginis,
1771 5699 1968 5752 matris
1995 5699 2094 5750 Do—

465 5768 606 5819 mini
625 5770 801 5820 nostri
827 5771 954 5821 Jesu
978 5767 1198 5822 Christi.

531 5835 558 5875 b
587 5837 812 5892 Eaedem
839 5837 1116 5894 orationes
1144 5836 1204 5896 in
1247 5835 1580 5894 Lexionario
1611 5837 1964 5910 Luxoviensi,
1997 5837 2094 5893 sed

2189 4631 2399 4688 curarit
2441 4647 2455 4683 :
2501 4629 2596 4682 illa
2628 4626 3024 4681 maledictione
3069 4625 3130 4679 in
3169 4625 3360 4679 dolore
3400 4630 3676 4695 generat;
3727 4627 3836 4680 ista

2187 4723 2574 4781 benedictione
2601 4721 2659 4775 in
2689 4719 2870 4775 salute
2893 4735 2906 4773 :
2935 4719 3030 4773 illa
3059 4718 3295 4790 perfidia
3319 4719 3567 4789 serpenti
3595 4735 3840 4774 consen-

2189 4819 2279 4887 sit,
2313 4817 2617 4887 conjugem
2635 4813 2876 4885 decepit,
2907 4813 3124 4884 prolem
3151 4811 3498 4878 damnavitd,
3519 4811 3630 4866 nisi
3657 4813 3840 4868 etiam

2189 4911 2290 4966 tali
2321 4909 2492 4966 matri
2521 4907 2848 4962 adornasset
2874 4921 3185 4977 egressum.
3227 4906 3397 4960 Recte
3425 4905 3496 4959 ab
3537 4905 3663 4976 ipso
3707 4921 3842 4960 sus-

2190 5008 2352 5075 cepta
2377 5019 2436 5058 es
2458 5002 2519 5056 in
2553 5000 2910 5056 adsumtione
2931 4999 3192 5069 feliciter,
3214 5015 3386 5070 quem
3411 4997 3504 5070 pie
3533 4999 3848 5071 suscepisti

2191 5103 2530 5169 conceptura
2559 5111 2662 5166 per
2687 5093 2858 5149 fidem
2890 5109 2902 5147 :
2935 5097 3000 5147 ut
3047 5092 3146 5164 qui
3179 5097 3344 5148 terra:
3375 5108 3490 5146 non
3533 5107 3658 5146 eras
3695 5109 3846 5148 con-

2191 5193 2321 5260 scia,
2349 5196 2403 5246 te
2435 5205 2550 5244 non
2591 5191 2810 5243 teneret
2847 5185 3005 5257 rupis
3028 5185 3262 5241 inclusa.
3299 5187 3440 5242 Vere
3471 5185 3712 5240 diversis
3747 5187 3848 5241 in-

2190 5287 2318 5342 folis
2357 5284 2547 5338 anima
2583 5281 2866 5350 redimita,
2899 5280 2994 5335 cui
3031 5280 3282 5351 Apostoli
3319 5297 3545 5336 sacrum
3581 5279 3858 5336 reddunt

2193 5413 2302 5467 illic
2353 5409 2725 5482 prolixiores,
2765 5412 2821 5482 et
2868 5407 3020 5482 aliae
3045 5409 3255 5478 plures.
3323 5405 3664 5482 contestatio
3717 5408 3856 5464 fere

2193 5478 2410 5539 eadem.
2431 5481 2645 5536 Omissa
2671 5479 2760 5532 hic
2791 5478 3060 5533 Collectio
3089 5483 3216 5549 post
3237 5478 3489 5532 nomina.

2261 5569 2284 5596 ο
2315 5553 2484 5608 Addit
2512 5551 2726 5607 Missale
2751 5549 3050 5605 Gothicum
3075 5566 3086 5602 :
3123 5549 3252 5614 Quae
3275 5565 3370 5604 nec
3397 5550 3462 5603 de
3489 5552 3860 5619 corruptione

2195 5623 2786 5708 suscepitncontagiuzn,
2814 5638 2909 5676 nec
2929 5623 3310 5708 resolutionem
3323 5621 3554 5690 pertulit
3579 5623 3640 5676 in
3657 5624 3862 5692 sepul-

2195 5711 2283 5748 cro
2309 5694 2646 5822 ipollutione
2667 5694 2860 5755 libera,
2887 5694 3141 5760 germine,
3167 5695 3275 5746 etc.
3301 5761 3310 5772 _
3429 5761 3440 5772 ο
3623 5762 3632 5772 Ι

2266 5765 2290 5805 ἀ
2369 5783 2418 5822 1c
2445 5767 2628 5822 multa
2647 5764 2961 5838 supplenda
2985 5767 3120 5822 sunt
3143 5779 3212 5820 ex
3245 5761 3444 5820 M13331!
3469 5761 3730 5820 Gothico.
