3982 6190
194 321 268 376 477
623 319 1230 376 SACRAMENTARIUM
1266 321 1710 378 GALLICANUM.
1756 352 1822 361 —

1863 320 2227 377 LECTIONES
2268 319 2351 372 DE
2390 315 2702 371 ADVENTU
2743 314 2989 368 DOMINI.
3387 312 3486 366 478

189 424 492 498 obsequium,
523 426 723 497 Angeli
779 431 1028 497 cantum,
1085 427 1340 483 Christus
1390 430 1752 502 amplexum,
1779 443 1837 517 Α
1858 433 2082 501 Sancto,
2112 428 2173 484 in
2201 427 2432 483 caritate
2475 441 2592 480 non
2635 423 2794 492 ﬁcta,
2834 423 2894 478 in
2930 421 3101 478 verbo
3131 419 3401 490 veritatis,
3427 419 3487 476 in

185 519 319 576 nubis
345 518 618 588 veicolum,
646 519 965 592 adsumptio
990 521 1407 592 paradisum,in
1433 523 1617 579 choris
1644 525 1755 580 vir-

185 615 347 685 ginum
376 611 542 684 gloria
566 617 764 668 tenens
793 614 1193 687 principatum,
1216 632 1320 688 per
1337 633 1508 689 quem
1528 618 1758 675 laudant

183 707 364 778 Angeli.

579 794 736 834 MISSA
772 795 1312 841 QUADRAGINSIHALIS.

181 872 321 922 Lectio
345 871 454 921 libri
489 873 682 935 Regum
711 886 825 936 quas
857 872 1045 936 legitur
1071 873 1218 924 initio
1245 875 1683 940 Quadraginsimw
1711 877 1754 926 ⁸.

236 960 480 1030 Tempore
505 958 620 1024 illo,
654 957 806 1012 venit
830 959 977 1013 Elias
1003 959 1063 1014 in
1095 961 1362 1015 Bersabee
1388 963 1413 1016 J
1421 962 1547 1028 uda,
1579 966 1636 1017 et
1669 963 1756 1017 di-

178 1052 301 1106 misit
323 1052 391 1105 ibi
417 1067 656 1122 puerum
681 1069 848 1106 suum
870 1095 884 1122 ,
924 1057 981 1108 et
1005 1054 1254 1124 perrexit
1278 1054 1340 1109 in
1365 1056 1584 1111 deserto
1609 1056 1758 1111 viam

177 1145 313 1200 unius
337 1145 461 1200 diei.
488 1146 742 1218 Cumque
768 1147 1028 1217 venisset,
1050 1152 1107 1202 et
1122 1148 1354 1204 sedisset
1373 1150 1566 1204 subter
1583 1166 1758 1206 unam

171 1240 480 1310 juniperum,
512 1240 710 1311 petivit
732 1241 939 1295 animae
965 1257 1080 1296 suae
1106 1246 1172 1296 ut
1201 1248 1534 1313 moreretur,
1557 1248 1614 1299 et
1639 1244 1750 1300 ait:

174 1333 352 1390 Sufﬁcit
379 1333 534 1404 mihi,
567 1335 823 1404 Domine,
864 1336 996 1391 tolle
1035 1336 1287 1392 animam
1330 1353 1539 1393 meam.
1568 1338 1758 1410 Neque

176 1429 298 1484 enim
337 1428 532 1483 melior
555 1445 678 1482 sum
707 1446 878 1500 quam
915 1435 1105 1501 patres
1131 1431 1264 1487 mei.
1302 1431 1650 1503 Projecitque
1677 1449 1756 1502 se,

175 1528 217 1577 et
240 1523 558 1577 obdormivit
593 1523 650 1576 in
683 1524 888 1578 umbra
922 1525 1199 1596 juniperi.
1249 1527 1312 1579 Et
1357 1541 1482 1580 ecce
1526 1527 1762 1597 angelus

175 1615 358 1671 Domini
384 1616 567 1688 tetigit
593 1633 744 1686 eum,
773 1622 829 1672 et
853 1618 996 1672 dixit
1024 1618 1108 1672 illi
1141 1635 1154 1673 :
1183 1620 1362 1691 Surge
1383 1662 1396 1688 ,
1427 1625 1482 1675 et
1506 1621 1755 1676 comede.

174 1710 414 1781 Respexit,
445 1715 500 1766 et
528 1727 654 1766 ecce
675 1712 746 1766 ad
772 1716 940 1783 caput
965 1729 1131 1767 suum
1153 1713 1555 1768 subcinericius
1575 1715 1756 1786 panis,

175 1810 214 1857 et
236 1821 314 1858 vas
338 1821 518 1876 aquas.
552 1805 806 1860 Comedit
833 1822 968 1877 ergo
985 1849 998 1874 ,
1030 1811 1087 1861 et
1110 1806 1282 1874 bibit;
1315 1811 1370 1862 et
1397 1824 1624 1862 rursum
1653 1809 1754 1863 ob-
1777 1819 1833 1890 Β

173 1898 412 1954 dormivit.
444 1900 836 1970 Reversusque
860 1905 944 1955 est
970 1901 1204 1972 angelus
1237 1901 1464 1956 Domini
1489 1903 1754 1971 secundo,

174 1998 215 2046 et
246 1993 412 2063 tetigit
453 2009 611 2062 eum,
657 1993 907 2065 dixitque
936 1993 1016 2048 illi
1046 2012 1059 2049 :
1101 1995 1301 2066 Surge,
1346 1995 1575 2066 grandis
1604 1997 1758 2050 enim

174 2085 251 2140 tibi
270 2091 426 2141 restat
449 2087 563 2141 via.
593 2087 699 2151 Qui
731 2104 860 2141 cum
889 2087 1404 2157 surrexit,comedit
1429 2094 1483 2143 et
1508 2088 1675 2156 bibit,
1705 2093 1761 2144 et

173 2180 434 2236 ambulavit
460 2181 525 2235 in
570 2181 899 2236 fortitudine
925 2182 1036 2236 cibi
1066 2182 1213 2236 illius
1238 2182 1611 2253 quadraginta
1638 2183 1760 2236 die-

174 2272 268 2335 bus,
293 2277 341 2327 et
366 2274 744 2345 quadraginta
769 2274 1029 2328 noctibus
1056 2291 1232 2346 usque
1263 2275 1333 2328 ad
1368 2279 1621 2330 montem
1661 2275 1760 2330 Dei

173 2366 303 2420 Oreh.
329 2368 584 2438 Cumque
613 2367 854 2422 venisset
899 2368 957 2422 in
1001 2368 1300 2438 spelunca,
1342 2375 1397 2423 et
1425 2385 1550 2423 ecce
1576 2386 1761 2423 sermo

172 2459 352 2515 Domini
375 2461 441 2515 ad
483 2478 645 2530 eum,
682 2461 935 2532 dixitque
961 2462 1012 2516 ei
1043 2479 1056 2516 :
1090 2462 1234 2526 Quid
1261 2463 1351 2516 hic
1379 2463 1521 2534 agis,
1557 2463 1714 2517 Helia
1733 2464 1761 2518 ?

172 2556 223 2607 At
260 2555 335 2610 ille
385 2555 723 2626 respondit:
774 2556 901 2610 Zelo
945 2556 1151 2610 zelatus
1199 2573 1326 2610 sum
1372 2574 1476 2627 pro
1523 2557 1760 2611 Domino

173 2649 496 2718 exercituum,
534 2649 671 2720 quia
717 2649 1142 2720 dercliquerunt
1184 2649 1282 2703 filii
1331 2651 1495 2704 Israel
1535 2654 1763 2721 pactum

173 2747 317 2811 tuum,
339 2749 391 2797 et
414 2743 728 2814 prophetas
759 2747 885 2797 tuos
916 2743 1242 2798 occiderunt
1276 2743 1484 2814 gladio,
1516 2747 1573 2796 et
1599 2744 1759 2798 dere-

171 2834 298 2888 lictus
319 2853 436 2890 sum
461 2854 577 2908 ego
604 2836 791 2905 solus;
821 2842 876 2891 et
903 2841 1168 2908 quaerunt
1199 2836 1450 2890 animam
1483 2853 1670 2891 meam
1700 2841 1763 2892 ut

170 2930 382 2984 auferant
407 2947 560 2985 eam.
593 2931 662 2984 Et
689 2931 768 2984 ait
795 2931 845 2985 ei
875 2948 888 2985 :
933 2930 1234 3001 Egredere,
1269 2935 1324 2984 et
1351 2933 1434 2984 sta
1463 2929 1522 2984 in
1570 2936 1761 2986 monte

170 3038 324 3076 coram
349 3025 610 3078 Domino.
645 3025 711 3078 Et
737 3040 863 3078 ecce
890 3023 1161 3078 Dominus
1189 3023 1415 3092 transit,
1451 3028 1506 3078 et
1533 3024 1762 3094 spiritus

170 3117 358 3185 grandis
384 3123 438 3172 et
463 3117 654 3184 fortis,
708 3117 1037 3172 subvertens
1082 3122 1323 3187 montes,
1370 3121 1427 3172 et
1468 3123 1762 3174 conterens

168 3215 319 3277 petras
342 3217 464 3266 ante
512 3211 845 3266 Dominum.
894 3213 1016 3266 Non
1043 3212 1103 3266 in
1131 3212 1328 3282 spiritu
1361 3212 1653 3267 Dominus.
1696 3213 1763 3266 Et
1783 3189 1837 3263 Ο

166 3310 266 3372 post
288 3306 548 3376 spiritum
575 3305 881 3360 commotio
910 3323 924 3358 :
947 3322 1061 3359 non
1086 3307 1146 3360 in
1175 3307 1551 3360 commotione
1579 3306 1765 3360 Domi-

169 3413 268 3452 nus.
294 3401 353 3453 Et
372 3404 498 3471 post
533 3399 977 3453 commotionem
1004 3399 1152 3471 ignis
1181 3419 1194 3455 :
1227 3416 1344 3454 non
1358 3399 1565 3470 inigne
1580 3400 1764 3454 Domi-

167 3507 267 3545 nus.
287 3494 346 3547 Et
361 3499 483 3565 post
501 3493 704 3563 ignem
724 3491 918 3547 sibilus
939 3509 1091 3547 aurm
1106 3493 1292 3548 tenuis
1316 3510 1328 3546 :
1358 3492 1436 3546 ibi
1463 3494 1760 3548 Dominus.

166 3584 291 3646 Quod
331 3604 456 3642 cum
503 3585 757 3641 audisset
801 3586 1002 3655 Helias,
1052 3586 1276 3657 operuit
1324 3586 1546 3640 vultum
1595 3603 1764 3641 suum

163 3679 320 3747 pallio,
347 3686 401 3736 et
442 3697 712 3752 egressus
755 3681 907 3734 stetit
945 3681 1172 3735 in-ostio
1204 3681 1505 3751 speluncae,
1552 3683 1608 3735 et
1637 3696 1763 3735 ecce

165 3786 245 3825 vox
270 3775 331 3828 ad
357 3791 487 3829 eum
525 3773 721 3828 dicens
744 3791 757 3827 :
788 3774 931 3838 Quid
957 3773 1047 3828 hic
1070 3775 1213 3845 agis,
1241 3773 1434 3828 Helia?
1453 3775 1518 3828 Et
1542 3773 1634 3828 ille
1651 3790 1765 3828 res-

163 3868 327 3935 pondit
353 3886 365 3922 :
396 3869 530 3923 Zelo
575 3868 783 3922 zelatus
808 3884 933 3921 sum
973 3884 1077 3938 pro
1110 3868 1346 3921 Domino
1387 3868 1759 3937 exercituum,

165 3961 270 4029 quia
293 3963 720 4035 dereliquerunt
742 3967 972 4033 pactum
1002 3966 1164 4015 tuum
1192 3960 1290 4015 ﬁlii
1333 3963 1522 4017 Israel.
1553 3962 1764 4017 Altaria

165 4057 236 4106 tua
255 4055 674 4124 destruxerunt,
706 4059 760 4110 et
787 4055 1094 4127 prophetas
1120 4060 1248 4109 tuos
1285 4055 1613 4110 occiderunt
1640 4056 1760 4127 gla-

163 4146 262 4216 dio;
290 4155 341 4204 et
365 4116 675 4206 derelictus
691 4116 816 4204 sum
839 4116 946 4220 ego
968 4149 1140 4215 solus,
1163 4155 1219 4204 et
1236 4153 1498 4220 quaerunt
1513 4116 1760 4204 animiam
1855 4126 2246 4199 ieiunantium
2270 4121 2588 4178 humilitate
2612 4116 2870 4189 P1303155,

163 4257 317 4297 meam
357 4250 421 4299 ut
463 4246 732 4299 auferant
774 4259 923 4298 eam.
974 4244 1040 4297 Et
1077 4243 1155 4297 ait
1194 4243 1465 4298 Dominus
1489 4244 1559 4298 ad
1586 4259 1760 4298 eum:

159 4335 300 4406 Vade,
342 4345 630 4394 revertere
678 4337 825 4392 viam
868 4341 1028 4391 tuam
1069 4352 1172 4407 per
1217 4336 1501 4392 desertum
1550 4337 1609 4391 in
1652 4339 1762 4391 Da-

163 4445 341 4486 [113560.

160 4531 353 4631 Epistola
368 4535 516 4585 Pauli
537 4534 754 4598 apostoli
771 4533 835 4583 ad
851 4534 1166 4596 Corinthios,
1182 4533 1232 4583 in
1265 4533 1694 4598 Quadraginsima
1717 4533 1762 4581 b.
1783 4559 1843 4631 D

215 4618 437 4691 Fratres,
469 4635 603 4676 ecce
631 4637 783 4675 nunc
809 4626 1036 4692 tempus
1061 4620 1432 4692 acceptabile;
1458 4635 1584 4675 ecce
1611 4636 1766 4674 nunc

157 4711 252 4766 dies
290 4717 501 4770 salutis.
550 4714 774 4769 Nemini
819 4716 1016 4770 dantes
1058 4715 1233 4770 ullam
1276 4714 1665 4783 offensionem,
1704 4717 1768 4768 ut

157 4821 248 4861 non
273 4809 625 4881 vituperetur
649 4809 1029 4864 ministerium
1049 4812 1307 4863 nostrum
1331 4825 1344 4863 :
1376 4809 1473 4863 sed
1498 4808 1764 4864 exhibea-

157 4916 262 4955 mus
283 4903 339 4957 in
365 4904 635 4958 omnibus
661 4905 1060 4974 nosmetipsos,
1083 4903 1230 4957 sicut
1248 4903 1345 4958 Dei
1373 4902 1681 4972 ministros,
1706 4903 1765 4957 in

154 4995 308 5051 multa
338 4998 635 5069 patientia,
664 4997 722 5051 in
746 4997 1228 5067 tribulationibus,
1246 4997 1304 5052 in
1321 4997 1763 5066 necessitatibus,

155 5088 198 5140 in
223 5091 514 5162 angustiis,
548 5091 605 5146 in
634 5091 836 5163 plagis,
865 5091 926 5146 in
947 5090 1282 5161 carceribus,
1303 5091 1362 5146 in
1381 5091 1763 5161 seditionibus,

154 5182 198 5236 in
219 5182 528 5253 laboribus,
572 5186 631 5239 in
657 5185 884 5258 vigiliis,
916 5185 974 5239 in
995 5185 1257 5256 jejuniis,
1286 5185 1346 5240 in
1373 5185 1622 5240 castitate
1647 5227 1661 5252 ,
1707 5184 1766 5240 in

155 5281 380 5354 scientia,
411 5285 472 5338 in
507 5284 959 5356 longanimitate,
1003 5284 1061 5338 in
1101 5283 1369 5339 suavitate
1395 5326 1408 5350 ,
1448 5283 1508 5338 in
1554 5281 1767 5354 Spiritu

209 5425 231 5453 ⁸
259 5428 349 5482 Hic
383 5429 858 5509 Quqdraginsima:
875 5428 1218 5509 vocabulum
1253 5446 1266 5482 :
1312 5432 1367 5482 et
1408 5427 1765 5509 ita‘scriben-

152 5495 275 5581 dum.
291 5495 448 5581 more
471 5495 937 5581 illius'ternporis,
960 5498 1690 5581 patet‘ex‘sequentibushet‘
1699 5514 1768 5553 ex

152 5566 484 5625 Lectionario
510 5566 842 5627 Luxoviensi
874 5566 937 5626 ac
960 5566 1161 5625 Missali
1189 5566 1441 5625 Gothico.
1483 5569 1631 5623 Nihil
1676 5569 1768 5626 hic

152 5637 206 5713 de
254 5633 716 5713 Septuageslma,
755 5643 1119 5713 Sexagesima
1169 5647 1223 5696 et
1269 5640 1764 5712 Quinquagesima.

153 5707 277 5793 Ee‘ge
298 5707 577 5793 adnotata
597 5715 679 5793 adi
693 5707 1103 5793 Lectipnarium
1128 5707 1473 5793 Luxoviens}:
1505 5707 1765 5793 1353.123

158 5779 254 5867 (lib.
283 5785 352 5867 de
378 5784 706 5867 Lit:
735 5785 1057 5867 In_Gotbic_o
1083 5784 1297 5867 pariter
1318 5779 1548 5867 .legit'u—r
1580 5779 1609 5837 ἶ
1625 5784 1767 5864 Crdo

155 5855 305 5911 missas
329 5858 386 5911 in
414 5859 632 5913 initium
662 5855 1148 5928 Quadrag-insimae,
1173 5856 1227 5912 id
1251 5858 1333 5914 est
1360 5872 1461 5926 pro
1478 5855 1768 5911 Dominica

1855 527 2063 582 virtute
2092 523 2223 591 Dei;
2263 539 2368 595 per
2405 537 2563 576 arma
2584 517 2818 590 justitiae
2845 535 2878 571 a
2902 515 3114 572 dextris
3141 520 3196 571 et
3225 514 3486 582 sinistris,

1857 639 1958 694 per
1986 610 2223 692 gloriam
2254 621 2311 672 et
2333 614 2889 687 ignobilitatem,per
2909 611 3189 666 insaniam
3205 615 3261 666 et
3278 610 3488 665 bonam

1857 718 2089 783 famam,
2119 717 2182 767 ut
2209 712 2527 767 seductores
2557 713 2613 765 et
2638 723 2886 774 veraces;
2919 705 3061 760 sicut
3085 705 3183 776 qui
3213 703 3410 775 ignoti,
3434 706 3491 759 et

1858 809 2100 882 cogniti;
2131 805 2291 879 quasi
2335 804 2662 872 morientes,
2709 806 2765 857 et
2809 818 2932 856 ecce
2979 799 3246 867 vivimus,
3274 800 3339 851 ut
3365 814 3483 852 cas-

1859 905 2040 978 tigati,
2071 907 2128 958 et
2147 919 2260 957 non
2282 897 2603 955 mortiﬁcati
2621 914 2637 967 ;
2658 896 2815 969 quasi
2832 895 3035 962 tristes,
3051 909 3275 964 semper
3297 896 3486 946 autem

1861 999 2198 1071 gaudentes;
2230 995 2373 1050 sicut
2394 996 2621 1066 egentes
2646 1034 2659 1061 ,
2682 991 2890 1046 multos
2919 991 3109 1043 autem
3136 986 3484 1057 locupletan-

1860 1099 1970 1163 tes;
2004 1099 2295 1164 tamquam
2323 1089 2466 1144 nihil
2500 1087 2791 1153 habentes,
2824 1087 2878 1138 et
2905 1082 3094 1137 omnia
3120 1080 3484 1154 possidentes,

1858 1188 1918 1243 in
1942 1188 2162 1242 Christo
2193 1187 2318 1240 Jesu
2346 1182 2580 1237 Domino
2605 1184 2816 1235 nostro.

2016 1281 2190 1330 Lectio
2223 1277 2386 1328 sancti
2410 1274 2677 1338 Evangelii
2697 1271 2983 1323 secundum
3017 1269 3328 1319 Matthteum.

1932 1365 2136 1421 Diebus
2163 1362 2291 1428 illis,
2320 1359 2463 1415 dixit
2491 1357 2761 1413 Dominus
2795 1356 2952 1408 Jesus
2995 1351 3280 1422 discipulis
3323 1351 3438 1405 suis
3469 1367 3482 1404 :

1861 1459 2158 1516 Adtendite
2183 1473 2255 1512 ne
2278 1454 2557 1527 justitiam
2584 1455 2826 1506 vestram
2851 1446 3061 1503 faciatis
3089 1461 3277 1500 coram
3305 1445 3489 1499 homi-

1860 1556 2045 1621 nibus,
2073 1558 2138 1607 ut
2163 1548 2462 1607 videamini
2492 1547 2561 1601 ab
2591 1547 2692 1600 eis.
2721 1541 2985 1614 Alioquin
3022 1540 3342 1594 mercedem
3371 1554 3488 1592 non

1859 1647 2140 1703 habebitis
2168 1644 2320 1716 apud
2343 1645 2563 1697 Patrem
2580 1643 2831 1693 vestrum
2851 1635 2950 1707 qui
2975 1635 3032 1688 in
3053 1632 3201 1688 cmlis
3228 1637 3330 1687 est.
3347 1633 3490 1686 Cum

1861 1759 1996 1813 ergo
2039 1740 2173 1795 facis
2218 1739 2632 1806 eleemosynam
2658 1774 2672 1798 ,
2701 1730 2815 1785 noli
2850 1730 2986 1784 tuba
3027 1743 3226 1782 canere
3255 1730 3384 1780 ante
3411 1730 3486 1793 te,

1857 1837 1999 1891 sicut
2022 1833 2330 1906 hypocrita:
2368 1829 2583 1884 faciunt
2622 1827 2679 1880 in
2715 1822 3018 1894 synagogis
3051 1825 3107 1875 et
3134 1821 3194 1874 in
3233 1819 3390 1887 vicis,
3425 1822 3490 1872 ut

1858 1929 2300 1985 honoriﬁcentur
2325 1925 2394 1978 ab
2421 1919 2770 1977 hominibus.
2801 1919 2978 1971 Amen
3010 1914 3133 1969 dico
3176 1913 3352 1979 vobis,
3394 1929 3486 1967 re—

1859 2026 2131 2096 ceperunt
2168 2018 2489 2076 mercedem
2536 2030 2716 2069 suam.
2743 2013 2816 2066 'I‘c
2851 2015 3041 2064 autem
3074 2007 3311 2062 faciente
3341 2007 3487 2061 elee-

1859 2132 2173 2188 mosynam,
2216 2111 2428 2168 nesciat
2474 2109 2702 2163 sinistra
2742 2111 2842 2161 tua
2889 2103 3024 2174 quid
3061 2101 3225 2156 faciat
3260 2101 3491 2155 dextera

1859 2218 1978 2279 tua,
2013 2215 2073 2264 ut
2098 2209 2169 2263 sit
2212 2207 2570 2275 eleemosyna
2617 2206 2716 2256 tua
2758 2200 2818 2253 in
2864 2195 3211 2262 abscondito,
3244 2197 3301 2248 et
3330 2195 3492 2248 Pater

1861 2312 1992 2360 tuus
2035 2303 2134 2374 qui
2179 2301 2329 2356 videt
2377 2299 2435 2353 in
2475 2294 2817 2360 abscondito,
2857 2291 3055 2346 reddet
3097 2288 3218 2343 tibi.
3268 2289 3334 2341 Et
3361 2303 3491 2340 cum

1862 2398 2052 2463 oratis,
2081 2412 2194 2451 non
2223 2393 2379 2448 eritis
2401 2392 2543 2446 sicut
2567 2386 2898 2459 hypocritae,
2939 2383 3039 2456 qui
3065 2385 3258 2436 amant
3298 2381 3360 2434 in
3397 2396 3490 2450 sy-

1862 2491 2099 2564 nagogis
2140 2493 2196 2545 et
2238 2489 2298 2542 in
2337 2484 2561 2557 angulis
2607 2482 2925 2554 platearum
2969 2481 3178 2532 stantes
3218 2490 3398 2540 orare,
3428 2477 3494 2527 ut

1862 2591 2159 2645 videantur
2187 2588 2254 2641 ab
2285 2583 2636 2640 hominibus.
2666 2584 2843 2635 Amen
2885 2577 3010 2634 dico
3053 2574 3230 2642 vobis,
3260 2587 3489 2642 recepe-

1861 2689 1997 2739 runt
2022 2681 2343 2737 mercedem
2368 2694 2548 2732 suam.
2571 2677 2652 2730 Tu
2671 2678 2862 2729 autem
2886 2688 3017 2725 cum
3038 2668 3240 2736 orabis,
3261 2667 3411 2720 intra
3434 2663 3494 2717 in

1863 2776 2185 2833 cubiculum
2231 2778 2416 2840 tuum,
2453 2774 2509 2825 et
2549 2770 2737 2823 clauso
2778 2765 2917 2820 ostio
2958 2769 3076 2830 tuo,
3127 2777 3225 2814 ora
3270 2761 3494 2812 Patrem

1863 2878 2026 2927 tuum
2055 2869 2114 2923 in
2152 2865 2510 2932 abscondito;
2541 2865 2598 2917 et
2623 2863 2787 2916 Pater
2808 2864 2940 2914 tuus
2967 2856 3066 2928 qui
3092 2855 3244 2909 videt
3271 2852 3330 2906 in
3362 2849 3491 2905 abs-

1862 2964 2105 3032 condito,
2136 2961 2334 3016 reddet
2360 2957 2484 3012 tibi.
2530 2957 2764 3011 Orantes
2791 2955 2982 3007 autem
3025 2948 3197 3004 nolite
3244 2944 3494 3000 multum

1862 3057 2018 3130 loqui
2041 3056 2185 3111 sicut
2209 3053 2422 3125 hynici,
2464 3053 2668 3123 putant
2692 3045 2846 3103 enim
2871 3044 3023 3116 quod
3048 3043 3109 3096 in
3132 3037 3494 3110 multiloquio

1863 3169 1963 3207 suo
2016 3148 2408 3205 exaudiantur.
2463 3143 2641 3199 Nolite
2695 3157 2831 3211 ergo
2875 3135 3181 3193 adsimilari
3233 3133 3330 3188 eis.
3384 3131 3496 3186 Scit

1863 3246 2016 3302 enim
2047 3247 2210 3298 Pater
2236 3244 2421 3296 vester
2463 3239 2670 3311 quibus
2696 3252 2838 3306 opus
2877 3233 2948 3287 sit
2972 3231 3129 3286 vobis
3147 3271 3161 3298 ,
3190 3232 3493 3298 antequam

1861 3339 2065 3412 petatis
2096 3352 2248 3393 eum.

2470 3417 2661 3456 INCIPIT
2703 3415 2873 3453 MISSA.

1935 3499 2303 3569 Omnipotens
2327 3496 2539 3548 aeterne
2560 3491 2726 3556 Deus,
2753 3492 2820 3542 ut
2848 3480 3362 3558 quadraginsimale
3387 3479 3494 3533 hoc

1856 3594 2141 3666 jejunium
2176 3594 2232 3645 et
2269 3583 2717 3657 competentibus
2744 3581 3076 3636 inchoemus
3108 3572 3410 3646 obsequiis,
3439 3577 3496 3628 et

1861 3665 1965 3744 tibi
2004 3683 2221 3758 placitis
2261 3679 2547 3736 effectibus
2572 3675 2920 3732 celebremus
2941 3714 2955 3741 ,
2989 3668 3230 3726 humani
3269 3665 3493 3738 generis

1861 3779 2132 3838 Conditor
2157 3781 2213 3831 et
2232 3775 2576 3844 Redemptor
2593 3768 2804 3840 largire
2819 3765 3118 3840 propitius,
3133 3767 3190 3818 et
3207 3759 3496 3815 continen-

1861 3876 2000 3931 tiam
2023 3875 2232 3928 nostrae
2263 3866 2457 3923 salutis
2493 3864 2814 3920 misericors
2839 3859 3123 3916 exaudias.
3151 3859 3276 3911 Per.

1932 4056 1961 4092 c
1992 4035 2138 4088 Deus
2164 4027 2536 4095 abstinentiae,
2564 3953 3100 4088 Sgdlsggtimoniae,
3130 4017 3230 4088 qui
3255 4015 3497 4071 libenter

2904 4120 2958 4168 et
2985 4110 3410 4168 humiliantium
3436 4125 3496 4164 se

1864 4221 2122 4292 precibus
2147 4217 2430 4288 benignus
2454 4211 2755 4268 inﬂecteris
2771 4228 2786 4278 ;
2818 4207 3019 4263 exaudi
3055 4220 3249 4277 preces
3277 4205 3495 4256 nostras

1863 4315 1922 4368 in
1949 4315 2053 4369 hac
2077 4312 2350 4367 hodierna
2375 4309 2486 4373 die,
2510 4323 2621 4378 quo
2635 4296 3496 4376 quadraginsimaleinchoamus

1857 4408 2174 4479 jejunium;
2203 4409 2258 4460 et
2284 4404 2632 4458 diversarum
2671 4394 3082 4459 turbationum,
3114 4389 3320 4461 quibus
3361 4403 3492 4457 gra-

1866 4501 2074 4568 dimur,
2106 4500 2436 4568 tempestate
2486 4493 2734 4548 discussa
2757 4532 2772 4557 ,
2812 4484 3221 4542 continentiam
3264 4480 3426 4536 nobis
3463 4498 3497 4534 a

1867 4594 2012 4649 vitiis
2039 4597 2153 4648 tua:
2180 4587 2543 4661 benignitatis
2563 4583 2818 4639 infunde.

2489 4679 2614 4726 Post
2640 4673 2873 4724 nomina.

1937 4755 2261 4812 Uniam'mes
2301 4755 2471 4824 atque
2513 4747 2814 4804 concordes
2843 4743 3144 4799 Dominum
3189 4743 3365 4796 Deum
3391 4756 3496 4794 no-

1868 4858 2068 4920 strum,
2112 4850 2313 4904 fratres
2357 4842 2652 4912 carissimi,
2681 4842 3070 4912 deprecemur,
3112 4840 3176 4891 ut
3209 4833 3498 4907 jejunium

1868 4954 2125 5004 nostrum
2154 4946 2225 5001 sit
2246 4943 2502 5000 remissio
2517 4942 2967 5013 peccatorum,et
2991 4937 3138 4990 dono
3166 4933 3358 5006 gratiae
3383 4948 3497 4986 sure

1867 5041 2298 5114 castigationem
2339 5051 2641 5109 corporum
2676 5033 2960 5106 profectus
2984 5027 3264 5084 mentium
3299 5041 3496 5081 conse-

1868 5142 2133 5211 quantur.
2162 5137 2287 5190 Per.

2528 5200 2604 5251 Ad
2634 5211 2836 5262 pacem.

1937 5279 2156 5353 Jejunia
2181 5281 2396 5345 nostra,
2426 5287 2774 5347 quaesumus,
2801 5266 3057 5336 Domine,
3084 5272 3150 5324 ut
3187 5281 3289 5322 nos
3315 5283 3347 5321 a
3383 5282 3500 5323 rea-

1869 5429 2070 5499 prima,
2101 5431 2204 5499 aut
2231 5425 2320 5480 die
2340 5421 2616 5499 sequenti,
2641 5417 3329 5499 ut_co_njioimus_.N_ecdum
3345 5413 3499 5469 enim

1868 5490 2308 5564 Quadragesima
2333 5490 2469 5549 tunc
2497 5493 2800 5564 incipiebat
2821 5490 2853 5546 a
2876 5491 3016 5564 feria
3037 5493 3074 5564 4
3100 5490 3388 5564 Cinerum.

1940 5576 1972 5624 b
2013 5553 2218 5623 Eadem
2249 5567 2416 5620 lectio
2462 5566 2552 5620 hic
2578 5553 2636 5619 in
2675 5563 3007 5619 Luxoviensi
3034 5556 3409 5621 Lectionario,
3437 5553 3496 5606 in

1869 5659 1980 5711 quo
2007 5639 2275 5694 deficiunt
2299 5654 2364 5692 ea
2387 5654 2515 5710 quae
2538 5637 2823 5709 pertinent
2841 5635 2911 5691 ad
2937 5637 3234 5706 sequentes
3254 5625 3498 5690 Quadra-

1873 5711 2098 5764 gesimae
2127 5709 2264 5764 dies.
2919 5739 2922 5741 >

1873 5727 2098 5783 gesrmae
2127 5727 2264 5764 dies.
2919 5739 2922 5741 ›

1940 5798 1967 5831 c
2006 5782 2216 5836 Eadem
2245 5781 2509 5837 Collectio
2547 5780 2606 5835 in
2651 5777 2853 5835 Missali
2897 5773 3146 5840 Gothico,
3189 5767 3497 5836 eademque

1868 5858 1932 5910 ut
1959 5852 2105 5910 infra
2129 5853 2469 5910 Contestatio
2485 5870 2502 5924 ;
2531 5853 2761 5920 ibidem,
2795 5863 2938 5920 page
2964 5847 3089 5899 2'20.
