  <div class='ocr_page' id='page_1' title='image "/cluster/home/n/w/nwhite01/storage/ocr_20150623/72/hvd.32044054758768/245.png"; bbox 0 0 4036 6188; ppageno 0'>
   <div class='ocr_carea' id='block_1_1' title="bbox 467 271 569 330">
    <p class='ocr_par' dir='ltr' id='par_1_1' title="bbox 467 271 569 330">
     <span class='ocr_line' id='line_1_1' title="bbox 467 271 569 330; baseline 0 -1"><span class='ocrx_word' id='word_1_1' title='bbox 467 271 569 330; x_wconf 71' lang='grc' dir='ltr'><strong>Πθ</strong></span> 
     </span>
    </p>
   </div>
   <div class='ocr_carea' id='block_1_2' title="bbox 467 381 2188 465">
    <p class='ocr_par' dir='ltr' id='par_1_2' title="bbox 467 381 2188 465">
     <span class='ocr_line' id='line_1_2' title="bbox 467 381 2188 465; baseline -0.003 -21"><span class='ocrx_word' id='word_1_2' title='bbox 467 385 618 444; x_wconf 81' lang='lat' dir='ltr'>libus</span> <span class='ocrx_word' id='word_1_3' title='bbox 653 391 976 444; x_wconf 86' lang='lat' dir='ltr'><strong>nostrorum</strong></span> <span class='ocrx_word' id='word_1_4' title='bbox 1027 381 1330 441; x_wconf 86' lang='lat' dir='ltr'><strong>criminum</strong></span> <span class='ocrx_word' id='word_1_5' title='bbox 1375 383 1612 454; x_wconf 90' lang='lat' dir='ltr'><strong>solvant,</strong></span> <span class='ocrx_word' id='word_1_6' title='bbox 1650 386 1707 438; x_wconf 89' lang='lat' dir='ltr'><strong>et</strong></span> <span class='ocrx_word' id='word_1_7' title='bbox 1749 385 1903 438; x_wconf 89' lang='lat' dir='ltr'><strong>tuam</strong></span> <span class='ocrx_word' id='word_1_8' title='bbox 1946 381 2107 438; x_wconf 87' lang='lat' dir='ltr'><strong>nobis</strong></span> <span class='ocrx_word' id='word_1_9' title='bbox 2129 391 2188 465; x_wconf 75' lang='grc' dir='ltr'><strong>Α</strong></span> 
     </span>
    </p>
   </div>
   <div class='ocr_carea' id='block_1_3' title="bbox 463 476 2102 554">
    <p class='ocr_par' dir='ltr' id='par_1_3' title="bbox 463 476 2102 554">
     <span class='ocr_line' id='line_1_3' title="bbox 463 476 2102 554; baseline -0.004 -15"><span class='ocrx_word' id='word_1_10' title='bbox 463 480 746 554; x_wconf 78' lang='lat' dir='ltr'><strong>justitiam</strong></span> <span class='ocrx_word' id='word_1_11' title='bbox 781 481 991 537; x_wconf 80' lang='lat' dir='ltr'><strong>faciant</strong></span> <span class='ocrx_word' id='word_1_12' title='bbox 1031 495 1151 534; x_wconf 87' lang='lat' dir='ltr'><strong>esse</strong></span> <span class='ocrx_word' id='word_1_13' title='bbox 1193 476 1546 549; x_wconf 85' lang='lat' dir='ltr'><strong>placabilem,</strong></span> <span class='ocrx_word' id='word_1_14' title='bbox 1578 480 1634 533; x_wconf 91' lang='lat' dir='ltr'><strong>et</strong></span> <span class='ocrx_word' id='word_1_15' title='bbox 1657 477 1960 533; x_wconf 83' lang='lat' dir='ltr'><strong>concordes</strong></span> <span class='ocrx_word' id='word_1_16' title='bbox 2000 493 2102 533; x_wconf 90' lang='lat' dir='ltr'><strong>nos</strong></span> 
     </span>
    </p>
   </div>
   <div class='ocr_carea' id='block_1_4' title="bbox 470 571 1675 648">
    <p class='ocr_par' dir='ltr' id='par_1_4' title="bbox 470 571 1675 648">
     <span class='ocr_line' id='line_1_4' title="bbox 470 571 1675 648; baseline -0.004 -16"><span class='ocrx_word' id='word_1_17' title='bbox 470 575 695 634; x_wconf 90' lang='lat' dir='ltr'><strong>vinculo</strong></span> <span class='ocrx_word' id='word_1_18' title='bbox 721 591 822 648; x_wconf 90' lang='lat' dir='ltr'><strong>per</strong></span> <span class='ocrx_word' id='word_1_19' title='bbox 845 573 1204 645; x_wconf 82' lang='lat' dir='ltr'><strong>complexum</strong></span> <span class='ocrx_word' id='word_1_20' title='bbox 1229 571 1405 626; x_wconf 89' lang='lat' dir='ltr'><strong>osculi</strong></span> <span class='ocrx_word' id='word_1_21' title='bbox 1429 574 1675 628; x_wconf 89' lang='lat' dir='ltr'><strong>nectant.</strong></span> 
     </span>
    </p>
   </div>
   <div class='ocr_carea' id='block_1_5' title="bbox 1120 664 1456 716">
    <p class='ocr_par' dir='ltr' id='par_1_5' title="bbox 1120 664 1456 716">
     <span class='ocr_line' id='line_1_5' title="bbox 1120 664 1456 716; baseline 0 -2"><span class='ocrx_word' id='word_1_22' title='bbox 1120 664 1456 716; x_wconf 87' lang='lat' dir='ltr'><strong>Contestatio.</strong></span> 
     </span>
    </p>
   </div>
   <div class='ocr_carea' id='block_1_6' title="bbox 541 745 2105 822">
    <p class='ocr_par' dir='ltr' id='par_1_6' title="bbox 541 745 2105 822">
     <span class='ocr_line' id='line_1_6' title="bbox 541 745 2105 822; baseline -0.003 -16"><span class='ocrx_word' id='word_1_23' title='bbox 541 754 678 808; x_wconf 86' lang='lat' dir='ltr'><strong>Vere</strong></span> <span class='ocrx_word' id='word_1_24' title='bbox 709 749 946 822; x_wconf 90' lang='lat' dir='ltr'><strong>dignum</strong></span> <span class='ocrx_word' id='word_1_25' title='bbox 974 752 1030 802; x_wconf 90' lang='lat' dir='ltr'><strong>et</strong></span> <span class='ocrx_word' id='word_1_26' title='bbox 1059 745 1284 818; x_wconf 88' lang='lat' dir='ltr'><strong>justum</strong></span> <span class='ocrx_word' id='word_1_27' title='bbox 1309 751 1394 802; x_wconf 92' lang='lat' dir='ltr'><strong>est</strong></span> <span class='ocrx_word' id='word_1_28' title='bbox 1420 746 1777 818; x_wconf 84' lang='lat' dir='ltr'><strong>omnipotens</strong></span> <span class='ocrx_word' id='word_1_29' title='bbox 1807 746 1968 816; x_wconf 88' lang='lat' dir='ltr'><strong>Deus,</strong></span> <span class='ocrx_word' id='word_1_30' title='bbox 2002 762 2105 818; x_wconf 88' lang='lat' dir='ltr'><strong>per</strong></span> 
     </span>
    </p>
   </div>
   <div class='ocr_carea' id='block_1_7' title="bbox 473 838 2104 905">
    <p class='ocr_par' dir='ltr' id='par_1_7' title="bbox 473 838 2104 905">
     <span class='ocr_line' id='line_1_7' title="bbox 473 838 2104 905; baseline -0.004 -5"><span class='ocrx_word' id='word_1_31' title='bbox 473 843 754 900; x_wconf 85' lang='lat' dir='ltr'><strong>Christum</strong></span> <span class='ocrx_word' id='word_1_32' title='bbox 780 841 1088 896; x_wconf 89' lang='lat' dir='ltr'><strong>Dominum</strong></span> <span class='ocrx_word' id='word_1_33' title='bbox 1113 843 1393 896; x_wconf 90' lang='lat' dir='ltr'><strong>nostrum.</strong></span> <span class='ocrx_word' id='word_1_34' title='bbox 1422 840 1528 905; x_wconf 85' lang='lat' dir='ltr'><strong>Qui</strong></span> <span class='ocrx_word' id='word_1_35' title='bbox 1547 843 1631 896; x_wconf 91' lang='lat' dir='ltr'><strong>est</strong></span> <span class='ocrx_word' id='word_1_36' title='bbox 1649 840 1802 894; x_wconf 89' lang='lat' dir='ltr'><strong>ﬁlius</strong></span> <span class='ocrx_word' id='word_1_37' title='bbox 1828 841 1962 896; x_wconf 90' lang='lat' dir='ltr'><strong>tuus</strong></span> <span class='ocrx_word' id='word_1_38' title='bbox 1983 838 2104 895; x_wconf 87' lang='lat' dir='ltr'><strong>uni-</strong></span> 
     </span>
    </p>
   </div>
   <div class='ocr_carea' id='block_1_8' title="bbox 469 933 2106 1009">
    <p class='ocr_par' dir='ltr' id='par_1_8' title="bbox 469 933 2106 1009">
     <span class='ocr_line' id='line_1_8' title="bbox 469 933 2106 1009; baseline -0.003 -17"><span class='ocrx_word' id='word_1_39' title='bbox 469 937 714 1009; x_wconf 88' lang='lat' dir='ltr'><strong>genitus,</strong></span> <span class='ocrx_word' id='word_1_40' title='bbox 757 951 991 990; x_wconf 90' lang='lat' dir='ltr'><strong>manens</strong></span> <span class='ocrx_word' id='word_1_41' title='bbox 1033 935 1094 990; x_wconf 88' lang='lat' dir='ltr'><strong>in</strong></span> <span class='ocrx_word' id='word_1_42' title='bbox 1125 934 1302 1007; x_wconf 82' lang='lat' dir='ltr'><strong>gloria</strong></span> <span class='ocrx_word' id='word_1_43' title='bbox 1326 937 1443 1004; x_wconf 90' lang='lat' dir='ltr'><strong>tua,</strong></span> <span class='ocrx_word' id='word_1_44' title='bbox 1491 934 1551 989; x_wconf 94' lang='lat' dir='ltr'><strong>in</strong></span> <span class='ocrx_word' id='word_1_45' title='bbox 1586 950 1698 1006; x_wconf 90' lang='lat' dir='ltr'><strong>quo</strong></span> <span class='ocrx_word' id='word_1_46' title='bbox 1717 933 2106 1006; x_wconf 88' lang='lat' dir='ltr'><strong>jejunantium</strong></span> 
     </span>
    </p>
   </div>
   <div class='ocr_carea' id='block_1_9' title="bbox 467 1027 2105 1102">
    <p class='ocr_par' dir='ltr' id='par_1_9' title="bbox 467 1027 2105 1102">
     <span class='ocr_line' id='line_1_9' title="bbox 467 1027 2105 1102; baseline -0.002 -16"><span class='ocrx_word' id='word_1_47' title='bbox 467 1029 606 1086; x_wconf 85' lang='lat' dir='ltr'><strong>ﬁdes</strong></span> <span class='ocrx_word' id='word_1_48' title='bbox 629 1029 820 1100; x_wconf 85' lang='lat' dir='ltr'><strong>alitur,</strong></span> <span class='ocrx_word' id='word_1_49' title='bbox 850 1046 976 1102; x_wconf 83' lang='lat' dir='ltr'><strong>spes</strong></span> <span class='ocrx_word' id='word_1_50' title='bbox 999 1028 1352 1101; x_wconf 86' lang='lat' dir='ltr'><strong>provehitur,</strong></span> <span class='ocrx_word' id='word_1_51' title='bbox 1381 1027 1580 1084; x_wconf 89' lang='lat' dir='ltr'><strong>caritas</strong></span> <span class='ocrx_word' id='word_1_52' title='bbox 1619 1028 1938 1084; x_wconf 84' lang='lat' dir='ltr'><strong>roboratur.</strong></span> <span class='ocrx_word' id='word_1_53' title='bbox 1982 1029 2105 1099; x_wconf 86' lang='lat' dir='ltr'><strong>Ipse</strong></span> 
     </span>
    </p>
   </div>
   <div class='ocr_carea' id='block_1_10' title="bbox 468 1121 2102 1195">
    <p class='ocr_par' dir='ltr' id='par_1_10' title="bbox 468 1121 2102 1195">
     <span class='ocr_line' id='line_1_10' title="bbox 468 1121 2102 1195; baseline -0.003 -15"><span class='ocrx_word' id='word_1_54' title='bbox 468 1127 552 1180; x_wconf 89' lang='lat' dir='ltr'><strong>est</strong></span> <span class='ocrx_word' id='word_1_55' title='bbox 577 1123 730 1180; x_wconf 91' lang='lat' dir='ltr'><strong>enim</strong></span> <span class='ocrx_word' id='word_1_56' title='bbox 755 1123 918 1195; x_wconf 90' lang='lat' dir='ltr'><strong>panis</strong></span> <span class='ocrx_word' id='word_1_57' title='bbox 939 1123 1098 1177; x_wconf 86' lang='lat' dir='ltr'><strong>vivus</strong></span> <span class='ocrx_word' id='word_1_58' title='bbox 1125 1126 1181 1178; x_wconf 90' lang='lat' dir='ltr'><strong>et</strong></span> <span class='ocrx_word' id='word_1_59' title='bbox 1203 1137 1388 1192; x_wconf 89' lang='lat' dir='ltr'><strong>verus,</strong></span> <span class='ocrx_word' id='word_1_60' title='bbox 1413 1121 1510 1194; x_wconf 88' lang='lat' dir='ltr'><strong>qui</strong></span> <span class='ocrx_word' id='word_1_61' title='bbox 1539 1122 1607 1177; x_wconf 92' lang='lat' dir='ltr'><strong>de</strong></span> <span class='ocrx_word' id='word_1_62' title='bbox 1631 1122 1771 1176; x_wconf 67' lang='lat' dir='ltr'><strong>caelo</strong></span> <span class='ocrx_word' id='word_1_63' title='bbox 1793 1121 2102 1188; x_wconf 81' lang='lat' dir='ltr'><strong>descendit,</strong></span> 
     </span>
    </p>
   </div>
   <div class='ocr_carea' id='block_1_11' title="bbox 471 1215 2102 1288">
    <p class='ocr_par' dir='ltr' id='par_1_11' title="bbox 471 1215 2102 1288">
     <span class='ocr_line' id='line_1_11' title="bbox 471 1215 2102 1288; baseline -0.002 -15"><span class='ocrx_word' id='word_1_64' title='bbox 471 1221 526 1274; x_wconf 91' lang='lat' dir='ltr'><strong>et</strong></span> <span class='ocrx_word' id='word_1_65' title='bbox 555 1217 772 1272; x_wconf 84' lang='lat' dir='ltr'><strong>habitat</strong></span> <span class='ocrx_word' id='word_1_66' title='bbox 798 1233 1022 1288; x_wconf 88' lang='lat' dir='ltr'><strong>semper</strong></span> <span class='ocrx_word' id='word_1_67' title='bbox 1047 1216 1106 1270; x_wconf 92' lang='lat' dir='ltr'><strong>in</strong></span> <span class='ocrx_word' id='word_1_68' title='bbox 1133 1216 1291 1283; x_wconf 64' lang='lat' dir='ltr'><strong>caelo,</strong></span> <span class='ocrx_word' id='word_1_69' title='bbox 1320 1215 1420 1287; x_wconf 87' lang='lat' dir='ltr'><strong>qui</strong></span> <span class='ocrx_word' id='word_1_70' title='bbox 1457 1219 1540 1270; x_wconf 88' lang='lat' dir='ltr'><strong>est</strong></span> <span class='ocrx_word' id='word_1_71' title='bbox 1583 1215 1894 1272; x_wconf 80' lang='lat' dir='ltr'><strong>substantia</strong></span> <span class='ocrx_word' id='word_1_72' title='bbox 1938 1217 2102 1270; x_wconf 69' lang='lat' dir='ltr'><strong>aeter-</strong></span> 
     </span>
    </p>
   </div>
   <div class='ocr_carea' id='block_1_12' title="bbox 467 1308 2108 1381">
    <p class='ocr_par' dir='ltr' id='par_1_12' title="bbox 467 1308 2108 1381">
     <span class='ocr_line' id='line_1_12' title="bbox 467 1308 2108 1381; baseline -0.003 -13"><span class='ocrx_word' id='word_1_73' title='bbox 467 1311 676 1381; x_wconf 86' lang='lat' dir='ltr'><strong>nitatis,</strong></span> <span class='ocrx_word' id='word_1_74' title='bbox 702 1315 758 1366; x_wconf 89' lang='lat' dir='ltr'><strong>et</strong></span> <span class='ocrx_word' id='word_1_75' title='bbox 783 1327 906 1366; x_wconf 90' lang='lat' dir='ltr'><strong>esca</strong></span> <span class='ocrx_word' id='word_1_76' title='bbox 923 1309 1164 1365; x_wconf 87' lang='lat' dir='ltr'><strong>virtutis.</strong></span> <span class='ocrx_word' id='word_1_77' title='bbox 1181 1309 1430 1364; x_wconf 86' lang='lat' dir='ltr'><strong>Verbum</strong></span> <span class='ocrx_word' id='word_1_78' title='bbox 1449 1309 1604 1364; x_wconf 90' lang='lat' dir='ltr'><strong>enim</strong></span> <span class='ocrx_word' id='word_1_79' title='bbox 1627 1313 1810 1380; x_wconf 91' lang='lat' dir='ltr'><strong>tuum,</strong></span> <span class='ocrx_word' id='word_1_80' title='bbox 1833 1324 1936 1380; x_wconf 91' lang='lat' dir='ltr'><strong>per</strong></span> <span class='ocrx_word' id='word_1_81' title='bbox 1955 1308 2108 1380; x_wconf 90' lang='lat' dir='ltr'><strong>quod</strong></span> 
     </span>
    </p>
   </div>
   <div class='ocr_carea' id='block_1_13' title="bbox 466 1401 2104 1474">
    <p class='ocr_par' dir='ltr' id='par_1_13' title="bbox 466 1401 2104 1474">
     <span class='ocr_line' id='line_1_13' title="bbox 466 1401 2104 1474; baseline -0.003 -12"><span class='ocrx_word' id='word_1_82' title='bbox 466 1406 611 1462; x_wconf 84' lang='lat' dir='ltr'><strong>facta</strong></span> <span class='ocrx_word' id='word_1_83' title='bbox 639 1409 773 1460; x_wconf 88' lang='lat' dir='ltr'><strong>sunt</strong></span> <span class='ocrx_word' id='word_1_84' title='bbox 797 1404 1010 1474; x_wconf 86' lang='lat' dir='ltr'><strong>omnia,</strong></span> <span class='ocrx_word' id='word_1_85' title='bbox 1038 1419 1154 1458; x_wconf 92' lang='lat' dir='ltr'><strong>non</strong></span> <span class='ocrx_word' id='word_1_86' title='bbox 1179 1404 1360 1458; x_wconf 90' lang='lat' dir='ltr'><strong>solum</strong></span> <span class='ocrx_word' id='word_1_87' title='bbox 1399 1404 1780 1458; x_wconf 86' lang='lat' dir='ltr'><strong>humanarum</strong></span> <span class='ocrx_word' id='word_1_88' title='bbox 1803 1401 2104 1471; x_wconf 87' lang='lat' dir='ltr'><strong>mentium,</strong></span> 
     </span>
    </p>
   </div>
   <div class='ocr_carea' id='block_1_14' title="bbox 469 1497 2106 1569">
    <p class='ocr_par' dir='ltr' id='par_1_14' title="bbox 469 1497 2106 1569">
     <span class='ocr_line' id='line_1_14' title="bbox 469 1497 2106 1569; baseline -0.002 -15"><span class='ocrx_word' id='word_1_89' title='bbox 469 1499 566 1554; x_wconf 88' lang='lat' dir='ltr'><strong>sed</strong></span> <span class='ocrx_word' id='word_1_90' title='bbox 593 1503 649 1553; x_wconf 91' lang='lat' dir='ltr'><strong>et</strong></span> <span class='ocrx_word' id='word_1_91' title='bbox 690 1498 946 1569; x_wconf 90' lang='lat' dir='ltr'><strong>ipsorum</strong></span> <span class='ocrx_word' id='word_1_92' title='bbox 990 1513 1214 1569; x_wconf 92' lang='lat' dir='ltr'><strong>quoque</strong></span> <span class='ocrx_word' id='word_1_93' title='bbox 1240 1497 1402 1568; x_wconf 88' lang='lat' dir='ltr'><strong>panis</strong></span> <span class='ocrx_word' id='word_1_94' title='bbox 1433 1501 1517 1552; x_wconf 90' lang='lat' dir='ltr'><strong>est</strong></span> <span class='ocrx_word' id='word_1_95' title='bbox 1546 1497 1900 1568; x_wconf 83' lang='lat' dir='ltr'><strong>angelorum.</strong></span> <span class='ocrx_word' id='word_1_96' title='bbox 1931 1497 2106 1566; x_wconf 86' lang='lat' dir='ltr'><strong>Hujus</strong></span> 
     </span>
    </p>
   </div>
   <div class='ocr_carea' id='block_1_15' title="bbox 467 1589 2108 1664">
    <p class='ocr_par' dir='ltr' id='par_1_15' title="bbox 467 1589 2108 1664">
     <span class='ocr_line' id='line_1_15' title="bbox 467 1589 2108 1664; baseline -0.002 -17"><span class='ocrx_word' id='word_1_97' title='bbox 467 1591 630 1664; x_wconf 91' lang='lat' dir='ltr'><strong>panis</strong></span> <span class='ocrx_word' id='word_1_98' title='bbox 678 1592 946 1646; x_wconf 88' lang='lat' dir='ltr'><strong>alimento</strong></span> <span class='ocrx_word' id='word_1_99' title='bbox 991 1593 1202 1663; x_wconf 84' lang='lat' dir='ltr'><strong>Moyses</strong></span> <span class='ocrx_word' id='word_1_100' title='bbox 1246 1590 1494 1645; x_wconf 89' lang='lat' dir='ltr'><strong>famulus</strong></span> <span class='ocrx_word' id='word_1_101' title='bbox 1540 1594 1673 1644; x_wconf 92' lang='lat' dir='ltr'><strong>tuus</strong></span> <span class='ocrx_word' id='word_1_102' title='bbox 1730 1589 2108 1662; x_wconf 82' lang='lat' dir='ltr'><strong>quadraginta</strong></span> 
     </span>
    </p>
   </div>
   <div class='ocr_carea' id='block_1_16' title="bbox 468 1683 2109 1756">
    <p class='ocr_par' dir='ltr' id='par_1_16' title="bbox 468 1683 2109 1756">
     <span class='ocr_line' id='line_1_16' title="bbox 468 1683 2109 1756; baseline -0.001 -16"><span class='ocrx_word' id='word_1_103' title='bbox 468 1685 664 1741; x_wconf 91' lang='lat' dir='ltr'><strong>diebus</strong></span> <span class='ocrx_word' id='word_1_104' title='bbox 693 1689 750 1740; x_wconf 92' lang='lat' dir='ltr'><strong>et</strong></span> <span class='ocrx_word' id='word_1_105' title='bbox 793 1683 1050 1740; x_wconf 88' lang='lat' dir='ltr'><strong>noctibus</strong></span> <span class='ocrx_word' id='word_1_106' title='bbox 1093 1686 1280 1756; x_wconf 83' lang='lat' dir='ltr'><strong>legem</strong></span> <span class='ocrx_word' id='word_1_107' title='bbox 1323 1683 1600 1754; x_wconf 90' lang='lat' dir='ltr'><strong>accipiens</strong></span> <span class='ocrx_word' id='word_1_108' title='bbox 1637 1683 1913 1754; x_wconf 83' lang='lat' dir='ltr'><strong>jejunavit</strong></span> <span class='ocrx_word' id='word_1_109' title='bbox 1938 1723 1952 1750; x_wconf 90' lang='lat'><strong>,</strong></span> <span class='ocrx_word' id='word_1_110' title='bbox 1985 1687 2041 1738; x_wconf 91' lang='lat' dir='ltr'><strong>et</strong></span> <span class='ocrx_word' id='word_1_111' title='bbox 2076 1700 2109 1738; x_wconf 88' lang='lat' dir='ltr'><strong>a</strong></span> 
     </span>
    </p>
   </div>
   <div class='ocr_carea' id='block_1_17' title="bbox 1353 225 2974 330">
    <p class='ocr_par' dir='ltr' id='par_1_17' title="bbox 1353 225 2974 330">
     <span class='ocr_line' id='line_1_17' title="bbox 1353 225 2974 330; baseline 0.002 -6"><span class='ocrx_word' id='word_1_112' title='bbox 1353 268 1690 325; x_wconf 78' lang='lat' dir='ltr'><strong>APPENDIX</strong></span> <span class='ocrx_word' id='word_1_113' title='bbox 1733 268 1818 324; x_wconf 85' lang='lat' dir='ltr'><strong>AD</strong></span> <span class='ocrx_word' id='word_1_114' title='bbox 1857 267 2081 325; x_wconf 76' lang='lat' dir='ltr'><strong>OPERA</strong></span> <span class='ocrx_word' id='word_1_115' title='bbox 2117 269 2172 324; x_wconf 90' lang='lat' dir='ltr'><strong>S.</strong></span> <span class='ocrx_word' id='word_1_116' title='bbox 2213 269 2512 328; x_wconf 75' lang='lat' dir='ltr'><strong>GERMANI</strong></span> <span class='ocrx_word' id='word_1_117' title='bbox 2548 225 2974 330; x_wconf 47' lang='lat' dir='ltr'><strong>PABJDIENSIS.</strong></span> 
     </span>
    </p>
   </div>
   <div class='ocr_carea' id='block_1_18' title="bbox 3735 279 3852 334">
    <p class='ocr_par' dir='ltr' id='par_1_18' title="bbox 3735 279 3852 334">
     <span class='ocr_line' id='line_1_18' title="bbox 3735 279 3852 334; baseline 0.017 -2"><span class='ocrx_word' id='word_1_118' title='bbox 3735 279 3852 334; x_wconf 73' lang='grc'><strong>480</strong></span> 
     </span>
    </p>
   </div>
   <div class='ocr_carea' id='block_1_19' title="bbox 2819 400 3230 444">
    <p class='ocr_par' dir='ltr' id='par_1_19' title="bbox 2819 400 3230 444">
     <span class='ocr_line' id='line_1_19' title="bbox 2819 400 3230 444; baseline -0.005 -2"><span class='ocrx_word' id='word_1_119' title='bbox 2819 401 3018 442; x_wconf 78' lang='lat' dir='ltr'><strong>INCIPIT</strong></span> <span class='ocrx_word' id='word_1_120' title='bbox 3054 400 3230 444; x_wconf 68' lang='lat' dir='ltr'><strong>MISSA.</strong></span> 
     </span>
    </p>
   </div>
   <div class='ocr_carea' id='block_1_20' title="bbox 2272 488 3848 562">
    <p class='ocr_par' dir='ltr' id='par_1_20' title="bbox 2272 488 3848 562">
     <span class='ocr_line' id='line_1_20' title="bbox 2272 488 3848 562; baseline 0.001 -18"><span class='ocrx_word' id='word_1_121' title='bbox 2272 488 2299 528; x_wconf 78' lang='grc' dir='ltr'>ἀ</span> <span class='ocrx_word' id='word_1_122' title='bbox 2337 489 2705 562; x_wconf 83' lang='lat' dir='ltr'><strong>Omnipotens</strong></span> <span class='ocrx_word' id='word_1_123' title='bbox 2735 489 3078 562; x_wconf 79' lang='lat' dir='ltr'><strong>sempiterna</strong></span> <span class='ocrx_word' id='word_1_124' title='bbox 3105 491 3270 560; x_wconf 89' lang='lat' dir='ltr'><strong>Deus,</strong></span> <span class='ocrx_word' id='word_1_125' title='bbox 3305 490 3404 562; x_wconf 90' lang='lat' dir='ltr'><strong>qui</strong></span> <span class='ocrx_word' id='word_1_126' title='bbox 3447 489 3614 546; x_wconf 90' lang='lat' dir='ltr'><strong>nobis</strong></span> <span class='ocrx_word' id='word_1_127' title='bbox 3651 489 3712 546; x_wconf 93' lang='lat' dir='ltr'><strong>in</strong></span> <span class='ocrx_word' id='word_1_128' title='bbox 3737 490 3848 547; x_wconf 88' lang='lat' dir='ltr'><strong>ob-</strong></span> 
     </span>
    </p>
   </div>
   <div class='ocr_carea' id='block_1_21' title="bbox 2203 583 3850 657">
    <p class='ocr_par' dir='ltr' id='par_1_21' title="bbox 2203 583 3850 657">
     <span class='ocr_line' id='line_1_21' title="bbox 2203 583 3850 657; baseline 0.003 -20"><span class='ocrx_word' id='word_1_129' title='bbox 2203 583 2513 640; x_wconf 88' lang='lat' dir='ltr'><strong>servatione</strong></span> <span class='ocrx_word' id='word_1_130' title='bbox 2531 584 2740 656; x_wconf 86' lang='lat' dir='ltr'><strong>jejunii</strong></span> <span class='ocrx_word' id='word_1_131' title='bbox 2763 587 2819 640; x_wconf 92' lang='lat' dir='ltr'><strong>et</strong></span> <span class='ocrx_word' id='word_1_132' title='bbox 2839 583 3330 656; x_wconf 84' lang='lat' dir='ltr'><strong>eleemosynarum</strong></span> <span class='ocrx_word' id='word_1_133' title='bbox 3347 584 3582 654; x_wconf 86' lang='lat' dir='ltr'><strong>semine,</strong></span> <span class='ocrx_word' id='word_1_134' title='bbox 3605 583 3850 657; x_wconf 84' lang='lat' dir='ltr'><strong>posuisti</strong></span> 
     </span>
    </p>
   </div>
   <div class='ocr_carea' id='block_1_22' title="bbox 2111 678 3854 750">
    <p class='ocr_par' dir='ltr' id='par_1_22' title="bbox 2111 678 3854 750">
     <span class='ocr_line' id='line_1_22' title="bbox 2111 678 3854 750; baseline 0.002 -20"><span class='ocrx_word' id='word_1_135' title='bbox 2111 717 2126 729; x_wconf 93' lang='lat'><strong>.</strong></span> <span class='ocrx_word' id='word_1_136' title='bbox 2201 679 2525 732; x_wconf 90' lang='lat' dir='ltr'><strong>nostrorum</strong></span> <span class='ocrx_word' id='word_1_137' title='bbox 2578 678 2828 734; x_wconf 88' lang='lat' dir='ltr'><strong>remedia</strong></span> <span class='ocrx_word' id='word_1_138' title='bbox 2881 682 3264 750; x_wconf 86' lang='lat' dir='ltr'><strong>peccatorum,</strong></span> <span class='ocrx_word' id='word_1_139' title='bbox 3317 678 3582 746; x_wconf 89' lang='lat' dir='ltr'><strong>concede,</strong></span> <span class='ocrx_word' id='word_1_140' title='bbox 3625 694 3854 750; x_wconf 61' lang='lat' dir='ltr'><strong>quasu-</strong></span> 
     </span>
    </p>
   </div>
   <div class='ocr_carea' id='block_1_23' title="bbox 2203 771 3852 844">
    <p class='ocr_par' dir='ltr' id='par_1_23' title="bbox 2203 771 3852 844">
     <span class='ocr_line' id='line_1_23' title="bbox 2203 771 3852 844; baseline 0.002 -19"><span class='ocrx_word' id='word_1_141' title='bbox 2203 787 2350 840; x_wconf 91' lang='lat' dir='ltr'><strong>mus,</strong></span> <span class='ocrx_word' id='word_1_142' title='bbox 2379 787 2486 828; x_wconf 89' lang='lat' dir='ltr'><strong>nos</strong></span> <span class='ocrx_word' id='word_1_143' title='bbox 2510 787 2678 844; x_wconf 88' lang='lat' dir='ltr'><strong>opere</strong></span> <span class='ocrx_word' id='word_1_144' title='bbox 2719 771 2926 828; x_wconf 88' lang='lat' dir='ltr'><strong>mentis</strong></span> <span class='ocrx_word' id='word_1_145' title='bbox 2961 777 3018 827; x_wconf 91' lang='lat' dir='ltr'><strong>et</strong></span> <span class='ocrx_word' id='word_1_146' title='bbox 3043 771 3291 843; x_wconf 90' lang='lat' dir='ltr'><strong>corporis</strong></span> <span class='ocrx_word' id='word_1_147' title='bbox 3329 787 3552 844; x_wconf 90' lang='lat' dir='ltr'><strong>semper</strong></span> <span class='ocrx_word' id='word_1_148' title='bbox 3577 771 3685 827; x_wconf 90' lang='lat' dir='ltr'><strong>tibi</strong></span> <span class='ocrx_word' id='word_1_149' title='bbox 3725 788 3852 828; x_wconf 84' lang='lat' dir='ltr'><strong>esse</strong></span> 
     </span>
    </p>
   </div>
   <div class='ocr_carea' id='block_1_24' title="bbox 2205 865 2451 921">
    <p class='ocr_par' dir='ltr' id='par_1_24' title="bbox 2205 865 2451 921">
     <span class='ocr_line' id='line_1_24' title="bbox 2205 865 2451 921; baseline 0 -1"><span class='ocrx_word' id='word_1_150' title='bbox 2205 865 2451 921; x_wconf 88' lang='lat' dir='ltr'><strong>devotos.</strong></span> 
     </span>
    </p>
   </div>
   <div class='ocr_carea' id='block_1_25' title="bbox 2887 935 3155 987">
    <p class='ocr_par' dir='ltr' id='par_1_25' title="bbox 2887 935 3155 987">
     <span class='ocr_line' id='line_1_25' title="bbox 2887 935 3155 987; baseline 0.004 -1"><span class='ocrx_word' id='word_1_151' title='bbox 2887 935 3155 987; x_wconf 87' lang='lat' dir='ltr'><strong>Collectio.</strong></span> 
     </span>
    </p>
   </div>
   <div class='ocr_carea' id='block_1_26' title="bbox 2275 1030 3852 1104">
    <p class='ocr_par' dir='ltr' id='par_1_26' title="bbox 2275 1030 3852 1104">
     <span class='ocr_line' id='line_1_26' title="bbox 2275 1030 3852 1104; baseline -0.001 -16"><span class='ocrx_word' id='word_1_152' title='bbox 2275 1035 2440 1101; x_wconf 90' lang='lat' dir='ltr'><strong>Deus,</strong></span> <span class='ocrx_word' id='word_1_153' title='bbox 2473 1031 2573 1104; x_wconf 89' lang='lat' dir='ltr'><strong>qui</strong></span> <span class='ocrx_word' id='word_1_154' title='bbox 2617 1031 2689 1087; x_wconf 86' lang='lat' dir='ltr'><strong>ad</strong></span> <span class='ocrx_word' id='word_1_155' title='bbox 2735 1030 3056 1088; x_wconf 88' lang='lat' dir='ltr'><strong>animarum</strong></span> <span class='ocrx_word' id='word_1_156' title='bbox 3094 1031 3398 1088; x_wconf 89' lang='lat' dir='ltr'><strong>medellam</strong></span> <span class='ocrx_word' id='word_1_157' title='bbox 3431 1031 3644 1103; x_wconf 85' lang='lat' dir='ltr'><strong>jejunii</strong></span> <span class='ocrx_word' id='word_1_158' title='bbox 3683 1031 3852 1088; x_wconf 85' lang='lat' dir='ltr'><strong>devo-</strong></span> 
     </span>
    </p>
   </div>
   <div class='ocr_carea' id='block_1_27' title="bbox 2205 1129 3854 1203">
    <p class='ocr_par' dir='ltr' id='par_1_27' title="bbox 2205 1129 3854 1203">
     <span class='ocr_line' id='line_1_27' title="bbox 2205 1129 3854 1203; baseline -0.001 -16"><span class='ocrx_word' id='word_1_159' title='bbox 2205 1131 2355 1187; x_wconf 84' lang='lat' dir='ltr'><strong>tione</strong></span> <span class='ocrx_word' id='word_1_160' title='bbox 2381 1129 2654 1201; x_wconf 88' lang='lat' dir='ltr'><strong>castigare</strong></span> <span class='ocrx_word' id='word_1_161' title='bbox 2681 1147 2914 1202; x_wconf 90' lang='lat' dir='ltr'><strong>corpora</strong></span> <span class='ocrx_word' id='word_1_162' title='bbox 2939 1130 3288 1203; x_wconf 73' lang='lat' dir='ltr'><strong>praecepisti,</strong></span> <span class='ocrx_word' id='word_1_163' title='bbox 3323 1129 3563 1185; x_wconf 90' lang='lat' dir='ltr'><strong>concede</strong></span> <span class='ocrx_word' id='word_1_164' title='bbox 3583 1172 3596 1199; x_wconf 90' lang='lat'><strong>,</strong></span> <span class='ocrx_word' id='word_1_165' title='bbox 3627 1145 3854 1201; x_wconf 82' lang='lat' dir='ltr'><strong>quaesu-</strong></span> 
     </span>
    </p>
   </div>
   <div class='ocr_carea' id='block_1_28' title="bbox 2205 1223 3854 1296">
    <p class='ocr_par' dir='ltr' id='par_1_28' title="bbox 2205 1223 3854 1296">
     <span class='ocr_line' id='line_1_28' title="bbox 2205 1223 3854 1296; baseline -0.001 -16"><span class='ocrx_word' id='word_1_166' title='bbox 2205 1241 2352 1295; x_wconf 91' lang='lat' dir='ltr'><strong>mus,</strong></span> <span class='ocrx_word' id='word_1_167' title='bbox 2371 1228 2436 1281; x_wconf 92' lang='lat' dir='ltr'><strong>ut</strong></span> <span class='ocrx_word' id='word_1_168' title='bbox 2461 1224 2633 1280; x_wconf 88' lang='lat' dir='ltr'><strong>corda</strong></span> <span class='ocrx_word' id='word_1_169' title='bbox 2657 1227 2848 1279; x_wconf 90' lang='lat' dir='ltr'><strong>nostra</strong></span> <span class='ocrx_word' id='word_1_170' title='bbox 2875 1224 2951 1279; x_wconf 90' lang='lat' dir='ltr'><strong>ita</strong></span> <span class='ocrx_word' id='word_1_171' title='bbox 2973 1224 3198 1296; x_wconf 82' lang='lat' dir='ltr'><strong>pietatis</strong></span> <span class='ocrx_word' id='word_1_172' title='bbox 3209 1227 3324 1279; x_wconf 63' lang='lat' dir='ltr'><strong>tua:</strong></span> <span class='ocrx_word' id='word_1_173' title='bbox 3343 1223 3562 1279; x_wconf 81' lang='lat' dir='ltr'><strong>valeant</strong></span> <span class='ocrx_word' id='word_1_174' title='bbox 3584 1239 3854 1280; x_wconf 80' lang='lat' dir='ltr'><strong>exercere</strong></span> 
     </span>
    </p>
   </div>
   <div class='ocr_carea' id='block_1_29' title="bbox 2205 1317 3850 1389">
    <p class='ocr_par' dir='ltr' id='par_1_29' title="bbox 2205 1317 3850 1389">
     <span class='ocr_line' id='line_1_29' title="bbox 2205 1317 3850 1389; baseline -0.001 -15"><span class='ocrx_word' id='word_1_175' title='bbox 2205 1318 2470 1374; x_wconf 85' lang='lat' dir='ltr'><strong>mandata</strong></span> <span class='ocrx_word' id='word_1_176' title='bbox 2492 1359 2506 1384; x_wconf 93' lang='lat'><strong>,</strong></span> <span class='ocrx_word' id='word_1_177' title='bbox 2557 1322 2836 1389; x_wconf 85' lang='lat' dir='ltr'><strong>quatenus</strong></span> <span class='ocrx_word' id='word_1_178' title='bbox 2867 1317 2937 1373; x_wconf 85' lang='lat' dir='ltr'><strong>ab</strong></span> <span class='ocrx_word' id='word_1_179' title='bbox 2987 1318 3250 1373; x_wconf 89' lang='lat' dir='ltr'><strong>omnibus</strong></span> <span class='ocrx_word' id='word_1_180' title='bbox 3295 1333 3517 1388; x_wconf 88' lang='lat' dir='ltr'><strong>semper</strong></span> <span class='ocrx_word' id='word_1_181' title='bbox 3563 1318 3850 1389; x_wconf 85' lang='lat' dir='ltr'><strong>possimus</strong></span> 
     </span>
    </p>
   </div>
   <div class='ocr_carea' id='block_1_30' title="bbox 2205 1411 2790 1483">
    <p class='ocr_par' dir='ltr' id='par_1_30' title="bbox 2205 1411 2790 1483">
     <span class='ocr_line' id='line_1_30' title="bbox 2205 1411 2790 1483; baseline 0.002 -17"><span class='ocrx_word' id='word_1_182' title='bbox 2205 1413 2500 1468; x_wconf 87' lang='lat' dir='ltr'><strong>abstenere</strong></span> <span class='ocrx_word' id='word_1_183' title='bbox 2529 1411 2790 1483; x_wconf 81' lang='lat' dir='ltr'><strong>peccatis.</strong></span> 
     </span>
    </p>
   </div>
   <div class='ocr_carea' id='block_1_31' title="bbox 2825 1517 3213 1568">
    <p class='ocr_par' dir='ltr' id='par_1_31' title="bbox 2825 1517 3213 1568">
     <span class='ocr_line' id='line_1_31' title="bbox 2825 1517 3213 1568; baseline -0.005 -1"><span class='ocrx_word' id='word_1_184' title='bbox 2825 1518 2948 1568; x_wconf 87' lang='lat' dir='ltr'><strong>Post</strong></span> <span class='ocrx_word' id='word_1_185' title='bbox 2981 1517 3213 1567; x_wconf 87' lang='lat' dir='ltr'><strong>nomina.</strong></span> 
     </span>
    </p>
   </div>
   <div class='ocr_carea' id='block_1_32' title="bbox 2277 1611 3851 1685">
    <p class='ocr_par' dir='ltr' id='par_1_32' title="bbox 2277 1611 3851 1685">
     <span class='ocr_line' id='line_1_32' title="bbox 2277 1611 3851 1685; baseline -0.001 -16"><span class='ocrx_word' id='word_1_186' title='bbox 2277 1615 2442 1684; x_wconf 91' lang='lat' dir='ltr'><strong>Deus,</strong></span> <span class='ocrx_word' id='word_1_187' title='bbox 2477 1613 2732 1668; x_wconf 90' lang='lat' dir='ltr'><strong>omnium</strong></span> <span class='ocrx_word' id='word_1_188' title='bbox 2757 1613 2851 1685; x_wconf 91' lang='lat' dir='ltr'><strong>pie</strong></span> <span class='ocrx_word' id='word_1_189' title='bbox 2873 1613 2950 1684; x_wconf 89' lang='lat' dir='ltr'><strong>jej</strong></span> <span class='ocrx_word' id='word_1_190' title='bbox 2960 1613 3258 1668; x_wconf 89' lang='lat' dir='ltr'><strong>unantium</strong></span> <span class='ocrx_word' id='word_1_191' title='bbox 3281 1627 3424 1684; x_wconf 90' lang='lat' dir='ltr'><strong>spes,</strong></span> <span class='ocrx_word' id='word_1_192' title='bbox 3453 1613 3620 1680; x_wconf 90' lang='lat' dir='ltr'><strong>salus,</strong></span> <span class='ocrx_word' id='word_1_193' title='bbox 3646 1611 3851 1685; x_wconf 81' lang='lat' dir='ltr'><strong>gloria,</strong></span> 
     </span>
    </p>
   </div>
   <div class='ocr_carea' id='block_1_33' title="bbox 2205 1706 3856 1780">
    <p class='ocr_par' dir='ltr' id='par_1_33' title="bbox 2205 1706 3856 1780">
     <span class='ocr_line' id='line_1_33' title="bbox 2205 1706 3856 1780; baseline -0.001 -17"><span class='ocrx_word' id='word_1_194' title='bbox 2205 1712 2410 1780; x_wconf 67' lang='lat' dir='ltr'><strong>pransta</strong></span> <span class='ocrx_word' id='word_1_195' title='bbox 2433 1711 2500 1762; x_wconf 93' lang='lat' dir='ltr'><strong>ut</strong></span> <span class='ocrx_word' id='word_1_196' title='bbox 2527 1707 2791 1778; x_wconf 85' lang='lat' dir='ltr'><strong>imposita</strong></span> <span class='ocrx_word' id='word_1_197' title='bbox 2830 1707 3104 1763; x_wconf 85' lang='lat' dir='ltr'><strong>altaribus</strong></span> <span class='ocrx_word' id='word_1_198' title='bbox 3128 1706 3240 1762; x_wconf 89' lang='lat' dir='ltr'><strong>tuis</strong></span> <span class='ocrx_word' id='word_1_199' title='bbox 3268 1723 3510 1762; x_wconf 89' lang='lat' dir='ltr'><strong>munera</strong></span> <span class='ocrx_word' id='word_1_200' title='bbox 3529 1749 3543 1774; x_wconf 88' lang='lat'><strong>,</strong></span> <span class='ocrx_word' id='word_1_201' title='bbox 3575 1723 3706 1779; x_wconf 72' lang='lat' dir='ltr'><strong>quas</strong></span> <span class='ocrx_word' id='word_1_202' title='bbox 3743 1723 3856 1778; x_wconf 89' lang='lat' dir='ltr'><strong>pro</strong></span> 
     </span>
    </p>
   </div>
   <div class='ocr_carea' id='block_1_34' title="bbox 469 1768 3853 1873">
    <p class='ocr_par' dir='ltr' id='par_1_34' title="bbox 469 1768 3853 1873">
     <span class='ocr_line' id='line_1_34' title="bbox 469 1768 3853 1873; baseline -0.001 -39"><span class='ocrx_word' id='word_1_203' title='bbox 469 1778 788 1834; x_wconf 87' lang='lat' dir='ltr'><strong>carnalibus</strong></span> <span class='ocrx_word' id='word_1_204' title='bbox 835 1777 990 1847; x_wconf 90' lang='lat' dir='ltr'><strong>cibis,</strong></span> <span class='ocrx_word' id='word_1_205' title='bbox 1039 1781 1100 1832; x_wconf 92' lang='lat' dir='ltr'><strong>ut</strong></span> <span class='ocrx_word' id='word_1_206' title='bbox 1147 1781 1262 1832; x_wconf 66' lang='lat' dir='ltr'><strong>tuae</strong></span> <span class='ocrx_word' id='word_1_207' title='bbox 1309 1776 1596 1832; x_wconf 85' lang='lat' dir='ltr'><strong>suavitatis</strong></span> <span class='ocrx_word' id='word_1_208' title='bbox 1637 1775 1914 1873; x_wconf 13' lang='lat' dir='ltr'><strong>capacior,</strong></span> <span class='ocrx_word' id='word_1_209' title='bbox 1938 1780 2103 1873; x_wconf 83' lang='lat' dir='ltr'><strong>esset,</strong></span> <span class='ocrx_word' id='word_1_210' title='bbox 2127 1768 2183 1841; x_wconf 91' lang='lat' dir='ltr'><strong>B</strong></span> <span class='ocrx_word' id='word_1_211' title='bbox 2206 1768 2413 1858; x_wconf 34' lang='lat' dir='ltr'><strong>gastris</strong></span> <span class='ocrx_word' id='word_1_212' title='bbox 2439 1768 2882 1873; x_wconf 47' lang='lat' dir='ltr'><strong>nostrgrumque</strong></span> <span class='ocrx_word' id='word_1_213' title='bbox 2910 1801 3153 1873; x_wconf 64' lang='lat' dir='ltr'><strong>peccatis</strong></span> <span class='ocrx_word' id='word_1_214' title='bbox 3179 1801 3364 1856; x_wconf 55' lang='lat' dir='ltr'><strong>studio</strong></span> <span class='ocrx_word' id='word_1_215' title='bbox 3393 1801 3503 1872; x_wconf 57' lang='lat' dir='ltr'><strong>pia,</strong></span> <span class='ocrx_word' id='word_1_216' title='bbox 3531 1768 3853 1856; x_wconf 54' lang='grc' dir='ltr'><strong>άθςγοίίδηίε</strong></span> 
     </span>
    </p>
   </div>
   <div class='ocr_carea' id='block_1_35' title="bbox 469 1869 2107 1941">
    <p class='ocr_par' dir='ltr' id='par_1_35' title="bbox 469 1869 2107 1941">
     <span class='ocr_line' id='line_1_35' title="bbox 469 1869 2107 1941; baseline -0.002 -14"><span class='ocrx_word' id='word_1_217' title='bbox 469 1872 770 1938; x_wconf 89' lang='lat' dir='ltr'><strong>abstenuit,</strong></span> <span class='ocrx_word' id='word_1_218' title='bbox 802 1871 870 1926; x_wconf 91' lang='lat' dir='ltr'><strong>de</strong></span> <span class='ocrx_word' id='word_1_219' title='bbox 895 1870 1064 1925; x_wconf 90' lang='lat' dir='ltr'><strong>verbo</strong></span> <span class='ocrx_word' id='word_1_220' title='bbox 1099 1873 1200 1925; x_wconf 91' lang='lat' dir='ltr'><strong>tuo</strong></span> <span class='ocrx_word' id='word_1_221' title='bbox 1225 1870 1416 1926; x_wconf 87' lang='lat' dir='ltr'><strong>vivens</strong></span> <span class='ocrx_word' id='word_1_222' title='bbox 1454 1887 1467 1924; x_wconf 91' lang='lat'><strong>:</strong></span> <span class='ocrx_word' id='word_1_223' title='bbox 1510 1871 1670 1941; x_wconf 88' lang='lat' dir='ltr'><strong>cujus</strong></span> <span class='ocrx_word' id='word_1_224' title='bbox 1697 1869 1994 1925; x_wconf 90' lang='lat' dir='ltr'><strong>dulcedine</strong></span> <span class='ocrx_word' id='word_1_225' title='bbox 2023 1869 2107 1924; x_wconf 91' lang='lat' dir='ltr'><strong>vi-</strong></span> 
     </span>
    </p>
   </div>
   <div class='ocr_carea' id='block_1_36' title="bbox 471 1962 2109 2036">
    <p class='ocr_par' dir='ltr' id='par_1_36' title="bbox 471 1962 2109 2036">
     <span class='ocr_line' id='line_1_36' title="bbox 471 1962 2109 2036; baseline -0.001 -17"><span class='ocrx_word' id='word_1_226' title='bbox 471 1963 632 2019; x_wconf 84' lang='lat' dir='ltr'><strong>vebat</strong></span> <span class='ocrx_word' id='word_1_227' title='bbox 659 1965 720 2019; x_wconf 93' lang='lat' dir='ltr'><strong>in</strong></span> <span class='ocrx_word' id='word_1_228' title='bbox 746 1963 966 2036; x_wconf 90' lang='lat' dir='ltr'><strong>spiritu,</strong></span> <span class='ocrx_word' id='word_1_229' title='bbox 999 1967 1054 2018; x_wconf 89' lang='lat' dir='ltr'><strong>et</strong></span> <span class='ocrx_word' id='word_1_230' title='bbox 1095 1965 1282 2021; x_wconf 90' lang='lat' dir='ltr'><strong>lucem</strong></span> <span class='ocrx_word' id='word_1_231' title='bbox 1306 1962 1614 2035; x_wconf 90' lang='lat' dir='ltr'><strong>accipiebat</strong></span> <span class='ocrx_word' id='word_1_232' title='bbox 1653 1963 1712 2018; x_wconf 91' lang='lat' dir='ltr'><strong>in</strong></span> <span class='ocrx_word' id='word_1_233' title='bbox 1741 1964 1921 2018; x_wconf 79' lang='lat' dir='ltr'><strong>Vultu.</strong></span> <span class='ocrx_word' id='word_1_234' title='bbox 1950 1963 2109 2019; x_wconf 90' lang='lat' dir='ltr'><strong>Unde</strong></span> 
     </span>
    </p>
   </div>
   <div class='ocr_carea' id='block_1_37' title="bbox 471 2057 2110 2128">
    <p class='ocr_par' dir='ltr' id='par_1_37' title="bbox 471 2057 2110 2128">
     <span class='ocr_line' id='line_1_37' title="bbox 471 2057 2110 2128; baseline -0.001 -15"><span class='ocrx_word' id='word_1_235' title='bbox 471 2075 576 2113; x_wconf 90' lang='lat' dir='ltr'><strong>nec</strong></span> <span class='ocrx_word' id='word_1_236' title='bbox 604 2057 814 2112; x_wconf 88' lang='lat' dir='ltr'><strong>famem</strong></span> <span class='ocrx_word' id='word_1_237' title='bbox 844 2057 1096 2128; x_wconf 88' lang='lat' dir='ltr'><strong>corporis</strong></span> <span class='ocrx_word' id='word_1_238' title='bbox 1122 2057 1314 2127; x_wconf 88' lang='lat' dir='ltr'><strong>sensit,</strong></span> <span class='ocrx_word' id='word_1_239' title='bbox 1339 2061 1396 2112; x_wconf 92' lang='lat' dir='ltr'><strong>et</strong></span> <span class='ocrx_word' id='word_1_240' title='bbox 1419 2061 1776 2112; x_wconf 84' lang='lat' dir='ltr'><strong>terrenarum</strong></span> <span class='ocrx_word' id='word_1_241' title='bbox 1795 2062 1878 2113; x_wconf 91' lang='lat' dir='ltr'><strong>est</strong></span> <span class='ocrx_word' id='word_1_242' title='bbox 1904 2057 2110 2112; x_wconf 88' lang='lat' dir='ltr'><strong>oblitus</strong></span> 
     </span>
    </p>
   </div>
   <div class='ocr_carea' id='block_1_38' title="bbox 471 2149 2210 2223">
    <p class='ocr_par' dir='ltr' id='par_1_38' title="bbox 471 2149 2210 2223">
     <span class='ocr_line' id='line_1_38' title="bbox 471 2149 2210 2223; baseline -0.001 -16"><span class='ocrx_word' id='word_1_243' title='bbox 471 2168 756 2221; x_wconf 86' lang='lat' dir='ltr'><strong>escarum;</strong></span> <span class='ocrx_word' id='word_1_244' title='bbox 786 2151 918 2223; x_wconf 86' lang='lat' dir='ltr'><strong>quia</strong></span> <span class='ocrx_word' id='word_1_245' title='bbox 932 2151 1095 2206; x_wconf 89' lang='lat' dir='ltr'><strong>illum</strong></span> <span class='ocrx_word' id='word_1_246' title='bbox 1124 2151 1320 2222; x_wconf 71' lang='lat' dir='ltr'><strong>gloriae</strong></span> <span class='ocrx_word' id='word_1_247' title='bbox 1332 2155 1446 2206; x_wconf 68' lang='lat' dir='ltr'><strong>tuas</strong></span> <span class='ocrx_word' id='word_1_248' title='bbox 1462 2149 1804 2206; x_wconf 84' lang='lat' dir='ltr'><strong>clariﬁcabat</strong></span> <span class='ocrx_word' id='word_1_249' title='bbox 1828 2155 2106 2223; x_wconf 88' lang='lat' dir='ltr'><strong>aspectus,</strong></span> <span class='ocrx_word' id='word_1_250' title='bbox 2202 2189 2210 2195; x_wconf 82' lang='lat'>-</span> 
     </span>
    </p>
   </div>
   <div class='ocr_carea' id='block_1_39' title="bbox 473 2244 2106 2316">
    <p class='ocr_par' dir='ltr' id='par_1_39' title="bbox 473 2244 2106 2316">
     <span class='ocr_line' id='line_1_39' title="bbox 473 2244 2106 2316; baseline -0.001 -16"><span class='ocrx_word' id='word_1_251' title='bbox 473 2249 530 2301; x_wconf 91' lang='lat' dir='ltr'><strong>et</strong></span> <span class='ocrx_word' id='word_1_252' title='bbox 553 2245 827 2300; x_wconf 87' lang='lat' dir='ltr'><strong>inﬂuente</strong></span> <span class='ocrx_word' id='word_1_253' title='bbox 853 2244 1054 2316; x_wconf 86' lang='lat' dir='ltr'><strong>spiritu</strong></span> <span class='ocrx_word' id='word_1_254' title='bbox 1073 2245 1172 2300; x_wconf 89' lang='lat' dir='ltr'><strong>Dei</strong></span> <span class='ocrx_word' id='word_1_255' title='bbox 1186 2261 1371 2300; x_wconf 89' lang='lat' dir='ltr'><strong>sermo</strong></span> <span class='ocrx_word' id='word_1_256' title='bbox 1393 2244 1674 2315; x_wconf 91' lang='lat' dir='ltr'><strong>pascebat.</strong></span> <span class='ocrx_word' id='word_1_257' title='bbox 1701 2246 1857 2299; x_wconf 82' lang='lat' dir='ltr'><strong>Hunc</strong></span> <span class='ocrx_word' id='word_1_258' title='bbox 1877 2260 2106 2315; x_wconf 87' lang='lat' dir='ltr'><strong>panem,</strong></span> 
     </span>
    </p>
   </div>
   <div class='ocr_carea' id='block_1_40' title="bbox 471 2337 2112 2410">
    <p class='ocr_par' dir='ltr' id='par_1_40' title="bbox 471 2337 2112 2410">
     <span class='ocr_line' id='line_1_40' title="bbox 471 2337 2112 2410; baseline -0.001 -16"><span class='ocrx_word' id='word_1_259' title='bbox 471 2339 726 2408; x_wconf 89' lang='lat' dir='ltr'><strong>Domine,</strong></span> <span class='ocrx_word' id='word_1_260' title='bbox 775 2338 936 2394; x_wconf 91' lang='lat' dir='ltr'><strong>nobis</strong></span> <span class='ocrx_word' id='word_1_261' title='bbox 987 2337 1308 2394; x_wconf 90' lang='lat' dir='ltr'><strong>ministrare</strong></span> <span class='ocrx_word' id='word_1_262' title='bbox 1345 2353 1462 2392; x_wconf 91' lang='lat' dir='ltr'><strong>non</strong></span> <span class='ocrx_word' id='word_1_263' title='bbox 1514 2337 1735 2392; x_wconf 90' lang='lat' dir='ltr'><strong>desinas</strong></span> <span class='ocrx_word' id='word_1_264' title='bbox 1764 2380 1776 2404; x_wconf 95' lang='lat'><strong>,</strong></span> <span class='ocrx_word' id='word_1_265' title='bbox 1818 2354 1990 2410; x_wconf 90' lang='lat' dir='ltr'><strong>quem</strong></span> <span class='ocrx_word' id='word_1_266' title='bbox 2047 2342 2112 2393; x_wconf 94' lang='lat' dir='ltr'><strong>ut</strong></span> 
     </span>
    </p>
   </div>
   <div class='ocr_carea' id='block_1_41' title="bbox 473 2431 2111 2488">
    <p class='ocr_par' dir='ltr' id='par_1_41' title="bbox 473 2431 2111 2488">
     <span class='ocr_line' id='line_1_41' title="bbox 473 2431 2111 2488; baseline 0 -2"><span class='ocrx_word' id='word_1_267' title='bbox 473 2431 726 2487; x_wconf 89' lang='lat' dir='ltr'><strong>sitiamus</strong></span> <span class='ocrx_word' id='word_1_268' title='bbox 751 2437 776 2466; x_wconf 80' lang='grc' dir='ltr'>ι</span> <span class='ocrx_word' id='word_1_269' title='bbox 801 2431 1186 2488; x_wconf 90' lang='lat' dir='ltr'><strong>indesinenter</strong></span> <span class='ocrx_word' id='word_1_270' title='bbox 1224 2431 1467 2486; x_wconf 89' lang='lat' dir='ltr'><strong>hortaris</strong></span> <span class='ocrx_word' id='word_1_271' title='bbox 1499 2447 1512 2485; x_wconf 90' lang='lat'>:</span> <span class='ocrx_word' id='word_1_272' title='bbox 1551 2447 1712 2487; x_wconf 78' lang='lat' dir='ltr'><strong>cmus</strong></span> <span class='ocrx_word' id='word_1_273' title='bbox 1754 2448 1928 2487; x_wconf 61' lang='lat' dir='ltr'><strong>canus</strong></span> <span class='ocrx_word' id='word_1_274' title='bbox 1968 2449 2002 2487; x_wconf 76' lang='grc' dir='ltr'>Α</span> <span class='ocrx_word' id='word_1_275' title='bbox 2046 2449 2111 2486; x_wconf 77' lang='lat' dir='ltr'><strong>ra</strong></span> 
     </span>
    </p>
   </div>
   <div class='ocr_carea' id='block_1_42' title="bbox 473 2525 2112 2594">
    <p class='ocr_par' dir='ltr' id='par_1_42' title="bbox 473 2525 2112 2594">
     <span class='ocr_line' id='line_1_42' title="bbox 473 2525 2112 2594; baseline -0.002 -12"><span class='ocrx_word' id='word_1_276' title='bbox 473 2542 586 2582; x_wconf 80' lang='lat' dir='ltr'><strong>IPSO</strong></span> <span class='ocrx_word' id='word_1_277' title='bbox 647 2541 1022 2582; x_wconf 73' lang='lat' dir='ltr'><strong>SANCTIFICATA</strong></span> <span class='ocrx_word' id='word_1_278' title='bbox 1085 2543 1196 2580; x_wconf 75' lang='lat' dir='ltr'><strong>nun</strong></span> <span class='ocrx_word' id='word_1_279' title='bbox 1261 2541 1552 2592; x_wconf 60' lang='lat' dir='ltr'><strong>pascmua,</strong></span> <span class='ocrx_word' id='word_1_280' title='bbox 1611 2525 1980 2594; x_wconf 89' lang='lat' dir='ltr'><strong>roboramur;</strong></span> <span class='ocrx_word' id='word_1_281' title='bbox 2049 2543 2112 2579; x_wconf 82' lang='lat' dir='ltr'><strong>ET</strong></span> 
     </span>
    </p>
   </div>
   <div class='ocr_carea' id='block_1_43' title="bbox 474 2617 2113 2690">
    <p class='ocr_par' dir='ltr' id='par_1_43' title="bbox 474 2617 2113 2690">
     <span class='ocr_line' id='line_1_43' title="bbox 474 2617 2113 2690; baseline 0 -16"><span class='ocrx_word' id='word_1_282' title='bbox 474 2635 744 2675; x_wconf 66' lang='lat' dir='ltr'><strong>sanemus</strong></span> <span class='ocrx_word' id='word_1_283' title='bbox 807 2636 916 2674; x_wconf 74' lang='lat' dir='ltr'><strong>nun</strong></span> <span class='ocrx_word' id='word_1_284' title='bbox 983 2635 1259 2687; x_wconf 75' lang='lat' dir='ltr'><strong>POTAMUR,</strong></span> <span class='ocrx_word' id='word_1_285' title='bbox 1312 2617 1620 2688; x_wconf 89' lang='lat' dir='ltr'><strong>abluimur,</strong></span> <span class='ocrx_word' id='word_1_286' title='bbox 1673 2636 1776 2690; x_wconf 91' lang='lat' dir='ltr'><strong>per</strong></span> <span class='ocrx_word' id='word_1_287' title='bbox 1826 2619 2113 2676; x_wconf 88' lang='lat' dir='ltr'><strong>Christum</strong></span> 
     </span>
    </p>
   </div>
   <div class='ocr_carea' id='block_1_44' title="bbox 477 2712 1087 2770">
    <p class='ocr_par' dir='ltr' id='par_1_44' title="bbox 477 2712 1087 2770">
     <span class='ocr_line' id='line_1_44' title="bbox 477 2712 1087 2770; baseline 0.003 -4"><span class='ocrx_word' id='word_1_288' title='bbox 477 2712 782 2770; x_wconf 90' lang='lat' dir='ltr'><strong>Dominum</strong></span> <span class='ocrx_word' id='word_1_289' title='bbox 807 2717 1087 2769; x_wconf 89' lang='lat' dir='ltr'><strong>nostrum.</strong></span> 
     </span>
    </p>
   </div>
   <div class='ocr_carea' id='block_1_45' title="bbox 999 2838 1574 2880">
    <p class='ocr_par' dir='ltr' id='par_1_45' title="bbox 999 2838 1574 2880">
     <span class='ocr_line' id='line_1_45' title="bbox 999 2838 1574 2880; baseline 0 -3"><span class='ocrx_word' id='word_1_290' title='bbox 999 2840 1122 2878; x_wconf 76' lang='lat' dir='ltr'><strong>ITEM</strong></span> <span class='ocrx_word' id='word_1_291' title='bbox 1165 2839 1319 2880; x_wconf 77' lang='lat' dir='ltr'><strong>MISSA</strong></span> <span class='ocrx_word' id='word_1_292' title='bbox 1355 2838 1574 2880; x_wconf 76' lang='lat' dir='ltr'><strong>JEJUNII.</strong></span> 
     </span>
    </p>
   </div>
   <div class='ocr_carea' id='block_1_46' title="bbox 477 2914 2110 2980">
    <p class='ocr_par' dir='ltr' id='par_1_46' title="bbox 477 2914 2110 2980">
     <span class='ocr_line' id='line_1_46' title="bbox 477 2914 2110 2980; baseline 0.001 -14"><span class='ocrx_word' id='word_1_293' title='bbox 477 2915 707 2980; x_wconf 84' lang='lat' dir='ltr'><strong>Epistola</strong></span> <span class='ocrx_word' id='word_1_294' title='bbox 723 2915 868 2966; x_wconf 86' lang='lat' dir='ltr'><strong>Pauli</strong></span> <span class='ocrx_word' id='word_1_295' title='bbox 880 2916 1099 2980; x_wconf 85' lang='lat' dir='ltr'><strong>apostoli</strong></span> <span class='ocrx_word' id='word_1_296' title='bbox 1117 2915 1181 2966; x_wconf 89' lang='lat' dir='ltr'><strong>ad</strong></span> <span class='ocrx_word' id='word_1_297' title='bbox 1198 2915 1508 2977; x_wconf 88' lang='lat' dir='ltr'><strong>Corinthios,</strong></span> <span class='ocrx_word' id='word_1_298' title='bbox 1524 2914 1748 2980; x_wconf 88' lang='lat' dir='ltr'><strong>legenda</strong></span> <span class='ocrx_word' id='word_1_299' title='bbox 1767 2915 1820 2966; x_wconf 89' lang='lat' dir='ltr'><strong>in</strong></span> <span class='ocrx_word' id='word_1_300' title='bbox 1833 2917 1860 2966; x_wconf 90' lang='lat' dir='ltr'>J</span> <span class='ocrx_word' id='word_1_301' title='bbox 1865 2915 1908 2979; x_wconf 91' lang='lat' dir='ltr'><strong>ej</strong></span> <span class='ocrx_word' id='word_1_302' title='bbox 1917 2916 2037 2966; x_wconf 90' lang='lat' dir='ltr'><strong>unio</strong></span> <span class='ocrx_word' id='word_1_303' title='bbox 2066 2919 2110 2967; x_wconf 76' lang='grc' dir='ltr'><strong>ι).</strong></span> 
     </span>
    </p>
   </div>
   <div class='ocr_carea' id='block_1_47' title="bbox 548 3001 2113 3072">
    <p class='ocr_par' dir='ltr' id='par_1_47' title="bbox 548 3001 2113 3072">
     <span class='ocr_line' id='line_1_47' title="bbox 548 3001 2113 3072; baseline 0.001 -17"><span class='ocrx_word' id='word_1_304' title='bbox 548 3001 788 3070; x_wconf 87' lang='lat' dir='ltr'><strong>Fratres,</strong></span> <span class='ocrx_word' id='word_1_305' title='bbox 815 3001 1057 3056; x_wconf 89' lang='lat' dir='ltr'><strong>libenter</strong></span> <span class='ocrx_word' id='word_1_306' title='bbox 1083 3001 1348 3071; x_wconf 80' lang='lat' dir='ltr'><strong>suffertis,</strong></span> <span class='ocrx_word' id='word_1_307' title='bbox 1365 3001 1672 3057; x_wconf 89' lang='lat' dir='ltr'><strong>secundum</strong></span> <span class='ocrx_word' id='word_1_308' title='bbox 1695 3001 2113 3072; x_wconf 88' lang='lat' dir='ltr'><strong>ignobilitatem</strong></span> 
     </span>
    </p>
   </div>
   <div class='ocr_carea' id='block_1_48' title="bbox 478 3092 2107 3167">
    <p class='ocr_par' dir='ltr' id='par_1_48' title="bbox 478 3092 2107 3167">
     <span class='ocr_line' id='line_1_48' title="bbox 478 3092 2107 3167; baseline 0.002 -19"><span class='ocrx_word' id='word_1_309' title='bbox 478 3093 622 3162; x_wconf 92' lang='lat' dir='ltr'><strong>dico,</strong></span> <span class='ocrx_word' id='word_1_310' title='bbox 655 3092 814 3164; x_wconf 87' lang='lat' dir='ltr'><strong>quasi</strong></span> <span class='ocrx_word' id='word_1_311' title='bbox 837 3109 940 3148; x_wconf 90' lang='lat' dir='ltr'><strong>nos</strong></span> <span class='ocrx_word' id='word_1_312' title='bbox 965 3093 1180 3149; x_wconf 80' lang='lat' dir='ltr'><strong>infirmi</strong></span> <span class='ocrx_word' id='word_1_313' title='bbox 1203 3093 1498 3164; x_wconf 90' lang='lat' dir='ltr'><strong>fuerimus,</strong></span> <span class='ocrx_word' id='word_1_314' title='bbox 1531 3094 1590 3148; x_wconf 93' lang='lat' dir='ltr'><strong>in</strong></span> <span class='ocrx_word' id='word_1_315' title='bbox 1621 3111 1733 3166; x_wconf 83' lang='lat' dir='ltr'><strong>quo</strong></span> <span class='ocrx_word' id='word_1_316' title='bbox 1762 3095 1887 3167; x_wconf 87' lang='lat' dir='ltr'><strong>quis</strong></span> <span class='ocrx_word' id='word_1_317' title='bbox 1917 3096 2107 3166; x_wconf 88' lang='lat' dir='ltr'><strong>audet,</strong></span> 
     </span>
    </p>
   </div>
   <div class='ocr_carea' id='block_1_49' title="bbox 477 3185 2112 3260">
    <p class='ocr_par' dir='ltr' id='par_1_49' title="bbox 477 3185 2112 3260">
     <span class='ocr_line' id='line_1_49' title="bbox 477 3185 2112 3260; baseline 0.002 -18"><span class='ocrx_word' id='word_1_318' title='bbox 477 3187 538 3242; x_wconf 89' lang='lat' dir='ltr'><strong>in</strong></span> <span class='ocrx_word' id='word_1_319' title='bbox 563 3185 888 3258; x_wconf 88' lang='lat' dir='ltr'><strong>insipientia</strong></span> <span class='ocrx_word' id='word_1_320' title='bbox 929 3187 1072 3257; x_wconf 92' lang='lat' dir='ltr'><strong>dico,</strong></span> <span class='ocrx_word' id='word_1_321' title='bbox 1121 3187 1300 3243; x_wconf 88' lang='lat' dir='ltr'><strong>audeo</strong></span> <span class='ocrx_word' id='word_1_322' title='bbox 1342 3189 1398 3242; x_wconf 88' lang='lat' dir='ltr'><strong>et</strong></span> <span class='ocrx_word' id='word_1_323' title='bbox 1433 3203 1559 3258; x_wconf 93' lang='lat' dir='ltr'><strong>ego.</strong></span> <span class='ocrx_word' id='word_1_324' title='bbox 1601 3187 1822 3242; x_wconf 70' lang='lat' dir='ltr'><strong>Hebraai</strong></span> <span class='ocrx_word' id='word_1_325' title='bbox 1865 3193 2016 3260; x_wconf 88' lang='lat' dir='ltr'><strong>sunt,</strong></span> <span class='ocrx_word' id='word_1_326' title='bbox 2055 3192 2112 3245; x_wconf 90' lang='lat' dir='ltr'><strong>et</strong></span> 
     </span>
    </p>
   </div>
   <div class='ocr_carea' id='block_1_50' title="bbox 477 3280 2106 3354">
    <p class='ocr_par' dir='ltr' id='par_1_50' title="bbox 477 3280 2106 3354">
     <span class='ocr_line' id='line_1_50' title="bbox 477 3280 2106 3354; baseline 0.002 -18"><span class='ocrx_word' id='word_1_327' title='bbox 477 3296 583 3352; x_wconf 86' lang='lat' dir='ltr'><strong>ego</strong></span> <span class='ocrx_word' id='word_1_328' title='bbox 612 3297 625 3335; x_wconf 93' lang='lat'>:</span> <span class='ocrx_word' id='word_1_329' title='bbox 657 3280 960 3336; x_wconf 83' lang='lat' dir='ltr'><strong>Israhelitae</strong></span> <span class='ocrx_word' id='word_1_330' title='bbox 991 3285 1158 3350; x_wconf 91' lang='lat' dir='ltr'><strong>sunt,</strong></span> <span class='ocrx_word' id='word_1_331' title='bbox 1189 3285 1244 3336; x_wconf 87' lang='lat' dir='ltr'><strong>et</strong></span> <span class='ocrx_word' id='word_1_332' title='bbox 1269 3297 1375 3352; x_wconf 88' lang='lat' dir='ltr'><strong>ego</strong></span> <span class='ocrx_word' id='word_1_333' title='bbox 1406 3298 1419 3335; x_wconf 93' lang='lat'>:</span> <span class='ocrx_word' id='word_1_334' title='bbox 1462 3296 1656 3336; x_wconf 90' lang='lat' dir='ltr'><strong>semen</strong></span> <span class='ocrx_word' id='word_1_335' title='bbox 1686 3281 1926 3337; x_wconf 74' lang='lat' dir='ltr'><strong>Abrahae</strong></span> <span class='ocrx_word' id='word_1_336' title='bbox 1957 3287 2106 3354; x_wconf 90' lang='lat' dir='ltr'><strong>sunt,</strong></span> 
     </span>
    </p>
   </div>
   <div class='ocr_carea' id='block_1_51' title="bbox 476 3373 2104 3447">
    <p class='ocr_par' dir='ltr' id='par_1_51' title="bbox 476 3373 2104 3447">
     <span class='ocr_line' id='line_1_51' title="bbox 476 3373 2104 3447; baseline 0.001 -17"><span class='ocrx_word' id='word_1_337' title='bbox 476 3377 532 3430; x_wconf 87' lang='lat' dir='ltr'><strong>et</strong></span> <span class='ocrx_word' id='word_1_338' title='bbox 561 3391 667 3446; x_wconf 89' lang='lat' dir='ltr'><strong>ego</strong></span> <span class='ocrx_word' id='word_1_339' title='bbox 697 3392 710 3428; x_wconf 89' lang='lat'><strong>:</strong></span> <span class='ocrx_word' id='word_1_340' title='bbox 740 3373 984 3428; x_wconf 87' lang='lat' dir='ltr'><strong>ministri</strong></span> <span class='ocrx_word' id='word_1_341' title='bbox 1004 3373 1212 3430; x_wconf 88' lang='lat' dir='ltr'><strong>Christi</strong></span> <span class='ocrx_word' id='word_1_342' title='bbox 1236 3379 1388 3442; x_wconf 88' lang='lat' dir='ltr'><strong>sunt,</strong></span> <span class='ocrx_word' id='word_1_343' title='bbox 1407 3379 1471 3429; x_wconf 91' lang='lat' dir='ltr'><strong>ut</strong></span> <span class='ocrx_word' id='word_1_344' title='bbox 1497 3375 1690 3429; x_wconf 89' lang='lat' dir='ltr'><strong>minus</strong></span> <span class='ocrx_word' id='word_1_345' title='bbox 1709 3375 1932 3447; x_wconf 90' lang='lat' dir='ltr'><strong>sapiens</strong></span> <span class='ocrx_word' id='word_1_346' title='bbox 1955 3377 2104 3447; x_wconf 84' lang='lat' dir='ltr'><strong>dico,</strong></span> 
     </span>
    </p>
   </div>
   <div class='ocr_carea' id='block_1_52' title="bbox 473 3467 2106 3540">
    <p class='ocr_par' dir='ltr' id='par_1_52' title="bbox 473 3467 2106 3540">
     <span class='ocr_line' id='line_1_52' title="bbox 473 3467 2106 3540; baseline 0.002 -18"><span class='ocrx_word' id='word_1_347' title='bbox 473 3469 601 3540; x_wconf 91' lang='lat' dir='ltr'><strong>plus</strong></span> <span class='ocrx_word' id='word_1_348' title='bbox 630 3485 737 3540; x_wconf 92' lang='lat' dir='ltr'><strong>ego</strong></span> <span class='ocrx_word' id='word_1_349' title='bbox 766 3486 778 3524; x_wconf 91' lang='lat'>:</span> <span class='ocrx_word' id='word_1_350' title='bbox 809 3468 868 3522; x_wconf 92' lang='lat' dir='ltr'><strong>in</strong></span> <span class='ocrx_word' id='word_1_351' title='bbox 892 3467 1182 3523; x_wconf 88' lang='lat' dir='ltr'><strong>laboribus</strong></span> <span class='ocrx_word' id='word_1_352' title='bbox 1205 3468 1560 3539; x_wconf 90' lang='lat' dir='ltr'><strong>plurimis,in</strong></span> <span class='ocrx_word' id='word_1_353' title='bbox 1591 3469 1906 3525; x_wconf 89' lang='lat' dir='ltr'><strong>carceribus</strong></span> <span class='ocrx_word' id='word_1_354' title='bbox 1925 3469 2106 3525; x_wconf 89' lang='lat' dir='ltr'><strong>abun-</strong></span> 
     </span>
    </p>
   </div>
   <div class='ocr_carea' id='block_1_53' title="bbox 473 3561 2108 3636">
    <p class='ocr_par' dir='ltr' id='par_1_53' title="bbox 473 3561 2108 3636">
     <span class='ocr_line' id='line_1_53' title="bbox 473 3561 2108 3636; baseline 0.001 -19"><span class='ocrx_word' id='word_1_355' title='bbox 473 3563 718 3630; x_wconf 89' lang='lat' dir='ltr'><strong>dantius,</strong></span> <span class='ocrx_word' id='word_1_356' title='bbox 734 3562 795 3617; x_wconf 92' lang='lat' dir='ltr'><strong>in</strong></span> <span class='ocrx_word' id='word_1_357' title='bbox 810 3561 996 3634; x_wconf 90' lang='lat' dir='ltr'><strong>plagis</strong></span> <span class='ocrx_word' id='word_1_358' title='bbox 1016 3578 1189 3634; x_wconf 88' lang='lat' dir='ltr'><strong>supra</strong></span> <span class='ocrx_word' id='word_1_359' title='bbox 1205 3563 1463 3632; x_wconf 90' lang='lat' dir='ltr'><strong>modum,</strong></span> <span class='ocrx_word' id='word_1_360' title='bbox 1483 3562 1539 3616; x_wconf 88' lang='lat' dir='ltr'><strong>in</strong></span> <span class='ocrx_word' id='word_1_361' title='bbox 1554 3563 1831 3618; x_wconf 90' lang='lat' dir='ltr'><strong>mortibus</strong></span> <span class='ocrx_word' id='word_1_362' title='bbox 1845 3563 2108 3636; x_wconf 90' lang='lat' dir='ltr'><strong>frequen-</strong></span> 
     </span>
    </p>
   </div>
   <div class='ocr_carea' id='block_1_54' title="bbox 473 3655 2110 3728">
    <p class='ocr_par' dir='ltr' id='par_1_54' title="bbox 473 3655 2110 3728">
     <span class='ocr_line' id='line_1_54' title="bbox 473 3655 2110 3728; baseline 0.001 -18"><span class='ocrx_word' id='word_1_363' title='bbox 473 3659 577 3710; x_wconf 87' lang='lat' dir='ltr'><strong>ter.</strong></span> <span class='ocrx_word' id='word_1_364' title='bbox 627 3659 670 3710; x_wconf 85' lang='lat' dir='ltr'><strong>A</strong></span> <span class='ocrx_word' id='word_1_365' title='bbox 714 3655 922 3710; x_wconf 75' lang='lat' dir='ltr'><strong>Iudaeis</strong></span> <span class='ocrx_word' id='word_1_366' title='bbox 951 3655 1294 3728; x_wconf 90' lang='lat' dir='ltr'><strong>quinquenis</strong></span> <span class='ocrx_word' id='word_1_367' title='bbox 1335 3657 1726 3728; x_wconf 86' lang='lat' dir='ltr'><strong>quadragenas</strong></span> <span class='ocrx_word' id='word_1_368' title='bbox 1763 3674 1881 3712; x_wconf 90' lang='lat' dir='ltr'><strong>una</strong></span> <span class='ocrx_word' id='word_1_369' title='bbox 1921 3657 2110 3713; x_wconf 91' lang='lat' dir='ltr'><strong>minus</strong></span> 
     </span>
    </p>
   </div>
   <div class='ocr_carea' id='block_1_55' title="bbox 469 3747 2107 3822">
    <p class='ocr_par' dir='ltr' id='par_1_55' title="bbox 469 3747 2107 3822">
     <span class='ocr_line' id='line_1_55' title="bbox 469 3747 2107 3822; baseline 0.003 -21"><span class='ocrx_word' id='word_1_370' title='bbox 469 3747 682 3818; x_wconf 90' lang='lat' dir='ltr'><strong>accepi.</strong></span> <span class='ocrx_word' id='word_1_371' title='bbox 728 3749 834 3802; x_wconf 90' lang='lat' dir='ltr'><strong>Ter</strong></span> <span class='ocrx_word' id='word_1_372' title='bbox 859 3748 1034 3820; x_wconf 87' lang='lat' dir='ltr'><strong>virgis</strong></span> <span class='ocrx_word' id='word_1_373' title='bbox 1062 3766 1237 3803; x_wconf 65' lang='lat' dir='ltr'><strong>caesus</strong></span> <span class='ocrx_word' id='word_1_374' title='bbox 1266 3766 1421 3818; x_wconf 91' lang='lat' dir='ltr'><strong>sum,</strong></span> <span class='ocrx_word' id='word_1_375' title='bbox 1451 3751 1626 3806; x_wconf 88' lang='lat' dir='ltr'><strong>semel</strong></span> <span class='ocrx_word' id='word_1_376' title='bbox 1651 3750 1933 3822; x_wconf 86' lang='lat' dir='ltr'><strong>lapidatus</strong></span> <span class='ocrx_word' id='word_1_377' title='bbox 1961 3768 2107 3820; x_wconf 89' lang='lat' dir='ltr'><strong>sum,</strong></span> 
     </span>
    </p>
   </div>
   <div class='ocr_carea' id='block_1_56' title="bbox 473 3839 2111 3914">
    <p class='ocr_par' dir='ltr' id='par_1_56' title="bbox 473 3839 2111 3914">
     <span class='ocr_line' id='line_1_56' title="bbox 473 3839 2111 3914; baseline 0.004 -20"><span class='ocrx_word' id='word_1_378' title='bbox 473 3843 561 3895; x_wconf 90' lang='lat' dir='ltr'><strong>ter</strong></span> <span class='ocrx_word' id='word_1_379' title='bbox 589 3839 950 3911; x_wconf 77' lang='lat' dir='ltr'><strong>naufragium</strong></span> <span class='ocrx_word' id='word_1_380' title='bbox 975 3841 1104 3910; x_wconf 91' lang='lat' dir='ltr'><strong>feci,</strong></span> <span class='ocrx_word' id='word_1_381' title='bbox 1136 3845 1300 3896; x_wconf 91' lang='lat' dir='ltr'><strong>nocte</strong></span> <span class='ocrx_word' id='word_1_382' title='bbox 1327 3847 1383 3897; x_wconf 90' lang='lat' dir='ltr'><strong>et</strong></span> <span class='ocrx_word' id='word_1_383' title='bbox 1411 3843 1501 3898; x_wconf 92' lang='lat' dir='ltr'><strong>die</strong></span> <span class='ocrx_word' id='word_1_384' title='bbox 1530 3843 1589 3898; x_wconf 92' lang='lat' dir='ltr'><strong>in</strong></span> <span class='ocrx_word' id='word_1_385' title='bbox 1621 3844 1908 3914; x_wconf 92' lang='lat' dir='ltr'><strong>profundo</strong></span> <span class='ocrx_word' id='word_1_386' title='bbox 1939 3845 2111 3900; x_wconf 89' lang='lat' dir='ltr'><strong>maris</strong></span> 
     </span>
    </p>
   </div>
   <div class='ocr_carea' id='block_1_57' title="bbox 473 3931 2110 4010">
    <p class='ocr_par' dir='ltr' id='par_1_57' title="bbox 473 3931 2110 4010">
     <span class='ocr_line' id='line_1_57' title="bbox 473 3931 2110 4010; baseline 0.004 -23"><span class='ocrx_word' id='word_1_387' title='bbox 473 3931 575 3990; x_wconf 89' lang='lat' dir='ltr'><strong>fui.</strong></span> <span class='ocrx_word' id='word_1_388' title='bbox 607 3933 668 3986; x_wconf 86' lang='lat' dir='ltr'><strong>In</strong></span> <span class='ocrx_word' id='word_1_389' title='bbox 697 3932 995 3988; x_wconf 90' lang='lat' dir='ltr'><strong>itineribus</strong></span> <span class='ocrx_word' id='word_1_390' title='bbox 1024 3950 1192 4004; x_wconf 80' lang='lat' dir='ltr'><strong>saepe,</strong></span> <span class='ocrx_word' id='word_1_391' title='bbox 1211 3935 1472 4004; x_wconf 89' lang='lat' dir='ltr'><strong>periculis</strong></span> <span class='ocrx_word' id='word_1_392' title='bbox 1498 3935 1822 4008; x_wconf 90' lang='lat' dir='ltr'><strong>ﬂuminum,</strong></span> <span class='ocrx_word' id='word_1_393' title='bbox 1844 3939 2110 4010; x_wconf 89' lang='lat' dir='ltr'><strong>periculis</strong></span> 
     </span>
    </p>
   </div>
   <div class='ocr_carea' id='block_1_58' title="bbox 475 4025 2108 4103">
    <p class='ocr_par' dir='ltr' id='par_1_58' title="bbox 475 4025 2108 4103">
     <span class='ocr_line' id='line_1_58' title="bbox 475 4025 2108 4103; baseline 0.004 -24"><span class='ocrx_word' id='word_1_394' title='bbox 475 4025 779 4096; x_wconf 89' lang='lat' dir='ltr'><strong>latronum,</strong></span> <span class='ocrx_word' id='word_1_395' title='bbox 807 4025 1072 4097; x_wconf 89' lang='lat' dir='ltr'><strong>periculis</strong></span> <span class='ocrx_word' id='word_1_396' title='bbox 1100 4042 1168 4082; x_wconf 86' lang='lat' dir='ltr'><strong>ex</strong></span> <span class='ocrx_word' id='word_1_397' title='bbox 1192 4043 1419 4098; x_wconf 89' lang='lat' dir='ltr'><strong>genere,</strong></span> <span class='ocrx_word' id='word_1_398' title='bbox 1441 4029 1709 4100; x_wconf 90' lang='lat' dir='ltr'><strong>periculis</strong></span> <span class='ocrx_word' id='word_1_399' title='bbox 1735 4047 1804 4086; x_wconf 84' lang='lat' dir='ltr'><strong>ex</strong></span> <span class='ocrx_word' id='word_1_400' title='bbox 1826 4031 2108 4103; x_wconf 84' lang='lat' dir='ltr'><strong>gentibus,</strong></span> 
     </span>
    </p>
   </div>
   <div class='ocr_carea' id='block_1_59' title="bbox 473 4117 2111 4196">
    <p class='ocr_par' dir='ltr' id='par_1_59' title="bbox 473 4117 2111 4196">
     <span class='ocr_line' id='line_1_59' title="bbox 473 4117 2111 4196; baseline 0.004 -22"><span class='ocrx_word' id='word_1_401' title='bbox 473 4118 740 4191; x_wconf 90' lang='lat' dir='ltr'><strong>periculis</strong></span> <span class='ocrx_word' id='word_1_402' title='bbox 763 4118 823 4173; x_wconf 91' lang='lat' dir='ltr'><strong>in</strong></span> <span class='ocrx_word' id='word_1_403' title='bbox 851 4117 1096 4190; x_wconf 87' lang='lat' dir='ltr'><strong>civitate,</strong></span> <span class='ocrx_word' id='word_1_404' title='bbox 1129 4119 1473 4191; x_wconf 91' lang='lat' dir='ltr'><strong>periculis-in</strong></span> <span class='ocrx_word' id='word_1_405' title='bbox 1500 4122 1817 4194; x_wconf 90' lang='lat' dir='ltr'><strong>solitudine,</strong></span> <span class='ocrx_word' id='word_1_406' title='bbox 1845 4125 2111 4196; x_wconf 88' lang='lat' dir='ltr'><strong>periculis</strong></span> 
     </span>
    </p>
   </div>
   <div class='ocr_carea' id='block_1_60' title="bbox 472 4212 2113 4285">
    <p class='ocr_par' dir='ltr' id='par_1_60' title="bbox 472 4212 2113 4285">
     <span class='ocr_line' id='line_1_60' title="bbox 472 4212 2113 4285; baseline 0.004 -18"><span class='ocrx_word' id='word_1_407' title='bbox 472 4213 532 4268; x_wconf 91' lang='lat' dir='ltr'><strong>in</strong></span> <span class='ocrx_word' id='word_1_408' title='bbox 576 4212 741 4283; x_wconf 89' lang='lat' dir='ltr'><strong>mari,</strong></span> <span class='ocrx_word' id='word_1_409' title='bbox 783 4212 1048 4285; x_wconf 89' lang='lat' dir='ltr'><strong>periculis</strong></span> <span class='ocrx_word' id='word_1_410' title='bbox 1093 4213 1152 4268; x_wconf 92' lang='lat' dir='ltr'><strong>in</strong></span> <span class='ocrx_word' id='word_1_411' title='bbox 1201 4215 1354 4269; x_wconf 88' lang='lat' dir='ltr'><strong>falsis</strong></span> <span class='ocrx_word' id='word_1_412' title='bbox 1397 4215 1685 4272; x_wconf 87' lang='lat' dir='ltr'><strong>fratribus.</strong></span> <span class='ocrx_word' id='word_1_413' title='bbox 1735 4219 1796 4272; x_wconf 90' lang='lat' dir='ltr'><strong>In</strong></span> <span class='ocrx_word' id='word_1_414' title='bbox 1835 4217 2113 4274; x_wconf 90' lang='lat' dir='ltr'><strong>labore-et</strong></span> 
     </span>
    </p>
   </div>
   <div class='ocr_carea' id='block_1_61' title="bbox 471 4306 2113 4384">
    <p class='ocr_par' dir='ltr' id='par_1_61' title="bbox 471 4306 2113 4384">
     <span class='ocr_line' id='line_1_61' title="bbox 471 4306 2113 4384; baseline 0.004 -23"><span class='ocrx_word' id='word_1_415' title='bbox 471 4323 726 4362; x_wconf 78' lang='lat' dir='ltr'><strong>aerumna</strong></span> <span class='ocrx_word' id='word_1_416' title='bbox 749 4347 762 4374; x_wconf 90' lang='lat'><strong>,</strong></span> <span class='ocrx_word' id='word_1_417' title='bbox 805 4306 865 4361; x_wconf 91' lang='lat' dir='ltr'><strong>in</strong></span> <span class='ocrx_word' id='word_1_418' title='bbox 903 4306 1112 4378; x_wconf 90' lang='lat' dir='ltr'><strong>vigiliis</strong></span> <span class='ocrx_word' id='word_1_419' title='bbox 1140 4307 1352 4378; x_wconf 88' lang='lat' dir='ltr'><strong>multis,</strong></span> <span class='ocrx_word' id='word_1_420' title='bbox 1392 4309 1452 4364; x_wconf 91' lang='lat' dir='ltr'><strong>in</strong></span> <span class='ocrx_word' id='word_1_421' title='bbox 1481 4309 1631 4364; x_wconf 88' lang='lat' dir='ltr'><strong>fame</strong></span> <span class='ocrx_word' id='word_1_422' title='bbox 1668 4313 1724 4366; x_wconf 89' lang='lat' dir='ltr'><strong>et</strong></span> <span class='ocrx_word' id='word_1_423' title='bbox 1748 4310 1859 4378; x_wconf 89' lang='lat' dir='ltr'><strong>siti,</strong></span> <span class='ocrx_word' id='word_1_424' title='bbox 1889 4311 1949 4366; x_wconf 93' lang='lat' dir='ltr'><strong>in</strong></span> <span class='ocrx_word' id='word_1_425' title='bbox 1967 4311 2113 4384; x_wconf 87' lang='lat' dir='ltr'><strong>jeju-</strong></span> 
     </span>
    </p>
   </div>
   <div class='ocr_carea' id='block_1_62' title="bbox 469 4399 2111 4476">
    <p class='ocr_par' dir='ltr' id='par_1_62' title="bbox 469 4399 2111 4476">
     <span class='ocr_line' id='line_1_62' title="bbox 469 4399 2111 4476; baseline 0.004 -20"><span class='ocrx_word' id='word_1_426' title='bbox 469 4399 578 4456; x_wconf 92' lang='lat' dir='ltr'><strong>niis</strong></span> <span class='ocrx_word' id='word_1_427' title='bbox 617 4401 965 4474; x_wconf 89' lang='lat' dir='ltr'><strong>frequenter,</strong></span> <span class='ocrx_word' id='word_1_428' title='bbox 1016 4401 1076 4456; x_wconf 92' lang='lat' dir='ltr'><strong>in</strong></span> <span class='ocrx_word' id='word_1_429' title='bbox 1115 4402 1328 4474; x_wconf 86' lang='lat' dir='ltr'><strong>frigore</strong></span> <span class='ocrx_word' id='word_1_430' title='bbox 1365 4407 1422 4458; x_wconf 91' lang='lat' dir='ltr'><strong>et</strong></span> <span class='ocrx_word' id='word_1_431' title='bbox 1465 4404 1752 4476; x_wconf 85' lang='lat' dir='ltr'><strong>nuditate;</strong></span> <span class='ocrx_word' id='word_1_432' title='bbox 1794 4405 2111 4462; x_wconf 92' lang='lat' dir='ltr'><strong>sollicitudo</strong></span> 
     </span>
    </p>
   </div>
   <div class='ocr_carea' id='block_1_63' title="bbox 470 4494 1628 4554">
    <p class='ocr_par' dir='ltr' id='par_1_63' title="bbox 470 4494 1628 4554">
     <span class='ocr_line' id='line_1_63' title="bbox 470 4494 1628 4554; baseline 0.004 -6"><span class='ocrx_word' id='word_1_433' title='bbox 470 4494 728 4550; x_wconf 89' lang='lat' dir='ltr'><strong>omnium</strong></span> <span class='ocrx_word' id='word_1_434' title='bbox 755 4495 1116 4550; x_wconf 88' lang='lat' dir='ltr'><strong>ecclesiarum</strong></span> <span class='ocrx_word' id='word_1_435' title='bbox 1143 4495 1202 4550; x_wconf 91' lang='lat' dir='ltr'><strong>in</strong></span> <span class='ocrx_word' id='word_1_436' title='bbox 1227 4497 1450 4552; x_wconf 89' lang='lat' dir='ltr'><strong>Christo</strong></span> <span class='ocrx_word' id='word_1_437' title='bbox 1479 4499 1628 4554; x_wconf 89' lang='lat' dir='ltr'><strong>Jesu.</strong></span> 
     </span>
    </p>
   </div>
   <div class='ocr_carea' id='block_1_64' title="bbox 637 4586 1956 4654">
    <p class='ocr_par' dir='ltr' id='par_1_64' title="bbox 637 4586 1956 4654">
     <span class='ocr_line' id='line_1_64' title="bbox 637 4586 1956 4654; baseline 0.005 -18"><span class='ocrx_word' id='word_1_438' title='bbox 637 4586 812 4636; x_wconf 89' lang='lat' dir='ltr'><strong>Lectio</strong></span> <span class='ocrx_word' id='word_1_439' title='bbox 837 4587 1001 4637; x_wconf 86' lang='lat' dir='ltr'><strong>sancti</strong></span> <span class='ocrx_word' id='word_1_440' title='bbox 1029 4589 1298 4654; x_wconf 88' lang='lat' dir='ltr'><strong>Evangelii</strong></span> <span class='ocrx_word' id='word_1_441' title='bbox 1325 4591 1616 4642; x_wconf 89' lang='lat' dir='ltr'><strong>secundum</strong></span> <span class='ocrx_word' id='word_1_442' title='bbox 1643 4592 1956 4643; x_wconf 71' lang='lat' dir='ltr'><strong>Matthmum.</strong></span> 
     </span>
    </p>
   </div>
   <div class='ocr_carea' id='block_1_65' title="bbox 457 4666 2110 4746">
    <p class='ocr_par' dir='ltr' id='par_1_65' title="bbox 457 4666 2110 4746">
     <span class='ocr_line' id='line_1_65' title="bbox 457 4666 2110 4746; baseline 0.007 -28"><span class='ocrx_word' id='word_1_443' title='bbox 457 4721 464 4726; x_wconf 71' lang='grc'>,</span> <span class='ocrx_word' id='word_1_444' title='bbox 549 4677 572 4706; x_wconf 78' lang='grc' dir='ltr'><strong>ο</strong></span> <span class='ocrx_word' id='word_1_445' title='bbox 607 4666 671 4720; x_wconf 84' lang='grc' dir='ltr'><strong>Ι).</strong></span> <span class='ocrx_word' id='word_1_446' title='bbox 711 4667 852 4722; x_wconf 90' lang='lat' dir='ltr'><strong>Cum</strong></span> <span class='ocrx_word' id='word_1_447' title='bbox 877 4668 1169 4739; x_wconf 88' lang='lat' dir='ltr'><strong>jejunatis,</strong></span> <span class='ocrx_word' id='word_1_448' title='bbox 1195 4669 1375 4726; x_wconf 85' lang='lat' dir='ltr'><strong>nolite</strong></span> <span class='ocrx_word' id='word_1_449' title='bbox 1409 4670 1566 4742; x_wconf 90' lang='lat' dir='ltr'><strong>ﬁeri,</strong></span> <span class='ocrx_word' id='word_1_450' title='bbox 1598 4673 1742 4728; x_wconf 89' lang='lat' dir='ltr'><strong>sicut</strong></span> <span class='ocrx_word' id='word_1_451' title='bbox 1780 4673 2110 4746; x_wconf 84' lang='lat' dir='ltr'><strong>hypocritae,</strong></span> 
     </span>
    </p>
   </div>
   <div class='ocr_carea' id='block_1_66' title="bbox 471 4758 2116 4839">
    <p class='ocr_par' dir='ltr' id='par_1_66' title="bbox 471 4758 2116 4839">
     <span class='ocr_line' id='line_1_66' title="bbox 471 4758 2116 4839; baseline 0.006 -25"><span class='ocrx_word' id='word_1_452' title='bbox 471 4758 677 4815; x_wconf 86' lang='lat' dir='ltr'><strong>tristes.</strong></span> <span class='ocrx_word' id='word_1_453' title='bbox 715 4759 1108 4816; x_wconf 81' lang='lat' dir='ltr'><strong>Exterminant</strong></span> <span class='ocrx_word' id='word_1_454' title='bbox 1153 4763 1308 4816; x_wconf 90' lang='lat' dir='ltr'><strong>enim</strong></span> <span class='ocrx_word' id='word_1_455' title='bbox 1351 4763 1522 4820; x_wconf 90' lang='lat' dir='ltr'><strong>facies</strong></span> <span class='ocrx_word' id='word_1_456' title='bbox 1575 4782 1722 4835; x_wconf 90' lang='lat' dir='ltr'><strong>suas,</strong></span> <span class='ocrx_word' id='word_1_457' title='bbox 1767 4771 1833 4822; x_wconf 89' lang='lat' dir='ltr'><strong>ut</strong></span> <span class='ocrx_word' id='word_1_458' title='bbox 1879 4772 2116 4839; x_wconf 91' lang='lat' dir='ltr'><strong>pareant</strong></span> 
     </span>
    </p>
   </div>
   <div class='ocr_carea' id='block_1_67' title="bbox 471 4852 2116 4935">
    <p class='ocr_par' dir='ltr' id='par_1_67' title="bbox 471 4852 2116 4935">
     <span class='ocr_line' id='line_1_67' title="bbox 471 4852 2116 4935; baseline 0.006 -26"><span class='ocrx_word' id='word_1_459' title='bbox 471 4852 800 4910; x_wconf 89' lang='lat' dir='ltr'><strong>hominibus</strong></span> <span class='ocrx_word' id='word_1_460' title='bbox 836 4853 1182 4924; x_wconf 88' lang='lat' dir='ltr'><strong>jejunantes.</strong></span> <span class='ocrx_word' id='word_1_461' title='bbox 1215 4857 1395 4910; x_wconf 84' lang='lat' dir='ltr'><strong>Amen</strong></span> <span class='ocrx_word' id='word_1_462' title='bbox 1421 4857 1543 4913; x_wconf 92' lang='lat' dir='ltr'><strong>dico</strong></span> <span class='ocrx_word' id='word_1_463' title='bbox 1567 4860 1744 4931; x_wconf 89' lang='lat' dir='ltr'><strong>vobis,</strong></span> <span class='ocrx_word' id='word_1_464' title='bbox 1777 4866 2116 4935; x_wconf 87' lang='lat' dir='ltr'><strong>receperunt</strong></span> 
     </span>
    </p>
   </div>
   <div class='ocr_carea' id='block_1_68' title="bbox 471 4948 2116 5028">
    <p class='ocr_par' dir='ltr' id='par_1_68' title="bbox 471 4948 2116 5028">
     <span class='ocr_line' id='line_1_68' title="bbox 471 4948 2116 5028; baseline 0.005 -24"><span class='ocrx_word' id='word_1_465' title='bbox 471 4948 792 5004; x_wconf 90' lang='lat' dir='ltr'><strong>mercedem</strong></span> <span class='ocrx_word' id='word_1_466' title='bbox 813 4963 994 5003; x_wconf 89' lang='lat' dir='ltr'><strong>suam.</strong></span> <span class='ocrx_word' id='word_1_467' title='bbox 1020 4948 1102 5002; x_wconf 90' lang='lat' dir='ltr'><strong>Tu</strong></span> <span class='ocrx_word' id='word_1_468' title='bbox 1126 4951 1318 5002; x_wconf 88' lang='lat' dir='ltr'><strong>autem</strong></span> <span class='ocrx_word' id='word_1_469' title='bbox 1344 4966 1474 5004; x_wconf 90' lang='lat' dir='ltr'><strong>cum</strong></span> <span class='ocrx_word' id='word_1_470' title='bbox 1493 4951 1738 5024; x_wconf 87' lang='lat' dir='ltr'><strong>jejunas,</strong></span> <span class='ocrx_word' id='word_1_471' title='bbox 1767 4971 1921 5028; x_wconf 90' lang='lat' dir='ltr'><strong>unge</strong></span> <span class='ocrx_word' id='word_1_472' title='bbox 1948 4960 2116 5028; x_wconf 90' lang='lat' dir='ltr'><strong>caput</strong></span> 
     </span>
    </p>
   </div>
   <div class='ocr_carea' id='block_1_69' title="bbox 469 5041 2114 5112">
    <p class='ocr_par' dir='ltr' id='par_1_69' title="bbox 469 5041 2114 5112">
     <span class='ocr_line' id='line_1_69' title="bbox 469 5041 2114 5112; baseline 0.006 -16"><span class='ocrx_word' id='word_1_473' title='bbox 469 5045 653 5112; x_wconf 91' lang='lat' dir='ltr'><strong>tuum,</strong></span> <span class='ocrx_word' id='word_1_474' title='bbox 684 5045 740 5098; x_wconf 90' lang='lat' dir='ltr'><strong>et</strong></span> <span class='ocrx_word' id='word_1_475' title='bbox 783 5041 987 5097; x_wconf 88' lang='lat' dir='ltr'><strong>faciem</strong></span> <span class='ocrx_word' id='word_1_476' title='bbox 1023 5045 1182 5097; x_wconf 90' lang='lat' dir='ltr'><strong>tuam</strong></span> <span class='ocrx_word' id='word_1_477' title='bbox 1230 5042 1371 5110; x_wconf 89' lang='lat' dir='ltr'><strong>lava,</strong></span> <span class='ocrx_word' id='word_1_478' title='bbox 1415 5060 1488 5099; x_wconf 91' lang='lat' dir='ltr'><strong>ne</strong></span> <span class='ocrx_word' id='word_1_479' title='bbox 1524 5045 1762 5102; x_wconf 85' lang='lat' dir='ltr'><strong>videaris</strong></span> <span class='ocrx_word' id='word_1_480' title='bbox 1789 5049 2114 5105; x_wconf 89' lang='lat' dir='ltr'><strong>hominibus</strong></span> 
     </span>
    </p>
   </div>
   <div class='ocr_carea' id='block_1_70' title="bbox 462 5127 2115 5214">
    <p class='ocr_par' dir='ltr' id='par_1_70' title="bbox 462 5127 2115 5214">
     <span class='ocr_line' id='line_1_70' title="bbox 462 5127 2115 5214; baseline 0.008 -25"><span class='ocrx_word' id='word_1_481' title='bbox 462 5134 747 5206; x_wconf 89' lang='lat' dir='ltr'><strong>jejunans,</strong></span> <span class='ocrx_word' id='word_1_482' title='bbox 775 5137 874 5192; x_wconf 90' lang='lat' dir='ltr'><strong>sed</strong></span> <span class='ocrx_word' id='word_1_483' title='bbox 897 5136 1048 5192; x_wconf 89' lang='lat' dir='ltr'><strong>Patri</strong></span> <span class='ocrx_word' id='word_1_484' title='bbox 1073 5127 1193 5207; x_wconf 81' lang='lat' dir='ltr'><strong>tuo,</strong></span> <span class='ocrx_word' id='word_1_485' title='bbox 1205 5135 1324 5209; x_wconf 75' lang='lat' dir='ltr'><strong>&#39;qui</strong></span> <span class='ocrx_word' id='word_1_486' title='bbox 1353 5141 1436 5193; x_wconf 88' lang='lat' dir='ltr'><strong>est</strong></span> <span class='ocrx_word' id='word_1_487' title='bbox 1461 5137 1520 5194; x_wconf 92' lang='lat' dir='ltr'><strong>in</strong></span> <span class='ocrx_word' id='word_1_488' title='bbox 1546 5138 1904 5214; x_wconf 88' lang='lat' dir='ltr'><strong>abscondito;</strong></span> <span class='ocrx_word' id='word_1_489' title='bbox 1939 5149 1995 5201; x_wconf 91' lang='lat' dir='ltr'><strong>et</strong></span> <span class='ocrx_word' id='word_1_490' title='bbox 2017 5146 2115 5201; x_wconf 86' lang='lat' dir='ltr'><strong>Pa-</strong></span> 
     </span>
    </p>
   </div>
   <div class='ocr_carea' id='block_1_71' title="bbox 469 5229 1856 5304">
    <p class='ocr_par' dir='ltr' id='par_1_71' title="bbox 469 5229 1856 5304">
     <span class='ocr_line' id='line_1_71' title="bbox 469 5229 1856 5304; baseline 0.006 -20"><span class='ocrx_word' id='word_1_491' title='bbox 469 5231 557 5284; x_wconf 87' lang='lat' dir='ltr'><strong>ter</strong></span> <span class='ocrx_word' id='word_1_492' title='bbox 581 5231 712 5284; x_wconf 89' lang='lat' dir='ltr'><strong>tuus</strong></span> <span class='ocrx_word' id='word_1_493' title='bbox 744 5229 842 5300; x_wconf 87' lang='lat' dir='ltr'><strong>qui</strong></span> <span class='ocrx_word' id='word_1_494' title='bbox 865 5229 1018 5286; x_wconf 90' lang='lat' dir='ltr'><strong>videt</strong></span> <span class='ocrx_word' id='word_1_495' title='bbox 1041 5229 1101 5286; x_wconf 89' lang='lat' dir='ltr'><strong>in</strong></span> <span class='ocrx_word' id='word_1_496' title='bbox 1131 5231 1480 5304; x_wconf 89' lang='lat' dir='ltr'><strong>abscondito,</strong></span> <span class='ocrx_word' id='word_1_497' title='bbox 1509 5232 1708 5290; x_wconf 87' lang='lat' dir='ltr'><strong>reddet</strong></span> <span class='ocrx_word' id='word_1_498' title='bbox 1733 5233 1856 5292; x_wconf 87' lang='lat' dir='ltr'><strong>tibi.</strong></span> 
     </span>
    </p>
   </div>
   <div class='ocr_carea' id='block_1_72' title="bbox 539 5364 1475 5436">
    <p class='ocr_par' dir='ltr' id='par_1_72' title="bbox 539 5364 1475 5436">
     <span class='ocr_line' id='line_1_72' title="bbox 539 5364 1475 5436; baseline 0.007 -19"><span class='ocrx_word' id='word_1_499' title='bbox 539 5364 566 5436; x_wconf 60' lang='grc' dir='ltr'><strong><em>ξ</em></strong></span> <span class='ocrx_word' id='word_1_500' title='bbox 605 5364 773 5436; x_wconf 80' lang='lat' dir='ltr'><strong>Forte</strong></span> <span class='ocrx_word' id='word_1_501' title='bbox 798 5364 1126 5436; x_wconf 89' lang='lat' dir='ltr'><strong>legendum,</strong></span> <span class='ocrx_word' id='word_1_502' title='bbox 1159 5371 1475 5426; x_wconf 75' lang='lat' dir='ltr'><strong>esuriamus.</strong></span> 
     </span>
    </p>
   </div>
   <div class='ocr_carea' id='block_1_73' title="bbox 517 5427 2109 5516">
    <p class='ocr_par' dir='ltr' id='par_1_73' title="bbox 517 5427 2109 5516">
     <span class='ocr_line' id='line_1_73' title="bbox 517 5427 2109 5516; baseline 0.007 -29"><span class='ocrx_word' id='word_1_503' title='bbox 517 5427 566 5516; x_wconf 43' lang='grc' dir='ltr'><strong>,δ</strong></span> <span class='ocrx_word' id='word_1_504' title='bbox 603 5427 990 5516; x_wconf 55' lang='grc' dir='ltr'><strong>Ιξρίειοιαᾙεθο</strong></span> <span class='ocrx_word' id='word_1_505' title='bbox 1037 5427 1342 5496; x_wconf 69' lang='grc' dir='ltr'><strong>ὶιιὈιιίὶίηθ</strong></span> <span class='ocrx_word' id='word_1_506' title='bbox 1379 5442 1632 5498; x_wconf 82' lang='lat' dir='ltr'><strong>Romano</strong></span> <span class='ocrx_word' id='word_1_507' title='bbox 1665 5440 1877 5514; x_wconf 87' lang='lat' dir='ltr'><strong>legitur</strong></span> <span class='ocrx_word' id='word_1_508' title='bbox 1917 5443 2109 5498; x_wconf 90' lang='lat' dir='ltr'><strong>Domi-</strong></span> 
     </span>
    </p>
   </div>
   <div class='ocr_carea' id='block_1_74' title="bbox 471 5507 1026 5578">
    <p class='ocr_par' dir='ltr' id='par_1_74' title="bbox 471 5507 1026 5578">
     <span class='ocr_line' id='line_1_74' title="bbox 471 5507 1026 5578; baseline 0.005 -19"><span class='ocrx_word' id='word_1_509' title='bbox 471 5507 600 5562; x_wconf 88' lang='lat' dir='ltr'><strong>nica</strong></span> <span class='ocrx_word' id='word_1_510' title='bbox 626 5507 1026 5578; x_wconf 83' lang='lat' dir='ltr'><strong>Sexagesimae.</strong></span> 
     </span>
    </p>
   </div>
   <div class='ocr_carea' id='block_1_75' title="bbox 536 5578 1906 5656">
    <p class='ocr_par' dir='ltr' id='par_1_75' title="bbox 536 5578 1906 5656">
     <span class='ocr_line' id='line_1_75' title="bbox 536 5578 1906 5656; baseline 0.007 -25"><span class='ocrx_word' id='word_1_511' title='bbox 536 5589 559 5656; x_wconf 67' lang='grc' dir='ltr'><strong>ιξ</strong></span> <span class='ocrx_word' id='word_1_512' title='bbox 598 5578 657 5656; x_wconf 60' lang='lat' dir='ltr'><strong>id</strong></span> <span class='ocrx_word' id='word_1_513' title='bbox 687 5583 789 5656; x_wconf 81' lang='lat' dir='ltr'><strong>est,</strong></span> <span class='ocrx_word' id='word_1_514' title='bbox 817 5579 971 5656; x_wconf 57' lang='lat' dir='ltr'><strong>Dimjt</strong></span> <span class='ocrx_word' id='word_1_515' title='bbox 989 5582 1247 5656; x_wconf 60' lang='lat' dir='ltr'><strong>Dominus</strong></span> <span class='ocrx_word' id='word_1_516' title='bbox 1273 5584 1433 5656; x_wconf 63' lang='lat' dir='ltr'><strong>{esus</strong></span> <span class='ocrx_word' id='word_1_517' title='bbox 1449 5584 1734 5656; x_wconf 73' lang='lat' dir='ltr'><strong>discipulis</strong></span> <span class='ocrx_word' id='word_1_518' title='bbox 1771 5586 1906 5640; x_wconf 79' lang='lat' dir='ltr'><strong>suis.</strong></span> 
     </span>
    </p>
   </div>
   <div class='ocr_carea' id='block_1_76' title="bbox 535 5649 2106 5726">
    <p class='ocr_par' dir='ltr' id='par_1_76' title="bbox 535 5649 2106 5726">
     <span class='ocr_line' id='line_1_76' title="bbox 535 5649 2106 5726; baseline 0.006 -23"><span class='ocrx_word' id='word_1_519' title='bbox 535 5649 562 5689; x_wconf 72' lang='grc' dir='ltr'><em>ά</em></span> <span class='ocrx_word' id='word_1_520' title='bbox 598 5651 728 5726; x_wconf 70' lang='lat' dir='ltr'><strong>Haec</strong></span> <span class='ocrx_word' id='word_1_521' title='bbox 755 5649 892 5726; x_wconf 80' lang='lat' dir='ltr'><strong>item</strong></span> <span class='ocrx_word' id='word_1_522' title='bbox 911 5649 1173 5726; x_wconf 80' lang='lat' dir='ltr'><strong>Collectio</strong></span> <span class='ocrx_word' id='word_1_523' title='bbox 1193 5650 1252 5705; x_wconf 91' lang='lat' dir='ltr'><strong>in</strong></span> <span class='ocrx_word' id='word_1_524' title='bbox 1273 5653 1506 5726; x_wconf 83' lang='lat' dir='ltr'><strong>Gothico</strong></span> <span class='ocrx_word' id='word_1_525' title='bbox 1531 5649 1634 5726; x_wconf 72' lang='lat' dir='ltr'><strong>pro</strong></span> <span class='ocrx_word' id='word_1_526' title='bbox 1663 5656 1909 5712; x_wconf 89' lang='lat' dir='ltr'><strong>secunda</strong></span> <span class='ocrx_word' id='word_1_527' title='bbox 1931 5656 2106 5713; x_wconf 88' lang='lat' dir='ltr'><strong>missa</strong></span> 
     </span>
    </p>
   </div>
   <div class='ocr_carea' id='block_1_77' title="bbox 459 5718 2105 5795">
    <p class='ocr_par' dir='ltr' id='par_1_77' title="bbox 459 5718 2105 5795">
     <span class='ocr_line' id='line_1_77' title="bbox 459 5718 2105 5795; baseline 0.007 -22"><span class='ocrx_word' id='word_1_528' title='bbox 459 5718 667 5789; x_wconf 88' lang='lat' dir='ltr'><strong>jejunii</strong></span> <span class='ocrx_word' id='word_1_529' title='bbox 696 5737 709 5776; x_wconf 89' lang='lat'><strong>:</strong></span> <span class='ocrx_word' id='word_1_530' title='bbox 737 5721 834 5795; x_wconf 81' lang='lat' dir='ltr'><strong>ubi</strong></span> <span class='ocrx_word' id='word_1_531' title='bbox 863 5738 982 5777; x_wconf 92' lang='lat' dir='ltr'><strong>non</strong></span> <span class='ocrx_word' id='word_1_532' title='bbox 1007 5721 1171 5795; x_wconf 67' lang='lat' dir='ltr'><strong>aliter</strong></span> <span class='ocrx_word' id='word_1_533' title='bbox 1184 5739 1358 5795; x_wconf 81' lang='lat' dir='ltr'><strong>quam</strong></span> <span class='ocrx_word' id='word_1_534' title='bbox 1377 5723 1469 5795; x_wconf 86' lang='lat' dir='ltr'><strong>hic</strong></span> <span class='ocrx_word' id='word_1_535' title='bbox 1487 5718 1676 5782; x_wconf 67' lang='lat' dir='ltr'><strong>missae</strong></span> <span class='ocrx_word' id='word_1_536' title='bbox 1695 5727 2105 5795; x_wconf 87' lang='lat' dir='ltr'><strong>inscribuntur,</strong></span> 
     </span>
    </p>
   </div>
   <div class='ocr_carea' id='block_1_78' title="bbox 469 5793 2108 5873">
    <p class='ocr_par' dir='ltr' id='par_1_78' title="bbox 469 5793 2108 5873">
     <span class='ocr_line' id='line_1_78' title="bbox 469 5793 2108 5873; baseline 0.01 -30"><span class='ocrx_word' id='word_1_537' title='bbox 469 5805 604 5862; x_wconf 90' lang='lat' dir='ltr'><strong>non,</strong></span> <span class='ocrx_word' id='word_1_538' title='bbox 629 5795 698 5852; x_wconf 89' lang='lat' dir='ltr'><strong>ut</strong></span> <span class='ocrx_word' id='word_1_539' title='bbox 720 5793 880 5866; x_wconf 89' lang='lat' dir='ltr'><strong>solet,</strong></span> <span class='ocrx_word' id='word_1_540' title='bbox 907 5809 1011 5868; x_wconf 92' lang='lat' dir='ltr'><strong>pro</strong></span> <span class='ocrx_word' id='word_1_541' title='bbox 1039 5793 1326 5852; x_wconf 87' lang='lat' dir='ltr'><strong>Dominica</strong></span> <span class='ocrx_word' id='word_1_542' title='bbox 1371 5794 1585 5869; x_wconf 88' lang='lat' dir='ltr'><strong>prima,</strong></span> <span class='ocrx_word' id='word_1_543' title='bbox 1627 5797 1892 5871; x_wconf 88' lang='lat' dir='ltr'><strong>secunda,</strong></span> <span class='ocrx_word' id='word_1_544' title='bbox 1922 5793 2108 5873; x_wconf 79' lang='lat' dir='ltr'><strong>tertia,</strong></span> 
     </span>
    </p>
   </div>
   <div class='ocr_carea' id='block_1_79' title="bbox 2208 1894 3856 1967">
    <p class='ocr_par' dir='ltr' id='par_1_79' title="bbox 2208 1894 3856 1967">
     <span class='ocr_line' id='line_1_79' title="bbox 2208 1894 3856 1967; baseline -0.001 -16"><span class='ocrx_word' id='word_1_545' title='bbox 2208 1896 2514 1966; x_wconf 76' lang='lat' dir='ltr'><strong>offerimus,</strong></span> <span class='ocrx_word' id='word_1_546' title='bbox 2559 1895 2846 1967; x_wconf 89' lang='lat' dir='ltr'><strong>propicius</strong></span> <span class='ocrx_word' id='word_1_547' title='bbox 2888 1900 2943 1950; x_wconf 88' lang='lat' dir='ltr'><strong>et</strong></span> <span class='ocrx_word' id='word_1_548' title='bbox 2985 1895 3267 1966; x_wconf 90' lang='lat' dir='ltr'><strong>benignus</strong></span> <span class='ocrx_word' id='word_1_549' title='bbox 3312 1894 3571 1966; x_wconf 88' lang='lat' dir='ltr'><strong>aspicias,</strong></span> <span class='ocrx_word' id='word_1_550' title='bbox 3621 1894 3856 1950; x_wconf 87' lang='lat' dir='ltr'><strong>benedi-</strong></span> 
     </span>
    </p>
   </div>
   <div class='ocr_carea' id='block_1_80' title="bbox 2209 1988 3706 2060">
    <p class='ocr_par' dir='ltr' id='par_1_80' title="bbox 2209 1988 3706 2060">
     <span class='ocr_line' id='line_1_80' title="bbox 2209 1988 3706 2060; baseline -0.003 -14"><span class='ocrx_word' id='word_1_551' title='bbox 2209 1990 2384 2046; x_wconf 92' lang='lat' dir='ltr'><strong>cendo</strong></span> <span class='ocrx_word' id='word_1_552' title='bbox 2413 1990 2733 2060; x_wconf 91' lang='lat' dir='ltr'><strong>benedicas,</strong></span> <span class='ocrx_word' id='word_1_553' title='bbox 2765 1993 2820 2045; x_wconf 90' lang='lat' dir='ltr'><strong>et</strong></span> <span class='ocrx_word' id='word_1_554' title='bbox 2843 1989 3004 2045; x_wconf 91' lang='lat' dir='ltr'><strong>nobis</strong></span> <span class='ocrx_word' id='word_1_555' title='bbox 3033 1988 3370 2046; x_wconf 88' lang='lat' dir='ltr'><strong>sanctiﬁcata</strong></span> <span class='ocrx_word' id='word_1_556' title='bbox 3399 1988 3706 2044; x_wconf 87' lang='lat' dir='ltr'><strong>custodias.</strong></span> 
     </span>
    </p>
   </div>
   <div class='ocr_carea' id='block_1_81' title="bbox 2875 2100 3182 2165">
    <p class='ocr_par' dir='ltr' id='par_1_81' title="bbox 2875 2100 3182 2165">
     <span class='ocr_line' id='line_1_81' title="bbox 2875 2100 3182 2165; baseline -0.01 -14"><span class='ocrx_word' id='word_1_557' title='bbox 2875 2100 2952 2151; x_wconf 81' lang='lat' dir='ltr'><strong>Ad</strong></span> <span class='ocrx_word' id='word_1_558' title='bbox 2977 2113 3182 2165; x_wconf 89' lang='lat' dir='ltr'><strong>pacem.</strong></span> 
     </span>
    </p>
   </div>
   <div class='ocr_carea' id='block_1_82' title="bbox 2281 2194 3856 2268">
    <p class='ocr_par' dir='ltr' id='par_1_82' title="bbox 2281 2194 3856 2268">
     <span class='ocr_line' id='line_1_82' title="bbox 2281 2194 3856 2268; baseline -0.001 -16"><span class='ocrx_word' id='word_1_559' title='bbox 2281 2198 2443 2265; x_wconf 91' lang='lat' dir='ltr'><strong>Deus,</strong></span> <span class='ocrx_word' id='word_1_560' title='bbox 2479 2195 2578 2268; x_wconf 91' lang='lat' dir='ltr'><strong>qui</strong></span> <span class='ocrx_word' id='word_1_561' title='bbox 2606 2196 2676 2250; x_wconf 90' lang='lat' dir='ltr'><strong>ad</strong></span> <span class='ocrx_word' id='word_1_562' title='bbox 2717 2195 2822 2250; x_wconf 92' lang='lat' dir='ltr'><strong>hoc</strong></span> <span class='ocrx_word' id='word_1_563' title='bbox 2850 2194 3012 2250; x_wconf 89' lang='lat' dir='ltr'><strong>nobis</strong></span> <span class='ocrx_word' id='word_1_564' title='bbox 3056 2195 3321 2267; x_wconf 89' lang='lat' dir='ltr'><strong>dignatus</strong></span> <span class='ocrx_word' id='word_1_565' title='bbox 3361 2210 3420 2250; x_wconf 90' lang='lat' dir='ltr'><strong>es</strong></span> <span class='ocrx_word' id='word_1_566' title='bbox 3459 2195 3672 2251; x_wconf 89' lang='lat' dir='ltr'><strong>donare</strong></span> <span class='ocrx_word' id='word_1_567' title='bbox 3706 2196 3856 2267; x_wconf 86' lang='lat' dir='ltr'><strong>jeju-</strong></span> 
     </span>
    </p>
   </div>
   <div class='ocr_carea' id='block_1_83' title="bbox 2209 2283 3856 2356">
    <p class='ocr_par' dir='ltr' id='par_1_83' title="bbox 2209 2283 3856 2356">
     <span class='ocr_line' id='line_1_83' title="bbox 2209 2283 3856 2356; baseline -0.001 -14"><span class='ocrx_word' id='word_1_568' title='bbox 2209 2286 2392 2356; x_wconf 90' lang='lat' dir='ltr'><strong>nium,</strong></span> <span class='ocrx_word' id='word_1_569' title='bbox 2425 2291 2487 2341; x_wconf 90' lang='lat' dir='ltr'><strong>ut</strong></span> <span class='ocrx_word' id='word_1_570' title='bbox 2513 2285 2851 2341; x_wconf 88' lang='lat' dir='ltr'><strong>abstinentia</strong></span> <span class='ocrx_word' id='word_1_571' title='bbox 2885 2289 2940 2340; x_wconf 90' lang='lat' dir='ltr'><strong>et</strong></span> <span class='ocrx_word' id='word_1_572' title='bbox 2978 2283 3347 2356; x_wconf 89' lang='lat' dir='ltr'><strong>castigatione</strong></span> <span class='ocrx_word' id='word_1_573' title='bbox 3383 2284 3596 2339; x_wconf 88' lang='lat' dir='ltr'><strong>carnali</strong></span> <span class='ocrx_word' id='word_1_574' title='bbox 3635 2284 3695 2340; x_wconf 90' lang='lat' dir='ltr'><strong>in</strong></span> <span class='ocrx_word' id='word_1_575' title='bbox 3740 2283 3856 2342; x_wconf 85' lang='lat' dir='ltr'><strong>ﬁde</strong></span> 
     </span>
    </p>
   </div>
   <div class='ocr_carea' id='block_1_84' title="bbox 2211 2374 3862 2447">
    <p class='ocr_par' dir='ltr' id='par_1_84' title="bbox 2211 2374 3862 2447">
     <span class='ocr_line' id='line_1_84' title="bbox 2211 2374 3862 2447; baseline -0.001 -14"><span class='ocrx_word' id='word_1_576' title='bbox 2211 2377 2569 2433; x_wconf 89' lang='lat' dir='ltr'><strong>inveniamur</strong></span> <span class='ocrx_word' id='word_1_577' title='bbox 2615 2376 2859 2443; x_wconf 88' lang='lat' dir='ltr'><strong>stabiles,</strong></span> <span class='ocrx_word' id='word_1_578' title='bbox 2905 2375 2966 2430; x_wconf 91' lang='lat' dir='ltr'><strong>in</strong></span> <span class='ocrx_word' id='word_1_579' title='bbox 3007 2375 3268 2446; x_wconf 85' lang='lat' dir='ltr'><strong>Operibus</strong></span> <span class='ocrx_word' id='word_1_580' title='bbox 3305 2374 3592 2443; x_wconf 87' lang='lat' dir='ltr'><strong>efﬁcaces;</strong></span> <span class='ocrx_word' id='word_1_581' title='bbox 3631 2375 3862 2447; x_wconf 74' lang='lat' dir='ltr'><strong>jejunia</strong></span> 
     </span>
    </p>
   </div>
   <div class='ocr_carea' id='block_1_85' title="bbox 2211 2473 3854 2546">
    <p class='ocr_par' dir='ltr' id='par_1_85' title="bbox 2211 2473 3854 2546">
     <span class='ocr_line' id='line_1_85' title="bbox 2211 2473 3854 2546; baseline -0.002 -14"><span class='ocrx_word' id='word_1_582' title='bbox 2211 2481 2402 2532; x_wconf 89' lang='lat' dir='ltr'><strong>nostra</strong></span> <span class='ocrx_word' id='word_1_583' title='bbox 2437 2473 2774 2546; x_wconf 91' lang='lat' dir='ltr'><strong>suscipiens,</strong></span> <span class='ocrx_word' id='word_1_584' title='bbox 2822 2473 2892 2528; x_wconf 88' lang='lat' dir='ltr'><strong>da</strong></span> <span class='ocrx_word' id='word_1_585' title='bbox 2937 2473 3100 2528; x_wconf 90' lang='lat' dir='ltr'><strong>nobis</strong></span> <span class='ocrx_word' id='word_1_586' title='bbox 3147 2477 3214 2528; x_wconf 92' lang='lat' dir='ltr'><strong>ut</strong></span> <span class='ocrx_word' id='word_1_587' title='bbox 3261 2473 3382 2528; x_wconf 89' lang='lat' dir='ltr'><strong>sine</strong></span> <span class='ocrx_word' id='word_1_588' title='bbox 3429 2473 3854 2544; x_wconf 84' lang='lat' dir='ltr'><strong>disceptationis</strong></span> 
     </span>
    </p>
   </div>
   <div class='ocr_carea' id='block_1_86' title="bbox 2211 2564 3858 2641">
    <p class='ocr_par' dir='ltr' id='par_1_86' title="bbox 2211 2564 3858 2641">
     <span class='ocr_line' id='line_1_86' title="bbox 2211 2564 3858 2641; baseline -0.002 -17"><span class='ocrx_word' id='word_1_589' title='bbox 2211 2567 2539 2641; x_wconf 89' lang='lat' dir='ltr'><strong>impuritate</strong></span> <span class='ocrx_word' id='word_1_590' title='bbox 2563 2576 2585 2602; x_wconf 76' lang='lat'><strong><em>°</em></strong></span> <span class='ocrx_word' id='word_1_591' title='bbox 2609 2567 2670 2622; x_wconf 92' lang='lat' dir='ltr'><strong>in</strong></span> <span class='ocrx_word' id='word_1_592' title='bbox 2709 2566 3008 2622; x_wconf 87' lang='lat' dir='ltr'><strong>dilectione</strong></span> <span class='ocrx_word' id='word_1_593' title='bbox 3035 2564 3272 2636; x_wconf 90' lang='lat' dir='ltr'><strong>sinceri,</strong></span> <span class='ocrx_word' id='word_1_594' title='bbox 3301 2583 3504 2621; x_wconf 87' lang='lat' dir='ltr'><strong>manus</strong></span> <span class='ocrx_word' id='word_1_595' title='bbox 3528 2569 3749 2622; x_wconf 87' lang='lat' dir='ltr'><strong>nostras</strong></span> <span class='ocrx_word' id='word_1_596' title='bbox 3783 2567 3858 2621; x_wconf 80' lang='lat' dir='ltr'><strong>ad</strong></span> 
     </span>
    </p>
   </div>
   <div class='ocr_carea' id='block_1_87' title="bbox 2211 2659 3006 2736">
    <p class='ocr_par' dir='ltr' id='par_1_87' title="bbox 2211 2659 3006 2736">
     <span class='ocr_line' id='line_1_87' title="bbox 2211 2659 3006 2736; baseline -0.005 -18"><span class='ocrx_word' id='word_1_597' title='bbox 2211 2667 2267 2718; x_wconf 93' lang='lat' dir='ltr'><strong>te</strong></span> <span class='ocrx_word' id='word_1_598' title='bbox 2295 2678 2468 2736; x_wconf 89' lang='lat' dir='ltr'><strong>puras</strong></span> <span class='ocrx_word' id='word_1_599' title='bbox 2496 2661 2677 2717; x_wconf 89' lang='lat' dir='ltr'><strong>levare</strong></span> <span class='ocrx_word' id='word_1_600' title='bbox 2706 2659 3006 2732; x_wconf 90' lang='lat' dir='ltr'><strong>possimus.</strong></span> 
     </span>
    </p>
   </div>
   <div class='ocr_carea' id='block_1_88' title="bbox 2859 2773 3196 2826">
    <p class='ocr_par' dir='ltr' id='par_1_88' title="bbox 2859 2773 3196 2826">
     <span class='ocr_line' id='line_1_88' title="bbox 2859 2773 3196 2826; baseline -0.009 0"><span class='ocrx_word' id='word_1_601' title='bbox 2859 2773 3196 2826; x_wconf 87' lang='lat' dir='ltr'><strong>Contestatio.</strong></span> 
     </span>
    </p>
   </div>
   <div class='ocr_carea' id='block_1_89' title="bbox 2282 2868 3864 2944">
    <p class='ocr_par' dir='ltr' id='par_1_89' title="bbox 2282 2868 3864 2944">
     <span class='ocr_line' id='line_1_89' title="bbox 2282 2868 3864 2944; baseline 0 -18"><span class='ocrx_word' id='word_1_602' title='bbox 2282 2875 2423 2929; x_wconf 85' lang='lat' dir='ltr'><strong>Vere</strong></span> <span class='ocrx_word' id='word_1_603' title='bbox 2452 2872 2691 2944; x_wconf 87' lang='lat' dir='ltr'><strong>dignum</strong></span> <span class='ocrx_word' id='word_1_604' title='bbox 2721 2874 2777 2926; x_wconf 92' lang='lat' dir='ltr'><strong>et</strong></span> <span class='ocrx_word' id='word_1_605' title='bbox 2793 2869 3016 2942; x_wconf 87' lang='lat' dir='ltr'><strong>justum</strong></span> <span class='ocrx_word' id='word_1_606' title='bbox 3043 2873 3144 2937; x_wconf 88' lang='lat' dir='ltr'><strong>est,</strong></span> <span class='ocrx_word' id='word_1_607' title='bbox 3175 2868 3534 2940; x_wconf 87' lang='lat' dir='ltr'><strong>omnipotens</strong></span> <span class='ocrx_word' id='word_1_608' title='bbox 3559 2869 3730 2940; x_wconf 92' lang='lat' dir='ltr'><strong>Deus,</strong></span> <span class='ocrx_word' id='word_1_609' title='bbox 3753 2869 3864 2927; x_wconf 88' lang='lat' dir='ltr'><strong>tibi</strong></span> 
     </span>
    </p>
   </div>
   <div class='ocr_carea' id='block_1_90' title="bbox 2213 2962 3864 3036">
    <p class='ocr_par' dir='ltr' id='par_1_90' title="bbox 2213 2962 3864 3036">
     <span class='ocr_line' id='line_1_90' title="bbox 2213 2962 3864 3036; baseline -0.001 -14"><span class='ocrx_word' id='word_1_610' title='bbox 2213 2967 2558 3022; x_wconf 87' lang='lat' dir='ltr'><strong>sanctiﬁcare</strong></span> <span class='ocrx_word' id='word_1_611' title='bbox 2591 2963 2900 3036; x_wconf 87' lang='lat' dir='ltr'><strong>jejunium,</strong></span> <span class='ocrx_word' id='word_1_612' title='bbox 2952 2964 3106 3036; x_wconf 91' lang='lat' dir='ltr'><strong>quod</strong></span> <span class='ocrx_word' id='word_1_613' title='bbox 3151 2963 3314 3017; x_wconf 90' lang='lat' dir='ltr'><strong>nobis</strong></span> <span class='ocrx_word' id='word_1_614' title='bbox 3347 2963 3417 3018; x_wconf 89' lang='lat' dir='ltr'><strong>ab</strong></span> <span class='ocrx_word' id='word_1_615' title='bbox 3461 2962 3624 3018; x_wconf 90' lang='lat' dir='ltr'><strong>initio</strong></span> <span class='ocrx_word' id='word_1_616' title='bbox 3663 2965 3864 3020; x_wconf 68' lang='lat' dir='ltr'><strong>saeculi</strong></span> 
     </span>
    </p>
   </div>
   <div class='ocr_carea' id='block_1_91' title="bbox 2213 3056 3866 3129">
    <p class='ocr_par' dir='ltr' id='par_1_91' title="bbox 2213 3056 3866 3129">
     <span class='ocr_line' id='line_1_91' title="bbox 2213 3056 3866 3129; baseline 0 -14"><span class='ocrx_word' id='word_1_617' title='bbox 2213 3076 2434 3116; x_wconf 90' lang='lat' dir='ltr'><strong>servare</strong></span> <span class='ocrx_word' id='word_1_618' title='bbox 2464 3058 2721 3116; x_wconf 86' lang='lat' dir='ltr'><strong>docuisti.</strong></span> <span class='ocrx_word' id='word_1_619' title='bbox 2751 3059 3014 3129; x_wconf 86' lang='lat' dir='ltr'><strong>Magnam</strong></span> <span class='ocrx_word' id='word_1_620' title='bbox 3049 3057 3205 3112; x_wconf 88' lang='lat' dir='ltr'><strong>enim</strong></span> <span class='ocrx_word' id='word_1_621' title='bbox 3245 3056 3304 3111; x_wconf 92' lang='lat' dir='ltr'><strong>in</strong></span> <span class='ocrx_word' id='word_1_622' title='bbox 3335 3057 3442 3112; x_wconf 91' lang='lat' dir='ltr'><strong>hoc</strong></span> <span class='ocrx_word' id='word_1_623' title='bbox 3471 3073 3712 3112; x_wconf 87' lang='lat' dir='ltr'><strong>munere</strong></span> <span class='ocrx_word' id='word_1_624' title='bbox 3739 3073 3866 3115; x_wconf 85' lang='lat' dir='ltr'><strong>cor-</strong></span> 
     </span>
    </p>
   </div>
   <div class='ocr_carea' id='block_1_92' title="bbox 2131 3138 3862 3227">
    <p class='ocr_par' dir='ltr' id='par_1_92' title="bbox 2131 3138 3862 3227">
     <span class='ocr_line' id='line_1_92' title="bbox 2131 3138 3862 3227; baseline -0.002 -16"><span class='ocrx_word' id='word_1_625' title='bbox 2131 3138 2186 3212; x_wconf 80' lang='lat' dir='ltr'><strong>C</strong></span> <span class='ocrx_word' id='word_1_626' title='bbox 2213 3155 2442 3227; x_wconf 92' lang='lat' dir='ltr'><strong>poribus</strong></span> <span class='ocrx_word' id='word_1_627' title='bbox 2469 3153 2708 3224; x_wconf 87' lang='lat' dir='ltr'><strong>gratiam</strong></span> <span class='ocrx_word' id='word_1_628' title='bbox 2741 3151 3026 3206; x_wconf 89' lang='lat' dir='ltr'><strong>contulisti</strong></span> <span class='ocrx_word' id='word_1_629' title='bbox 3059 3168 3071 3204; x_wconf 92' lang='lat'><strong>:</strong></span> <span class='ocrx_word' id='word_1_630' title='bbox 3101 3151 3254 3222; x_wconf 91' lang='lat' dir='ltr'><strong>quod</strong></span> <span class='ocrx_word' id='word_1_631' title='bbox 3280 3150 3328 3204; x_wconf 92' lang='lat' dir='ltr'><strong>si</strong></span> <span class='ocrx_word' id='word_1_632' title='bbox 3357 3151 3450 3205; x_wconf 90' lang='lat' dir='ltr'><strong>illa</strong></span> <span class='ocrx_word' id='word_1_633' title='bbox 3489 3151 3736 3206; x_wconf 86' lang='lat' dir='ltr'><strong>humani</strong></span> <span class='ocrx_word' id='word_1_634' title='bbox 3771 3168 3862 3224; x_wconf 88' lang='lat' dir='ltr'><strong>ge-</strong></span> 
     </span>
    </p>
   </div>
   <div class='ocr_carea' id='block_1_93' title="bbox 2207 3244 3858 3314">
    <p class='ocr_par' dir='ltr' id='par_1_93' title="bbox 2207 3244 3858 3314">
     <span class='ocr_line' id='line_1_93' title="bbox 2207 3244 3858 3314; baseline -0.002 -10"><span class='ocrx_word' id='word_1_635' title='bbox 2207 3249 2361 3304; x_wconf 89' lang='lat' dir='ltr'><strong>neris</strong></span> <span class='ocrx_word' id='word_1_636' title='bbox 2405 3251 2589 3302; x_wconf 88' lang='lat' dir='ltr'><strong>mater</strong></span> <span class='ocrx_word' id='word_1_637' title='bbox 2633 3245 2992 3302; x_wconf 87' lang='lat' dir='ltr'><strong>interdictam</strong></span> <span class='ocrx_word' id='word_1_638' title='bbox 3032 3245 3138 3300; x_wconf 92' lang='lat' dir='ltr'><strong>sibi</strong></span> <span class='ocrx_word' id='word_1_639' title='bbox 3185 3244 3447 3299; x_wconf 89' lang='lat' dir='ltr'><strong>arborem</strong></span> <span class='ocrx_word' id='word_1_640' title='bbox 3499 3244 3858 3314; x_wconf 86' lang='lat' dir='ltr'><strong>custodisset,</strong></span> 
     </span>
    </p>
   </div>
   <div class='ocr_carea' id='block_1_94' title="bbox 2209 3337 3858 3410">
    <p class='ocr_par' dir='ltr' id='par_1_94' title="bbox 2209 3337 3858 3410">
     <span class='ocr_line' id='line_1_94' title="bbox 2209 3337 3858 3410; baseline -0.001 -14"><span class='ocrx_word' id='word_1_641' title='bbox 2209 3341 2698 3396; x_wconf 88' lang='lat' dir='ltr'><strong>immortalitatem</strong></span> <span class='ocrx_word' id='word_1_642' title='bbox 2725 3339 3048 3396; x_wconf 89' lang='lat' dir='ltr'><strong>retinuisset</strong></span> <span class='ocrx_word' id='word_1_643' title='bbox 3067 3343 3122 3394; x_wconf 90' lang='lat' dir='ltr'><strong>et</strong></span> <span class='ocrx_word' id='word_1_644' title='bbox 3140 3337 3400 3410; x_wconf 87' lang='lat' dir='ltr'><strong>patriam.</strong></span> <span class='ocrx_word' id='word_1_645' title='bbox 3423 3338 3530 3393; x_wconf 92' lang='lat' dir='ltr'><strong>Sed</strong></span> <span class='ocrx_word' id='word_1_646' title='bbox 3557 3343 3858 3409; x_wconf 86' lang='lat' dir='ltr'><strong>peccatum</strong></span> 
     </span>
    </p>
   </div>
   <div class='ocr_carea' id='block_1_95' title="bbox 2207 3431 3856 3506">
    <p class='ocr_par' dir='ltr' id='par_1_95' title="bbox 2207 3431 3856 3506">
     <span class='ocr_line' id='line_1_95' title="bbox 2207 3431 3856 3506; baseline -0.001 -16"><span class='ocrx_word' id='word_1_647' title='bbox 2207 3435 2404 3490; x_wconf 90' lang='lat' dir='ltr'><strong>matris</strong></span> <span class='ocrx_word' id='word_1_648' title='bbox 2427 3434 2700 3506; x_wconf 75' lang='lat' dir='ltr'><strong>antiquae,</strong></span> <span class='ocrx_word' id='word_1_649' title='bbox 2727 3433 2880 3504; x_wconf 91' lang='lat' dir='ltr'><strong>quod</strong></span> <span class='ocrx_word' id='word_1_650' title='bbox 2905 3432 3122 3487; x_wconf 90' lang='lat' dir='ltr'><strong>inlicita</strong></span> <span class='ocrx_word' id='word_1_651' title='bbox 3143 3432 3286 3504; x_wconf 87' lang='lat' dir='ltr'><strong>ligni</strong></span> <span class='ocrx_word' id='word_1_652' title='bbox 3311 3431 3470 3487; x_wconf 87' lang='lat' dir='ltr'><strong>vetiti</strong></span> <span class='ocrx_word' id='word_1_653' title='bbox 3485 3433 3856 3503; x_wconf 81' lang='lat' dir='ltr'><strong>usurpatione</strong></span> 
     </span>
    </p>
   </div>
   <div class='ocr_carea' id='block_1_96' title="bbox 2210 3525 3852 3598">
    <p class='ocr_par' dir='ltr' id='par_1_96' title="bbox 2210 3525 3852 3598">
     <span class='ocr_line' id='line_1_96' title="bbox 2210 3525 3852 3598; baseline -0.002 -14"><span class='ocrx_word' id='word_1_654' title='bbox 2210 3528 2510 3596; x_wconf 91' lang='lat' dir='ltr'><strong>commisit,</strong></span> <span class='ocrx_word' id='word_1_655' title='bbox 2545 3531 2601 3583; x_wconf 92' lang='lat' dir='ltr'><strong>et</strong></span> <span class='ocrx_word' id='word_1_656' title='bbox 2623 3527 2830 3583; x_wconf 90' lang='lat' dir='ltr'><strong>nostris</strong></span> <span class='ocrx_word' id='word_1_657' title='bbox 2859 3543 3086 3582; x_wconf 90' lang='lat' dir='ltr'><strong>oramus</strong></span> <span class='ocrx_word' id='word_1_658' title='bbox 3111 3525 3336 3580; x_wconf 88' lang='lat' dir='ltr'><strong>absolve</strong></span> <span class='ocrx_word' id='word_1_659' title='bbox 3363 3525 3632 3596; x_wconf 85' lang='lat' dir='ltr'><strong>jejuniis;</strong></span> <span class='ocrx_word' id='word_1_660' title='bbox 3666 3531 3733 3581; x_wconf 93' lang='lat' dir='ltr'><strong>ut</strong></span> <span class='ocrx_word' id='word_1_661' title='bbox 3759 3527 3852 3598; x_wconf 89' lang='lat' dir='ltr'><strong>qui</strong></span> 
     </span>
    </p>
   </div>
   <div class='ocr_carea' id='block_1_97' title="bbox 2211 3619 3850 3695">
    <p class='ocr_par' dir='ltr' id='par_1_97' title="bbox 2211 3619 3850 3695">
     <span class='ocr_line' id='line_1_97' title="bbox 2211 3619 3850 3695; baseline -0.004 -16"><span class='ocrx_word' id='word_1_662' title='bbox 2211 3624 2279 3680; x_wconf 91' lang='lat' dir='ltr'><strong>de</strong></span> <span class='ocrx_word' id='word_1_663' title='bbox 2303 3621 2560 3695; x_wconf 89' lang='lat' dir='ltr'><strong>paradiso</strong></span> <span class='ocrx_word' id='word_1_664' title='bbox 2589 3637 2706 3677; x_wconf 91' lang='lat' dir='ltr'><strong>non</strong></span> <span class='ocrx_word' id='word_1_665' title='bbox 2732 3619 3066 3676; x_wconf 85' lang='lat' dir='ltr'><strong>abstinendo</strong></span> <span class='ocrx_word' id='word_1_666' title='bbox 3092 3619 3398 3674; x_wconf 89' lang='lat' dir='ltr'><strong>cecidimus</strong></span> <span class='ocrx_word' id='word_1_667' title='bbox 3419 3661 3433 3688; x_wconf 93' lang='lat'><strong>,</strong></span> <span class='ocrx_word' id='word_1_668' title='bbox 3473 3619 3678 3674; x_wconf 90' lang='lat' dir='ltr'><strong>eodem</strong></span> <span class='ocrx_word' id='word_1_669' title='bbox 3704 3635 3850 3675; x_wconf 85' lang='lat' dir='ltr'><strong>nunc</strong></span> 
     </span>
    </p>
   </div>
   <div class='ocr_carea' id='block_1_98' title="bbox 2201 3713 3844 3789">
    <p class='ocr_par' dir='ltr' id='par_1_98' title="bbox 2201 3713 3844 3789">
     <span class='ocr_line' id='line_1_98' title="bbox 2201 3713 3844 3789; baseline -0.004 -16"><span class='ocrx_word' id='word_1_670' title='bbox 2201 3717 2517 3789; x_wconf 88' lang='lat' dir='ltr'><strong>jejunando</strong></span> <span class='ocrx_word' id='word_1_671' title='bbox 2565 3715 2880 3782; x_wconf 88' lang='lat' dir='ltr'><strong>redeamus,</strong></span> <span class='ocrx_word' id='word_1_672' title='bbox 2927 3730 3029 3786; x_wconf 88' lang='lat' dir='ltr'><strong>per</strong></span> <span class='ocrx_word' id='word_1_673' title='bbox 3067 3713 3356 3768; x_wconf 89' lang='lat' dir='ltr'><strong>Christum</strong></span> <span class='ocrx_word' id='word_1_674' title='bbox 3395 3713 3704 3769; x_wconf 88' lang='lat' dir='ltr'><strong>Dominum</strong></span> <span class='ocrx_word' id='word_1_675' title='bbox 3747 3729 3844 3768; x_wconf 92' lang='lat' dir='ltr'><strong>no-</strong></span> 
     </span>
    </p>
   </div>
   <div class='ocr_carea' id='block_1_99' title="bbox 2211 3815 2412 3868">
    <p class='ocr_par' dir='ltr' id='par_1_99' title="bbox 2211 3815 2412 3868">
     <span class='ocr_line' id='line_1_99' title="bbox 2211 3815 2412 3868; baseline 0 -2"><span class='ocrx_word' id='word_1_676' title='bbox 2211 3815 2412 3868; x_wconf 91' lang='lat' dir='ltr'><strong>strum.</strong></span> 
     </span>
    </p>
   </div>
   <div class='ocr_carea' id='block_1_100' title="bbox 2742 3903 3322 3944">
    <p class='ocr_par' dir='ltr' id='par_1_100' title="bbox 2742 3903 3322 3944">
     <span class='ocr_line' id='line_1_100' title="bbox 2742 3903 3322 3944; baseline -0.003 0"><span class='ocrx_word' id='word_1_677' title='bbox 2742 3905 2866 3944; x_wconf 73' lang='lat' dir='ltr'><strong>ITEM</strong></span> <span class='ocrx_word' id='word_1_678' title='bbox 2910 3903 3064 3944; x_wconf 74' lang='lat' dir='ltr'><strong>MISSA</strong></span> <span class='ocrx_word' id='word_1_679' title='bbox 3101 3903 3300 3943; x_wconf 79' lang='lat' dir='ltr'><strong>JEJUNII</strong></span> <span class='ocrx_word' id='word_1_680' title='bbox 3309 3929 3322 3942; x_wconf 90' lang='lat'><strong>.</strong></span> 
     </span>
    </p>
   </div>
   <div class='ocr_carea' id='block_1_101' title="bbox 2507 3997 3541 4066">
    <p class='ocr_par' dir='ltr' id='par_1_101' title="bbox 2507 3997 3541 4066">
     <span class='ocr_line' id='line_1_101' title="bbox 2507 3997 3541 4066; baseline -0.003 -15"><span class='ocrx_word' id='word_1_681' title='bbox 2507 3999 2737 4066; x_wconf 84' lang='lat' dir='ltr'><strong>Epistola</strong></span> <span class='ocrx_word' id='word_1_682' title='bbox 2761 3998 2904 4050; x_wconf 86' lang='lat' dir='ltr'><strong>Pauli</strong></span> <span class='ocrx_word' id='word_1_683' title='bbox 2931 3998 3154 4062; x_wconf 87' lang='lat' dir='ltr'><strong>apostoli</strong></span> <span class='ocrx_word' id='word_1_684' title='bbox 3179 3997 3246 4048; x_wconf 86' lang='lat' dir='ltr'><strong>ad</strong></span> <span class='ocrx_word' id='word_1_685' title='bbox 3263 3999 3541 4049; x_wconf 82' lang='lat' dir='ltr'><strong>Romanos.</strong></span> 
     </span>
    </p>
   </div>
   <div class='ocr_carea' id='block_1_102' title="bbox 2284 4106 3858 4180">
    <p class='ocr_par' dir='ltr' id='par_1_102' title="bbox 2284 4106 3858 4180">
     <span class='ocr_line' id='line_1_102' title="bbox 2284 4106 3858 4180; baseline 0 -16"><span class='ocrx_word' id='word_1_686' title='bbox 2284 4111 2523 4180; x_wconf 89' lang='lat' dir='ltr'><strong>Fratres,</strong></span> <span class='ocrx_word' id='word_1_687' title='bbox 2551 4107 2678 4164; x_wconf 91' lang='lat' dir='ltr'><strong>vivo</strong></span> <span class='ocrx_word' id='word_1_688' title='bbox 2717 4124 2844 4180; x_wconf 92' lang='lat' dir='ltr'><strong>ego,</strong></span> <span class='ocrx_word' id='word_1_689' title='bbox 2889 4107 3024 4162; x_wconf 91' lang='lat' dir='ltr'><strong>dicit</strong></span> <span class='ocrx_word' id='word_1_690' title='bbox 3059 4107 3351 4178; x_wconf 89' lang='lat' dir='ltr'><strong>Dominus,</strong></span> <span class='ocrx_word' id='word_1_691' title='bbox 3399 4106 3673 4180; x_wconf 89' lang='lat' dir='ltr'><strong>quoniam</strong></span> <span class='ocrx_word' id='word_1_692' title='bbox 3713 4109 3858 4165; x_wconf 88' lang='lat' dir='ltr'><strong>mihi</strong></span> 
     </span>
    </p>
   </div>
   <div class='ocr_carea' id='block_1_103' title="bbox 2211 4201 3852 4274">
    <p class='ocr_par' dir='ltr' id='par_1_103' title="bbox 2211 4201 3852 4274">
     <span class='ocr_line' id='line_1_103' title="bbox 2211 4201 3852 4274; baseline -0.003 -12"><span class='ocrx_word' id='word_1_693' title='bbox 2211 4204 2385 4262; x_wconf 87' lang='lat' dir='ltr'><strong>ﬂectit</strong></span> <span class='ocrx_word' id='word_1_694' title='bbox 2409 4219 2578 4260; x_wconf 91' lang='lat' dir='ltr'><strong>omne</strong></span> <span class='ocrx_word' id='word_1_695' title='bbox 2608 4219 2778 4274; x_wconf 91' lang='lat' dir='ltr'><strong>genu,</strong></span> <span class='ocrx_word' id='word_1_696' title='bbox 2804 4205 2860 4257; x_wconf 90' lang='lat' dir='ltr'><strong>et</strong></span> <span class='ocrx_word' id='word_1_697' title='bbox 2886 4201 3070 4256; x_wconf 91' lang='lat' dir='ltr'><strong>omnis</strong></span> <span class='ocrx_word' id='word_1_698' title='bbox 3095 4201 3292 4273; x_wconf 88' lang='lat' dir='ltr'><strong>lingua</strong></span> <span class='ocrx_word' id='word_1_699' title='bbox 3332 4201 3694 4258; x_wconf 86' lang='lat' dir='ltr'><strong>conﬁtebitur</strong></span> <span class='ocrx_word' id='word_1_700' title='bbox 3719 4204 3852 4258; x_wconf 92' lang='lat' dir='ltr'><strong>Deo.</strong></span> 
     </span>
    </p>
   </div>
   <div class='ocr_carea' id='block_1_104' title="bbox 2213 4294 3856 4369">
    <p class='ocr_par' dir='ltr' id='par_1_104' title="bbox 2213 4294 3856 4369">
     <span class='ocr_line' id='line_1_104' title="bbox 2213 4294 3856 4369; baseline -0.001 -17"><span class='ocrx_word' id='word_1_701' title='bbox 2213 4300 2403 4369; x_wconf 86' lang='lat' dir='ltr'><strong>Itaque</strong></span> <span class='ocrx_word' id='word_1_702' title='bbox 2427 4295 2818 4368; x_wconf 89' lang='lat' dir='ltr'><strong>unusquisque</strong></span> <span class='ocrx_word' id='word_1_703' title='bbox 2845 4299 3102 4350; x_wconf 90' lang='lat' dir='ltr'><strong>nostrum</strong></span> <span class='ocrx_word' id='word_1_704' title='bbox 3127 4311 3229 4366; x_wconf 89' lang='lat' dir='ltr'><strong>pro</strong></span> <span class='ocrx_word' id='word_1_705' title='bbox 3257 4311 3314 4350; x_wconf 91' lang='lat' dir='ltr'><strong>se</strong></span> <span class='ocrx_word' id='word_1_706' title='bbox 3339 4294 3618 4350; x_wconf 89' lang='lat' dir='ltr'><strong>rationem</strong></span> <span class='ocrx_word' id='word_1_707' title='bbox 3657 4295 3856 4351; x_wconf 90' lang='lat' dir='ltr'><strong>reddet</strong></span> 
     </span>
    </p>
   </div>
   <div class='ocr_carea' id='block_1_105' title="bbox 2211 4387 3856 4462">
    <p class='ocr_par' dir='ltr' id='par_1_105' title="bbox 2211 4387 3856 4462">
     <span class='ocr_line' id='line_1_105' title="bbox 2211 4387 3856 4462; baseline -0.002 -15"><span class='ocrx_word' id='word_1_708' title='bbox 2211 4393 2344 4447; x_wconf 92' lang='lat' dir='ltr'><strong>Deo.</strong></span> <span class='ocrx_word' id='word_1_709' title='bbox 2372 4392 2494 4446; x_wconf 92' lang='lat' dir='ltr'><strong>Non</strong></span> <span class='ocrx_word' id='word_1_710' title='bbox 2523 4407 2661 4462; x_wconf 91' lang='lat' dir='ltr'><strong>ergo</strong></span> <span class='ocrx_word' id='word_1_711' title='bbox 2688 4389 2934 4461; x_wconf 89' lang='lat' dir='ltr'><strong>amplius</strong></span> <span class='ocrx_word' id='word_1_712' title='bbox 2971 4387 3216 4444; x_wconf 88' lang='lat' dir='ltr'><strong>invicem</strong></span> <span class='ocrx_word' id='word_1_713' title='bbox 3234 4389 3592 4460; x_wconf 87' lang='lat' dir='ltr'><strong>judicemus;</strong></span> <span class='ocrx_word' id='word_1_714' title='bbox 3623 4389 3718 4445; x_wconf 89' lang='lat' dir='ltr'><strong>sed</strong></span> <span class='ocrx_word' id='word_1_715' title='bbox 3747 4390 3856 4444; x_wconf 85' lang='lat' dir='ltr'><strong>hoc</strong></span> 
     </span>
    </p>
   </div>
   <div class='ocr_carea' id='block_1_106' title="bbox 2129 4482 3860 4581">
    <p class='ocr_par' dir='ltr' id='par_1_106' title="bbox 2129 4482 3860 4581">
     <span class='ocr_line' id='line_1_106' title="bbox 2129 4482 3860 4581; baseline -0.001 -41"><span class='ocrx_word' id='word_1_716' title='bbox 2129 4485 2456 4581; x_wconf 85' lang='lat' dir='ltr'><strong>Djudicate</strong></span> <span class='ocrx_word' id='word_1_717' title='bbox 2503 4485 2708 4556; x_wconf 90' lang='lat' dir='ltr'><strong>magis,</strong></span> <span class='ocrx_word' id='word_1_718' title='bbox 2737 4499 2812 4539; x_wconf 85' lang='lat' dir='ltr'><strong>ne</strong></span> <span class='ocrx_word' id='word_1_719' title='bbox 2853 4482 3090 4581; x_wconf 76' lang='lat' dir='ltr'><strong>ponatis</strong></span> <span class='ocrx_word' id='word_1_720' title='bbox 3120 4482 3521 4581; x_wconf 76' lang='lat' dir='ltr'><strong>oﬂ‘endiculum</strong></span> <span class='ocrx_word' id='word_1_721' title='bbox 3563 4482 3730 4581; x_wconf 71' lang='lat' dir='ltr'><strong>fratri</strong></span> <span class='ocrx_word' id='word_1_722' title='bbox 3767 4483 3860 4581; x_wconf 77' lang='lat' dir='ltr'><strong>vel</strong></span> 
     </span>
    </p>
   </div>
   <div class='ocr_carea' id='block_1_107' title="bbox 2215 4575 3856 4635">
    <p class='ocr_par' dir='ltr' id='par_1_107' title="bbox 2215 4575 3856 4635">
     <span class='ocr_line' id='line_1_107' title="bbox 2215 4575 3856 4635; baseline -0.001 -2"><span class='ocrx_word' id='word_1_723' title='bbox 2215 4580 2564 4635; x_wconf 89' lang='lat' dir='ltr'><strong>scandalum.</strong></span> <span class='ocrx_word' id='word_1_724' title='bbox 2596 4579 2720 4634; x_wconf 92' lang='lat' dir='ltr'><strong>Scio</strong></span> <span class='ocrx_word' id='word_1_725' title='bbox 2747 4583 2803 4635; x_wconf 89' lang='lat' dir='ltr'><strong>et</strong></span> <span class='ocrx_word' id='word_1_726' title='bbox 2828 4576 3049 4632; x_wconf 86' lang='lat' dir='ltr'><strong>conﬁdo</strong></span> <span class='ocrx_word' id='word_1_727' title='bbox 3077 4575 3136 4632; x_wconf 92' lang='lat' dir='ltr'><strong>in</strong></span> <span class='ocrx_word' id='word_1_728' title='bbox 3165 4576 3402 4632; x_wconf 91' lang='lat' dir='ltr'><strong>Domino</strong></span> <span class='ocrx_word' id='word_1_729' title='bbox 3427 4577 3578 4632; x_wconf 84' lang='lat' dir='ltr'><strong>Jesu.</strong></span> <span class='ocrx_word' id='word_1_730' title='bbox 3611 4577 3668 4632; x_wconf 90' lang='lat' dir='ltr'><strong>Si</strong></span> <span class='ocrx_word' id='word_1_731' title='bbox 3697 4577 3856 4632; x_wconf 85' lang='lat' dir='ltr'><strong>enim</strong></span> 
     </span>
    </p>
   </div>
   <div class='ocr_carea' id='block_1_108' title="bbox 2215 4669 3858 4745">
    <p class='ocr_par' dir='ltr' id='par_1_108' title="bbox 2215 4669 3858 4745">
     <span class='ocr_line' id='line_1_108' title="bbox 2215 4669 3858 4745; baseline -0.001 -18"><span class='ocrx_word' id='word_1_732' title='bbox 2215 4677 2448 4745; x_wconf 90' lang='lat' dir='ltr'><strong>propter</strong></span> <span class='ocrx_word' id='word_1_733' title='bbox 2495 4673 2686 4729; x_wconf 90' lang='lat' dir='ltr'><strong>cibum</strong></span> <span class='ocrx_word' id='word_1_734' title='bbox 2734 4673 2909 4728; x_wconf 89' lang='lat' dir='ltr'><strong>frater</strong></span> <span class='ocrx_word' id='word_1_735' title='bbox 2950 4677 3082 4727; x_wconf 89' lang='lat' dir='ltr'><strong>tuus</strong></span> <span class='ocrx_word' id='word_1_736' title='bbox 3137 4669 3518 4740; x_wconf 87' lang='lat' dir='ltr'><strong>contristatur,</strong></span> <span class='ocrx_word' id='word_1_737' title='bbox 3563 4669 3693 4741; x_wconf 86' lang='lat' dir='ltr'><strong>jam</strong></span> <span class='ocrx_word' id='word_1_738' title='bbox 3741 4687 3858 4726; x_wconf 89' lang='lat' dir='ltr'><strong>non</strong></span> 
     </span>
    </p>
   </div>
   <div class='ocr_carea' id='block_1_109' title="bbox 2215 4763 3860 4823">
    <p class='ocr_par' dir='ltr' id='par_1_109' title="bbox 2215 4763 3860 4823">
     <span class='ocr_line' id='line_1_109' title="bbox 2215 4763 3860 4823; baseline -0.001 -2"><span class='ocrx_word' id='word_1_739' title='bbox 2215 4767 2528 4823; x_wconf 90' lang='lat' dir='ltr'><strong>secundum</strong></span> <span class='ocrx_word' id='word_1_740' title='bbox 2573 4767 2864 4822; x_wconf 88' lang='lat' dir='ltr'><strong>caritatem</strong></span> <span class='ocrx_word' id='word_1_741' title='bbox 2909 4764 3187 4821; x_wconf 89' lang='lat' dir='ltr'><strong>ambulas.</strong></span> <span class='ocrx_word' id='word_1_742' title='bbox 3234 4763 3358 4818; x_wconf 89' lang='lat' dir='ltr'><strong>Noli</strong></span> <span class='ocrx_word' id='word_1_743' title='bbox 3400 4764 3523 4818; x_wconf 90' lang='lat' dir='ltr'><strong>cibo</strong></span> <span class='ocrx_word' id='word_1_744' title='bbox 3563 4767 3668 4819; x_wconf 92' lang='lat' dir='ltr'><strong>tuo</strong></span> <span class='ocrx_word' id='word_1_745' title='bbox 3693 4763 3860 4820; x_wconf 89' lang='lat' dir='ltr'><strong>illum</strong></span> 
     </span>
    </p>
   </div>
   <div class='ocr_carea' id='block_1_110' title="bbox 2213 4857 3860 4934">
    <p class='ocr_par' dir='ltr' id='par_1_110' title="bbox 2213 4857 3860 4934">
     <span class='ocr_line' id='line_1_110' title="bbox 2213 4857 3860 4934; baseline -0.001 -19"><span class='ocrx_word' id='word_1_746' title='bbox 2213 4861 2470 4934; x_wconf 89' lang='lat' dir='ltr'><strong>perdere,</strong></span> <span class='ocrx_word' id='word_1_747' title='bbox 2513 4877 2617 4934; x_wconf 92' lang='lat' dir='ltr'><strong>pro</strong></span> <span class='ocrx_word' id='word_1_748' title='bbox 2647 4877 2760 4933; x_wconf 86' lang='lat' dir='ltr'><strong>quo</strong></span> <span class='ocrx_word' id='word_1_749' title='bbox 2788 4859 3043 4916; x_wconf 90' lang='lat' dir='ltr'><strong>Christus</strong></span> <span class='ocrx_word' id='word_1_750' title='bbox 3086 4862 3345 4914; x_wconf 89' lang='lat' dir='ltr'><strong>mortuus</strong></span> <span class='ocrx_word' id='word_1_751' title='bbox 3391 4861 3495 4913; x_wconf 90' lang='lat' dir='ltr'><strong>est.</strong></span> <span class='ocrx_word' id='word_1_752' title='bbox 3533 4857 3658 4912; x_wconf 73' lang='lat' dir='ltr'><strong>Non</strong></span> <span class='ocrx_word' id='word_1_753' title='bbox 3701 4859 3860 4914; x_wconf 85' lang='lat' dir='ltr'><strong>enim</strong></span> 
     </span>
    </p>
   </div>
   <div class='ocr_carea' id='block_1_111' title="bbox 2213 4951 3860 5028">
    <p class='ocr_par' dir='ltr' id='par_1_111' title="bbox 2213 4951 3860 5028">
     <span class='ocr_line' id='line_1_111' title="bbox 2213 4951 3860 5028; baseline -0.004 -16"><span class='ocrx_word' id='word_1_754' title='bbox 2213 4955 2638 5028; x_wconf 87' lang='lat' dir='ltr'><strong>blasphemetur</strong></span> <span class='ocrx_word' id='word_1_755' title='bbox 2662 4955 2879 5010; x_wconf 91' lang='lat' dir='ltr'><strong>bonum</strong></span> <span class='ocrx_word' id='word_1_756' title='bbox 2903 4956 3182 5009; x_wconf 90' lang='lat' dir='ltr'><strong>nostrum.</strong></span> <span class='ocrx_word' id='word_1_757' title='bbox 3211 4952 3332 5007; x_wconf 86' lang='lat' dir='ltr'><strong>Non</strong></span> <span class='ocrx_word' id='word_1_758' title='bbox 3359 4955 3442 5008; x_wconf 90' lang='lat' dir='ltr'><strong>est</strong></span> <span class='ocrx_word' id='word_1_759' title='bbox 3465 4967 3716 5023; x_wconf 88' lang='lat' dir='ltr'><strong>regnum</strong></span> <span class='ocrx_word' id='word_1_760' title='bbox 3755 4951 3860 5008; x_wconf 90' lang='lat' dir='ltr'><strong>Dei</strong></span> 
     </span>
    </p>
   </div>
   <div class='ocr_carea' id='block_1_112' title="bbox 2214 5045 3864 5121">
    <p class='ocr_par' dir='ltr' id='par_1_112' title="bbox 2214 5045 3864 5121">
     <span class='ocr_line' id='line_1_112' title="bbox 2214 5045 3864 5121; baseline -0.004 -15"><span class='ocrx_word' id='word_1_761' title='bbox 2214 5067 2337 5108; x_wconf 84' lang='lat' dir='ltr'><strong>esca</strong></span> <span class='ocrx_word' id='word_1_762' title='bbox 2366 5055 2422 5105; x_wconf 90' lang='lat' dir='ltr'><strong>et</strong></span> <span class='ocrx_word' id='word_1_763' title='bbox 2451 5053 2636 5121; x_wconf 90' lang='lat' dir='ltr'><strong>potus,</strong></span> <span class='ocrx_word' id='word_1_764' title='bbox 2664 5049 2761 5104; x_wconf 92' lang='lat' dir='ltr'><strong>sed</strong></span> <span class='ocrx_word' id='word_1_765' title='bbox 2778 5047 3020 5120; x_wconf 88' lang='lat' dir='ltr'><strong>justitia,</strong></span> <span class='ocrx_word' id='word_1_766' title='bbox 3044 5050 3100 5102; x_wconf 89' lang='lat' dir='ltr'><strong>et</strong></span> <span class='ocrx_word' id='word_1_767' title='bbox 3114 5063 3244 5118; x_wconf 82' lang='lat' dir='ltr'><strong>pax,</strong></span> <span class='ocrx_word' id='word_1_768' title='bbox 3275 5050 3330 5101; x_wconf 91' lang='lat' dir='ltr'><strong>et</strong></span> <span class='ocrx_word' id='word_1_769' title='bbox 3351 5045 3628 5118; x_wconf 87' lang='lat' dir='ltr'><strong>gaudium</strong></span> <span class='ocrx_word' id='word_1_770' title='bbox 3653 5046 3714 5100; x_wconf 89' lang='lat' dir='ltr'><strong>in</strong></span> <span class='ocrx_word' id='word_1_771' title='bbox 3739 5045 3864 5118; x_wconf 86' lang='lat' dir='ltr'><strong>Spi-</strong></span> 
     </span>
    </p>
   </div>
   <div class='ocr_carea' id='block_1_113' title="bbox 2213 5139 3864 5212">
    <p class='ocr_par' dir='ltr' id='par_1_113' title="bbox 2213 5139 3864 5212">
     <span class='ocr_line' id='line_1_113' title="bbox 2213 5139 3864 5212; baseline -0.004 -12"><span class='ocrx_word' id='word_1_772' title='bbox 2213 5144 2328 5200; x_wconf 88' lang='lat' dir='ltr'><strong>ritu</strong></span> <span class='ocrx_word' id='word_1_773' title='bbox 2353 5147 2564 5200; x_wconf 89' lang='lat' dir='ltr'><strong>sancto.</strong></span> <span class='ocrx_word' id='word_1_774' title='bbox 2593 5142 2699 5209; x_wconf 85' lang='lat' dir='ltr'><strong>Qui</strong></span> <span class='ocrx_word' id='word_1_775' title='bbox 2729 5141 2882 5198; x_wconf 89' lang='lat' dir='ltr'><strong>enim</strong></span> <span class='ocrx_word' id='word_1_776' title='bbox 2909 5140 3080 5197; x_wconf 91' lang='lat' dir='ltr'><strong>servit</strong></span> <span class='ocrx_word' id='word_1_777' title='bbox 3103 5141 3238 5206; x_wconf 93' lang='lat' dir='ltr'><strong>Deo,</strong></span> <span class='ocrx_word' id='word_1_778' title='bbox 3263 5139 3537 5212; x_wconf 88' lang='lat' dir='ltr'><strong>probatus</strong></span> <span class='ocrx_word' id='word_1_779' title='bbox 3561 5143 3650 5194; x_wconf 86' lang='lat' dir='ltr'><strong>est</strong></span> <span class='ocrx_word' id='word_1_780' title='bbox 3677 5139 3864 5195; x_wconf 89' lang='lat' dir='ltr'><strong>homi-</strong></span> 
     </span>
    </p>
   </div>
   <div class='ocr_carea' id='block_1_114' title="bbox 2213 5238 2401 5294">
    <p class='ocr_par' dir='ltr' id='par_1_114' title="bbox 2213 5238 2401 5294">
     <span class='ocr_line' id='line_1_114' title="bbox 2213 5238 2401 5294; baseline 0 -1"><span class='ocrx_word' id='word_1_781' title='bbox 2213 5238 2401 5294; x_wconf 91' lang='lat' dir='ltr'><strong>nibus.</strong></span> 
     </span>
    </p>
   </div>
   <div class='ocr_carea' id='block_1_115' title="bbox 2213 5367 3864 5444">
    <p class='ocr_par' dir='ltr' id='par_1_115' title="bbox 2213 5367 3864 5444">
     <span class='ocr_line' id='line_1_115' title="bbox 2213 5367 3864 5444; baseline -0.004 -15"><span class='ocrx_word' id='word_1_782' title='bbox 2213 5377 2343 5444; x_wconf 91' lang='lat' dir='ltr'><strong>etc.,</strong></span> <span class='ocrx_word' id='word_1_783' title='bbox 2375 5374 2472 5428; x_wconf 89' lang='lat' dir='ltr'><strong>sed</strong></span> <span class='ocrx_word' id='word_1_784' title='bbox 2501 5389 2514 5428; x_wconf 90' lang='lat'><strong>:</strong></span> <span class='ocrx_word' id='word_1_785' title='bbox 2559 5375 2686 5428; x_wconf 78' lang='lat' dir='ltr'><strong>item</strong></span> <span class='ocrx_word' id='word_1_786' title='bbox 2713 5371 2828 5427; x_wconf 81' lang='lat' dir='ltr'><strong>alia</strong></span> <span class='ocrx_word' id='word_1_787' title='bbox 2853 5371 3018 5444; x_wconf 75' lang='lat' dir='ltr'><strong>missa</strong></span> <span class='ocrx_word' id='word_1_788' title='bbox 3041 5369 3261 5440; x_wconf 80' lang='lat' dir='ltr'><strong>Jejunii.</strong></span> <span class='ocrx_word' id='word_1_789' title='bbox 3291 5367 3356 5444; x_wconf 82' lang='lat' dir='ltr'><strong>In</strong></span> <span class='ocrx_word' id='word_1_790' title='bbox 3385 5368 3584 5444; x_wconf 78' lang='lat' dir='ltr'><strong>eodem</strong></span> <span class='ocrx_word' id='word_1_791' title='bbox 3608 5367 3864 5444; x_wconf 77' lang='lat' dir='ltr'><strong>_Gotl_iic_o</strong></span> 
     </span>
    </p>
   </div>
   <div class='ocr_carea' id='block_1_116' title="bbox 2213 5439 3868 5510">
    <p class='ocr_par' dir='ltr' id='par_1_116' title="bbox 2213 5439 3868 5510">
     <span class='ocr_line' id='line_1_116' title="bbox 2213 5439 3868 5510; baseline -0.003 -10"><span class='ocrx_word' id='word_1_792' title='bbox 2213 5439 2494 5501; x_wconf 84' lang='lat' dir='ltr'><strong>habentur</strong></span> <span class='ocrx_word' id='word_1_793' title='bbox 2519 5447 2740 5500; x_wconf 87' lang='lat' dir='ltr'><strong>tantum</strong></span> <span class='ocrx_word' id='word_1_794' title='bbox 2767 5458 2864 5498; x_wconf 84' lang='lat' dir='ltr'><strong>sex</strong></span> <span class='ocrx_word' id='word_1_795' title='bbox 2891 5441 3077 5496; x_wconf 86' lang='lat' dir='ltr'><strong>missae</strong></span> <span class='ocrx_word' id='word_1_796' title='bbox 3098 5439 3236 5496; x_wconf 84' lang='lat' dir='ltr'><strong>ante</strong></span> <span class='ocrx_word' id='word_1_797' title='bbox 3263 5440 3492 5494; x_wconf 89' lang='lat' dir='ltr'><strong>missam</strong></span> <span class='ocrx_word' id='word_1_798' title='bbox 3517 5439 3576 5494; x_wconf 92' lang='lat' dir='ltr'><strong>in</strong></span> <span class='ocrx_word' id='word_1_799' title='bbox 3603 5439 3868 5510; x_wconf 82' lang='lat' dir='ltr'><strong>Symboli</strong></span> 
     </span>
    </p>
   </div>
   <div class='ocr_carea' id='block_1_117' title="bbox 2213 5512 3866 5598">
    <p class='ocr_par' dir='ltr' id='par_1_117' title="bbox 2213 5512 3866 5598">
     <span class='ocr_line' id='line_1_117' title="bbox 2213 5512 3866 5598; baseline -0.003 -26"><span class='ocrx_word' id='word_1_800' title='bbox 2213 5517 2533 5598; x_wconf 73' lang='lat' dir='ltr'><strong>traditione,</strong></span> <span class='ocrx_word' id='word_1_801' title='bbox 2561 5531 2691 5588; x_wconf 83' lang='lat' dir='ltr'><strong>quae</strong></span> <span class='ocrx_word' id='word_1_802' title='bbox 2718 5513 2888 5570; x_wconf 88' lang='lat' dir='ltr'><strong>ﬁebat</strong></span> <span class='ocrx_word' id='word_1_803' title='bbox 2913 5514 2974 5568; x_wconf 91' lang='lat' dir='ltr'><strong>in</strong></span> <span class='ocrx_word' id='word_1_804' title='bbox 3015 5512 3309 5568; x_wconf 89' lang='lat' dir='ltr'><strong>Dominica</strong></span> <span class='ocrx_word' id='word_1_805' title='bbox 3337 5512 3658 5568; x_wconf 85' lang='lat' dir='ltr'><strong>Palmarum</strong></span> <span class='ocrx_word' id='word_1_806' title='bbox 3701 5525 3716 5563; x_wconf 92' lang='lat'>:</span> <span class='ocrx_word' id='word_1_807' title='bbox 3751 5527 3866 5567; x_wconf 87' lang='lat' dir='ltr'><strong>ne-</strong></span> 
     </span>
    </p>
   </div>
   <div class='ocr_carea' id='block_1_118' title="bbox 2213 5589 3864 5736">
    <p class='ocr_par' dir='ltr' id='par_1_118' title="bbox 2213 5589 3864 5736">
     <span class='ocr_line' id='line_1_118' title="bbox 2213 5589 2674 5659; baseline -0.004 -16"><span class='ocrx_word' id='word_1_808' title='bbox 2213 5605 2322 5659; x_wconf 90' lang='lat' dir='ltr'><strong>que</strong></span> <span class='ocrx_word' id='word_1_809' title='bbox 2349 5589 2440 5643; x_wconf 89' lang='lat' dir='ltr'><strong>hic</strong></span> <span class='ocrx_word' id='word_1_810' title='bbox 2465 5589 2674 5659; x_wconf 90' lang='lat' dir='ltr'><strong>plures.</strong></span> 
     </span>
     <span class='ocr_line' id='line_1_119' title="bbox 2285 5655 3864 5736; baseline -0.004 -22"><span class='ocrx_word' id='word_1_811' title='bbox 2285 5669 2305 5736; x_wconf 63' lang='grc' dir='ltr'><strong>ξ</strong></span> <span class='ocrx_word' id='word_1_812' title='bbox 2345 5660 2660 5736; x_wconf 81' lang='lat' dir='ltr'><strong>Legebatur</strong></span> <span class='ocrx_word' id='word_1_813' title='bbox 2695 5657 2754 5712; x_wconf 91' lang='lat' dir='ltr'><strong>in</strong></span> <span class='ocrx_word' id='word_1_814' title='bbox 2787 5655 3125 5736; x_wconf 77' lang='lat' dir='ltr'><strong>exemplari,</strong></span> <span class='ocrx_word' id='word_1_815' title='bbox 3157 5655 3864 5736; x_wconf 55' lang='lat' dir='ltr'><strong>disceptationepuritate;</strong></span> 
     </span>
    </p>
   </div>
   <div class='ocr_carea' id='block_1_119' title="bbox 2212 5725 3864 5859">
    <p class='ocr_par' dir='ltr' id='par_1_119' title="bbox 2212 5725 3864 5859">
     <span class='ocr_line' id='line_1_120' title="bbox 2212 5725 3864 5856; baseline -0.001 -72"><span class='ocrx_word' id='word_1_816' title='bbox 2212 5730 2310 5856; x_wconf 59' lang='lat' dir='ltr'><strong>sled</strong></span> <span class='ocrx_word' id='word_1_817' title='bbox 2334 5725 2694 5788; x_wconf 74' lang='lat' dir='ltr'><strong>manifestum</strong></span> <span class='ocrx_word' id='word_1_818' title='bbox 2724 5725 2997 5786; x_wconf 81' lang='lat' dir='ltr'><strong>mendum</strong></span> <span class='ocrx_word' id='word_1_819' title='bbox 3027 5727 3134 5784; x_wconf 88' lang='lat' dir='ltr'><strong>hoc</strong></span> <span class='ocrx_word' id='word_1_820' title='bbox 3163 5725 3330 5784; x_wconf 85' lang='lat' dir='ltr'><strong>modo</strong></span> <span class='ocrx_word' id='word_1_821' title='bbox 3370 5725 3602 5784; x_wconf 79' lang='lat' dir='ltr'><strong>indubia</strong></span> <span class='ocrx_word' id='word_1_822' title='bbox 3639 5739 3864 5782; x_wconf 86' lang='lat' dir='ltr'><strong>sanan-</strong></span> 
     </span>
     <span class='ocr_line' id='line_1_121' title="bbox 2250 5817 2373 5859; baseline 0.016 -2"><span class='ocrx_word' id='word_1_823' title='bbox 2250 5817 2373 5859; x_wconf 88' lang='lat' dir='ltr'><strong>um.</strong></span> 
     </span>
    </p>
   </div>
  </div>
