4036 6188
195 298 270 352 481

304 398 471 451 Lectio
498 399 660 450 sancti
682 399 952 464 Evangelii
979 399 1268 450 secundum
1295 399 1591 450 Mattbaaum
1611 400 1656 448 ³.

246 481 428 537 Simile
455 486 539 536 est
561 497 806 552 regnum
832 482 1098 536 caelorum
1123 481 1345 536 homini
1378 481 1789 553 patrifamilias,

185 576 266 648 qui
294 575 423 629 exiit
447 575 631 646 primo
657 591 823 630 mane
847 575 1159 631 conducere
1176 575 1461 647 operarios
1487 577 1548 631 in
1571 577 1794 632 vineam

182 685 342 724 suam.
373 668 750 723 Conventione
771 673 962 724 autem
978 669 1124 724 facta
1149 686 1278 724 cum
1305 670 1577 741 operariis
1607 686 1677 724 ex
1706 669 1796 724 de-

181 762 319 817 nario
348 761 576 829 diurno,
608 762 758 816 misit
782 778 878 817 eos
898 763 960 817 in
985 764 1209 818 vineam
1235 780 1416 820 suam.
1447 767 1514 819 Et
1538 779 1796 836 egressus

180 856 306 910 circa
333 855 537 910 horam
560 856 804 925 tertiam,
836 857 978 911 vidit
1002 857 1137 912 alios
1165 861 1374 913 stantes
1413 858 1472 912 in
1498 858 1621 912 foro
1651 856 1792 912 otio-

178 965 270 1014 sos,
301 951 356 1002 et
391 948 499 1002 illis
541 948 682 1003 dixit
718 966 731 1002 :
765 951 842 1004 Ite
890 954 947 1004 et
991 967 1085 1005 vos
1123 951 1183 1005 in
1219 951 1443 1006 vineam
1479 968 1688 1021 meam,
1741 955 1796 1005 et

179 1041 312 1114 quod
336 1042 560 1113 justum
587 1043 758 1097 fuerit
787 1043 934 1098 dabo
962 1045 1140 1100 vobis.
1171 1045 1258 1100 Illi
1287 1050 1478 1101 autem
1512 1046 1792 1101 abierunt.

177 1137 366 1191 lterum
393 1135 533 1190 exiit
553 1136 699 1190 circa
728 1143 945 1192 sextam
975 1143 1030 1193 et
1071 1154 1282 1193 nonam
1317 1139 1536 1206 horam,
1565 1144 1624 1194 et
1666 1138 1798 1193 fecit

177 1229 430 1284 similiter.
470 1229 628 1284 Circa
677 1231 1037 1286 undecimam
1077 1249 1209 1288 vero
1265 1233 1418 1302 exiit,
1477 1237 1533 1288 et
1581 1232 1798 1287 invenit

175 1323 295 1378 alios
321 1328 553 1392 stantes,
585 1329 640 1378 et
666 1324 800 1379 dicit
827 1325 976 1380 illis:
1023 1326 1168 1391 Quid
1209 1325 1300 1380 hic
1340 1327 1494 1382 statis
1547 1331 1664 1381 tota
1708 1326 1797 1380 die

176 1417 366 1472 otiosi?
396 1417 606 1472 Dicunt
631 1417 704 1488 ei,
734 1419 872 1490 quia
890 1435 1058 1474 nemo
1098 1437 1205 1474 nos
1239 1420 1526 1474 conduxit.
1559 1419 1702 1475 Dicit
1730 1419 1794 1473 il-

176 1510 230 1564 lis
257 1527 271 1564 :
300 1513 378 1565 lte
405 1515 462 1565 et
486 1527 586 1565 vos
614 1511 674 1566 in
705 1512 946 1568 vineam.
991 1514 1133 1568 Cum
1177 1529 1303 1568 sero
1349 1519 1541 1568 autem
1587 1514 1797 1568 factum

177 1608 318 1674 esset,
357 1603 494 1659 dicit
545 1604 808 1659 dominus
838 1604 1014 1661 vineae
1056 1607 1409 1678 procuratori
1459 1624 1561 1662 suo
1611 1625 1623 1662 :
1657 1609 1800 1662 Voca

177 1697 460 1769 operarios,
493 1702 552 1752 et
575 1698 748 1754 redde
791 1698 901 1753 illis
936 1701 1276 1770 mercedem,
1314 1700 1590 1773 incipiens
1632 1718 1665 1754 a
1705 1717 1801 1756 no-

177 1791 389 1845 vissimis
422 1807 604 1862 usque
643 1792 715 1846 ad
751 1793 985 1863 primos.
1027 1798 1170 1849 Cum
1212 1795 1497 1851 venissent
1539 1812 1674 1866 ergo
1701 1794 1798 1866 qui
1819 1788 1875 1860 B

180 1886 301 1940 circa
325 1885 692 1940 undecimam
721 1886 921 1942 horam
971 1894 1258 1958 venerant,
1305 1893 1640 1960 acceperunt
1680 1889 1796 1942 sin-

181 1978 317 2050 gulos
341 1979 627 2034 denarios.
664 1980 957 2036 Venientes
985 1987 1177 2038 autem
1215 1987 1272 2037 et
1306 1982 1518 2053 primi,
1543 1981 1798 2036 arbitrati

180 2077 288 2127 sunt
313 2072 464 2145 quod
493 2075 626 2145 plus
652 2079 837 2130 essent
862 2076 1180 2148 accepturi;
1230 2081 1569 2148 acceperunt
1611 2079 1799 2130 autem

181 2171 224 2219 et
244 2166 340 2238 ipsi
372 2167 633 2239 singulos
660 2169 940 2224 donarios.
989 2171 1055 2224 Et
1099 2169 1432 2241 accipientes
1471 2186 1796 2225 murmura-

181 2258 294 2314 bant
331 2261 601 2317 adversus
638 2263 1124 2334 patremfamilias,
1167 2263 1445 2319 dicentes:
1493 2263 1580 2318 Hii
1619 2263 1802 2318 novis-

181 2353 286 2407 simi
310 2371 415 2408 una
441 2356 588 2409 hora
607 2355 882 2426 fecerunt,
919 2360 975 2411 et
1015 2373 1180 2428 pares
1226 2357 1390 2412 nobis
1429 2357 1554 2412 illos
1593 2356 1797 2426 fecisti,

182 2447 261 2518 qui
285 2449 634 2518 portavimus
660 2451 880 2521 pondus
899 2450 1012 2505 diei
1039 2455 1095 2505 et
1123 2455 1312 2506 aestus.
1342 2454 1411 2505 At
1440 2451 1534 2506 ille
1573 2466 1801 2521 respon-

182 2540 296 2594 dens
319 2543 416 2596 uni
444 2559 653 2597 eorum
681 2544 823 2598 dixit
853 2561 865 2598 :
898 2543 1110 2613 Amice,
1162 2561 1278 2599 non
1320 2544 1461 2599 facio
1502 2544 1603 2598 tibi
1648 2544 1799 2614 inju-

182 2634 322 2690 riam.
361 2637 566 2692 Nonne
611 2655 681 2692 ex
722 2637 951 2692 denario
987 2639 1296 2693 convenisti
1335 2655 1562 2693 mecum
1585 2639 1612 2692 ?
1649 2638 1800 2692 Tolle

184 2729 313 2798 quod
335 2735 501 2785 tuum
535 2737 637 2799 est,
661 2735 717 2786 et
745 2731 902 2786 vade.
933 2731 1069 2785 Volo
1111 2737 1303 2786 autem
1346 2736 1402 2786 et
1443 2731 1576 2786 huic
1611 2730 1798 2784 novis-

185 2822 304 2878 simo
323 2824 450 2880 dare
473 2825 628 2880 sicut
655 2829 712 2880 et
737 2825 860 2880 tibi.
883 2827 992 2881 Aut
1015 2843 1132 2880 non
1159 2826 1288 2881 licet
1307 2825 1450 2880 mihi
1489 2825 1641 2896 quod
1679 2826 1801 2878 volo

183 2915 338 2973 facere
357 2920 383 2973 ?
404 2922 490 2974 An
530 2919 724 2973 oculus
749 2923 880 2973 tuus
908 2935 1159 2992 nequam
1188 2925 1289 2990 est,
1317 2921 1450 2991 quia
1482 2935 1587 2990 ego
1617 2919 1802 2973 bonus

185 3012 326 3066 sum?
353 3012 436 3067 Sic
463 3017 640 3068 erunt
666 3013 955 3068 novissimi
981 3014 1172 3085 primi,
1203 3019 1259 3069 et
1285 3013 1458 3085 primi
1490 3013 1800 3068 novissimi.

183 3103 314 3159 Multi
338 3107 487 3162 enim
524 3111 655 3161 sunt
679 3107 877 3176 vocati,
908 3108 1073 3178 pauci
1097 3125 1230 3162 vero
1253 3108 1442 3163 electi.

777 3221 976 3262 INCIPIT
1016 3223 1194 3262 MISSA.

244 3299 505 3355 Memores
558 3299 865 3356 celestium
905 3303 1338 3372 praeceptorum,
1390 3299 1590 3355 fratres
1631 3298 1801 3354 caris-

186 3391 313 3464 simi,
341 3398 578 3466 peccata
603 3398 794 3448 nostra
832 3411 1022 3448 coram
1066 3393 1306 3448 Domino
1344 3393 1673 3459 deﬂeamus,
1714 3408 1802 3447 se-

189 3492 349 3542 rentes
373 3489 434 3544 in
458 3489 748 3560 lacrymis,
778 3490 931 3559 quod
962 3493 1243 3544 metamus
1267 3488 1327 3542 in
1352 3487 1593 3558 gaudiis.
1621 3487 1806 3542 Simus

188 3579 236 3634 in
259 3583 504 3638 oratione
533 3581 772 3651 adsidui,
801 3582 859 3635 in
881 3582 959 3653 jej
971 3582 1117 3636 uniis
1142 3581 1411 3653 prompti,
1452 3582 1511 3635 in
1560 3581 1803 3635 eleemo-

189 3675 319 3744 synis
353 3677 589 3746 hilares,
621 3680 682 3730 ut
707 3675 1002 3746 promissa:
1025 3675 1414 3731 retributionis
1443 3674 1681 3747 gloriam
1707 3673 1803 3728 de-

187 3772 296 3823 vota
319 3769 423 3826 ﬁde
451 3775 516 3826 et
539 3771 731 3824 futura
752 3770 1079 3842 operatione
1098 3786 1443 3826 mereamur.

855 3863 1127 3913 Collectio.

855 3865 947 3912 Col
1019 3865 1070 3912 °ti
1114 3900 1127 3913 .

247 3935 474 4008 Tempus
535 3936 644 3990 hoc
690 3865 1152 4005 sacratissifnlufn,
1201 3936 1401 3990 fratres
1437 3933 1805 4002 dilectissimi,

191 4027 491 4085 vehementi
520 4029 814 4084 devotione
842 4048 905 4085 ac
930 4030 1306 4086 sollicitudine
1343 4029 1708 4098 celebremus,
1751 4028 1810 4082 in

191 4136 287 4194 quo
314 4124 587 4179 Dominus
616 4130 808 4180 noster
821 4125 1194 4197 quadraginta
1209 4125 1435 4180 dierum
1453 4124 1539 4178 vel
1561 4123 1811 4178 noctium

192 4232 397 4273 cursum
423 4219 642 4292 absque
678 4221 792 4275 ullo
832 4220 952 4291 ejus
993 4219 1288 4290 juvamine
1330 4219 1433 4274 sub
1477 4218 1810 4273 indumento

194 4314 418 4383 corporis
446 4313 751 4386 jejunavit.
785 4314 925 4368 Nam
963 4313 1107 4369 sicut
1145 4315 1360 4386 reliquo
1385 4312 1517 4367 anni
1556 4317 1812 4383 tempore

187 4403 424 4476 jejunare
441 4409 756 4480 praemium
777 4412 860 4463 est
884 4425 896 4462 :
922 4407 999 4462 ita
1019 4408 1077 4462 in
1097 4407 1185 4462 his
1206 4408 1402 4462 diebus
1421 4423 1536 4461 non
1550 4405 1811 4477 jejunare

197 4507 470 4569 peccatum
499 4508 585 4558 est
621 4503 668 4557 δ.
719 4502 814 4556 llla
860 4502 1013 4556 enim
1049 4502 1362 4557 voluntaria
1404 4504 1536 4555 sunt
1571 4499 1810 4571 jejunia,

197 4591 286 4647 ista
307 4597 652 4666 necessaria;
686 4596 781 4651 illa
805 4596 873 4651 de
902 4596 1154 4666 arbitrio,
1184 4595 1290 4651 ista
1307 4595 1542 4651 veniunt
1561 4593 1629 4648 de
1650 4610 1813 4648 man-

200 4685 345 4758 dato;
375 4690 446 4745 ad
473 4690 570 4744 illa
596 4690 840 4762 denique
881 4691 1209 4757 invitamur,
1256 4689 1327 4744 ad
1376 4689 1480 4742 ista
1525 4687 1818 4759 compelli-

199 4795 331 4837 mur.
361 4785 666 4840 Precemur
693 4801 831 4856 ergo
863 4785 1188 4852 Dominum,
1210 4787 1276 4839 ut
1299 4783 1463 4839 nobis
1489 4782 1704 4838 tribuat
1728 4798 1816 4837 re-

201 4874 514 4933 missionem
539 4879 954 4950 peccaminum.
985 4881 1108 4934 Per.

814 4969 934 5019 Post
962 4967 1190 5018 nomina.

263 5036 544 5094 Efficiatur
569 5041 692 5095 haec
717 5040 923 5110 hostia,
949 5040 1207 5108 Domine,
1239 5054 1585 5112 quaesumus,
1608 5036 1824 5091 sollem-

201 5128 351 5186 nibus
373 5137 534 5203 grata
547 5133 780 5206 jejuniis
801 5153 818 5205 3
849 5140 906 5190 et
930 5139 992 5190 ut
1017 5133 1121 5190 tibi
1149 5133 1249 5189 fiat
1292 5132 1588 5205 acceptior,
1623 5128 1821 5202 purifi-

202 5225 325 5280 catis
344 5229 630 5284 mentibus
654 5229 1001 5285 immoletur.

259 5351 282 5432 ξ
310 5355 814 5435 iloc_Ev_ange1ium
843 5356 1136 5435 in_Qrdin_e
1164 5358 1417 5435 Romano
1443 5354 1670 5435 legitur
1715 5352 1823 5435 Do-

203 5425 397 5501 ﬂ_lin_ica
415 5425 876 5500 Septuagesimae.
914 5429 1065 5484 ldem
1092 5429 1280 5501 ipsum
1324 5425 1685 5501 in_Africana
1722 5425 1823 5476 Ec-

203 5494 353 5574 clesia
378 5494 585 5553 lectum
613 5494 695 5555 e'st
719 5507 978 5574 tempore
1014 5494 1334 5574 vindemiae.
1364 5498 1583 5574 vivente
1613 5502 1829 5574 ᾼμειὲε·

205 5567 331 5646 lino,
346 5584 415 5646 ex
437 5586 691 5646 sermone
711 5574 778 5627 ad
801 5567 1076 5646 populum
1094 5573 1183 5646 8-4.
1202 5574 1451 5646 Itemque
1472 5569 1594 5646 ipso
1615 5567 1704 5620 die
1728 5567 1831 5619 Na-

205 5638 317 5692 talis
347 5640 588 5711 Domini,
622 5658 690 5696 ex
719 5638 984 5699 sermone
1017 5645 1104 5698 49.
1139 5643 1246 5698 Sed
1286 5638 1380 5697 hai
1405 5638 1694 5695 Lectiones
1713 5654 1830 5711 non

207 5715 352 5765 erant
380 5709 656 5787 solemnes
682 5731 784 5786 pro
811 5715 980 5770 sacris
1005 5714 1306 5787 mysteriis,
1350 5711 1712 5787 sed_tantum
1761 5709 1833 5763 ad

208 5784 469 5859 sermonis
487 5782 781 5859 materiam
807 5804 821 5844 :
851 5787 922 5843 ad
947 5782 1121 5859 quam
1141 5782 1727 5859 continualibrorum
1745 5797 1836 5859 si}-

209 5865 422 5914 crorum
441 5855 598 5914 lectio
619 5857 806 5928 ﬂebat,
830 5862 893 5914 ut
911 5852 1068 5932 patet
1090 5874 1158 5915 ex
1181 5855 1537 5914 sermonibus
1560 5857 1682 5926 152,
1710 5852 1832 5924 154,

655 287 1264 348 SACRAMENTARIUM
1302 287 1749 347 GALLICANUM.
1793 316 1862 331 —-
1899 278 2264 348 LECTIONES
2300 289 2388 346 DE
2425 283 2734 348 ADVENTU
2771 283 3024 348 DOMINl.

3433 285 3534 348 £82

2551 399 2628 450 Ad
2654 413 2858 463 pacem.
3444 441 3449 447 .

1966 497 1988 525 ε
2022 487 2261 554 Accepta
2307 483 2409 538 tibi
2456 482 2587 550 sint,
2643 481 2900 552 Domine,
2951 496 3300 553 quaesumus,
3355 482 3536 538 nostri

1895 577 2040 630 dona
2061 577 2286 648 jejunii,
2311 593 2437 648 quae
2465 575 2747 648 expiando
2789 592 2892 630 nos
2928 579 3044 630 tuae
3089 577 3283 646 gratias
3331 574 3533 646 dignos

1895 670 2142 725 efficiant
2167 675 2223 727 et
2247 671 2318 725 ad
2344 670 2687 742 sempiterna
2713 669 2990 742 promissa
3016 669 3347 741 perducant.

2542 759 2875 808 Contestatio.

1968 841 2105 895 Vere
2150 839 2390 910 dignum
2436 844 2492 894 et
2527 839 2747 910 justum
2797 845 2900 910 est,
2955 837 3314 911 omnipotens
3363 839 3532 907 Deus,

1897 933 2225 1005 suppliciter
2267 949 2517 1003 exorare,
2559 936 2623 986 ut
2675 949 2806 988 cum
2863 933 3201 988 abstinentia
3262 932 3538 1005 corporali

1896 1044 2056 1083 mens
2079 1043 2304 1099 quoque
2323 1031 2514 1081 nostra
2541 1043 2732 1082 sensus
2753 1026 2995 1082 declinet
3016 1027 3294 1096 inlicitos;
3330 1029 3386 1081 et
3406 1042 3534 1098 quae

1897 1126 2137 1177 terrenae
2158 1121 2435 1176 felicitatis
2456 1121 2773 1176 carnalibus
2800 1121 2982 1193 epulis
3026 1121 3393 1192 abnegamus,
3421 1119 3532 1174 hu-

1896 1232 2082 1271 manae
2125 1214 2430 1270 voluntatis
2472 1215 2657 1286 pravis
2697 1215 3106 1270 intentionibus
3149 1219 3532 1286 amputemus,

1896 1311 1976 1366 ud
1991 1311 2062 1366 ad
2095 1310 2292 1365 Sancta
2317 1311 2643 1364 sanctorum
2661 1311 2687 1351 ἀ
2726 1308 2854 1382 [pie]
2883 1308 3237 1380 ﬁdeliterque
3262 1307 3534 1378 capienda

1897 1404 2217 1476 conpetenti
2236 1403 2456 1475 jejunio
2493 1403 2822 1475 [pervenire]
2874 1403 3178 1459 valeamus.
3228 1403 3334 1457 Per
3381 1400 3535 1454 Chri-

1899 1503 2048 1553 stum
2073 1498 2377 1554 Dominum
2403 1502 2678 1553 nostrum.

2428 1617 2555 1656 ITEM
2594 1616 2754 1657 MISSA
2792 1616 3009 1656 JEJUNII.

2199 1681 2429 1744 Epistola
2453 1679 2597 1730 Pauli
2620 1680 2841 1744 apostoli
2861 1680 2925 1729 ad
2952 1681 3228 1729 Romanos.

1971 1762 2207 1828 Fratres,
2255 1762 2507 1816 odientes
2550 1762 2719 1829 mala,
2768 1761 3122 1815 adhaerentes
3165 1759 3334 1830 bono,
3395 1758 3537 1814 cari-

1899 1860 2010 1910 tate
2067 1855 2432 1911 fraternilatis
2488 1855 2728 1910 invicem
2785 1854 3103 1926 diligentes,
3167 1854 3384 1909 honore
3446 1853 3538 1908 in-

1898 1949 2075 2005 vicem
2116 1950 2558 2020 praevenientes,
2607 1947 2983 2003 sollicitudine
3030 1963 3148 2002 non
3192 1947 3373 2019 pigri,
3422 1946 3539 2019 spi-

1898 2044 2014 2099 ritu
2038 2044 2338 2113 ferventes,
2368 2042 2607 2098 Domino
2628 2042 2952 2112 servientes,
2981 2057 3077 2113 spe
3115 2040 3448 2112 gaudentes,
3478 2040 3538 2094 in

1898 2137 2256 2193 tribulatione
2299 2138 2592 2208 patientes,
2645 2136 2882 2192 orationi
2923 2135 3212 2202 instantes,
3251 2132 3539 2189 memoriis

1901 2237 2222 2288 sanctorum
2250 2230 2751 2300 communicantes,
2775 2229 3218 2302 hospitalitatem
3241 2231 3537 2283 sectantes.

1900 2326 2238 2394 Benedicite,
2264 2330 2319 2381 et
2350 2325 2522 2380 nolite
2557 2324 2892 2378 maledicere
2927 2341 2940 2378 :
2973 2324 3218 2395 gaudere
3249 2337 3379 2376 cum
3401 2336 3540 2392 gau-

1901 2420 2181 2489 dentibus,
2214 2419 2350 2473 flere
2377 2435 2507 2473 cum
2532 2418 2794 2472 ﬂentibus
2815 2435 2831 2487 ;
2860 2417 2919 2471 id
2944 2417 3131 2488 ipsum
3152 2416 3392 2471 invicem
3419 2429 3545 2468 sen-

1899 2513 2121 2583 tientes,
2152 2530 2270 2568 non
2312 2513 2423 2566 alta
2463 2513 2765 2583 sapientes,
2811 2511 2909 2567 sed
2951 2510 3262 2566 humilibus
3301 2522 3540 2563 consen-

1855 2633 1858 2636 -
1902 2607 2102 2662 tientes
2132 2607 2192 2661 in
2221 2606 2465 2661 Christo.

2125 2698 2301 2748 Lectio
2336 2698 2501 2748 sancti
2532 2697 2782 2761 Evangeli
2813 2697 3103 2748 secundum
3137 2699 3346 2747 Lucam.

1974 2780 2180 2835 Diebus
2204 2779 2337 2847 illis,
2371 2779 2589 2834 dicebat
2614 2778 2886 2833 Dominus
2911 2779 3068 2833 Jesus
3107 2776 3433 2848 parabolam
3474 2771 3544 2829 ad

1902 2874 2201 2946 discipulos
2242 2889 2390 2942 suos,
2420 2871 2689 2944 quoniam
2735 2875 2957 2943 oportet
2999 2887 3224 2942 semper
3267 2885 3448 2936 orare,
3491 2873 3547 2922 et

1901 2985 2016 3024 non
2042 2968 2302 3036 deficere,
2335 2966 2526 3020 dicens
2553 2983 2566 3019 :
2598 2965 2773 3020 Judex
2802 2965 3033 3037 quidam
3060 2969 3180 3020 erat
3206 2964 3268 3018 in
3293 2961 3543 3034 quadam

1903 3062 2146 3130 civitate,
2177 3060 2275 3132 qui
2303 3060 2482 3114 Deum
2507 3075 2620 3113 non
2650 3059 2903 3127 timebat,
2929 3063 2985 3113 et
3004 3057 3297 3112 hominem
3324 3071 3444 3110 non
3465 3069 3550 3108 re-

1827 3173 1880 3246 C
1904 3155 2222 3246 verebatur.
2252 3153 2429 3246 Vidua
2448 3157 2638 3246 autem
2664 3153 3071 3246 quaedam-erat
3099 3151 3158 3206 in
3184 3149 3403 3246 civitate
3429 3146 3545 3216 illa,

1905 3253 1960 3301 et
1981 3243 2240 3299 veniebat
2266 3243 2337 3297 ad
2366 3259 2519 3312 eum,
2551 3242 2744 3298 dicens
2769 3240 3031 3296 :Vindica
3055 3256 3147 3294 me
3184 3240 3254 3293 de
3282 3238 3544 3293 adversa-

1904 3339 1988 3393 rio
2017 3355 2147 3393 meo
2171 3355 2186 3407 ;
2216 3342 2272 3392 et
2300 3336 2528 3391 nolebat
2555 3352 2658 3406 per
2681 3335 2927 3390 multum
2961 3338 3206 3404 tempus.
3253 3334 3380 3385 Post
3424 3331 3548 3384 haec

1907 3435 2099 3487 autem
2125 3430 2268 3486 dixit
2294 3431 2438 3484 intra
2462 3445 2520 3483 se
2544 3447 2557 3483 :
2589 3431 2654 3483 Et
2681 3429 2727 3482 si
2748 3429 2928 3482 Deum
2955 3443 3072 3481 non
3098 3426 3294 3494 timeo,
3324 3440 3427 3478 nec
3449 3423 3545 3476 ho-

1905 3526 2120 3582 minem
2151 3539 2412 3580 revereor
2430 3541 2447 3592 ;
2477 3527 2669 3577 tamen
2707 3520 2840 3592 quia
2864 3520 3097 3575 molesta
3131 3523 3213 3572 est
3256 3516 3400 3571 mihi
3427 3517 3550 3571 haec

1905 3620 2095 3690 vidua,
2120 3617 2410 3674 vindicabo
2429 3616 2607 3685 illam,
2638 3630 2709 3669 ne
2734 3613 2795 3668 in
2821 3612 3123 3668 novissimo
3165 3609 3416 3680 veniens,
3463 3625 3553 3664 su-

1909 3715 2067 3786 gillet
2085 3730 2195 3768 me.
2221 3712 2315 3766 Ait
2335 3712 2528 3765 autem
2550 3707 2852 3763 Dominus:
2876 3706 3078 3762 Audite
3099 3705 3236 3778 quid
3250 3704 3429 3776 judex
3450 3703 3552 3757 ini-

1909 3806 2138 3881 quitatis
2162 3805 2314 3861 dicit.
2343 3806 2492 3860 Deus
2525 3807 2715 3858 autem
2740 3818 2859 3857 non
2885 3799 3050 3856 faciat
3074 3799 3378 3855 vindictam
3407 3797 3546 3852 elec-

1909 3908 2100 3958 torum
2129 3916 2382 3966 suorum,
2413 3897 2778 3954 clamantium
2802 3895 2873 3952 ad
2921 3911 2978 3950 se
3023 3894 3113 3950 die
3159 3911 3223 3948 ac
3265 3897 3447 3963 nocte,
3499 3895 3555 3946 et

1911 3995 2243 4069 patientiam
2288 3992 2520 4049 habebit
2563 3992 2623 4046 in
2669 3991 2821 4046 illis?
2869 3990 3002 4044 Dico
3048 3988 3222 4057 vobis,
3273 3987 3407 4058 quia
3445 3985 3553 4040 cito

1911 4091 2077 4145 faciet
2095 4087 2404 4144 vindictam
2423 4086 2672 4140 illorum.
2696 4087 3098 4140 Verumtamen
3116 4081 3290 4136 Filius
3310 4079 3554 4135 hominis

1913 4184 2160 4253 veniens,
2187 4187 2354 4254 putas
2380 4181 2629 4237 inveniet
2653 4179 2823 4234 fidem
2853 4179 2912 4232 in
2951 4183 3101 4233 terra
3119 4177 3146 4230 ‘I
3172 4175 3322 4230 Dixit
3367 4177 3556 4228 autem

1912 4279 1980 4334 ad
2009 4278 2281 4351 quosdam
2305 4276 2574 4332 Dominus
2622 4275 2779 4328 Jesus
2823 4272 2920 4344 qui
2968 4271 3029 4324 in
3073 4287 3130 4325 se
3174 4266 3551 4336 confidebant,

1913 4377 2204 4444 tamquam
2215 4371 2375 4442 justi,
2410 4373 2465 4424 et
2503 4366 2953 4438 aspernabantur
2982 4368 3194 4419 ceteros
3234 4359 3556 4432 parabolam

1914 4468 2108 4521 istam:
2136 4467 2258 4519 Duo
2285 4462 2544 4518 homines
2567 4459 2943 4515 ascenderunt
2963 4457 3022 4511 in
3043 4455 3321 4527 templum
3341 4458 3407 4508 ut
3427 4469 3553 4508 ora—

1833 4547 1893 4619 D
1915 4565 2062 4630 rent,
2095 4575 2242 4614 unus
2264 4556 2603 4620 Pharisasus,
2628 4556 2684 4608 et
2703 4553 2844 4607 alter
2865 4550 3218 4607 Publicanus.
3244 4548 3558 4604 Pharisaeus

1920 4659 2072 4711 stans
2096 4653 2217 4708 haec
2245 4649 2395 4722 apud
2415 4665 2474 4702 se
2499 4647 2754 4702 dicebat:
2805 4647 2972 4714 Deus,
3026 4643 3234 4716 gratias
3281 4660 3387 4714 ago
3432 4642 3554 4710 tibi,

1920 4749 2053 4823 quia
2076 4765 2191 4802 non
2215 4761 2340 4799 sum
2370 4742 2513 4797 sicut
2532 4739 2704 4796 ceteri
2735 4739 3053 4809 hominum,
3085 4741 3355 4810 raptores,
3379 4735 3558 4807 injus-

1919 4844 1985 4911 ti,
2016 4839 2276 4910 adulteri,
2307 4837 2458 4892 velut
2482 4834 2654 4891 etiam
2697 4834 2789 4890 hic
2829 4833 3185 4888 Publicanus.
3237 4831 3434 4902 Jejuno
3476 4829 3561 4884 bis

1923 4936 1982 4993 in
2023 4935 2272 5002 sabbato,
2321 4931 2563 4987 decimas
2611 4931 2681 4985 do
2729 4929 2986 4985 omnium
3029 4944 3156 5000 quae
3184 4924 3463 4998 possideo.
3495 4924 3561 4978 Et

1923 5030 2258 5087 Publicanus
2285 5045 2318 5082 a
2353 5027 2522 5098 longe
2551 5029 2700 5079 stans
2725 5021 2953 5078 nolebat
2975 5037 3079 5076 nec
3116 5020 3304 5074 oculos
3340 5018 3410 5072 ad
3450 5034 3560 5072 caa-

1924 5126 2045 5181 lum
2088 5125 2296 5192 levare,
2347 5120 2444 5175 sed
2493 5117 2840 5191 percutiebat
2881 5121 3076 5187 pectus
3120 5129 3287 5169 suum
3326 5113 3561 5168 dicens:

1927 5222 2072 5276 Deus
2101 5216 2382 5292 propicius
2413 5218 2530 5270 esto
2573 5212 2714 5267 mihi
2743 5209 3041 5282 peccatori.
3064 5208 3196 5264 Dico
3241 5207 3416 5280 vobis,
3448 5207 3566 5263 des-

1931 5347 2361 5475 ωῗᾜέὲἓέηᾍῗέ
2379 5413 2472 5469 hic
2496 5411 2652 5466 locus
2678 5409 2747 5463 de
2773 5411 3060 5481 praecepto
3073 5407 3278 5480 jejunii
3307 5406 3562 5473 Quadra-

1878 5560 1886 5566 ι
1935 5490 2236 5566 gesimalis.

2003 5576 2024 5604 ε
2063 5562 2267 5617 Eadem
2286 5558 2404 5612 fere
2429 5552 2692 5610 Collectio
2721 5551 2779 5606 in
2809 5554 3063 5608 Romano
3096 5551 3233 5608 feria
3282 5553 3311 5604 3
3357 5547 3566 5602 hebdo-

1936 5635 2118 5690 madas
2146 5627 2441 5685 Passionis.

2004 5688 2124 5759 did
2149 5707 2234 5758 est
2265 5697 2679 5757 Eucharistiam
2701 5713 2800 5754 seu
2828 5695 3283 5752 communionem
3328 5688 3567 5747 Paschas

1934 5778 2067 5836 lem.
