4036 6188
409 266 515 323 483

1293 254 1625 315 APPENDIX
1662 254 1752 311 AD
1788 253 2010 310 OPERA
2045 252 2099 308 S.
2140 247 2440 307 GERMANI
2479 242 2908 304 PARISIENSIS.

3676 244 3794 302 484

412 374 601 433 cendit
623 371 717 430 hic
727 371 1063 445 justiﬁcatus
1087 368 1148 423 in
1173 368 1408 423 domum
1432 382 1596 421 suam
1621 365 1691 419 ab
1739 364 1836 419 illo
1860 382 1873 419 :
1916 363 2053 435 quia
2072 377 2130 449 Α
2151 365 2332 416 strum
2361 360 2733 431 deprecemur
2766 374 2779 412 :
2811 360 2878 410 ut
2895 353 3184 426 jejunium
3213 356 3471 449 nostrum
3500 354 3578 410 sit
3600 355 3800 427 propi-

413 470 597 528 omnis
625 468 801 541 quise
827 465 1055 533 exultat,
1077 460 1509 531 humiliabitur;
1538 463 1596 516 et
1620 459 1719 530 qui
1768 475 1828 514 se
1867 458 2053 515 humi-

419 564 539 633 liat,
563 562 914 619 exaltabitur.

416 664 427 675 -
1022 644 1213 684 lNClPlT
1254 641 1431 683 MISSA.

490 736 657 801 Deus,
686 731 778 785 cui
802 726 989 782 omnis
1017 730 1276 782 creatura
1302 742 1408 797 pro
1434 741 1536 779 suo
1565 724 1763 779 ordine
1808 722 2055 778 serviens

414 826 724 883 famulatur
748 822 1020 891 subjecta,
1052 820 1111 874 in
1136 820 1240 873 hac
1259 818 1466 890 jejunii
1505 818 1898 873 humiliatione
1932 832 2056 887 pre-

414 936 504 976 ces
528 922 746 974 nostras
774 914 979 972 exaudi
1004 912 1311 985 propicius.

1103 1014 1373 1065 Collectio.

480 1104 691 1178 Jejunii
715 1103 1104 1159 incurvatione
1124 1118 1229 1173 pro
1261 1100 1471 1156 nostris
1498 1100 1747 1156 reatibus
1766 1104 1823 1155 et
1840 1099 2055 1155 delictis

415 1200 704 1268 miserere,
729 1213 1076 1271 quaesumus,
1101 1194 1355 1264 Domine,
1380 1201 1437 1250 et
1456 1210 1489 1249 a
1504 1194 1790 1249 continuis
1801 1194 1949 1249 vitiis
1969 1211 2057 1248 oc—

412 1300 661 1366 cupatos,
685 1294 755 1348 ad
784 1293 1019 1347 virtutes
1047 1289 1397 1362 propiciatus
1425 1288 1701 1360 respicere
1727 1288 1983 1359 dignare.

1051 1400 1173 1448 Post
1198 1398 1434 1448 nomina.

484 1486 693 1538 Praesta
721 1483 905 1552 nobis,
936 1481 1251 1536 misericors
1279 1483 1444 1548 Deus,
1478 1484 1545 1535 ut
1589 1496 1831 1535 munera
1866 1482 2058 1534 nostra

413 1594 517 1649 pro
536 1576 743 1648 jejunii
767 1575 1206 1630 sanctificatione
1234 1574 1424 1629 oblata
1441 1573 1681 1646 Spiritus
1705 1577 1928 1627 sanctus
1954 1573 2053 1627 ad-

414 1677 619 1738 sumat,
652 1674 708 1725 et
733 1670 804 1724 ad
834 1674 887 1724 te
910 1673 1026 1723 toto
1069 1668 1234 1723 corde
1283 1669 1587 1722 clamantes
1633 1665 2058 1738 propiciationis

416 1771 531 1820 tuae
558 1763 973 1834 indulgentiam
995 1778 1425 1833 consequamur.

1074 1862 1151 1915 Ad
1200 1876 1406 1926 pacem.

486 1949 852 2020 Omnipotens
873 1953 929 2003 et
949 1947 1267 2003 misericors
1287 1949 1455 2015 Deus,
1481 1946 1689 2002 exaudi
1709 1961 1904 2018 preces
1916 1945 2061 2017 jeju-

414 2044 673 2100 nantium
700 2042 1171 2109 Christianorum,
1196 2046 1252 2096 et
1272 2041 1676 2096 misericordia;
1696 2045 1808 2095 tua}
1829 2055 2058 2105 munus,

416 2140 571 2194 omni
594 2124 842 2194 cessante
871 2135 1272 2205 fraudulentia,
1328 2135 1615 2207 pr0picius
1661 2134 1964 2205 impende;
1998 2134 2064 2188 ut

413 2252 518 2309 per
541 2230 1002 2304 conjunctionem
1032 2229 1186 2301 pacis
1212 2245 1409 2283 omnes
1431 2246 1464 2283 a
1482 2233 1538 2284 te
1566 2228 2058 2299 comprehensam,

424 2327 635 2385 securis
662 2325 765 2381 tibi
792 2324 1079 2380 mentibus
1107 2323 1434 2379 serviamus.

1071 2425 1405 2476 Contestatio.

487 2515 511 2543 ⁸
544 2517 681 2570 Vere
700 2513 951 2593 dignum
976 2516 1032 2567 et
1049 2512 1272 2583 justum
1299 2514 1383 2566 est
1408 2515 1463 2565 te
1508 2513 1794 2565 auctorem
1830 2513 1885 2564 et
1930 2524 2058 2563 san-

419 2610 783 2666 ctificatorem
813 2606 1019 2678 jejunii
1064 2605 1423 2674 conlaudare,
1470 2619 1574 2675 per
1611 2604 1765 2675 quod
1801 2602 2003 2657 liberas
2030 2619 2061 2654 a

415 2709 743 2760 nostrorum
770 2701 970 2756 debitis
1010 2704 1385 2771 peccatorum.
1418 2699 1566 2769 Ergo
1615 2696 1834 2768 suscipe
1878 2696 2062 2750 libens

407 2796 795 2870 jejunantium
830 2810 1046 2866 preces,
1107 2794 1290 2865 adque
1337 2809 1440 2847 nos
1486 2810 1518 2846 a
1575 2791 1741 2846 malis
1797 2789 2061 2844 omnibus

414 2890 754 2963 propitiatus
780 2888 1023 2961 eripias;
1065 2887 1390 2958 iniquitates
1416 2890 1654 2952 nostras,
1684 2884 1890 2956 quibus
1907 2884 2060 2954 juste

416 2983 766 3054 adﬂigimur,
816 2997 1083 3051 rogamus
1118 2980 1340 3035 absolve
1376 2995 1481 3050 per
1532 2977 1818 3032 Christum
1864 2976 2058 3030 Domi-

422 3092 588 3146 num,
620 3079 725 3131 etc.

948 3160 1073 3199 ITEM
1112 3159 1272 3199 MISSA
1308 3159 1528 3199 JEJUNII.

591 3238 823 3304 Epistola
855 3237 999 3288 Pauli
1032 3237 1251 3301 apostoli
1283 3237 1347 3287 ad
1383 3235 1664 3287 duodecim
1695 3236 1880 3286 tribus.

490 3327 735 3396 Fratres,
764 3325 912 3380 Deus
936 3324 1112 3395 elegit
1135 3339 1412 3396 pauperes
1447 3323 1507 3378 in
1549 3322 1655 3378 hoc
1698 3322 1932 3390 mundo,
1980 3321 2060 3376 di-

417 3422 558 3478 vites
585 3421 646 3475 in
672 3419 803 3489 fide,
832 3423 889 3473 et
912 3418 1149 3474 heredes
1172 3418 1357 3489 regni,
1381 3417 1533 3489 quod
1558 3398 1882 3489 repromisit
1910 3417 2059 3471 Deus

417 3514 785 3588 diligentibus
811 3529 869 3569 se
897 3512 944 3568 ι).

566 3617 744 3668 Lectio
778 3616 943 3667 sancti
975 3615 1243 3680 Evangelii
1276 3613 1564 3666 secundum
1596 3614 1906 3666 Iohannem.

488 3703 699 3758 Diebus
725 3702 855 3770 illis,
878 3702 1020 3757 dixit
1058 3702 1321 3757 dominus
1364 3703 1523 3757 Jesus
1565 3701 1856 3773 discipulis
1898 3700 2054 3755 suis:

418 3800 619 3864 Amen,
665 3811 832 3850 amen
877 3796 1000 3850 dico
1043 3796 1218 3866 vobis,
1247 3795 1356 3850 nisi
1396 3812 1637 3867 granum
1661 3796 1933 3851 frumenti
1960 3812 2056 3849 ca-

418 3890 558 3945 dens
585 3889 644 3943 in
663 3893 816 3944 terra
842 3893 1135 3944 mortuum
1151 3890 1344 3959 fuerit,
1367 3889 1560 3961 ipsum
1604 3890 1786 3944 solum
1823 3894 2055 3958 manet;

419 3984 467 4038 si
495 3986 686 4038 autem
718 3986 1009 4037 mortuum
1036 3983 1226 4053 fuerit,
1268 3983 1515 4038 multum
1559 3983 1807 4038 fructum
1854 3984 2054 4039 adfert.

418 4076 525 4141 Qui
550 4070 703 4132 amat
726 4076 977 4131 animam
1016 4092 1199 4146 suam,
1245 4076 1433 4148 perdit
1471 4093 1634 4146 eam;
1685 4077 1784 4148 qui
1824 4077 2051 4150 [autem]

417 4171 539 4227 odit
562 4171 815 4226 animam
839 4186 1000 4226 suam
1020 4171 1077 4226 in
1107 4171 1213 4226 hoc
1238 4171 1474 4244 mundo,
1496 4170 1556 4226 in
1584 4171 1759 4227 vitam
1786 4174 2056 4227 aeternam

416 4266 662 4322 custodit
688 4282 834 4323 eam.
865 4266 924 4321 Si
951 4265 1079 4339 quis
1106 4265 1250 4321 mihi
1277 4265 1699 4337 ministraverit,
1720 4281 1812 4321 me
1855 4281 2057 4337 sequa-

414 4365 547 4431 tur;
580 4366 637 4417 et
660 4361 762 4417 ubi
782 4378 911 4418 sum
937 4377 1064 4433 ego,
1094 4359 1208 4416 illic
1233 4364 1289 4415 et
1326 4360 1586 4415 minister
1623 4376 1784 4415 meus
1826 4360 1955 4416 erit.
2004 4359 2059 4416 Si

2152 453 2316 510 ciatio
2341 457 2551 521 nostra,
2579 456 2635 507 et
2652 451 2801 506 dono
2821 448 3018 521 gratiis
3044 465 3181 520 suae,
3204 448 3634 519 castigationem
3659 464 3791 505 cor-

2152 548 2357 622 porum
2394 546 2678 619 profectus
2706 543 2988 599 mentium
3013 547 3447 616 consequantur.

2807 640 3139 692 Contestatio.

2228 720 2367 773 Vere
2396 716 2637 788 dignum
2663 719 2719 769 et
2747 715 2970 787 justum
2990 719 3093 770 est.
3123 714 3231 778 Qui
3270 714 3464 769 fideles
3511 718 3639 769 tuos
3675 731 3794 769 non

2156 812 2343 867 solum
2366 810 2503 864 cibis
2527 808 2909 879 corporalibus
2933 808 3107 879 pacis,
3129 807 3226 863 sed
3247 807 3416 863 etiam
3444 808 3795 880 spiritalibus

2156 904 2338 977 epulis
2362 902 2685 959 misericors
2710 902 2915 970 reficis,
2934 918 2998 956 ac
3022 906 3278 973 praestas,
3299 906 3364 956 ut
3384 903 3486 973 qui
3514 903 3583 957 de
3620 918 3790 973 para-

2156 1000 2275 1054 diso
2301 999 2362 1053 in
2389 997 2573 1069 primo
2597 1001 2835 1068 parente
2858 1012 2960 1068 per
2996 995 3433 1051 inobedientiam
3460 1012 3577 1051 non
3613 996 3791 1050 absti-

2155 1093 2344 1148 nendo
2361 1090 2690 1160 cecidimus,
2720 1106 2824 1161 per
2842 1088 3046 1144 Christi
3073 1089 3296 1144 Domini
3315 1089 3495 1144 nostri
3518 1089 3791 1144 obedien-

2157 1187 2294 1242 tiam
2313 1186 2389 1258 jej
2398 1185 2624 1240 unando
2651 1183 2945 1239 redeamus
2966 1201 2983 1252 ;
3015 1185 3073 1238 et
3096 1183 3302 1255 quibus
3321 1200 3422 1254 per
3440 1183 3629 1239 cibum
3648 1184 3794 1255 ligni

2158 1281 2329 1335 inlata
2346 1296 2498 1335 mors
2522 1280 2727 1348 fuerat,
2746 1294 2852 1350 per
2897 1277 3078 1331 crucis
3111 1276 3337 1348 lignum
3383 1278 3529 1332 salus
3571 1278 3794 1349 perdita

2157 1374 2509 1429 redderetur.
2535 1374 2716 1437 Quem
2738 1370 2946 1425 merito
2973 1376 3319 1425 venerantur
3345 1370 3525 1440 sedes,
3573 1371 3793 1426 miran-

2156 1472 2251 1523 tur
2274 1467 2485 1536 throni,
2514 1470 2863 1536 cunctusque
2882 1469 3105 1519 senatus
3125 1463 3433 1518 caelestium
3450 1467 3793 1534 potestatum

2157 1578 2289 1616 cum
2314 1561 2479 1615 beata
2501 1558 2791 1631 seraphim
2816 1557 3207 1629 proclamant;
3240 1557 3507 1615 SANCTUS.

2644 1656 2959 1708 Contestatio
2976 1656 3041 1705 dc
3066 1655 3259 1719 Joseph
3271 1666 3311 1702 ο.

2075 1754 2131 1825 Β
2226 1732 2365 1786 Vere
2390 1730 2631 1825 dignum
2649 1734 2705 1783 et
2727 1729 2948 1801 justum
2971 1732 3053 1783 est
3086 1728 3444 1800 omnipotens
3480 1730 3646 1797 Deus,
3691 1743 3798 1798 per

2161 1826 2450 1881 Christum
2476 1824 2781 1878 Dominum
2806 1827 3086 1878 nostrum.
3133 1822 3303 1892 Cujus
3346 1827 3546 1893 typum
3587 1821 3796 1892 Joseph

2160 1924 2410 1991 portans,
2432 1919 2711 1973 immenso
2732 1933 2923 1972 amore
2951 1934 2984 1971 a
3007 1920 3166 1989 patre
3197 1915 3473 1987 diligitur,
3489 1916 3549 1970 in
3576 1916 3798 1970 occulto

2162 2014 2293 2069 odio
2319 2031 2353 2067 a
2376 2012 2645 2067 fratribus
2690 2016 3030 2083 reportatur.
3077 2010 3241 2064 Illum
3278 2009 3519 2082 denique
3562 2010 3800 2064 oderant

2162 2109 2361 2163 fratres
2390 2106 2474 2161 sui
2505 2112 2738 2178 propter
2776 2106 3045 2178 mysteria
3092 2104 3481 2174 somniorum;
3526 2108 3584 2159 et
3628 2103 3796 2158 Chri—

2162 2207 2313 2257 stum
2341 2201 2644 2256 Dominum
2669 2199 3152 2272 persequebantur
3168 2198 3347 2253 Judzei
3363 2203 3598 2269 propter
3616 2196 3803 2251 mani-

2161 2296 2516 2351 festationem
2539 2294 2949 2349 virtutum.er
2975 2293 3045 2347 ad
3072 2292 3411 2347 visitandum
3442 2291 3721 2363 pOpulum
3765 2308 3804 2344 a

2164 2391 2278 2444 Deo
2300 2393 2463 2461 patre
2492 2388 2746 2460 piissimo
2766 2387 3111 2456 destinatur;
3141 2386 3235 2441 ille
3278 2386 3501 2441 errabat
3543 2402 3647 2456 per
3692 2386 3799 2440 he-

2161 2499 2413 2553 remum,
2441 2487 2504 2536 ut
2532 2482 2811 2536 inveniret
2831 2482 3052 2550 fratres,
3074 2480 3171 2551 qui
3193 2480 3572 2535 noscebantur
3604 2484 3797 2550 pasto-

2162 2594 2270 2633 res.
2300 2578 2397 2630 Hic
2419 2575 2671 2630 Christus
2690 2575 2963 2631 Dominus
2987 2574 3328 2646 praedicabat
3359 2574 3420 2627 in
3458 2574 3693 2645 populo,
3733 2578 3803 2627 ut

2160 2671 2230 2725 ab
2256 2686 2447 2725 errore
2482 2674 2833 2725 converteret
2862 2672 3201 2740 peccatores.
3243 2668 3406 2722 Illum
3440 2667 3501 2721 in
3533 2666 3799 2721 Dotahim

2162 2765 2538 2819 vendiderunt
2560 2763 2783 2832 fratres,
2811 2766 2867 2817 et
2901 2761 3155 2817 occidere
3192 2764 3611 2829 tractaverunt;
3642 2760 3803 2814 hunc

2160 2858 2445 2914 Christum
2463 2857 2765 2912 Dominum
2814 2856 3084 2911 Bethania
3126 2856 3394 2910 Lazarum
3429 2855 3805 2915 suscitantem

2161 2954 2467 3008 doluerunt
2496 2951 2697 3021 Judaei,
2739 2955 2797 3006 et
2837 2951 3168 3022 crucifigere
3206 2952 3542 3004 statuerunt.
3594 2949 3690 3003 1118
3740 2948 3806 3003 in

2161 3048 2403 3101 cisterna
2422 3046 2728 3101 servandus
2748 3050 3079 3118 reputatur;
3132 3044 3225 3099 hic
3250 3043 3515 3099 custodite
3543 3043 3806 3097 militum

2078 3127 2133 3199 C
2158 3141 2481 3213 deputatur.
2517 3141 2609 3195 llle
2628 3157 2662 3194 a
2699 3140 3003 3210 fratribus;
3033 3138 3125 3193 hic
3149 3139 3403 3194 Christus
3443 3137 3719 3192 Dominus
3772 3153 3807 3190 a

2155 3235 2362 3289 Iudaeis
2380 3234 2639 3289 traditur.
2667 3233 2762 3288 1118
2790 3233 3083 3288 lsmaelitis
3102 3232 3337 3304 triginta
3353 3232 3637 3303 argenteis
3655 3246 3803 3286 ven-

2158 3328 2307 3383 ditus
2331 3328 2391 3382 in
2416 3328 2636 3383 deserto
2660 3345 2678 3398 ;
2706 3327 2797 3382 hic
2825 3327 3078 3383 Christus
3116 3326 3389 3381 Dominus
3432 3325 3669 3397 triginta
3716 3342 3807 3380 ar-

2160 3423 2375 3494 genteis
2390 3439 2423 3476 a
2434 3424 2459 3477 J
2466 3422 2662 3477 udaeis.
2680 3422 2843 3476 illum
2859 3421 3062 3476 fratres
3074 3421 3449 3477 vendidenmt
3459 3420 3802 3492 inA-Zgypto;

2158 3518 2310 3572 hunc
2334 3516 2544 3571 milites
2570 3516 3043 3587 exspoliaverunt.
3076 3514 3173 3571 llle
3200 3514 3479 3570 addicitur
3505 3513 3801 3583 servituti;

2159 3611 2251 3667 hic
2284 3610 2538 3667 Christus
2567 3611 2840 3665 Dominus
2864 3610 3135 3681 adfigitur
3169 3609 3342 3664 cruci.
3363 3609 3457 3663 Ille
3478 3608 3539 3663 in
3558 3610 3801 3680 Egypto

2158 3705 2473 3773 descendit;
2512 3704 2604 3759 hic
2635 3704 2891 3760 Christus
2921 3704 3190 3760 Dominus
3222 3703 3281 3758 in
3313 3702 3469 3775 ligno
3504 3702 3798 3774 pependit.

2158 3802 2301 3855 Cum
2322 3800 2419 3854 illo
2443 3799 2555 3853 duo
2577 3799 2825 3853 damnati
2847 3803 3143 3854 servantur
3164 3797 3224 3852 in
3236 3790 3478 3865 carcere;
3495 3812 3629 3851 cum
3645 3796 3801 3851 ωλι-ἱ-

2159 3899 2243 3949 sto
2262 3894 2502 3949 Domino
2517 3894 2628 3949 duo
2655 3894 2905 3948 latrones
2929 3893 3324 3964 adjunguntur
3346 3891 3406 3947 in
3424 3905 3614 3946 cruce.
3633 3891 3799 3961 Josep

2158 3988 2438 4044 damnatis
2466 3988 2687 4043 somnia
2719 3987 2979 4059 exponit;
3009 3988 3262 4043 Christus
3288 3984 3560 4041 Dominus
3586 3985 3802 4040 latroni

2159 4083 2393 4155 praemia
2401 4081 2685 4154 promittit
2697 4085 2929 4138 aeterna.
2941 4081 3148 4153 Ioseph
3156 4081 3226 4136 de
3244 4080 3528 4152 ergastulo
3539 4095 3804 4151 egressus

2159 4176 2551 4249 componitur;
2575 4177 2833 4233 Christus
2853 4176 3130 4231 Dominus
3150 4175 3441 4230 infernum
3460 4174 3804 4246 exspoliatu-

2159 4288 2256 4327 rus
2271 4271 2623 4343 aggreditur.
2640 4272 2734 4327 1118
2754 4276 2881 4343 post
2902 4269 3328 4326 tribulationem
3339 4268 3600 4341 pervenit
3613 4269 3687 4323 ad
3701 4269 3802 4324 ho-

2158 4382 2378 4435 norem;
2402 4365 2658 4421 Christus
2673 4366 2947 4421 Dominus
2966 4370 3091 4437 post
3103 4364 3577 4420 resurrectionem
3601 4364 3805 4418 trium-

415 4456 542 4527 quis
587 4456 729 4511 mihi
771 4456 1201 4578 ministraverit,
1251 4454 1644 4511 honoriﬁcabit
1706 4471 1839 4511 eum
1899 4457 2059 4510 Pater
2076 4506 2135 4578 D
2158 4461 2341 4533 phans
2360 4461 2610 4517 ascendit
2633 4461 2705 4517 ad
2739 4462 2987 4516 Patrem.
3035 4460 3130 4515 llle
3174 4460 3466 4515 frumenta
3508 4458 3801 4513 distribuit

418 4565 576 4578 mn...
632 4550 724 4578 nu:
751 4556 829 4578 ..-ι
857 4551 912 4578 ε...
939 4567 1016 4578 ΑΜ
1042 4551 1087 4578 ε..
2158 4555 2210 4578 2..
2253 4557 2473 4578 ι)..-..ι,.
2504 4572 2515 4578 -
2546 4555 2632 4578 Lz-
2660 4554 3064 4578 n---L__:-a:-...
3094 4553 3432 4578 -......--_..-.:a
3458 4552 3513 4578 ζ..
3554 4551 3773 4578 ...ι-...ΔΑ

414 4565 598 4620 meus,
630 4550 728 4622 qui
749 4556 831 4606 est
857 4551 916 4605 in
936 4551 1109 4607 caelis.

1022 4679 1216 4719 INCIPIT
1255 4679 1432 4720 IIISSA.

489 4757 791 4813 Dominum
814 4759 991 4813 Deum
1015 4766 1294 4831 nostrum,
1324 4762 1525 4817 fratres
1544 4761 1841 4832 carissimi,
1866 4761 1925 4816 in
1949 4762 2055 4819 hac

415 4852 594 4910 nostri
641 4851 1039 4907 humiliatione
1069 4854 1275 4924 jejunii
1326 4854 1606 4927 supplices
1651 4856 2052 4929 deprecemur;

414 4953 480 5003 ut
539 4946 979 5015 observantiam,
1035 4963 1207 5018 quam
1274 4947 1640 5018 corporaliter
1697 4949 2053 5019 exhibemus,

415 5042 700 5097 mentibus
727 5042 899 5097 etiam
926 5042 1217 5097 valeamus
1241 5057 1504 5096 exercere
1550 5042 1801 5114 sinceris,

416 5133 613 5206 tigatio
638 5140 959 5191 nostrorum
990 5151 1292 5209 corporum
1313 5135 1591 5208 profectui
1617 5136 1820 5192 militet
1846 5139 2058 5194 anima-

417 5243 569 5284 rum.

1130 5302 1362 5353 Secreta.

486 5382 808 5439 Unianimes
828 5386 1012 5457 adque
1038 5388 1342 5445 concordes
1369 5387 1675 5444 Dominum
1725 5389 1907 5444 Deum
1949 5405 2053 5443 no-

416 5554 417 5565 ι
485 5527 510 5605 ξ
538 5528 750 5605 Eadem
776 5529 838 5605 in
866 5528 1070 5605 Missali
1095 5531 1347 5605 Gothico,
1376 5550 1510 5605 pag.
1537 5537 1662 5590 233.

458 5595 512 5634 λδ
546 5600 943 5676 HmcEpi-stola
967 5618 1082 5655 non
1106 5595 1343 5658 videtur'
1364 5595 1642 5676 descripta
1687 5605 1859 5661 fuisse
1905 5604 2053 5662 inte-

472 5688 516 5728 ra
534 5674 718 5754 qualis
730 5672 814 5754 _ad
1098 5679 1238 5754 tunc
1270 5672 1639 5754 recitabatur.
1688 5677 1847 5743 Quod
1886 5678 2057 5754 etiam

449 5759 483 5823 β
506 5744 849 5817 quibusdam
878 5744 1021 5816 aliis,
1052 5762 1177 5820 quae
1223 5745 1315 5801 hic
1357 5745 1644 5802 breviores
1679 5755 1830 5821 sunt,
1877 5749 2054 5821 conji-

415 5828 615 5872 eimus.

2157 4555 2217 4610 in
2236 4557 2478 4627 Egypto
2500 4572 2517 4625 ;
2543 4555 2636 4610 hic
2660 4554 3069 4610 Eucharistiam
3090 4553 3437 4609 consecravit
3457 4552 3518 4607 in
3553 4551 3796 4608 mundo.

2158 4650 2252 4704 llle
2275 4667 2310 4704 a
2330 4650 2601 4705 fratribus
2640 4653 2725 4705 est
2749 4649 3013 4704 adoratus
3054 4648 3114 4703 in
3160 4647 3365 4717 terris;
3406 4647 3499 4702 hic
3539 4646 3799 4702 Christus

2157 4743 2425 4799 Dominus
2444 4744 2515 4799 ab
2534 4743 2753 4816 angelis
2771 4743 2990 4815 jugiter
3014 4743 3282 4798 adoretur
3306 4742 3369 4797 in
3393 4742 3565 4797 caelis.
3594 4741 3723 4796 Cui.

2408 4842 2726 4893 Contestatio
2753 4842 2962 4905 quando
2991 4842 3057 4891 de
3087 4855 3280 4892 manna
3302 4840 3549 4905 legiturd.

2228 4915 2368 4969 Vere
2395 4915 2636 4987 dignum
2664 4920 2719 4969 et
2733 4914 2956 4986 justum
2982 4919 3085 4982 est,
3108 4915 3468 4986 omnipotens
3493 4914 3673 4969 Deus:
3704 4930 3794 4968 cus

1849 5049 1906 5100 et
1943 5008 2060 5101 cas;
2150 5009 2246 5080 jus
2266 5009 2433 5080 jussu
2465 5025 2675 5064 manna
2703 5009 2771 5064 de
2801 5009 2938 5064 caelo
2963 5008 3270 5078 descendit,
3298 5008 3584 5080 similique
3627 5008 3795 5062 modo

2156 5103 2227 5159 de
2251 5103 2411 5176 virga
2437 5120 2703 5177 percusso
2729 5103 2880 5161 silice
2904 5120 3052 5177 aqua
3070 5102 3412 5175 parturiens,
3441 5109 3499 5157 et
3533 5102 3790 5157 obduris-

2158 5198 2370 5253 simum
2394 5215 2591 5253 saxum
2620 5200 2679 5254 in
2706 5203 2971 5270 stagnum
2995 5197 3356 5253 manantibus
3373 5197 3509 5252 rivis
3529 5212 3796 5268 spuman‘

2157 5292 2309 5348 tibus
2335 5293 2493 5348 unda
2510 5292 2781 5348 sulcabat.
2803 5294 2944 5347 Nam
2962 5296 3111 5347 totus
3130 5292 3236 5348 iste
3262 5291 3533 5363 mundus,
3560 5290 3660 5363 qui
3681 5306 3796 5345 ma-

2157 5386 2518 5443 nifestissime
2561 5387 2671 5443 fuit
2712 5387 3005 5459 heremus,
3047 5386 3203 5442 venit
3242 5387 3314 5442 ad
3352 5392 3595 5459 petram,
3617 5385 3674 5441 id
3708 5387 3797 5441 est

2156 5547 2252 5661 ba:
2254 5535 2745 5663 $315322?“me
2767 5536 2974 5608 Joseph
2994 5534 3327 5607 patriarchae
3354 5535 3592 5592 historia
3632 5533 3790 5606 lege-

2227 5678 2812 5764 dﬂld'intelligen’dum
2825 5678 3048 5763 videtur
3075 5679 3145 5735 de
3171 5680 3497 5764 Evangeliog
3517 5678 3666 5764 (Πιοά
3686 5692 3796 5750 Pro

2157 5751 2323 5807 tertia
2348 5751 2640 5810 Dominica
2658 5752 3112 5825 Quadragesirpaa
3137 5751 3459 5825 assignatur
3480 5751 3644 5810 infla.
