3982 6190
207 250 284 303 485
639 244 1251 304 SACRAMENTARIUM
1287 245 1733 304 GALLICANUM.
1776 276 1846 289 —-

1884 249 2248 311 LECTIONES
2295 256 2381 312 DE
2418 259 2731 318 ADVENTU
2771 259 3026 322 DOMINl.
3419 265 3518 327 486

201 357 434 413 Christus.
471 354 656 410 Crucis
685 355 845 428 virga
883 373 1215 428 percussum
1253 358 1446 414 lancea
1484 361 1630 416 latus
1669 361 1790 431 ejus
1811 374 1871 446 Α
1893 364 2073 434 gionis
2101 366 2271 438 illius,
2296 374 2351 424 et
2385 373 2536 427 misit
2562 374 2720 428 illum
2747 377 2806 430 in
2833 378 3022 433 villam
3043 395 3204 435 suam
3238 386 3304 437 ut
3327 399 3518 454 pasce-

198 451 402 522 aperuit,
430 465 595 520 aquas
632 450 785 504 vivas
814 451 1083 522 evomuit,
1116 453 1267 507 unde
1303 453 1470 509 simul
1496 454 1640 509 bibit
1665 472 1787 510 om-

196 545 266 599 nis
288 543 565 599 credulitas
597 544 873 615 gentium,
897 545 997 617 qui
1021 563 1335 618 numquam
1363 548 1512 604 sitiet
1539 548 1596 603 in
1624 554 1787 605 aeter-

195 655 327 693 num.
353 637 450 692 Cui
475 638 693 694 merito.

372 760 493 808 Item
515 759 830 810 Contestatio
855 760 909 810 in
930 761 1103 811 medio
1127 762 1583 828 Quadraginsimaa.

245 850 367 902 Vere
411 849 646 920 dignum
700 855 756 904 et
793 851 1016 922 justum
1059 858 1161 922 est,
1214 856 1566 926 omnipotens
1615 857 1785 912 Deus-

187 944 336 1006 Quem
360 942 546 996 nullus
575 945 886 1014 potentiam
914 946 1223 1016 majestatis
1245 954 1358 1003 tum
1387 950 1633 1006 offensus
1653 951 1791 1006 etl‘u-

189 1047 297 1102 gere
326 1036 516 1102 potest,
545 1049 648 1086 nec
684 1037 815 1088 ante
851 1035 1054 1090 faciem
1083 1038 1336 1092 nominis
1361 1040 1444 1094 tui
1475 1041 1790 1112 eriperetur

184 1125 348 1193 laesus;
386 1126 482 1196 qui
521 1143 645 1181 aras
687 1128 928 1183 rediticat
960 1129 1019 1183 in
1058 1134 1478 1189 consecratione
1523 1135 1786 1190 adversa-

184 1219 253 1284 rii,
284 1223 344 1272 ut
374 1219 670 1275 maledicat
709 1221 800 1275 cui
836 1227 898 1276 tu
937 1223 1244 1280 benedicis.
1287 1228 1560 1290 Quzenam
1590 1230 1787 1284 Balaac

182 1311 445 1367 insidiator
479 1314 624 1383 petit
651 1315 860 1386 populo
886 1317 1180 1387 maledici;
1210 1321 1307 1374 sed
1337 1322 1496 1392 jusso
1525 1328 1622 1377 tuo
1655 1341 1783 1394 pro-

180 1406 409 1476 phetatus
435 1407 662 1462 Balaam
692 1409 1003 1481 benedixit,
1040 1412 1275 1468 laudans
1311 1415 1668 1471 tabernacula
1694 1419 1784 1471 Ja-

179 1499 279 1569 cob,
306 1504 356 1555 et
386 1499 725 1557 benedicens
756 1505 998 1558 tentoria
1029 1511 1127 1559 tua
1165 1508 1347 1562 Israel.
1379 1511 1533 1564 Unde
1569 1517 1644 1578 te,
1675 1512 1784 1565 D0-

179 1588 304 1642 mine
325 1590 462 1642 Deus
497 1591 878 1662 omnipotens,
917 1594 1310 1664 deprecamur,
1343 1599 1481 1669 quia
1505 1601 1667 1654 ca-los
1697 1604 1782 1654 te-

179 1699 272 1748 nes,
311 1687 361 1736 et
400 1683 631 1754 abyssos
670 1685 844 1756 regis,
882 1690 948 1740 ut
987 1688 1147 1764 virga
1178 1707 1307 1760 quae
1351 1708 1575 1763 egressa
1603 1694 1782 1748 estde

263 1745 270 1748 ,
471 1745 488 1754 ,
738 1745 770 1756 υ
832 1745 840 1752 ,
1075 1745 1108 1764 ν
1194 1745 1214 1760 ι
1364 1745 1438 1763 κα

179 1776 328 1840 Iacob,
359 1782 411 1831 et
437 1778 732 1848 consurgit
760 1779 828 1833 de
852 1781 1037 1848 Israel,
1073 1783 1398 1840 dominetur
1415 1787 1630 1841 cunctis
1651 1803 1783 1857 gen—
1803 1745 1859 1817 B

180 1868 316 1936 tibus,
358 1869 655 1925 benedicat
695 1873 1090 1938 hereditatem,
1138 1894 1314 1948 quam
1361 1898 1461 1933 suo
1507 1881 1782 1952 sanguine

179 1961 440 2034 adquisivit
465 1965 743 2021 Dominus
772 1972 961 2023 noster
979 1970 1006 2023 ,Ι
1012 1987 1138 2024 esus
1158 1972 1411 2028 Christus
1437 1974 1607 2029 Filius
1627 1979 1777 2028 tuus.

179 2055 256 2109 Cui
277 2059 485 2113 merito.

179 2168 316 2219 Lectio
340 2171 500 2220 sancti
526 2172 796 2244 Evangelii
810 2176 1110 2244 secundum
1128 2178 1427 2244 Matthmum
1456 2193 1571 2243 quae
1594 2179 1784 2244 legitur

624 2235 771 2284 initio
805 2236 1243 2301 Quadraginsimas
1261 2241 1305 2291 ⁸.

229 2318 474 2390 Tempore
514 2319 619 2373 illo
648 2321 847 2375 ductus
887 2327 969 2377 est
1011 2325 1281 2380 Dominus
1318 2327 1473 2382 Jesus
1502 2328 1561 2381 in
1599 2328 1782 2383 deser-

178 2416 272 2466 tum
293 2429 321 2465 a
344 2413 560 2484 Spiritu
587 2419 653 2468 ut
682 2418 1020 2472 temtaretur
1043 2437 1074 2472 a
1107 2419 1350 2474 diabolo.
1383 2422 1450 2476 Et
1476 2439 1605 2476 cum
1626 2422 1778 2492 jeju-

176 2511 328 2561 nasset
349 2508 729 2580 quadraginta
772 2511 968 2566 diebus
1003 2516 1058 2567 et
1095 2515 1467 2586 quadraginta
1501 2516 1778 2585 noctibus,

176 2603 331 2668 postea
366 2602 589 2657 esuriit.
621 2604 686 2658 Et
713 2605 979 2660 accedens
1012 2611 1278 2662 temtator
1309 2608 1451 2663 dixit
1480 2609 1562 2662 illi
1589 2626 1602 2662 :
1627 2609 1681 2664 Si
1712 2609 1779 2662 ﬁ-

176 2691 259 2746 lius
281 2695 368 2749 Dei
395 2714 470 2766 es,
503 2697 601 2752 dic
641 2701 704 2752 ut
746 2698 957 2770 lapides
993 2699 1083 2755 isti
1125 2719 1298 2772 panes
1325 2701 1481 2756 ﬁant.
1513 2702 1619 2766 Qui
1660 2719 1780 2756 res-

176 2788 390 2856 pondens
417 2791 568 2845 dixit
595 2810 608 2845 :
639 2791 924 2862 Scriptum
953 2797 1055 2864 est,
1093 2811 1207 2849 non
1238 2796 1297 2850 in
1324 2813 1469 2867 pane
1507 2797 1622 2850 solo
1651 2796 1784 2850 vivit

173 2879 328 2948 homo,
357 2885 449 2939 sed
475 2885 547 2938 in
573 2885 729 2939 omni
755 2886 950 2955 verbo,
982 2889 1133 2959 quod
1160 2889 1420 2960 procedit
1445 2890 1513 2945 de
1541 2907 1637 2945 ore
1658 2890 1778 2944 Dei.

173 2973 295 3029 Tunc
320 2977 638 3049 adsumpsit
667 2994 800 3033 eum
828 2979 1085 3035 diabolus
1111 2982 1171 3035 in
1197 2965 1448 3037 sanctam
1476 2983 1778 3049 civitatem,

173 3072 214 3120 et
238 3071 412 3126 statuit
439 3088 583 3127 eum
610 3089 781 3144 super
809 3074 1178 3146 pinn‘aculum
1205 3077 1425 3148 templi,
1458 3082 1514 3131 et
1533 3077 1674 3132 dixit
1689 3077 1739 3131 ei
1763 3094 1776 3130 :

174 3159 215 3213 Si
237 3162 364 3217 ﬁlius
383 3167 476 3220 Dei
495 3182 584 3232 es,
608 3165 770 3222 mitte
791 3171 844 3221 te
873 3168 1157 3224 deorsum.
1182 3169 1465 3240 Scriptum
1497 3174 1580 3224 est
1605 3171 1777 3237 enim,

173 3256 297 3323 quod
330 3260 548 3330 angelis
593 3260 707 3314 suis
741 3261 1028 3316 mandavit
1069 3263 1137 3317 de
1167 3267 1240 3332 te,
1283 3266 1349 3318 ut
1373 3263 1637 3318 manibus
1673 3263 1775 3317 tol-

174 3347 267 3402 lant
290 3355 357 3421 te,
402 3370 472 3408 ne
515 3353 665 3408 forte
696 3353 945 3410 offendas
984 3356 1057 3410 ad
1089 3356 1334 3427 lapidem
1359 3358 1562 3429 pedem
1592 3361 1777 3412 tuum.

175 3441 329 3499 Aitilli
355 3446 572 3502 iterum
599 3449 758 3504 Jesus
788 3466 801 3503 :
832 3451 1047 3504 Rursus
1074 3451 1346 3522 scriptum
1372 3456 1474 3519 est,
1499 3468 1614 3506 non
1643 3457 1781 3506 tem-

176 3535 289 3591 tabis
315 3541 624 3596 Dominum
654 3544 828 3598 Deum
857 3547 1043 3598 tuum.
1074 3547 1286 3600 lterum
1312 3545 1624 3617 adsumpsit
1649 3562 1780 3600 eum

173 3627 390 3688 diabolus
425 3636 482 3691 in
530 3642 784 3691 montem
825 3638 1111 3692 excelsum
1148 3637 1330 3707 valde,
1360 3643 1416 3693 et
1453 3639 1695 3694 ostendit
1731 3641 1779 3692 ei

175 3727 328 3781 omnia
353 3746 535 3803 regna
571 3731 772 3786 mundi
797 3736 853 3787 et
881 3732 1119 3803 gloriam
1145 3749 1364 3802 eorum,
1396 3737 1452 3788 et
1481 3731 1624 3787 dixit
1655 3732 1735 3786 illi
1764 3749 1776 3787 :

174 3818 274 3875 Haec
317 3823 411 3878 tibi
454 3826 656 3880 omnia
695 3826 858 3893 dabo,
901 3826 947 3880 si
980 3827 1276 3898 procidens
1310 3827 1627 3883 adoraveris
1666 3843 1777 3881 me.

175 3912 296 3968 Tunc
332 3917 461 3972 dicit
491 3918 551 3973 ei
586 3921 743 3974 Jesus
773 3937 784 3973 :
815 3919 962 3974 Vade
992 3926 1167 3988 retro,
1213 3920 1463 3976 Satanas.
1500 3920 1782 3992 Scriptum

176 4011 240 4061 est
263 4025 274 4063 :
301 4011 603 4067 Dominum
633 4014 810 4067 Deum
836 4018 998 4068 tuum
1021 4015 1300 4085 adorabis,
1334 4020 1391 4069 et
1420 4015 1498 4070 illi
1527 4014 1632 4069 soli
1664 4030 1776 4069 ser—

173 4100 283 4156 vies.
306 4105 454 4160 Tunc
479 4105 718 4177 reliquit
753 4123 884 4161 eum
913 4107 1200 4179 diabolus;
1233 4113 1289 4164 et
1320 4125 1447 4163 ecce
1470 4108 1664 4180 angeli
1697 4124 1780 4162 ac-

175 4205 440 4271 cesserunt,
475 4203 541 4255 et
566 4199 965 4256 ministrabant
990 4201 1062 4255 ei.

174 4323 319 4376 Lectio
333 4331 494 4380 sancti
512 4329 793 4396 Evangelii
804 4331 1092 4396 secundum
1110 4332 1320 4396 Lucam,
1340 4332 1547 4396 quando
1569 4331 1784 4382 historia

669 4392 733 4440 de
767 4393 963 4456 Joseph
991 4392 1180 4455 legitur
1205 4395 1250 4443 b.

228 4474 385 4531 Homo
421 4476 660 4549 quidam
692 4477 894 4533 habuit
930 4479 1068 4532 duos
1096 4479 1260 4546 ﬁlios,
1293 4484 1350 4534 et
1379 4479 1520 4534 dixit
1559 4480 1774 4534 adoles-
1798 4490 1857 4562 D

175 4568 357 4623 centior
400 4587 472 4626 ex
524 4569 632 4625 illis
684 4571 832 4642 patri
867 4573 1087 4642 :Pater,
1142 4572 1216 4627 da
1262 4573 1406 4627 mihi
1459 4573 1780 4644 portionem

174 4661 467 4720 substantia:
496 4681 630 4736 quae
673 4681 765 4720 me
806 4666 1102 4737 contingit.
1160 4668 1228 4721 Et
1277 4666 1466 4721 divisit
1509 4667 1616 4721 illis
1645 4668 1779 4722 sub-

173 4762 422 4818 stantiam.
454 4766 530 4818 Et
553 4781 666 4818 non
689 4769 817 4835 post
835 4764 1047 4819 multos
1069 4765 1205 4832 dies,
1228 4765 1583 4837 congregatis
1605 4767 1783 4822 omni-

173 4851 274 4921 bus,
299 4858 704 4913 adolescentior
732 4858 882 4913 ﬁlius
914 4875 1152 4930 peregre
1179 4859 1461 4930 profectus
1489 4865 1572 4916 est
1606 4859 1665 4914 in
1690 4877 1780 4915 re-

174 4948 373 5018 gionem
416 4953 813 5024 longinquam,
862 4957 916 5008 et
958 4952 1036 5007 ibi
1082 4952 1370 5024 dissipavit
1417 4954 1785 5010 substantiam

173 5054 329 5109 suam,
366 5043 606 5098 vivendo
643 5042 948 5097 luxoriose.
996 5043 1062 5096 Et
1105 5047 1408 5114 postquam
1437 5044 1628 5098 omnia
1659 5060 1785 5098 con-

173 5144 502 5207 summasset,
536 5138 678 5191 facta
704 5141 787 5192 est
810 5136 986 5190 fames
1014 5135 1201 5190 valida
1224 5136 1284 5191 in
1320 5137 1553 5209 regione
1582 5137 1698 5208 illa,
1732 5142 1788 5193 et

174 5227 272 5299 ipse
297 5231 463 5303 cacpit
496 5247 684 5303 egere.
715 5231 780 5285 Et
805 5229 966 5299 abiit,
997 5234 1053 5285 et
1076 5230 1314 5286 adhaesit
1338 5232 1439 5286 uni
1471 5233 1678 5288 civium
1704 5248 1787 5287 re-

229 5375 252 5407 ⁶
269 5373 384 5428 Non
399 5391 541 5446 ergo
561 5391 629 5429 ex
658 5373 855 5430 ordine
877 5375 1168 5430 Lectiones
1187 5381 1444 5431 accurate
1465 5377 1555 5431 hic
1583 5377 1786 5447 despo-

174 5441 498 5520 sitae._ldcm'
522 5447 886 5520 Evangelium
928 5447 1095 5520 hodie
1142 5465 1368 5520 quoque
1423 5448 1484 5501 in
1538 5441 1788 5520 Romano

175 5511 440 5591 Dominica
473 5519 658 5589 prima
677 5511 1178 5591 Quadragesimte,‘
1192 5511 1320 5590 quae
1344 5521 1508 5591 finitio
1535 5519 1784 5583 Quadra-

174 5590 362 5661 qesimae
397 5591 508 5643 hoc
542 5592 660 5644 loco
691 5591 975 5661 designari
1002 5591 1245 5661 videtur,
1284 5590 1416 5645 olim
1449 5595 1618 5660 caput
1649 5591 1790 5654 Qua-

176 5655 488 5730 dragesimae
524 5662 692 5716 etiam
733 5661 793 5715 in
815 5655 1074 5718 “Ecclesia
1102 5655 1372 5729 Romana,
1407 5678 1476 5717 ex
1501 5655 1647 5717 notis
1675 5661 1786 5716 Me-

177 5730 325 5807 na_rd_i_
341 5731 523 5807 nostri
550 5732 609 5786 in
631 5732 1172 5807 Sacramentarium,
1203 5751 1338 5807 pag.
1369 5737 1458 5807 52.

236 5800 260 5839 δ
286 5801 410 5856 Haec
449 5802 679 5860 historia
711 5819 864 5859 nunc
893 5803 953 5860 in
988 5800 1242 5862 Romano
1269 5800 1479 5875 légitur
1504 5804 1574 5859 ad
1609 5805 1786 5860 Matu-

1891 465 1979 514 ret
2004 478 2224 532 porcos,
2253 468 2309 518 et
2338 466 2597 537 cupiebat
2622 469 2860 540 implere
2886 479 3140 529 ventrem
3168 493 3334 531 suum
3365 478 3432 533 de
3455 479 3524 533 si-

1889 554 2058 625 liquis
2088 572 2225 626 quas
2261 558 2417 628 porci
2441 561 2876 633 manducahant,
2905 571 2961 621 et
3000 584 3168 622 nemo
3209 570 3290 624 illi
3333 571 3518 627 dabat.

1889 650 2009 719 lpse
2041 655 2232 704 autem
2258 668 2514 708 reversus
2539 655 2679 711 dixit
2704 673 2717 710 :
2741 659 2946 722 Quanti
2980 666 3316 718 mercenarii
3346 668 3523 736 patris

1889 743 2002 796 mei
2036 743 2327 799 abundant
2355 748 2614 818 panibus,
2644 767 2751 821 ego
2790 757 2978 808 autem
3018 755 3109 808 hic
3136 756 3285 811 fame
3310 761 3517 828 pereo!

1889 836 2151 907 Surgam,
2181 843 2237 893 et
2277 839 2368 893 ibo
2409 842 2478 895 ad
2513 844 2692 897 Deum
2718 861 2931 914 meum,
2972 850 3028 902 et
3054 848 3236 903 dicam
3263 851 3340 904 illi
3372 869 3382 904 :
3418 855 3520 907 Pa-

1889 935 1994 1000 ter,
2040 933 2264 1002 peccavi
2297 934 2354 988 in
2383 937 2581 990 cazlum
2611 941 2667 992 et
2694 955 2881 993 coram
2909 946 2982 1009 te,
3017 947 3071 995 et
3089 943 3211 1012 jam
3239 960 3354 998 non
3393 962 3520 1000 sum

1889 1025 2097 1095 dignus
2124 1027 2306 1082 vocari
2333 1029 2482 1083 ﬁlius
2509 1035 2658 1098 tuus,
2683 1032 2769 1084 fac
2793 1049 2883 1087 me
2906 1033 3050 1089 sicut
3077 1052 3258 1091 unum
3278 1038 3346 1093 de
3365 1055 3518 1094 mer-

1889 1119 2281 1188 cenariis-tuis,
2313 1127 2369 1176 et
2391 1139 2630 1195 surgens
2653 1126 2806 1180 venit
2833 1128 2902 1182 ad
2928 1134 3146 1198 patrem
3168 1147 3356 1187 suum.
3378 1134 3520 1188 Cum

1889 1217 2080 1268 autem
2103 1215 2287 1269 adhuc
2307 1217 2478 1286 longe
2508 1224 2670 1288 esset,
2700 1220 2837 1274 vidit
2865 1222 3027 1277 illum
3051 1229 3212 1294 pater
3241 1227 3434 1296 ipsius,
3465 1233 3520 1282 et

1888 1308 2275 1363 misericordia
2305 1316 2490 1366 motus
2521 1317 2604 1367 est
2635 1331 2648 1367 :
2683 1318 2739 1369 et
2766 1315 3072 1371 adcurrens
3113 1320 3315 1373 cecidit
3349 1337 3519 1391 supra

1887 1402 2095 1456 collum
2143 1403 2284 1474 ejus,
2331 1409 2387 1459 et
2428 1407 2705 1461 oscolatus
2749 1412 2835 1462 est
2873 1409 3059 1465 illum.
3092 1413 3354 1483 Dixitque
3383 1414 3434 1468 ei
3460 1414 3520 1467 ﬁ-

1885 1495 1994 1549 lius
2025 1513 2037 1549 :
2068 1499 2248 1566 Pater,
2292 1499 2518 1568 peccavi
2553 1501 2612 1554 in
2651 1503 2857 1556 czelum
2885 1509 2940 1557 et
2970 1521 3160 1560 coram
3201 1512 3277 1573 te,
3311 1512 3366 1560 et
3395 1507 3514 1576 jam

1885 1605 2000 1642 non
2027 1606 2152 1644 sum
2181 1591 2388 1661 dignus
2411 1593 2597 1647 vocari
2623 1594 2772 1648 ﬁlius
2800 1601 2950 1651 tuus.
2976 1598 3123 1653 Dixit
3151 1605 3340 1654 autem
3362 1605 3520 1670 pater

1884 1683 1955 1736 ad
2003 1699 2193 1738 servos
2249 1701 2376 1738 suos
2407 1704 2419 1740 :
2449 1687 2569 1741 Cito
2613 1689 2859 1757 proferte
2907 1691 3105 1746 stolam
3133 1693 3416 1763 .primam,
3465 1699 3519 1746 et

1886 1777 2098 1832 induite
2124 1778 2316 1847 illum;
2350 1784 2404 1832 et
2430 1780 2555 1835 date
2581 1782 2811 1836 anolum
2840 1784 2900 1837 in
2929 1801 3103 1839 manu
3143 1787 3285 1856 ejus,
3324 1792 3379 1840 et
3405 1787 3514 1840 cal-

1882 1877 2170 1926 ceamenta
2199 1872 2258 1926 in
2295 1873 2494 1943 pedes;
2525 1878 2581 1928 et
2603 1875 2863 1930 adducite
2899 1877 3145 1932 vitulum
3176 1879 3514 1949 saginatum,

1884 1969 1939 2018 et
1980 1965 2242 2034 occidite;
2273 1970 2328 2020 et
2367 1968 2792 2037 manducemus,
2827 1975 2882 2023 et
2911 1971 3389 2042 epulemurzquia
3425 1973 3515 2026 hic

1883 2057 2030 2111 ﬁlius
2055 2075 2216 2113 meus
2243 2065 2503 2114 mortuus
2532 2065 2671 2128 erat,
2704 2066 2759 2117 et
2784 2064 3013 2131 revixit;
3046 2065 3312 2136 perierat,
3341 2069 3397 2120 et
3422 2065 3512 2120 in-

1882 2156 2082 2206 ventus
2109 2158 2210 2207 est.

1884 2241 2055 2290 Lectio
2077 2242 2240 2291 sancti
2261 2242 2530 2312 Evangelii
2555 2244 2843 2312 secundum
2863 2245 3175 2310 Jobannem,
3196 2261 3310 2312 qua:
3328 2247 3518 2312 legitur

2471 2306 2620 2355 tertia
2641 2308 2927 2358 Dominica.

1918 2375 2120 2430 Diebus
2130 2376 2240 2430 illis
2250 2377 2544 2449 loquentes
2556 2379 2738 2433 turba}
2749 2381 2818 2434 ad
2833 2380 3138 2436 Dominum
3146 2383 3172 2436 J
3177 2397 3336 2436 esum
3345 2382 3518 2451 ,dixe-

1882 2475 2017 2523 runt
2043 2486 2056 2524 ε
2073 2470 2216 2534 Quid
2229 2472 2498 2527 faciemus
2526 2477 2590 2528 ut
2609 2489 2912 2544 operemur
2927 2491 3099 2546 opera
3113 2474 3209 2529 Dei
3226 2477 3253 2530 ?
3271 2478 3517 2547 Respon-

1883 2564 1998 2619 ditJ
2005 2580 2132 2620 esus
2149 2569 2203 2619 et
2215 2565 2358 2620 dixit
2372 2566 2450 2620 eis
2471 2583 2482 2620 :
2505 2568 2614 2621 Hoc
2625 2571 2708 2621 est
2721 2584 2862 2638 opus
2873 2568 2970 2622 Dei
2986 2573 3047 2622 ut
3059 2568 3295 2623 credatis
3309 2569 3366 2622 in
3384 2586 3515 2624 eum

1882 2675 2052 2730 quem
2067 2659 2221 2713 misit
2236 2659 2350 2713 ille.
2365 2659 2639 2714 Dixerunt
2653 2677 2788 2730 ergo
2802 2661 2852 2714 ei
2871 2678 2883 2714 :
2900 2662 3058 2725 Quod
3073 2678 3209 2732 ergo
3222 2666 3285 2716 tu
3299 2661 3435 2716 facis
3451 2663 3518 2715 si-

1885 2770 2085 2824 gnum,
2103 2758 2164 2806 ut
2178 2753 2468 2807 videamus
2492 2758 2548 2808 et
2567 2754 2866 2808 credamus
2895 2755 3040 2808 tibi?
3067 2755 3204 2825 quid
3227 2755 3476 2826 operaris
3491 2757 3517 2808 εἰ

1883 2848 2072 2900 Patres
2115 2846 2291 2900 nostri
2331 2862 2537 2900 manna
2580 2847 3062 2902 manducaverunt
3090 2848 3149 2901 in
3175 2847 3416 2916 deserto,
3441 2849 3515 2902 si-

1883 2945 1978 2994 cut
2002 2941 2274 3012 scriptum
2309 2944 2395 2994 est
2423 2956 2435 2993 :
2474 2941 2685 2995 Panem
2724 2941 2793 2995 de
2822 2941 2958 2995 caelo
2983 2941 3140 2996 dedit
3166 2941 3246 2995 eis
3270 2943 3512 2997 mandu-

1884 3050 2032 3089 care.
2075 3035 2225 3089 Dixit
2259 3050 2396 3104 ergo
2423 3034 2503 3088 eis
2528 3036 2686 3089 Jesus
2716 3051 2728 3089 :
2757 3038 2938 3090 Amen
2967 3052 3135 3090 amen
3177 3036 3301 3090 dico
3339 3037 3516 3106 vobis,

1880 3145 1995 3183 non
2040 3130 2254 3200 Moyses
2293 3127 2448 3183 dedit
2489 3129 2645 3182 vobis
2693 3147 2902 3200 panem
2941 3131 3011 3185 de
3046 3130 3200 3198 crelo,
3233 3131 3329 3186 sed
3358 3133 3521 3186 Pater

1879 3239 2041 3278 meus
2081 3223 2174 3277 dat
2205 3222 2360 3277 vobis
2403 3239 2612 3293 panem
2649 3223 2717 3278 de
2747 3224 2884 3278 caelo
2913 3240 3132 3279 verum.
3165 3225 3327 3278 Panis
3359 3225 3512 3279 enim

1880 3318 1978 3371 Dei
2007 3321 2090 3372 est
2119 3317 2219 3388 qui
2254 3317 2542 3371 descendit
2567 3317 2636 3370 de
2662 3317 2817 3386 caelo,
2857 3321 2914 3371 et
2949 3318 3046 3371 dat
3076 3319 3249 3372 vitam
3279 3319 3516 3372 mundo.

1880 3411 2154 3464 Dixerunt
2188 3425 2324 3481 ergo
2357 3410 2427 3463 ad
2461 3425 2592 3462 eum
2622 3426 2634 3462 :
2669 3409 2925 3476 Domine,
2971 3426 3193 3480 semper
3231 3411 3302 3463 da
3353 3410 3515 3465 nobis

1879 3524 2087 3580 panem
2121 3509 2292 3562 hunc.
2322 3506 2471 3562 Dixit
2495 3511 2685 3560 autem
2715 3507 2797 3561 eis
2821 3509 2980 3561 Jesus
3011 3524 3024 3560 :
3057 3509 3172 3578 Ego
3200 3524 3327 3562 sum
3355 3508 3519 3578 panis

1881 3604 2026 3658 vitaz.
2059 3602 2160 3666 Qui
2199 3601 2353 3656 venit
2377 3601 2448 3655 ad
2474 3617 2586 3671 me,
2632 3617 2751 3654 non
2783 3601 2993 3656 esuriet
3009 3619 3025 3669 ;
3051 3606 3106 3656 et
3133 3601 3231 3672 qui
3259 3601 3436 3656 credit
3459 3601 3518 3655 in

1882 3713 1992 3762 me,
2017 3712 2132 3750 non
2147 3693 2295 3749 sitiet
2321 3711 2594 3766 unquam.
2619 3695 2726 3750 Sed
2749 3694 2864 3749 dixi
2891 3695 3066 3762 vobis,
3098 3694 3231 3766 quia
3258 3699 3314 3749 et
3341 3694 3514 3748 vidis-

1881 3791 1951 3846 tis
1979 3807 2091 3860 me,
2133 3795 2188 3844 et
2211 3805 2326 3844 non
2363 3788 2608 3844 creditis.
2653 3789 2833 3844 Omne
2861 3789 3014 3860 quod
3038 3789 3134 3844 dat
3159 3787 3304 3842 mihi
3328 3790 3513 3857 Pater,

1881 3886 1953 3940 ad
1969 3901 2060 3939 me
2078 3884 2231 3938 venit
2248 3901 2260 3949 ;
2279 3888 2335 3938 et
2347 3899 2477 3938 eum
2493 3882 2592 3954 qui
2606 3883 2758 3938 venit
2773 3883 2846 3938 ad
2855 3898 3090 3951 me,non
3105 3883 3152 3953 ej
3162 3882 3328 3936 iciam
3342 3883 3516 3937 foras.

1881 3979 2023 4044 Quia
2063 3977 2327 4033 descendi
2367 3978 2435 4033 de
2474 3977 2636 4049 caelo,
2667 3994 2783 4032 non
2822 3982 2886 4032 ut
2924 3977 3130 4031 faciam
3168 3978 3519 4032 voluntatem

1881 4090 2090 4143 meam,
2108 4073 2205 4128 sed
2219 4073 2569 4127 voluntatem
2587 4071 2708 4142 ejus
2725 4072 2826 4143 qui
2839 4070 2994 4126 misit
3009 4087 3098 4125 me
3113 4070 3309 4140 Patris;
3329 4075 3392 4125 ut
3405 4087 3522 4124 om-

1881 4185 1952 4223 ne
1967 4168 2119 4240 quod
2138 4166 2292 4222 dedit
2313 4166 2475 4235 mihi,
2489 4182 2605 4220 non
2631 4166 2867 4238 perdam
2885 4182 2953 4220 ex
2971 4181 3057 4233 eo,
3081 4165 3178 4217 sed
3192 4163 3521 4218 resuscitem

1881 4263 2047 4318 illum
2078 4262 2138 4316 in
2170 4261 2474 4316 novissimo
2503 4259 2612 4314 die.
2641 4261 2770 4313 Haec
2795 4263 2880 4314 est
2907 4258 3059 4312 enim
3080 4257 3335 4310 voluntas
3349 4256 3524 4326 patris

1884 4357 1996 4413 mei
2012 4356 2109 4428 qui
2122 4355 2400 4423 misitme,
2418 4357 2482 4408 ut
2509 4353 2694 4407 omnis
2725 4352 2823 4423 qui
2859 4352 3010 4405 videt
3028 4349 3252 4416 Filium,
3275 4353 3331 4403 et
3346 4349 3526 4404 credit

1883 4456 1944 4510 in
1961 4468 2114 4520 eum,
2134 4449 2524 4503 habeatvitam
2541 4450 2837 4513 aeternam,
2862 4448 2918 4498 et
2942 4443 3285 4498 resuscitabo
3311 4458 3444 4496 eum
3467 4442 3528 4496 in

1879 4546 2182 4605 novissimo
2207 4543 2314 4597 die.
2342 4540 2765 4597 Murmurabant
2795 4554 2931 4609 ergo
2960 4537 3142 4591 Judaei
3163 4536 3231 4591 de
3259 4535 3374 4605 illo,
3391 4535 3525 4608 quia

1881 4643 2140 4709 dixisset,
2192 4655 2298 4709 ego
2340 4651 2467 4690 sum
2509 4632 2672 4705 panis
2707 4632 2806 4704 qui
2842 4632 2910 4686 de
2953 4630 3089 4685 caelo
3130 4630 3428 4700 descendi;
3470 4637 3526 4685 et

1883 4737 2185 4793 dicebant:
2217 4733 2411 4786 Nonne
2451 4728 2544 4784 hic
2593 4730 2678 4782 est
2720 4728 2878 4782 Jesus
2918 4725 3067 4780 ﬁlius
3107 4725 3334 4797 Ioseph,
3364 4724 3525 4796 cujus

1882 4848 1985 4886 nos
2042 4829 2302 4883 novimus
2351 4828 2570 4895 patrem
2610 4827 2666 4876 et
2719 4823 2960 4875 matrem
2989 4821 3016 4874 ?
3054 4820 3343 4883 Quomodo
3389 4835 3525 4889 ergo

1885 4924 2020 4978 dicit
2048 4922 2160 4992 hic,
2205 4919 2338 4990 quia
2381 4917 2448 4971 de
2494 4916 2632 4970 caelo
2678 4915 2986 4969 descendi?
3031 4912 3342 4984 Respondit
3387 4929 3525 4983 ergo

1883 5025 2041 5078 lesus
2071 5025 2127 5075 et
2154 5019 2295 5074 dixit
2335 5017 2414 5071 eis
2460 5034 2473 5070 :
2525 5015 2700 5069 Nolite
2742 5027 3103 5067 murmurare
3150 5010 3211 5064 in
3259 5011 3522 5066 invicem.

1887 5119 2061 5173 Nemo
2093 5118 2274 5187 potest
2301 5111 2493 5166 venire
2519 5110 2588 5165 ad
2615 5126 2737 5178 me,
2766 5107 2875 5161 nisi
2911 5108 3073 5160 Pater
3099 5104 3198 5176 qui
3232 5105 3384 5160 misit
3410 5120 3523 5175 me,

1886 5214 2122 5272 traxerit
2149 5228 2299 5281 eum,
2345 5215 2400 5265 et
2443 5227 2547 5281 ego
2577 5205 2922 5264 resuscitabo
2958 5220 3090 5259 eum
3125 5203 3186 5258 in
3224 5202 3526 5259 novissimo

1886 5362 2034 5416 tinas
2063 5357 2353 5414 Dominica
2376 5354 2542 5431 tertia
2566 5349 3045 5431 Quadragesi‘map
3073 5353 3135 5404 ut
3159 5348 3526 5431 Evangelium

1888 5435 1956 5487 de
1978 5432 2099 5504 tilio
2139 5429 2376 5504 prodigo
2421 5424 2657 5504 Sabbato
2702 5422 3066 5504 praecedente.
3090 5439 3115 5504 ς.
3146 5439 3260 5502 quo
3293 5422 3392 5504 die
3424 5435 3526 5504 pro

1889 5490 2347 5573 Epistola‘_Misszr
2380 5502 2462 5551 est
2491 5490 2974 5573 _eade1n__Jos_ephi
3009 5490 3526 5573 historianVidetur

1889 5559 2084 5629 autem
2113 5571 2203 5625 hic
2230 5569 2505 5640 assignari
2544 5585 2649 5647 pro
2689 5559 2978 5621 Dominica
3005 5559 3523 5647 secunda‘Quadra:

1891 5645 2149 5724 gesimae,
2191 5658 2322 5696 nam
2343 5631 2677 5714 praecedens
2705 5645 2788 5696 est
2814 5655 2918 5712 pro
2946 5636 3150 5710 prima,
3179 5631 3524 5700 subsequens

1889 5733 1993 5790 pro
2022 5721 2207 5773 tertia.
