4036 6188
429 275 532 330 487

432 382 542 438 die.
583 383 679 438 Est
703 373 974 456 scriptum
1002 379 1063 437 in
1088 379 1381 453 Prophetis
1413 399 1426 436 :
1459 384 1526 437 Et
1551 385 1718 437 erunt
1748 397 1946 438 omnes
1973 381 2068 437 do-
2087 393 2146 465 Α

435 476 630 532 cibiles
654 477 774 533 Dei.
805 475 997 532 Omnis
1025 476 1128 547 qui
1169 473 1326 530 audit
1349 491 1382 529 a
1421 477 1602 544 Patre,
1633 481 1688 531 et
1717 475 1939 544 didicit,
1967 493 2062 531 ve-

432 575 521 629 nit
545 575 614 630 ad
641 591 754 629 me.
785 575 906 628 Non
931 573 1062 644 quia
1089 575 1312 628 Patrem
1353 573 1496 629 vidit
1525 573 1844 646 quisquam,
1883 575 1992 629 nisi
2019 574 2066 628 is

432 670 532 738 qui
559 671 641 723 est
668 685 701 721 a
739 668 875 736 Deo,
921 666 1014 720 hic
1055 665 1197 721 vidit
1239 669 1484 722 Patrem.
1529 671 1708 723 Amen
1745 683 1912 722 amen
1943 668 2065 722 dico

433 759 606 827 vobis,
637 759 734 828 qui
778 756 956 812 credit
983 757 1044 812 in
1085 774 1196 825 me,
1227 758 1398 814 habet
1429 759 1604 814 vitam
1630 763 1920 814 aeternam.
1950 759 2065 830 Ego

431 867 557 907 sum
585 852 746 923 panis
775 851 923 906 vitae.
952 853 1142 907 Patres
1169 853 1344 906 vestri
1369 855 1854 908 manducaverunt
1877 853 1938 907 in
1962 853 2061 908 de.

433 949 579 1000 serto
607 961 834 1014 manna,
867 949 924 1000 et
950 946 1161 1001 mortui
1207 951 1358 1002 sunt.
1385 947 1482 1002 Hic
1522 952 1606 1002 est
1647 947 1808 1018 panis
1835 947 1904 1002 de
1931 947 2065 1002 caelo

430 1038 794 1106 descendens,
823 1042 889 1093 ut
923 1039 970 1093 si
1013 1040 1138 1110 quis
1182 1056 1252 1095 ex
1293 1041 1416 1112 ipso
1461 1041 1904 1112 manducaverit,
1951 1057 2065 1095 non

429 1132 724 1188 moriatur.
755 1135 872 1204 Ego
899 1149 1026 1187 sum
1053 1133 1213 1204 panis
1239 1133 1397 1189 vivus
1417 1135 1517 1206 qui
1537 1135 1605 1191 de
1627 1136 1760 1190 caelo
1781 1135 2062 1190 descendi.

433 1225 490 1282 Si
517 1226 643 1298 quis
671 1226 1092 1282 manducaverit
1117 1244 1186 1283 ex
1205 1229 1312 1283 hoc
1331 1245 1498 1300 pane,
1521 1228 1670 1284 vivet
1687 1229 1747 1284 in
1764 1233 2062 1296 aeternum;

434 1323 491 1374 et
517 1320 680 1390 panis
718 1335 889 1391 quem
917 1335 1026 1392 ego
1072 1321 1238 1390 dabo,
1269 1339 1398 1376 caro
1435 1338 1562 1378 mea
1598 1327 1680 1378 est
1721 1339 1824 1394 pro
1866 1320 2066 1376 mundi

432 1413 565 1468 vita.
615 1413 931 1485 Litigabant
974 1430 1110 1486 ergo
1150 1415 1330 1470 Judaei
1374 1416 1446 1470 ad
1493 1416 1732 1471 invicem
1762 1415 2006 1471 dicentes
2045 1434 2062 1469 :

432 1507 722 1572 Quomodo
765 1512 952 1578 potest
993 1509 1086 1562 hic
1131 1525 1360 1565 carnem
1404 1526 1566 1565 suam
1589 1499 1767 1564 nobis
1813 1510 1948 1564 dare
1997 1508 2066 1563 ad

432 1601 940 1656 manducandum?
979 1602 1124 1657 Dicit
1170 1619 1306 1675 ergo
1343 1603 1421 1658 eis
1464 1605 1620 1659 Jesus
1647 1622 1660 1658 :
1691 1605 1874 1659 Amen
1899 1619 2066 1658 amen

1319 271 1650 330 APPENDIX
1689 267 1776 329 AD
1812 271 2034 328 OPERA
2071 271 2124 327 S.
2165 269 2466 330 GERMANI
2502 267 2928 329 PARISIENSIS.

3703 271 3821 325 488

2591 379 2780 444 Incipit
2807 375 3096 428 secundum
3126 377 3378 428 Marcum.

2239 456 2388 524 Legit
2417 453 2694 509 diaconus.

2237 547 2468 602 Initium
2513 545 2806 618 Evangelii
2850 548 2979 602 Jesu
3047 544 3254 600 Christi
3309 543 3428 597 Filii
3479 541 3600 598 Dei.
3655 543 3818 598 Sicut

2166 640 2438 712 scriptum
2469 645 2554 696 est
2583 641 2644 695 in
2687 640 2846 696 Esaia
2887 639 3162 710 propheta
3196 655 3209 692 :
3249 638 3387 692 Ecce
3427 635 3593 691 mitto
3628 651 3814 709 ange-

2164 733 2284 789 lum
2313 749 2507 789 meum
2531 737 2662 788 ante
2707 732 2908 787 faciem
2932 737 3120 802 tuam,
3153 729 3252 804 qui
3288 728 3632 802 praeparabit
3656 730 3812 784 viam

2167 831 2328 882 tuam
2352 831 2481 882 ante
2501 832 2580 882 te.
2597 829 2715 882 Vox
2740 826 3031 881 clamantis
3056 825 3118 880 in
3145 825 3365 880 deserto
3395 840 3409 878 :
3440 825 3634 879 Parate
3653 823 3812 878 viam

2166 921 2408 991 Domini,
2437 925 2620 976 rectas
2647 921 2811 976 facite
2841 919 3070 976 semitas
3099 919 3240 990 ejus.

2239 1018 2476 1086 Erponit
2495 1016 2795 1086 presbyter.

2239 1109 2454 1164 Marcus
2483 1108 2840 1180 Evangelista
2868 1107 3047 1163 leonis
3075 1121 3278 1178 gerens
3303 1104 3582 1176 ﬁguram,
3611 1122 3644 1159 a
3667 1106 3804 1162 soli-

2165 1201 2360 1257 tudine
2405 1201 2605 1273 incipit
2651 1202 2836 1257 dicere
2882 1218 2895 1256 :
2937 1202 3057 1255 Vox
3101 1183 3394 1254 clamantis
3431 1198 3493 1252 in
3536 1199 3758 1255 deserto
3793 1217 3808 1254 :

2166 1297 2362 1350 Parata
2389 1295 2541 1350 viam
2571 1295 2818 1350 Domini.
2849 1294 2970 1349 Sive
3003 1293 3138 1366 quia
3167 1296 3368 1364 regnat
3393 1291 3654 1347 invictus.
3687 1293 3808 1348 Hu-

2159 1389 2255 1460 jus
2279 1389 2457 1444 leonis
2483 1387 2784 1444 multifarie
2813 1387 3132 1443 invenimus
3165 1385 3448 1458 exempla,
3475 1390 3540 1442 ut
3567 1402 3682 1441 non
3707 1403 3806 1442 va-

2167 1487 2256 1538 cet
2281 1482 2493 1538 dictum
2517 1482 2657 1537 illud
2687 1501 2700 1537 :
2751 1483 2892 1537 Juda
2935 1481 3083 1536 ﬁlius
3111 1497 3294 1550 meus,
3343 1479 3559 1536 catulus
3605 1480 3804 1547 leonis,

2168 1577 2238 1632 de
2265 1576 2520 1648 germine
2547 1575 2688 1631 mihi
2715 1576 2990 1631 recubans
3015 1617 3029 1643 ,
3061 1573 3320 1630 dormisti
3347 1578 3414 1630 ut
3454 1574 3540 1629 leo
3585 1578 3640 1630 et
3665 1575 3810 1628 sicut

436 1694 562 1749 dico
602 1695 778 1762 vobis,
799 1695 923 1767 _qui
963 1669 1267 1752 manducat
1311 1713 1500 1752 meam
1538 1713 1788 1764 carnem,
1835 1701 1892 1752 et
1927 1696 2102 1767 bibit,
2168 1670 2386 1726 “unus
2413 1669 2620 1767 leonis:
2641 1669 3064 1767 qlfi§_910ital?it
3091 1669 3264 1767 Elim?

433 1803 628 1843 meum
677 1766 1051 1859 sanguinem,
1092 1790 1264 1845 habet
1309 1790 1482 1845 vitam
1521 1795 1814 1862 aeternam,
1859 1795 1916 1846 et
1961 1766 2143 1862 egoB

435 1881 775 1938 resuscitabo
800 1897 932 1937 eum
959 1883 1020 1937 in
1045 1883 1346 1939 novissimo
1375 1884 1484 1940 die.

803 2019 958 2059 MISSA
999 2019 1052 2062 IN
1093 2021 1317 2060 SYMBOLI
1354 2021 1699 2061 TRADITIONE.

505 2099 570 2152 In
595 2096 906 2165 Symbolum
931 2097 1006 2152 ad
1032 2101 1249 2153 aurium
1275 2102 1605 2170 apertionem
1641 2099 1716 2154 ad
1743 2099 1931 2154 electos
1949 2098 1994 2152 ⁸.

505 2195 770 2268 Aperturi
799 2197 974 2268 vobis,
1003 2197 1297 2268 carissimi,
1329 2198 1648 2270 Evangelia,
1677 2198 1736 2253 id
1779 2202 1882 2266 est,
1926 2215 2064 2269 gau-

435 2289 528 2346 dia
553 2288 769 2360 divina;
813 2291 974 2363 prius
1023 2291 1221 2348 ordine
1259 2291 1546 2348 insinuare
1591 2292 1898 2363 debemus,
1932 2292 2068 2364 quid

435 2385 805 2456 Evangelium
848 2386 938 2454 sit,
989 2390 1045 2442 et
1069 2386 1222 2442 unde
1248 2387 1584 2453 descendat;
1627 2389 1684 2442 et
1727 2387 1885 2458 cujus
1911 2387 1972 2442 in
2003 2403 2068 2442 eo

435 2479 605 2534 verba
647 2483 964 2550 ponantur;
1016 2485 1072 2535 et
1117 2497 1292 2552 quare
1337 2485 1604 2552 quattuor
1647 2480 1757 2535 sint
1803 2481 1901 2552 qui
1947 2481 2068 2536 haec

440 2577 596 2645 gesta
620 2573 999 2644 scripserunt;
1029 2574 1116 2628 vel
1146 2574 1246 2646 qui
1285 2579 1416 2629 sunt
1438 2573 1546 2646 ipsi
1571 2574 1612 2628 ii
1641 2577 1924 2647 quattuor,
1971 2574 2070 2646 qui

437 2667 626 2722 divino
664 2667 892 2738 Spiritu,
941 2667 1307 2724 adnuntiante
1350 2669 1647 2740 propheta,
1697 2673 1828 2724 ante
1865 2669 2070 2740 signati

437 2765 609 2816 sunt:
641 2777 713 2816 ne
755 2761 898 2816 forte
942 2761 1060 2816 sine
1105 2761 1210 2816 hac
1256 2761 1472 2817 ordinis
1511 2763 1728 2817 ratione
1773 2763 1860 2818 vel
1905 2779 2070 2818 causa

437 2859 727 2926 stuporem
760 2854 1166 2926 relinquamus,
1199 2861 1261 2910 ut
1290 2855 1389 2928 qui
1409 2857 1478 2911 ad
1504 2856 1611 2910 hoc
1637 2855 1865 2912 venistis
1894 2860 1957 2911 ut
1975 2873 2070 2910 au-

437 2963 528 3002 res
555 2947 710 3002 vobis
751 2948 1098 3018 aperiantur,
1127 2965 1199 3003 ne
1243 2949 1476 3020 incipiat
1514 2965 1710 3004 sensus
1737 2953 1922 3005 vester
1968 2949 2067 3003 ob-

437 3040 620 3094 tundi.
646 3041 1014 3112 Evangelium
1033 3041 1237 3096 dicitur
1260 3042 1508 3113 proprie,
1531 3042 1678 3097 bona
1698 3043 2066 3098 adnuntiatio.

437 3134 574 3196 Qum
619 3133 816 3204 utique
873 3135 1224 3189 adnuntiatio
1279 3139 1364 3190 est
1411 3137 1541 3190 Jesu
1593 3135 1796 3190 Christi
1849 3135 2145 3216 DominiC

437 3227 634 3282 nostri.
665 3227 960 3282 Descendit
983 3233 1174 3283 autem
1199 3228 1566 3300 Evangelium
1599 3229 1668 3284 ab
1695 3246 1761 3285 eo
1789 3230 1940 3301 quod
1965 3231 2066 3285 ad-

437 3321 662 3377 nuntiet
687 3327 744 3377 et
773 3322 1033 3378 ostendat
1053 3364 1068 3390 ,
1103 3323 1254 3394 quod
1281 3323 1327 3377 is
1353 3322 1452 3394 qui
1479 3340 1580 3395 per
1605 3323 1909 3396 prophetas
1940 3341 2068 3379 suos

435 3413 794 3487 loquebatur,
825 3415 978 3472 venit
1004 3415 1064 3470 in
1092 3432 1258 3471 carne
1283 3459 1296 3486 ,
1327 3417 1468 3472 sicut
1493 3417 1766 3489 scriptum
1793 3423 1876 3474 est
1903 3435 1916 3472 :
1963 3418 2070 3482 Qui

437 3509 710 3582 loquebar
733 3526 858 3565 ecce
878 3509 1098 3566 adsum.
1123 3509 1475 3582 Explicantes
1496 3527 1634 3582 ergo
1661 3511 1907 3566 breviter
1931 3511 2068 3584 quid

438 3603 510 3658 sit
533 3604 918 3676 Evangelium,
946 3605 1033 3658 vel
1061 3605 1160 3676 qui
1180 3609 1311 3660 sunt
1335 3605 1374 3659 ii
1399 3610 1666 3677 quattuor
1690 3605 1788 3678 qui
1813 3623 1916 3677 per
1943 3623 2070 3678 pro-

437 3696 668 3768 phetam
693 3701 824 3752 ante
853 3698 1150 3752 monstrati
1175 3703 1328 3768 sunt,
1350 3715 1502 3754 nunc
1529 3700 1740 3771 ﬁguras
1769 3705 1936 3771 atque
1962 3716 2066 3755 no-

438 3795 596 3849 mina
613 3795 835 3866 singula
852 3796 1215 3867 adsignemus
1235 3797 1477 3852 indiciis.
1494 3798 1585 3853 Ait
1612 3798 1766 3852 enim
1791 3798 2068 3869 Propheta

439 3887 734 3944 Ezechihel
757 3905 770 3942 :
799 3890 866 3943 Et
891 3889 1200 3944 similitudo
1225 3891 1414 3946 vultus
1441 3907 1639 3946 eorum
1663 3896 1730 3947 ut
1763 3893 1933 3948 facies
1959 3893 2065 3948 ho-

440 3981 628 4051 minis,
653 3985 718 4036 ut
741 3981 913 4036 facies
957 3983 1132 4036 leonis
1159 4000 1192 4036 a
1221 3984 1431 4038 dextris
1459 3984 1644 4054 illius;
1689 3989 1746 4040 et
1787 3985 1954 4041 facies
1985 3987 2066 4040 vi-

443 4075 568 4145 tuli,
597 4081 653 4131 et
694 4075 862 4130 facies
903 4076 1107 4147 aquilae
1131 4093 1166 4130 a
1193 4076 1431 4132 sinistris
1464 4079 1632 4134 illius.
1666 4081 1775 4134 Hos
1803 4083 2070 4152 quattuor

437 4171 540 4225 has
564 4169 776 4242 ﬁguras
804 4169 1078 4226 habentes
1103 4172 1482 4243 Evangelistas
1521 4189 1640 4228 esse
1669 4189 1784 4228 non
1831 4173 2068 4228 dubium

439 4269 546 4320 est.
575 4264 683 4320 Sed
723 4264 958 4320 nomina
984 4281 1180 4320 eorum
1224 4265 1322 4338 qui
1360 4265 1658 4338 Evangelia
1702 4267 2065 4338 scripserunt,

437 4364 560 4420 haec
585 4367 718 4420 sunt
748 4381 762 4418 :
791 4365 1103 4436 Mattheeus,
1132 4365 1366 4434 Marcus,
1395 4365 1570 4420 Lucas
1589 4405 1602 4430 ,
1630 4364 1929 4422 Johannes.

505 4485 633 4538 Post
660 4484 769 4538 haec
799 4483 928 4553 legit
947 4483 1224 4539 diaconus.

509 4581 674 4635 Liber
722 4583 1096 4652 generationis
1133 4585 1260 4638 Jesu
1305 4581 1510 4640 Christi
1557 4580 1674 4636 ﬁlii.
1707 4581 1876 4637 David
1898 4623 1912 4650 ,
1965 4581 2068 4636 ﬁlii

435 4673 739 4730 Abraham.
767 4675 1050 4730 Abraham
1075 4677 1272 4748 genuit
1296 4678 1464 4744 Isaac,
1491 4677 1640 4732 Isaac
1663 4681 1855 4732 autem
1877 4675 2072 4748 genuit

435 4765 623 4837 Iacob,
653 4767 820 4822 Jacob
855 4774 1048 4824 autem
1098 4771 1296 4841 genuit
1335 4771 1536 4826 Iudam
1581 4775 1636 4826 et
1680 4770 1880 4826 fratres
1925 4771 2066 4840 ejus.

434 4861 638 4917 Christi
663 4865 855 4917 autem
886 4862 1176 4935 generatio
1203 4863 1280 4918 sic
1312 4869 1454 4920 erat.

505 4977 630 5031 Post
657 4975 766 5030 hac
796 4979 996 5032 tractat
1022 4975 1050 5016 δ
1069 4975 1367 5047 presbyter.

509 5071 630 5128 Filii
655 5074 951 5144 carissimi,
981 5089 1330 5148 exponamus
1355 5071 1510 5128 vobis
1531 5077 1595 5128 ut
1625 5090 1798 5146 quam
1825 5075 2064 5148 ﬁguram

435 5169 825 5241 unusquisque
844 5171 904 5224 in
924 5187 981 5225 se
1003 5169 1307 5238 contineat,
1332 5173 1387 5223 et
1407 5183 1583 5240 quare
1609 5169 1902 5225 Mattheeus
1923 5171 2066 5242 ﬁgu-

434 5276 558 5316 ram
586 5259 834 5318 hominis
859 5263 1080 5320 habeat.
1111 5263 1249 5329 Quia
1269 5263 1433 5318 initio
1454 5279 1556 5318 suo
1581 5262 1724 5318 nihil
1751 5262 1902 5318 aliud
1925 5265 2062 5336 agit,

435 5354 546 5409 nisi
587 5355 928 5412 nativitatem
977 5357 1294 5430 Salvatoris,
1327 5357 1482 5431 pleni
1510 5357 1722 5413 ordinis
1747 5357 2062 5429 generatio-

435 5463 538 5505 nes
561 5454 804 5505 enarrat.

503 5603 528 5630 '
567 5605 695 5687 haec
740 5605 968 5687 aurium
1018 5605 1232 5687 aperti?
1263 5606 1730 5687 ‘praamittebatur
1742 5605 2066 5687 _traditioni

435 5673 688 5750 Symboli
720 5693 898 5750 aqua
926 5673 1151 5750 traditio
1191 5673 1362 5750 ﬁebat
1402 5679 1689 5750 Dominica
1742 5677 2066 5736 Palmarum

437 5759 514 5822 e:_
529 5747 678 5822 notis
700 5749 772 5806 ad
787 5747 1212 5822 Lectionarium
1241 5747 1609 5822 Luxoviensie.

505 5819 530 5862 δ
571 5819 628 5876 ld
672 5826 757 5878 est
798 5819 1036 5898 exponit.
1067 5819 1208 5876 Hinc
1239 5823 1502 5878 tractatus
1539 5821 1763 5878 Patrum
1801 5821 2064 5896 appellati

2601 1757 2788 1824 Incipit
2815 1757 3106 1808 secundum
3147 1759 3360 1807 Lucam.

2240 1833 2392 1902 Legit
2420 1831 2698 1887 diaconus.

2238 1925 2366 1980 Fuit
2389 1925 2448 1980 in
2476 1925 2672 1981 diebus
2707 1923 2939 1980 Herodis
2984 1922 3135 1995 regis
3177 1922 3334 1978 Iudae
3377 1921 3635 1978 sacerdos
3679 1921 3810 1996 qui-

2168 2018 2322 2090 dam,
2351 2019 2582 2075 nomine
2605 2019 2919 2087 Zacharias,
2951 2018 3020 2073 de
3047 2017 3165 2072 vice
3195 2017 3366 2086 Abia,
3400 2020 3456 2072 et
3481 2033 3628 2072 uxor
3655 2017 3810 2072 illius

2169 2113 2238 2168 de
2265 2113 2488 2169 ﬁliabus
2514 2115 2722 2184 Aaron,
2753 2117 2810 2167 et
2833 2128 3042 2168 nomen
3071 2111 3193 2183 ejus
3223 2109 3529 2167 Elizabeth.

2239 2209 2478 2278 Emponit
2497 2208 2797 2278 presbyter.

2240 2301 2413 2356 Lucas
2451 2301 2798 2372 evangelista
2821 2301 3068 2374 speciem
3093 2299 3255 2354 vituli
3283 2303 3464 2371 gestat
3495 2315 3508 2352 :
3539 2297 3612 2352 ad
3641 2297 3806 2368 cujus

2167 2394 2348 2450 instar
2378 2395 2630 2451 Salvator
2655 2399 2848 2450 noster
2876 2398 2962 2450 est
3003 2395 3350 2450 immolatus.
3381 2394 3448 2447 Et
3475 2392 3602 2447 ideo
3631 2391 3812 2446 Lucas

2168 2489 2344 2545 vitulo
2371 2493 2749 2562 comparatur,
2773 2487 2908 2560 quia
2935 2490 3046 2544 duo
3071 2503 3302 2558 cornua,
3323 2487 3435 2542 duo
3449 2489 3808 2553 testamenta;

2171 2587 2226 2638 et
2251 2587 2522 2655 quattuor
2546 2583 2758 2654 pedum
2781 2583 3026 2654 ungulas
3051 2586 3318 2654 quattuor
3343 2578 3646 2651 Evangelia
3674 2594 3814 2633 con-

2169 2675 2445 2732 tinebant.

2543 2743 2749 2810 [Incipit
2771 2743 3062 2795 secundum
3093 2741 3426 2806 Iohannem]

2245 2827 2413 2900 [Legit
2439 2827 2742 2899 diaconus]

2245 2923 2304 2975 In
2329 2920 2610 2993 principio
2638 2925 2758 2976 erat
2797 2919 3042 2976 Verbum
3067 2962 3081 2989 ,
3111 2923 3167 2974 et
3189 2918 3436 2974 Verbum
3482 2921 3602 2971 erat
3645 2915 3808 2988 apud

2171 3015 2368 3082 Deum,
2399 3019 2455 3070 et
2481 3015 2629 3069 Deus
2657 3017 2780 3069 erat
2823 3014 3088 3068 Verbum.
3133 3014 3244 3067 Hoc
3275 3016 3394 3068 erat
3423 3011 3482 3065 in
3526 3009 3817 3082 principio

2169 3109 2322 3181 apud
2365 3109 2567 3164 Deum.
2616 3107 2816 3164 Omnia
2857 3123 2962 3179 per
3003 3107 3190 3179 ipsum
3221 3107 3366 3162 facta
3392 3109 3552 3174 sunt,
3601 3108 3656 3158 et
3685 3102 3816 3157 sine

2171 3204 2294 3275 ipso
2319 3202 2530 3258 factum
2559 3207 2642 3258 est
2667 3203 2830 3258 nihil.

2237 3300 2476 3368 Exponit
2495 3298 2798 3369 presbyter.

2237 3391 2477 3446 Joannes
2516 3391 2690 3446 habet
2709 3389 3142 3446 similitudinem
3169 3387 3372 3459 aquilae
3397 3429 3411 3454 ,
3447 3385 3600 3460 quod
3633 3386 3812 3441 nimis

2168 3485 2281 3539 alta
2308 3484 2554 3556 petierit.
2601 3485 2691 3539 Ait
2734 3484 2886 3540 enim
2925 3484 3098 3538 David
3142 3499 3212 3538 ex
3251 3497 3495 3554 persona
3537 3479 3754 3535 Christi
3793 3496 3806 3534 :

2167 3578 2547 3634 Renovabitur
2586 3577 2730 3632 sicut
2771 3577 2977 3649 aquila:
3017 3577 3285 3649 juventus
3329 3581 3445 3642 tua,
3479 3573 3534 3628 id
3565 3577 3652 3628 est
3679 3574 3808 3628 Jesu

2167 3671 2370 3727 Christi
2399 3671 2624 3727 Domini
2648 3671 2846 3740 nostri,
2879 3671 2978 3746 qui
3005 3686 3304 3742 resurgens
3347 3685 3380 3723 a
3426 3667 3670 3722 mortuis
3717 3683 3804 3720 as-

2168 3765 2358 3820 cendit
2383 3765 2441 3820 in
2468 3765 2654 3822 caelos.
2681 3765 2838 3820 Unde
2871 3765 2994 3835 jam
3039 3764 3195 3820 vobis
3242 3761 3524 3833 conceptis
3557 3775 3808 3832 regnans

2170 3858 2444 3930 gloriatur
2491 3859 2764 3930 Ecclesia,
2809 3875 2955 3914 nova
3001 3858 3227 3915 tendere
3279 3855 3614 3913 Christianae
3665 3853 3810 3926 legis

2169 3953 2419 4008 exordia.

2237 4048 2434 4117 Incipit
2459 4048 2719 4118 expositio
2745 4047 2988 4116 Symboli
3001 4059 3050 4101 ο.

2238 4141 2599 4196 Sacramenta
2652 4141 2859 4212 divina,
2913 4141 3116 4196 fratres
3169 4137 3462 4208 carissimi,
3520 4153 3636 4191 non
3691 4143 3810 4191 tam

2168 4233 2520 4289 discutienda
2563 4239 2714 4306 sunt,
2759 4251 2928 4306 quam
2957 4233 3272 4300 credenda;
3305 4237 3360 4287 et
3386 4247 3490 4287 nec
3529 4229 3810 4285 credenda

2167 4329 2591 4398 tantummodo,
2641 4329 2738 4384 sed
2779 4333 2835 4384 et
2877 4329 3129 4384 timenda
3175 4344 3188 4381 :
3241 4343 3344 4382 nec
3391 4329 3576 4396 potest
3615 4329 3810 4380 tenere

2167 4421 2298 4477 ﬁdei
2342 4422 2719 4493 disciplinam,
2771 4421 2870 4494 qui
2913 4439 3028 4477 non
3057 4420 3322 4476 habuerit
3367 4419 3810 4474 fundamentum

2085 4515 2384 4592 Dtimoris
2437 4516 2683 4586 Domini,
2735 4516 2877 4571 sicut
2925 4517 3002 4572 ait
3051 4515 3312 4572 Salomon
3369 4531 3382 4568 :
3430 4513 3662 4569 Initium
3718 4529 3806 4566 sa-

2171 4609 2402 4682 pientiae
2429 4610 2599 4665 timor
2648 4611 2897 4666 Domini.
2947 4609 3050 4675 Qui
3096 4609 3250 4664 enim
3293 4608 3461 4664 timet
3501 4607 3810 4662 Dominum

2169 4709 2229 4764 in
2259 4709 2542 4780 omnibus,
2570 4726 2698 4782 quae
2728 4709 2994 4765 dicuntur
3020 4725 3052 4763 a
3091 4709 3203 4764 Deo
3229 4751 3242 4780 ,
3281 4713 3338 4763 et
3365 4705 3587 4778 sapiens
3615 4709 3723 4773 est,
3755 4711 3812 4760 et

2169 4803 2369 4859 ﬁdelis.
2421 4803 2748 4875 Symbolum
2790 4804 2967 4874 igitur
3006 4803 3173 4866 hodie
3201 4800 3448 4857 audituri
3485 4800 3619 4855 estis
3643 4843 3658 4868 ,
3689 4801 3810 4854 sine

2169 4914 2281 4970 quo
2310 4913 2416 4953 nec
2441 4897 2693 4954 Christus
2718 4897 3038 4954 adnuntiari
3064 4901 3267 4970 potest,
3296 4913 3402 4953 nec
3431 4895 3566 4951 ﬁdes
3597 4895 3807 4959 teneri,

2168 5008 2272 5047 nec
2297 4991 2565 5064 baptismi
2593 4994 2776 5065 gratia
2803 4991 3094 5048 celebrari.
3127 4989 3458 5063 Symbolum
3486 4993 3568 5045 est
3611 4989 3806 5060 signa-

2167 5086 2359 5141 culum
2383 5085 2514 5142 ﬁdei
2540 5087 2849 5156 catholicae,
2880 5091 3302 5141 sacramentum
3328 5083 3620 5155 religionis
3649 5087 3810 5138 aeter-

2165 5196 2277 5236 nae.
2327 5181 2432 5235 Vos
2477 5197 2636 5252 ergo,
2683 5185 3085 5253 competentes,
3114 5196 3246 5234 cum
3289 5178 3448 5234 omni
3489 5177 3810 5233 reverentia

2165 5279 2482 5348 praeparate
2529 5292 2724 5331 sensus
2755 5278 2997 5346 vestros;
3028 5274 3217 5329 audite
3243 5271 3608 5345 Symbolum,
3653 5272 3810 5343 quod

2165 5369 2323 5424 vobis
2352 5369 2518 5426 hodie
2565 5375 2821 5427 materno
2850 5386 2946 5426 ore
2975 5372 3166 5424 sancta
3201 5367 3472 5423 catholica
3497 5365 3670 5421 tradit
3699 5365 3808 5420 Ec-

2165 5462 2349 5518 clesia.

2167 5623 2364 5663 eorum
2391 5623 2677 5664 sermones
2702 5609 2772 5664 de
2797 5607 3103 5680 Scriptura.

2236 5692 2258 5720 ο
2284 5681 2486 5752 Confer
2513 5680 2808 5736 homiliam
2833 5677 3012 5752 salicti
3049 5677 3278 5752 Maximi
3307 5677 3562 5752 episcopi
3599 5678 3808 5733 Tauri-

2163 5751 2354 5808 nensis
2380 5752 2448 5808 de
2477 5753 2822 5826 expositione
2852 5750 3121 5824 Symboli.
