4036 6188
221 291 306 346 489

664 281 1276 340 SACRAMENTARIUM
1312 280 1758 340 GALLICANUM.
1801 309 1869 321 —-
1906 281 2274 339 LECTIONES
2307 281 2396 338 DE
2432 281 2747 339 ADVENTU
2787 281 3045 340 DOMINI.

3432 287 3536 342 490

274 393 433 449 Credo
457 391 514 446 in
537 391 719 446 Deum
743 392 967 448 Patrem
1003 391 1472 464 omnipotentem,
1504 395 1812 447 creatorem
1833 403 1894 478 Α
1915 391 2185 464 Spiritum
2205 395 2461 448 sanctum
2491 393 2669 448 Deum
2693 396 2751 447 te
2779 408 3008 448 necesse
3033 393 3118 448 est
3135 391 3412 448 conﬁteri.
3441 393 3538 448 Hic

215 487 320 544 celi
343 493 394 543 et
411 490 590 552 terrej.
635 486 812 542 Credo
837 487 898 541 in
933 487 1126 542 Jesum
1152 486 1437 542 Christum
1463 485 1666 540 Filium
1693 485 1813 558 ejus

212 581 540 654 unigenitum
557 579 988 652 sempiternum.
1010 581 1355 652 Conceptum
1376 581 1446 635 de
1467 579 1656 651 Spritu
1681 596 1810 634 san-

208 680 300 744 cto,
345 678 535 730 natum
580 690 652 729 ex
692 673 864 729 Maria
907 674 1159 747 virgine;
1202 691 1433 748 passum
1471 673 1574 730 sub
1616 673 1812 728 Pontio

207 769 378 838 Pilato,
406 767 754 838 cruciﬁxum,
797 773 1118 837 mortuum,
1153 773 1210 824 et
1247 768 1550 842 sepultum.
1581 769 1813 822 Descen-

207 863 276 918 dit
290 861 355 917 ad
371 861 610 930 inferna,
643 861 810 916 tertia
829 861 918 917 die
955 861 1265 918 resurrexit
1287 878 1320 916 a
1341 861 1599 916 mortuis.
1615 863 1814 917 Ascen-

205 956 274 1012 dit
293 955 359 1010 ad
391 956 571 1026 caelos,
602 955 746 1010 sedit
783 955 855 1010 ad
894 955 1186 1011 dexteram
1218 955 1315 1010 Dei
1339 956 1520 1012 Patris
1556 954 1812 1026 omnipo-

203 1049 352 1106 tentis
395 1066 408 1104 :
451 1049 581 1105 inde
627 1053 902 1105 venturus
935 1049 1192 1122 judicare
1235 1049 1389 1104 vivos
1435 1053 1492 1105 et
1537 1053 1808 1104 mortuos.

201 1143 357 1199 Credo
411 1143 472 1197 in
522 1143 796 1215 Spiritum
858 1149 1138 1214 sanctum,
1189 1147 1443 1199 sanctam
1509 1143 1812 1198 Ecclesiam

201 1236 530 1305 catholicam,
559 1237 891 1292 Sanctorum
915 1237 1394 1308 communionem,
1423 1237 1811 1292 remissionem

198 1335 556 1403 peccatorum,
587 1329 771 1386 carnis
800 1330 1294 1402 resurrectionem,
1315 1332 1491 1387 vitam
1517 1333 1807 1385 aeternam.

197 1428 380 1480 Amen.

257 1519 606 1591 Repetendus
630 1518 788 1574 vobis
815 1521 920 1588 est,
952 1519 1324 1588 dilectissimi,
1355 1534 1540 1574 sermo
1565 1516 1810 1588 Symboli

198 1611 368 1683 hujus,
409 1612 655 1684 qualiter
695 1628 780 1683 ea,
827 1629 956 1684 quas
1001 1613 1264 1682 dicimus,
1317 1612 1514 1667 vestris
1555 1611 1811 1666 sensibus

199 1705 378 1760 melius
405 1705 750 1761 inserantur.
780 1706 948 1761 Credo
978 1708 1038 1760 in
1060 1709 1249 1762 Deum.
1277 1705 1462 1760 Tertia
1485 1704 1665 1776 igitur
1692 1704 1810 1758 vice

1913 491 1997 542 est
2021 486 2173 542 enim
2199 486 2436 559 Spiritus
2461 491 2703 556 sanctus,
2727 486 2827 559 qui
2847 486 3139 560 egreditur
3165 503 3196 542 a
3221 487 3384 543 Patre
3404 485 3452 558 ⁸,
3469 487 3538 544 de

1911 581 2130 654 quozait
2157 581 2407 636 Salvator
2431 581 2610 636 beatis
2639 581 2910 653 apostolis
2935 581 3052 635 suis
3093 598 3106 635 :
3137 582 3234 648 Ite,
3263 580 3540 654 baptizate

1911 691 2109 731 omnes
2135 679 2330 747 gentes
2373 675 2432 730 in
2469 675 2705 731 nomine
2738 675 2915 730 Patris
2952 679 3008 729 et
3040 674 3164 729 Filii
3211 679 3267 730 et
3302 675 3541 748 Spiritus

1911 769 2108 824 sancti.
2130 769 2251 824 Non
2276 773 2460 840 potest
2485 769 2658 824 videri
2694 768 3021 840 separabilis
3046 767 3273 838 virtute,
3303 769 3400 840 qui
3425 786 3541 825 non

1910 867 2096 936 potest
2117 862 2177 918 in
2205 863 2437 918 nomine
2462 863 2730 934 separari.
2757 864 3013 920 Sanctam
3039 863 3334 918 Ecclesiam
3358 865 3540 919 catho-

1913 959 2072 1013 licam
2095 959 2458 1013 remissionem
2480 961 2846 1028 peccatorum,
2875 957 3057 1011 carnis
3077 959 3540 1022 resurrectionem,

1911 1054 2078 1107 vitam
2117 1056 2389 1107 aternam.
2427 1050 2544 1106 Nisi
2587 1049 2886 1106 credideris
2929 1049 3233 1105 Ecclesiam
3278 1050 3377 1106 Dei
3421 1067 3546 1106 san-

1912 1150 2080 1214 ctam,
2107 1162 2225 1201 non
2247 1151 2406 1217 potes
2429 1145 2489 1200 in
2515 1143 2756 1200 Ecclesia
2775 1143 2870 1198 Dei
2891 1143 3038 1199 dona
3073 1144 3385 1217 percipere.
3415 1146 3546 1201 Pro-

1910 1244 2038 1312 pter
2055 1240 2162 1294 hoc
2187 1255 2303 1294 una
2330 1256 2462 1294 cum
2487 1241 2648 1294 Patre
2671 1243 2726 1294 et
2745 1237 2902 1308 Filio,
2925 1242 2980 1292 et
2997 1237 3270 1309 Spiritum
3287 1243 3544 1295 sanctum
3587 1231 3598 1244 ’

1912 1333 2192 1406 professus
2219 1349 2278 1388 es
2305 1334 2486 1388 Deum
2506 1374 2520 1402 ,
2551 1334 2616 1386 'ut
2639 1349 2743 1403 per
2773 1331 3016 1402 gratiam
3047 1331 3313 1403 baptismi
3341 1348 3540 1404 pecca-

1910 1432 2102 1482 torum
2129 1427 2234 1481 tibi
2258 1425 2515 1482 remissio
2542 1426 2899 1496 concedatur,
2930 1429 2988 1480 et
3005 1425 3189 1480 carnis
3214 1430 3326 1480 tuae
3354 1442 3542 1482 resur-

1909 1522 2084 1576 rectio
2113 1525 2412 1592 reparetur
2447 1521 2507 1576 in
2555 1525 2853 1576 aeternum.
2891 1519 3005 1574 Nisi
3047 1519 3202 1574 enim
3243 1519 3544 1576 credideris

1909 1614 2137 1670 dimissa
2161 1613 2264 1669 tibi
2292 1619 2519 1686 peccata
2546 1619 2663 1685 tua,
2691 1613 2980 1669 absolutus
3009 1629 3128 1668 esse
3158 1629 3276 1668 non
3311 1613 3540 1685 poteris.

1911 1707 2027 1762 Nisi
2055 1707 2358 1763 credideris
2383 1707 2568 1763 carnis
2611 1707 3023 1763 resurrectione
3064 1707 3454 1778 reparandum
3493 1711 3544 1762 te

199 1801 251 1851 ut
287 1798 352 1853 ad
402 1799 630 1872 reliqua
679 1799 954 1872 capienda
999 1799 1250 1854 ﬁdeliore
1302 1814 1472 1853 cursu
1516 1797 1814 1870 pervenire
1832 1788 1890 1861 Β
1914 1818 2032 1856 esse
2063 1806 2190 1874 post
2211 1807 2478 1873 mortem,
2511 1801 2581 1856 ad
2609 1801 2860 1857 fructum
2886 1799 3016 1856 vitae
3043 1805 3332 1872 perpetuae
3352 1800 3543 1856 venire

198 1891 474 1964 possimus,
517 1893 656 1948 ordo
696 1893 947 1965 Symboli
984 1892 1362 1948 recensendus
1385 1895 1470 1947 est
1499 1908 1513 1946 :
1541 1891 1710 1946 Credo
1751 1893 1810 1946 in

199 1988 362 2042 Deum.
389 1987 533 2042 Ecce
573 1987 837 2042 addidisti
864 1989 1296 2058 omnipotentem,
1329 1991 1386 2042 et
1412 1985 1686 2042 veraciter
1708 1985 1808 2041 ad-

200 2079 380 2135 didisti.
408 2081 567 2135 Nihil
596 2081 665 2136 de
687 2081 1058 2152 promissione
1087 2081 1330 2150 difﬁdas,
1354 2081 1452 2136 sed
1471 2095 1699 2135 securus
1721 2095 1812 2136 ex-

198 2177 354 2244 pecta,
381 2175 427 2229 si
451 2175 638 2230 credis
668 2175 803 2247 quia
824 2175 1183 2247 omnipotens
1198 2174 1397 2246 estqui
1422 2173 1722 2246 promittit.
1747 2173 1813 2228 Et

198 2268 245 2321 in
264 2271 430 2324 Iesum
451 2269 732 2327 Christum
755 2271 957 2324 Filium
977 2271 1095 2338 ejus
1122 2271 1362 2332 unicum,
1385 2270 1671 2325 Dominum
1714 2282 1808 2322 ηο-

195 2367 360 2417 strum.
391 2364 506 2418 Hoc
539 2369 622 2418 est
650 2363 793 2418 illud
837 2369 1256 2419 sacramentum
1300 2363 1451 2418 ﬁdei.
1501 2362 1619 2416 Nisi
1659 2361 1812 2418 enim

197 2455 373 2512 Filium
399 2457 500 2512 Dei
531 2461 651 2512 tota
684 2462 876 2513 mente
903 2457 1484 2525 credideris,.Patrem
1509 2472 1625 2510 non
1653 2459 1812 2527 potes

198 2551 445 2607 conﬁteri.
472 2551 656 2608 Crede
683 2567 820 2624 ergo
843 2551 1048 2606 Filium
1085 2551 1184 2607 Dei
1221 2551 1586 2623 unigenitum
1612 2549 1681 2603 ab
1719 2549 1808 2602 in-

199 2645 382 2716 genito,
403 2646 694 2702 viventem
725 2662 758 2700 a
778 2645 1018 2716 vivente,
1049 2663 1250 2701 verum
1272 2645 1340 2700 de
1370 2660 1520 2700 vero.
1558 2644 1662 2709 Qui
1694 2659 1813 2697 con-

201 2746 360 2809 ceptus
386 2745 461 2795 est
490 2741 562 2795 de
590 2740 802 2810 Spiritu
839 2745 1044 2804 sancto,
1070 2745 1236 2795 natus
1274 2755 1342 2794 ea:
1374 2741 1557 2794 Maria
1579 2738 1806 2805 virgine.

200 2831 442 2904 Spiritum
468 2839 735 2890 sanctum
761 2833 921 2888 audis
950 2839 1243 2888 auctorem
1283 2849 1297 2887 :
1329 2849 1400 2886 ne
1443 2831 1664 2886 dubites
1707 2830 1811 2884 vir-

199 2921 369 2993 ginem
391 2922 648 2996 potuisse
679 2923 996 2996 concipere.
1043 2925 1154 2978 Hoc
1182 2928 1269 2978 est
1295 2922 1446 2995 quod
1473 2921 1553 2976 ait
1577 2921 1810 2992 angelus

197 3013 430 3073 Gabrihel
457 3017 537 3072 ad
562 3016 796 3072 Mariam
823 3017 1016 3072 dicens
1044 3034 1058 3072 :
1087 3016 1327 3090 Spiritus
1363 3019 1590 3073 sanctus
1625 3013 1812 3069 veniet

196 3107 336 3181 inte,
363 3117 416 3168 et
436 3111 623 3167 virtus
659 3111 932 3168 Altissimi
973 3108 1335 3168 obumbrabit
1375 3113 1500 3170 tibi.
1545 3116 1658 3170 Cur
1694 3131 1812 3170 non

1910 1913 2026 1952 non
2051 1896 2281 1968 poteris.

1981 1991 2272 2046 RerLeruu
2311 2005 2402 2045 usr
2431 1988 2478 2044 ι).

1943 2093 2117 2143 Lectio
2140 2092 2284 2143 Isaias
2309 2091 2580 2157 prophetia
2607 2089 2837 2154 legenda
2870 2089 2923 2138 in
2948 2088 3226 2140 traditione
3251 2091 3498 2156 Symboli.

1983 2179 2110 2233 Haec
2157 2177 2292 2233 dicit
2323 2176 2593 2232 Dominus
2621 2192 2638 2228 :
2668 2177 2806 2231 Ecce
2841 2175 3030 2247 justus
3064 2176 3240 2248 perit,
3283 2180 3340 2232 et
3373 2193 3542 2233 nemo

1911 2277 1996 2328 est
2020 2273 2119 2344 qui
2143 2271 2420 2344 recogitet
2443 2270 2505 2325 in
2533 2270 2699 2325 corde
2728 2287 2830 2325 suo
2856 2287 2870 2324 :
2915 2275 2970 2326 et
3011 2269 3117 2325 viri
3157 2269 3545 2328 misericordes

1911 2367 2347 2439 excolliguntur,
2395 2365 2528 2438 quia
2564 2381 2679 2419 non
2721 2367 2804 2420 est
2849 2363 2948 2436 qui
2976 2364 3286 2436 intellegat.
3327 2368 3375 2419 A
3400 2364 3544 2420 facie

1912 2461 2066 2517 enim
2095 2461 2328 2516 malitiae
2354 2459 2617 2514 collectus
2644 2462 2728 2512 est
2746 2458 2956 2528 justus.
2986 2457 3187 2514 Veniat
3209 2475 3340 2530 pax,
3368 2463 3426 2514 et
3453 2474 3544 2515 re-

1911 2555 2160 2627 quiescat
2188 2554 2248 2608 in
2271 2553 2454 2608 cubile
2484 2569 2606 2607 suo.
2637 2553 2744 2606 Vos
2777 2556 2969 2607 autem
2997 2551 3243 2606 accedite
3269 2552 3402 2622 huc,
3443 2553 3546 2608 ﬁlii

1909 2639 2334 2719 auguriatricis,
2376 2662 2573 2700 semen
2609 2645 2851 2700 adulteri
2889 2649 2946 2700 et
3002 2644 3310 2700 fornicarii.
3368 2645 3548 2718 Super

1911 2757 2083 2814 quem
2110 2740 2356 2795 insistis?
2399 2755 2568 2811 super
2602 2754 2773 2810 quem
2802 2738 3070 2793 dilatastis
3097 2754 3180 2806 os,
3225 2743 3282 2793 et
3307 2737 3546 2810 ejecistis

1909 2835 2204 2907 linguam?
2233 2835 2374 2889 Nam
2403 2832 2503 2904 qui
2535 2831 2799 2887 ﬁduciam
2835 2831 3007 2887 habet
3042 2831 3179 2900 mei,
3207 2831 3549 2888 hereditabit

1909 2933 2142 2998 terram,
2183 2932 2242 2984 et
2274 2926 2583 2999 possidebit
2619 2929 2876 2981 montem
2911 2929 3166 2981 sanctum
3209 2941 3426 2994 meum,
3469 2925 3547 2980 ait

1912 3023 2184 3079 Dominus
2210 3024 2384 3078 Deus.

2222 3123 2452 3189 Epistola
2469 3121 2606 3173 Petri
2627 3121 2850 3187 apostoli
2875 3120 2940 3172 ad
2965 3125 3166 3186 gentes.

230 3163 239 3164 ί
275 3163 336 3181 ““1
368 3163 414 3168 ’⁷
449 3163 617 3167 ""“‘
659 3163 931 3168 """‘"‘—'
982 3163 1038 3166 '"
1055 3163 1334 3168 __""‘"_'
1382 3163 1500 3170 "—"
1550 3163 1648 3170 "'—'
1695 3163 1812 3170 “"‘
2222 3163 2850 3189 υν⁶”·ν⁶“-·νν··“ι’νν“ν“
2875 3163 2940 3172 "'“
2965 3163 3166 3186 D'“"‘"

196 3204 354 3260 credis
405 3222 547 3262 eum
593 3205 652 3260 in
689 3211 850 3261 utero
899 3205 1136 3277 virginis
1181 3207 1474 3262 hominem
1517 3208 1809 3282 ﬁgurasse,
1831 3163 1886 3238 Ο
1983 3217 2221 3284 Fratres,
2253 3214 2311 3270 in
2343 3215 2450 3270 hoc
2483 3213 2662 3268 vocati
2691 3213 2846 3282 estis,
2885 3211 3019 3284 quia
3055 3212 3311 3269 Christus
3349 3230 3544 3286 passus

197 3313 346 3370 quem
369 3298 556 3357 credis
579 3299 873 3356 hominem
900 3300 1096 3355 fecisse
1123 3300 1192 3355 de
1218 3307 1367 3356 terra
1385 3303 1412 3357 Τ
1448 3303 1558 3358 Nec
1585 3303 1814 3359 Mariam

197 3389 394 3450 dubites
428 3394 722 3466 virginem
767 3393 1040 3450 mansisse
1079 3398 1206 3465 post
1229 3399 1482 3466 partum,
1509 3397 1661 3468 quod
1684 3401 1814 3452 ante

196 3486 352 3541 multa
373 3493 638 3558 tempora
660 3487 940 3559 propheta
967 3486 1153 3542 Esaias
1181 3488 1402 3559 cecinit,
1426 3489 1653 3545 dicens:
1679 3491 1814 3546 Ecce

196 3578 334 3652 virgo
361 3581 416 3638 in
441 3586 614 3637 utero
647 3580 902 3653 accipiet,
939 3585 997 3636 et
1033 3581 1214 3653 pariet
1254 3581 1458 3639 ﬁlium.
1497 3584 1611 3638 Hoc
1641 3583 1814 3638 divini

195 3671 383 3746 eloquii
408 3675 748 3731 auctoritate
772 3674 1120 3731 credendum
1149 3679 1254 3732 est.
1291 3677 1520 3732 Passum
1537 3677 1638 3732 sub
1671 3679 1812 3732 Pon-

196 3768 259 3822 tio
295 3769 494 3834 Pilato,
529 3772 865 3840 crucifixum,
896 3775 1181 3826 mortuum
1225 3775 1276 3825 et
1317 3772 1606 3841 sepultum.
1655 3771 1816 3826 Nulla

195 3868 243 3921 te
267 3867 564 3939 trepidatio
590 3868 658 3924 de
686 3858 914 3927 Domini
938 3867 1022 3923 tui
1053 3867 1312 3940 passione
1336 3869 1649 3925 confundat
1677 3888 1691 3925 :
1721 3869 1812 3924 ni-

196 3956 265 4016 hil
289 3960 353 4016 de
377 3979 572 4032 cruce,
601 3961 746 4016 nihil
773 3963 843 4018 de
863 3962 1155 4034 sepultura
1179 3963 1446 4019 verearis.
1474 3965 1596 4019 Non
1620 3963 1730 4019 fuit
1756 3963 1815 4019 in

193 4052 278 4111 illo
294 4056 388 4128 qui
413 4045 468 4114 te
501 4056 742 4112 redemit
764 4056 1084 4128 fragilitatis
1108 4057 1427 4129 inﬁrmitas,
1456 4058 1554 4114 sed
1590 4058 1815 4131 pietatis

195 4148 447 4208 ofﬁcium.
474 4151 630 4206 Crux
655 4151 807 4206 illius
834 4155 1001 4206 tuum
1027 4167 1274 4224 regnum
1313 4157 1398 4207 est
1426 4168 1441 4205 :
1473 4169 1628 4208 mors
1665 4153 1816 4208 illius

193 4247 280 4298 tua
302 4251 384 4300 est
401 4245 537 4302 vita.
559 4245 842 4301 Descendit
866 4245 941 4300 ad
959 4247 1198 4314 inferna,
1228 4248 1388 4301 tertia
1409 4247 1497 4302 die
1516 4249 1818 4302 resurrexit

197 4353 225 4391 a
249 4343 466 4396 mortuis
489 4356 506 4392 :
536 4341 783 4396 ascendit
807 4341 866 4394 in
886 4340 1062 4408 caelos,
1084 4340 1226 4395 sedit
1245 4341 1320 4395 ad
1338 4341 1618 4396 dexteram
1634 4343 1816 4396 Patris

194 4437 578 4505 omnipotentis.
601 4434 657 4490 Si
675 4437 731 4489 te
751 4433 1015 4490 triduana
1027 4433 1250 4488 Domini
1271 4433 1354 4488 tui
1371 4435 1660 4506 sepultura
1679 4451 1814 4490 con-

195 4527 390 4598 turbat,
435 4527 774 4584 resurrectio
825 4528 1007 4600 magis
1049 4533 1264 4584 interna
1297 4529 1612 4584 conﬁrmet.
1653 4529 1899 4615 Quid-D
1921 4548 2092 4604 quem
2128 4529 2410 4585 suscitavit
2449 4530 2627 4583 Jesus.
2673 4527 2946 4581 Fecerunt
2983 4530 3174 4581 autem
3231 4524 3282 4582 ei
3328 4543 3547 4585 caenam
3654 4514 3659 4517 ’

195 4621 320 4690 quid
358 4621 704 4678 inﬁrmitatis
746 4622 910 4678 audis
953 4621 1013 4678 in
1055 4622 1301 4695 Christo,
1346 4622 1683 4695 mysterium
1716 4628 1818 4680 est.

197 4711 326 4771 Illud
354 4721 549 4772 tamen
574 4719 797 4788 oportet
820 4715 1035 4786 mirari,
1065 4717 1216 4788 quod
1241 4718 1314 4788 ei,
1348 4717 1438 4772 cui
1463 4717 1663 4772 caelum
1697 4733 1818 4772 me-

195 4806 296 4864 rito
320 4809 653 4880 debebatur,
677 4826 905 4866 crucem
934 4827 1038 4882 pro
1062 4814 1118 4866 te
1143 4810 1483 4883 contempsit
1519 4811 1818 4868 sustinere.

197 4899 248 4957 Si
277 4905 457 4960 credis
504 4920 742 4977 ea-quae
781 4904 882 4960 tibi
916 4905 1198 4976 videntur,
1237 4905 1402 4962 crede
1455 4909 1511 4960 et
1552 4905 1650 4960 illa
1695 4922 1822 4978 quae.

197 5010 398 5068 negare
417 5015 540 5053 non
572 5003 753 5070 potest
784 4999 843 5054 in
874 4998 1074 5070 gloria.
1109 5000 1244 5054 Inde
1281 5005 1541 5055 uenturus
1564 5000 1824 5070 judicare

198 5091 334 5146 vivos
356 5097 409 5148 et
433 5097 692 5148 mortuos.
725 5094 866 5148 Ecce
892 5093 984 5148 ille
1009 5093 1107 5165 qui
1134 5095 1204 5149 ab
1245 5093 1456 5166 iniquis
1482 5099 1567 5150 est
1597 5095 1820 5166 judica-

198 5188 280 5239 tus
304 5186 364 5240 in
388 5187 578 5256 terris,
605 5186 676 5242 de
703 5187 833 5242 sede
861 5187 1070 5242 caelesti
1091 5187 1447 5259 judicaturus
1494 5189 1738 5244 advenit.
1767 5187 1823 5244 Si

190 5275 503 5347 iudicatum
528 5279 786 5353 despicis,
797 5279 1052 5352 judicem
1062 5281 1418 5354 pertimesce.
1443 5283 1612 5338 Credo
1631 5284 1691 5337 in
1705 5283 1824 5353 Spi-

197 5373 354 5428 ritum
393 5379 662 5430 sanctum.
695 5374 752 5430 Si
776 5375 1060 5431 credidisti
1086 5377 1262 5431 Deum
1305 5377 1530 5432 Patrem
1558 5375 1821 5448 omnipo-

197 5467 429 5540 tentem,
459 5472 518 5523 et
538 5468 598 5524 in
625 5468 830 5525 Filium
880 5469 1004 5542 ejus
1026 5469 1392 5542 unigenitum
1418 5488 1524 5544 per
1547 5471 1739 5538 ﬁdem,
1767 5474 1825 5526 et

203 5680 232 5690 η
263 5609 288 5640 ⁸
314 5611 486 5690 Nulla
506 5611 596 5690 hic
620 5613 832 5690 mentio
875 5612 954 5690 de.
979 5613 1333 5690 processi‘one
1362 5631 1441 5690 ex
1479 5614 1640 5682 Filio,
1667 5613 1825 5670 nulla

198 5683 506 5756 itemiinfra
526 5684 586 5738 in
611 5684 855 5756 quadam
879 5683 1047 5740 missa
1071 5685 1422 5742 Dominicali.

199 5753 508 5882 magn-te,
531 5753 823 5828 Empletum
849 5761 946 5821 est,
983 5757 1135 5832 quod
1162 5757 1342 5814 minio
1368 5757 1716 5832 descriptum
1764 5759 1826 5815 in

523 5926 793 5992 ΡΑΤιιοι..
841 5924 1076 5994 LXXII.

1913 3313 1998 3364 est
2022 3326 2124 3381 pro
2149 3309 2326 3376 vobis,
2357 3307 2684 3380 relinquens
2708 3307 2864 3361 vobis
2891 3307 3240 3377 exemplum,
3268 3310 3333 3360 ut
3353 3323 3549 3380 sequa-

1913 3403 2053 3458 mini
2077 3402 2314 3474 vestigia
2341 3402 2483 3472 ejus.
2512 3400 2619 3464 Qui
2645 3402 2940 3472 peccatum
2973 3415 3092 3454 non
3119 3399 3271 3467 fecit,
3299 3416 3404 3455 nec
3454 3401 3544 3456 in-

1911 3499 2114 3552 ventus
2153 3501 2239 3552 est
2274 3495 2435 3551 dolus
2477 3495 2536 3549 in
2565 3510 2663 3549 ore
2701 3493 2842 3565 ejus.
2871 3492 2975 3558 Qui
3005 3508 3137 3548 cum
3180 3493 3544 3550 maledicam-

1913 3593 2027 3660 tur,
2049 3607 2166 3645 non
2187 3588 2623 3645 remaledicebat
2642 3604 2660 3656 ;
2682 3601 2813 3642 cum
2829 3589 3137 3658 pateretur,
3163 3602 3280 3642 non
3303 3587 3546 3643 commi-

1913 3685 2178 3741 nabatur.
2211 3683 2488 3739 Tradcbat
2511 3685 2702 3736 autem
2728 3697 2786 3736 se
2815 3679 3094 3751 judicanti
3113 3692 3137 3722 ο
3167 3679 3396 3752 injuste.
3438 3681 3547 3746 Qui

1913 3783 2140 3854 peccata
2185 3781 2379 3834 nostra
2425 3775 2674 3849 portavit
2716 3775 2778 3830 in
2813 3790 3052 3846 corpore
3111 3791 3212 3830 suo
3266 3791 3439 3848 super
3475 3775 3544 3832 li-

1917 3889 2097 3946 gnum
2121 3891 2135 3929 :
2159 3877 2222 3928 ut
2245 3871 2486 3945 peccatis
2513 3870 2742 3940 mortui,
2764 3869 3000 3942 justitiin
3024 3868 3358 3934 viveremus.
3375 3869 3549 3942 Cujus

1912 3967 2086 4023 livore
2112 3967 2292 4022 sanati
2322 3983 2537 4022 sumus.
2569 3965 2751 4020 Eratis
2771 3963 2926 4020 enim
2942 3963 3088 4020 sicut
3107 3979 3237 4020 oves
3256 3967 3543 4022 errantes:

1917 4062 2014 4118 sed
2037 4061 2295 4118 conversi
2332 4061 2464 4116 estis
2505 4075 2659 4115 nunc
2683 4059 2754 4115 ad
2779 4063 3062 4131 pastorem
3103 4062 3160 4114 et
3197 4058 3546 4116 visitatorem

1915 4155 2236 4212 animarum
2260 4158 2598 4211 vestrarum.

2051 4257 2224 4309 Lectio
2250 4256 2416 4308 sancti
2441 4255 2708 4320 Evangelii
2733 4252 3022 4304 secundum
3044 4251 3330 4302 Iohannem
3357 4254 3404 4302 ὰ.

1990 4345 2050 4398 in
2077 4343 2173 4420 illo
2200 4345 2473 4414 tempore,
2504 4347 2634 4396 ante
2677 4357 2775 4395 sex
2816 4339 2933 4394 dies
2974 4337 3202 4392 Pascha
3241 4337 3394 4393 venit
3432 4339 3540 4396 Do—

1917 4437 2106 4492 minus
2133 4438 2160 4492 J
2165 4453 2292 4491 esus
2313 4433 2544 4490 Bethani
2553 4450 2668 4503 am,
2690 4432 2788 4487 ubi
2805 4431 2990 4486 fuerat
3008 4431 3246 4486 Lazarus
3265 4437 3545 4504 mortuus,

1920 4625 2018 4694 ibi,
2051 4629 2108 4681 et
2144 4624 2357 4680 Martha
2383 4620 2738 4678 ministrabat
2765 4639 2778 4675 :
2809 4620 3046 4674 Lazarus
3075 4636 3209 4676 vero
3249 4637 3396 4676 unus
3429 4629 3551 4679 erat

1920 4737 1990 4776 ex
2028 4717 2510 4775 discumbentibus
2545 4731 2678 4770 cum
2707 4730 2794 4770 eo.
2831 4714 2999 4770 Maria
3037 4729 3176 4786 ergo
3233 4717 3448 4788 accepit
3488 4719 3552 4774 li-

1920 4815 2082 4870 bram
2136 4811 2416 4885 unguenti
2453 4809 2617 4866 nardi
2651 4808 2836 4881 pistici
2867 4807 3126 4880 preciosi,
3177 4809 3344 4865 unxit
3380 4811 3550 4882 pedes

1920 4908 2142 4964 Domini
2174 4909 2324 4976 Jesu,
2371 4911 2428 4961 et
2461 4904 2697 4960 extersit
2736 4903 2955 4976 capillis
2978 4901 3092 4957 suis
3117 4902 3289 4973 pedes
3321 4905 3464 4976 ejus,
3493 4911 3552 4962 et

1922 5003 2127 5058 domus
2145 5000 2381 5072 impleta
2395 5005 2478 5056 est
2495 5015 2564 5054 ex
2586 4999 2756 5054 odore
2769 4995 3062 5069 unguenti.
3082 4995 3236 5052 Dixit
3255 5013 3390 5069 ergo
3405 5014 3550 5054 unus

1922 5113 1992 5152 ex
2017 5096 2307 5168 discipulis
2333 5095 2454 5166 ejus
2477 5094 2647 5149 Judas
2675 5091 2996 5159 Scariothis,
3021 5089 3120 5163 qui
3144 5095 3267 5147 erat
3290 5108 3424 5147 eum
3442 5098 3554 5149 tra-

1921 5191 2144 5246 diturus
2168 5207 2181 5244 :
2204 5191 2386 5256 Quare
2408 5189 2515 5244 hoc
2539 5191 2900 5260 unguentum
2924 5199 3040 5240 non
3061 5185 3312 5242 vendidit
3339 5191 3554 5245 trecen-

1922 5285 1994 5340 tis
2018 5285 2284 5354 denariis,
2317 5289 2373 5339 et
2397 5284 2593 5339 datum
2621 5287 2705 5338 est
2729 5280 2961 5353 egenis?
3003 5279 3152 5334 Dixit
3189 5286 3381 5337 autem
3421 5282 3551 5353 hoc,

1921 5395 2037 5434 non
2064 5379 2195 5453 quia
2226 5379 2294 5434 de
2322 5377 2518 5450 egenis
2543 5374 2862 5448 pertinebat
2884 5374 2956 5430 ad
2989 5389 3144 5443 eum,
3173 5376 3271 5432 sed
3299 5377 3434 5449 quia
3459 5377 3554 5434 fur

1923 5478 2063 5541 erat,
2089 5479 2146 5529 et
2179 5471 2392 5529 loculos
2427 5470 2660 5538 habens,
2684 5486 2750 5526 ea
2785 5485 2918 5542 quas
2953 5468 3329 5526 mittebantur
3365 5475 3553 5542 porta-

1995 5629 2018 5658 ο
2049 5616 2135 5674 Sic
2163 5615 2224 5671 in
2249 5613 2426 5670 veteri
2455 5613 2786 5686 exemplari,
2817 5617 2881 5668 ut
2919 5613 2979 5669 in
3009 5613 3261 5686 Vulgata,
3299 5625 3414 5666 non
3446 5611 3546 5680 ju-

1923 5695 2032 5833 mgi
2052 5693 2210 5833 ἷῗεῗιῖ
2231 5687 2599 5833 Exitum
2626 5757 2685 5813 in
2717 5755 2952 5814 Gothico
2975 5772 3080 5828 pro
3110 5754 3276 5812 missa
3302 5750 3365 5806 in
3385 5751 3551 5826 Sym-

1924 5831 2040 5890 boli
2063 5831 2386 5890 traditione.

3164 5927 3235 5984 16
