4036 6188
480 281 566 346 ιρι
1351 283 1682 341 ᾹΡΡΕΝΒῙΧ
1719 285 1807 341 ΑΙ)
1843 285 2064 344 OPERA

2196 285 2494 344 GERMANI
2531 285 2957 344 PARISIENSIS.
3723 285 3834 344 492

471 421 588 478 bat.
621 421 768 478 Dixit
794 437 930 492 ergo
955 417 1228 472 Dominus
1253 417 1409 471 Jesus
1440 433 1452 470 :
1484 417 1615 472 Sine
1644 417 1816 488 illam,
1837 425 1898 474 ut
1921 419 1980 474 in
2009 420 2096 475 die
2119 410 2176 482 Α

471 517 778 588 sepulturae
807 530 949 569 meae
976 517 1156 568 servet
1183 511 1340 566 illud.
1375 513 1654 582 Pauperes
1680 513 1830 567 enim
1873 531 2096 585 semper

470 610 686 665 habetis
713 608 1017 673 vobiscum,
1047 622 1139 660 me
1171 609 1360 660 autem
1381 621 1496 659 non
1519 621 1743 676 semper
1763 607 1999 662 habetis.
2035 609 2094 662 In

470 704 774 758 crastinum
803 701 993 755 autem
1021 699 1190 754 turba
1211 700 1391 754 multa
1415 717 1539 770 qua:
1561 707 1830 755 venerant
1849 701 1920 756 ad
1943 701 2092 756 diem

467 798 691 864 festum,
747 809 876 848 cum
921 793 1206 848 audissent
1235 793 1366 865 quia
1415 794 1570 848 venit
1623 794 1892 850 Dominus
1937 797 2095 850 Jesus

467 887 930 958 Hierosolymam,
951 891 1290 960 acceperunt
1315 904 1502 942 ramos
1523 889 1866 959 palmarum,
1890 892 1948 944 et
1971 905 2096 960 pro-

465 989 752 1038 cesserunt
777 981 1000 1036 obviam
1029 981 1100 1050 ei,
1133 984 1188 1036 et
1228 982 1542 1037 clamabant
1583 1000 1595 1036 :
1638 983 1879 1053 Osanna,
1917 983 2092 1038 bene-

465 1075 644 1131 dictus
673 1077 772 1148 qui
797 1075 948 1130 venit
973 1077 1092 1130 Rex
1121 1076 1307 1130 Israel.
1347 1077 1412 1130 Et
1458 1077 1672 1132 invenit
1705 1078 1977 1132 Dominus
2002 1078 2092 1132 Je-

465 1188 556 1224 sus
583 1170 842 1237 asellum,
871 1173 927 1224 et
946 1169 1087 1224 sedit
1113 1187 1286 1240 super
1310 1186 1463 1240 eum,
1493 1170 1636 1224 sicut
1663 1171 1937 1242 scriptum
1965 1176 2048 1226 est
2077 1187 2090 1225 :

463 1263 588 1318 Noli
621 1265 846 1332 timore,
877 1263 995 1317 tilia
1021 1263 1175 1332 Sion,
1207 1280 1330 1317 ecce
1373 1265 1492 1319 Rex
1531 1268 1660 1318 tuus
1703 1265 1856 1319 venit
1896 1265 2094 1320 sedens

464 1375 634 1430 super
657 1359 882 1429 pullum
909 1357 1100 1412 asinae.
1133 1359 1260 1411 llaec
1285 1375 1402 1412 non
1423 1365 1807 1429 cognoverunt
1835 1359 2096 1430 discipuli

389 1439 400 1450 ³
465 1451 585 1522 ejus
613 1452 896 1524 primum;
944 1451 1038 1505 sed
1073 1451 1298 1522 quando
1329 1451 1669 1522 glorificatus
1699 1457 1784 1507 est
1825 1453 2094 1508 Dominus

463 1545 640 1614 Jesus,
673 1549 804 1598 tunc
831 1543 1105 1599 recordati
1130 1549 1262 1599 sunt
1289 1545 1420 1616 quia
1447 1545 1570 1600 hzec
1597 1551 1758 1600 erant
1781 1545 1989 1617 scripta
2025 1545 2093 1600 de

467 1621 639 1707 eo,'et
667 1639 1028 1694 crediderunt
1053 1637 1124 1692 ei.

1047 1747 1247 1786 INCIPIT
1285 1747 1444 1788 MISSA
1463 1729 1508 1788 ⁸.

539 1823 598 1876 ln
627 1821 878 1894 geminas
901 1825 1089 1892 partes
1129 1820 1280 1874 diem
1321 1821 1474 1874 hunc
1518 1823 1888 1877 excolendum
1937 1839 2092 1878 com-

465 1915 750 1987 plectitur,
767 1915 1025 1981 Domine,
1045 1917 1252 1968 nostras
1271 1914 1554 1970 servitutis
1578 1915 1890 1986 famulatio,
1920 1917 2005 1972 vel
2026 1917 2094 1972 de

457 2009 662 2080 jejunii
686 2009 840 2063 cultu
870 2013 1103 2077 sacrato,
1133 2008 1220 2062 vel
1246 2009 1314 2062 de
1341 2009 1660 2080 insignibus
1680 2011 1809 2080 tuis,
1840 2027 1968 2083 qum
1995 2012 2096 2066 h0-

465 2102 554 2158 die
593 2103 890 2170 fulserunt,
936 2102 1309 2171 mirabilibus,
1345 2119 1456 2174 quo
1499 2104 1766 2158 Lazarum
1821 2106 2095 2160 reduxisti

461 2201 590 2270 post
613 2201 820 2252 tartara
849 2213 862 2250 :
893 2213 1026 2250 cum
1054 2196 1123 2250 ad
1149 2211 1343 2250 vocem
1385 2201 1562 2266 tuam,
1597 2197 1852 2266 Domine,
1891 2205 2092 2254 tonan-

463 2295 579 2346 tem
603 2291 839 2360 exilivit,
872 2295 928 2346 et
955 2289 1318 2362 quatriduani
1338 2291 1460 2362 jam
1491 2291 1735 2346 feetentis
1755 2293 1928 2347 funus
1953 2293 2091 2348 vivi-

463 2385 636 2438 ﬁcans
667 2383 957 2452 animasti;
987 2384 1074 2438 vel
1121 2384 1292 2438 etiam
1329 2401 1492 2438 causa
1531 2385 1788 2440 miraculi
1825 2387 2090 2458 obstupe-

461 2477 607 2533 facta
633 2478 905 2548 plaudens
931 2477 1098 2534 turba
1127 2477 1411 2532 Bethania:
1445 2479 1688 2534 occurrit
1723 2495 1854 2535 cum
1893 2481 2094 2552 palmis

461 2571 564 2626 tibi
592 2570 814 2626 obviam
844 2571 1005 2643 Regi.
1039 2569 1274 2642 [Exaudi
1298 2588 1400 2626 nos
1433 2571 1492 2626 in
1529 2572 1636 2626 hoc
1663 2573 1948 2644 geminato
1982 2591 2094 2630 ser-

459 2665 654 2720 vitutis
675 2671 883 2720 nostrae
909 2663 1195 2737 obsequio]
1225 2669 1279 2718 et
1313 2669 1539 2736 praesta,
1576 2666 1828 2737 Domine,
1867 2685 2090 2739 quaesu-

459 2777 608 2825 mus,
635 2764 702 2815 ut
725 2759 931 2814 animas
955 2765 1166 2813 nostra:
1187 2775 1314 2830 quae
1335 2761 1556 2814 tumulo
1582 2766 1713 2816 sunt
1731 2767 2092 2834 peccatorum

460 2855 758 2924 conclusae,
789 2853 914 2908 tabe
940 2857 1220 2924 corruptae
1251 2853 1584 2909 reviviscant
1621 2871 1690 2909 ex
1729 2859 1826 2910 tua
1851 2855 2094 2910 interius

459 2947 793 3014 visitatione,
838 2947 980 3001 sicut
1017 2947 1202 3001 Lazari
1241 2947 1454 3003 viscera
1493 2965 1526 3001 a
1565 2953 1660 3002 tua
1697 2965 1828 3004 voce
1861 2951 2094 3006 fuerunt

459 3042 729 3108 animata,
758 3041 1008 3095 Salvator
1033 3039 1256 3094 mundi.

1147 3122 1412 3172 Collectio.

533 3199 680 3254 Bone
707 3197 1014 3252 Redemtor
1039 3201 1248 3264 noster,
1271 3197 1528 3266 Domine,
1545 3198 1644 3268 qui
1669 3201 1948 3256 mansueti
1973 3201 2090 3256 ani-

459 3291 621 3348 malis
647 3291 804 3346 aselli
831 3295 992 3362 terga
1021 3291 1302 3360 insedens,
1335 3291 1404 3346 ad
1433 3291 1754 3362 passionem
1791 3295 2091 3350 redemtio-

457 3387 546 3443 nis
593 3391 800 3442 nostrae
855 3390 1194 3456 spontaneus
1259 3385 1738 3457 adpropinquans,
1790 3405 1920 3444 cum
1985 3391 2090 3446 tibi

457 3481 630 3538 ramis
651 3481 920 3536 arborum
949 3479 1204 3534 certatim
1231 3479 1504 3534 sternitur
1534 3481 1640 3548 via,
1671 3483 1728 3536 et
1765 3483 2086 3555 triumpha-

457 3576 688 3632 tricibus
725 3575 928 3646 palmis
957 3591 1088 3628 cum
1113 3590 1246 3628 voce
1271 3573 1466 3628 laudes
1497 3581 1800 3631 occurrunt
1825 3593 1837 3630 :
1863 3583 2084 3648 praesta,

457 3685 804 3740 quaesumus,
831 3668 1176 3738 Majestatem
1206 3673 1382 3738 tuam,
1411 3674 1476 3724 ut
1503 3669 1644 3724 sicut
1665 3670 1748 3724 illi
1773 3670 1832 3724 in
1857 3675 1952 3726 tua
1971 3673 2088 3728 fue-

456 3766 592 3818 runt
615 3761 836 3816 obviam
863 3777 992 3816 cum
1016 3761 1264 3816 arboreis
1292 3762 1526 3834 virgulis
1545 3765 1776 3834 egressi,
1797 3765 1872 3818 ita
1899 3783 2000 3820 nos
2031 3771 2086 3822 te

457 3855 729 3912 redeunte
771 3854 832 3908 in
876 3855 1119 3909 secundo
1151 3855 1397 3910 adventu
1435 3873 1566 3910 cum
1603 3859 1806 3928 palmis
1841 3859 2088 3916 victorias

457 3963 780 4004 mereamur
808 3964 1100 4003 occurrere
1124 3948 1262 4002 laeti.

675 4083 686 4088 _
1085 4031 1206 4080 Post
1235 4031 1464 4081 nomina.

529 4105 686 4174 Ecce,
711 4101 964 4170 Domine,
999 4103 1066 4158 de
1089 4109 1144 4157 te
1165 4104 1388 4174 Caiphae
1429 4105 1708 4176 pontificis
1737 4109 2083 4182 vaticinium,

455 4199 722 4271 ignarum
752 4197 858 4252 sibi
883 4197 1010 4268 ipsi,
1039 4197 1098 4251 in
1123 4198 1350 4270 populis
1380 4203 1465 4253 est
1491 4199 1795 4272 prolatum,
1825 4207 1890 4258 ut
1939 4222 2086 4261 unus

457 4293 818 4348 occumberes
845 4309 947 4363 pro
975 4297 1163 4360 gente,
1201 4309 1271 4346 ne
1300 4293 1491 4348 cuncti
1529 4295 1740 4365 pariter
1767 4297 2083 4356 interirent.

457 4390 520 4443 Et
549 4395 611 4443 tu
637 4387 920 4458 singulare
952 4403 1195 4457 granum
1228 4386 1287 4441 in
1333 4391 1483 4442 terra
1526 4389 1761 4444 moreris
1785 4434 1798 4460 ,
1820 4395 1884 4446 ut
1926 4411 2085 4466 seges

455 4482 700 4554 plurima
725 4485 1048 4536 nasceretur
1071 4500 1084 4534 :
1109 4481 1388 4552 supplices
1409 4481 1508 4536 tibi
1537 4483 1642 4554 ipsi
1663 4485 1758 4556 qui
1799 4503 1902 4558 pro
1925 4505 2086 4543 mun-

458 4576 510 4630 di
539 4576 714 4629 salute
759 4591 816 4628 es
861 4575 1044 4629 hostia
1082 4592 1258 4629 caesus
1299 4575 1689 4648 deprecamur,
1723 4584 1780 4634 ut
1827 4581 1988 4636 nobis
2016 4583 2084 4637 de

454 4669 575 4741 ipso
602 4669 824 4722 veniam
851 4669 1021 4723 dones
1049 4669 1096 4723 ι).

1109 4751 1184 4801 Ad
1227 4765 1428 4815 pacem.

529 4824 926 4880 Universorum
951 4821 1072 4892 ipse
1099 4823 1422 4879 Dominator
1447 4827 1542 4896 qui
1573 4829 1848 4898 conditor,
1872 4837 2087 4887 creatu-

459 4937 536 4976 ra)
561 4925 673 4974 tua:
705 4915 1039 4989 praestabilis
1060 4921 1296 4982 amator,
1320 4918 1481 4988 cujus
1501 4921 1670 4976 Maria
1689 4925 1860 4994 pedes
1885 4927 2083 4994 abluit,

458 5031 586 5068 cum
633 5029 746 5084 quo
797 5010 1074 5065 redivivus
1115 5009 1354 5064 Lazarus
1395 5015 1687 5084 accubuit;
1717 5018 1972 5074 ministra
2025 5021 2084 5076 in

457 5123 558 5161 nos
583 5107 704 5160 illas
745 5105 1022 5174 lacrimas,
1069 5120 1207 5174 quas
1249 5105 1420 5160 Maria
1466 5107 1534 5162 de
1579 5110 1754 5164 multa
1789 5113 2084 5170 dilectione

457 5199 711 5272 protulit.
749 5199 1019 5270 Fragrare
1067 5198 1231 5254 facito
1271 5205 1522 5255 nostram
1569 5203 1902 5277 orationem,
1942 5209 2086 5264 sicut

456 5298 812 5366 unguentum
847 5293 1110 5364 pisticum
1153 5295 1320 5350 sacris
1361 5296 1568 5366 plantis
1605 5297 1856 5354 infusum
1902 5303 2084 5358 Marias

455 5387 726 5460 fragravit
759 5403 771 5440 :
801 5393 866 5442 ut
889 5403 1014 5442 eam
1053 5405 1252 5460 pacem
1287 5407 1701 5463 consequamur
1737 5393 1796 5448 in
1834 5401 2080 5469 pectore,

455 5499 626 5558 quam
655 5486 904 5537 assecuta
943 5488 1026 5538 est
1065 5483 1232 5539 Maria
1273 5485 1359 5540 sui
1399 5487 1654 5542 osculans
1693 5489 2084 5562 Redemptoris

453 5577 709 5651 vestigia.

522 5697 546 5726 "
578 5698 787 5778 Eadem
816 5696 983 5778 missa
1018 5695 1229 5778 legitur
1265 5697 1324 5753 in
1362 5700 1566 5756 Missali
1589 5703 1842 5774 Gothico,
1877 5723 1934 5778 p.
1975 5709 2080 5763 235

455 5768 730 5842 librorum
756 5769 826 5842 de
851 5769 1067 5842 Liturg.
1096 5769 1234 5842 Gell.

524 5839 552 5880 ι)
576 5839 854 5895 Prolixior
888 5839 1039 5896 haec'
1064 5839 1316 5898 collectio
1361 5841 1420 5896 in
1473 5843 1670 5898 Missali
1711 5845 1964 5912 Gothico,
2018 5865 2076 5922 p.

2269 470 2406 524 Vere
2437 468 2675 540 dignum
2704 471 2761 523 et
2777 397 3516 540 jugfﬂfsdgizoomnipotens
3547 469 3716 537 Deus,
3755 469 3832 523 ab

2195 563 2352 617 omni
2388 579 2543 632 sexu,
2599 567 2785 632 tetate,
2825 567 2882 618 et
2923 579 3090 618 sensu
3133 563 3319 618 dicere
3353 563 3578 617 laudem
3615 562 3678 616 in
3721 563 3832 618 hac

2195 657 2283 710 die
2305 657 2512 728 jejunii
2537 661 2592 710 et
2619 657 2800 711 laudis
2839 661 2952 712 tuas
2993 657 3328 728 triumphali
3367 657 3671 728 praeconio,
3715 673 3832 728 quo

2194 751 2264 804 ab
2293 750 2686 821 Hierosolymis
2712 755 2767 804 et
2795 751 3068 806 Bethania
3092 754 3460 806 occurrerunt
3487 751 3590 806 tibi
3641 751 3826 822 pluri-

2195 861 2306 898 mae.
2352 845 2696 916 p0pulorum
2731 849 2986 914 catervae,
3035 861 3152 900 una
3191 861 3324 900 voce
3361 849 3826 916 perstrepentes:

2195 939 2416 994 Osanna
2443 938 2558 992 ﬁlio
2585 938 2774 1006 David,
2803 938 3129 994 benedictus
3171 939 3268 1010 qui
3304 939 3460 994 venit
3493 940 3556 994 in
3593 939 3830 994 nomine

2195 1032 2440 1088 Domini.
2471 1032 2591 1086 Tibi
2615 1033 2770 1086 enim
2809 1049 2939 1086 cum
2965 1033 3159 1104 lingua
3199 1049 3360 1088 coma
3391 1033 3618 1088 servivit
3657 1033 3828 1088 arbo-

2195 1143 2308 1196 rea,
2339 1143 2468 1181 cum
2495 1143 2730 1182 arenosa
2757 1125 2960 1180 itinera
2985 1127 3161 1182 ramis
3189 1127 3484 1182 viruerunt
3495 1127 3828 1198 composita.

2194 1220 2375 1274 Plebis
2398 1237 2624 1292 quoque
2645 1221 3042 1276 indumentum
3065 1221 3174 1275 tuis
3195 1221 3403 1292 plantis
3417 1222 3828 1292 prosternitur,

2193 1315 2532 1386 nudatisque
2561 1315 2694 1369 viris
2725 1314 2812 1368 via
2837 1315 3072 1368 vestitur
3099 1331 3112 1368 :
3143 1315 3348 1370 Victori
3395 1331 3541 1370 novo
3585 1315 3828 1386 pOpulus

2193 1413 2424 1479 praeslat
2459 1408 2839 1478 triumphum.
2877 1408 3074 1478 Surgit
3107 1413 3256 1463 totus
3293 1409 3502 1463 clamor
3537 1409 3597 1462 in
3637 1409 3822 1478 laude,

2193 1519 2354 1558 voces
2373 1503 2740 1556 clamantium
2765 1505 3064 1573 penetrant
3087 1503 3386 1574 templum,
3411 1503 3660 1558 dicentes
3686 1521 3702 1557 :
3729 1504 3826 1558 Be-

2191 1597 2449 1653 nedictus
2491 1597 2588 1669 qui
2624 1595 2778 1651 venit
2818 1596 2880 1650 in
2903 1596 3134 1652 nomine
3163 1597 3404 1652 Domini.
3435 1599 3591 1666 Ecce,
3621 1597 3824 1652 Biem-

2192 1693 2384 1762 salem,
2413 1691 2656 1762 qualiter
2681 1689 2784 1745 tibi
2827 1691 2944 1746 Bex
2986 1694 3117 1746 tuus
3159 1691 3358 1746 sedens
3385 1707 3555 1762 super
3597 1692 3830 1746 asinum

2113 1785 2171 1857 B
2194 1791 2519 1842 mansuetus
2575 1783 2820 1840 advenit.
2871 1784 3083 1840 Adveni
3125 1801 3284 1857 ergo,
3333 1801 3619 1856 rogamus,
3665 1791 3726 1840 et
3765 1786 3834 1842 in

2195 1881 2382 1936 medio
2409 1879 2588 1934 nostri
2617 1877 2843 1948 adsiste,
2877 1883 2934 1934 et
2957 1879 3056 1950 qui
3091 1896 3195 1934 nos
3239 1883 3376 1934 tunc
3413 1879 3690 1950 reparasti
3725 1895 3834 1950 per

2195 1991 2420 2030 crucem
2456 1990 2558 2045 per
2587 1973 2759 2028 istum
2783 1989 3102 2030 IMMOLATUI
3145 1990 3318 2030 PANEM
3351 1989 3373 2017 ο
3409 1991 3472 2030 ετ
3511 1989 3830 2030 εΑΝοωΝειιι

2195 2069 2402 2124 iterum
2426 2070 2608 2140 lapsos
2635 2088 2864 2142 repara;
2887 2075 2952 2124 ut
2981 2075 3035 2124 te
3065 2068 3330 2124 advenire
3359 2069 3418 2123 in
3453 2068 3666 2124 nostris
3697 2085 3830 2122 cor-

2195 2163 2358 2218 dibus
2395 2165 2718 2234 sentientes,
2769 2179 3036 2220 exeamus
3061 2162 3286 2218 obviam
3323 2162 3445 2233 tibi,
3469 2167 3686 2218 etcum
3727 2178 3834 2218 su-

2195 2257 2384 2327 pernis
2411 2257 2520 2312 illis
2543 2258 2847 2314 virtutibus
2885 2259 3194 2314 clamemus
3231 2255 3480 2312 dicentes
3511 2273 3525 2309 :
3557 2255 3828 2313 Sxivcrus.

2656 2373 2816 2412 MISSA
2855 2373 2910 2412 IN
2950 2372 3103 2412 CENA
3141 2371 3356 2410 DOMINI.

2237 2446 2467 2510 Epistola
2490 2447 2634 2497 Pauli
2657 2448 2880 2512 apostoli
2907 2447 2972 2559 lad
2997 2447 3294 2558 gssinthios
3315 2445 3370 2495 in
3399 2459 3544 2496 caena
3569 2445 3784 2496 Domini

2927 2525 2993 2559 ea
3101 2524 3148 2559 ει.

2927 2524 3148 2574 egenaa.

2264 2581 2502 2649 Fratres,
2546 2581 3006 2638 convenientibus
3035 2580 3190 2636 vobis
3228 2581 3288 2636 in
3333 2597 3534 2648 unum,
3559 2581 3682 2652 jam
3713 2597 3832 2635 non

2193 2679 2276 2730 est
2291 2676 2638 2731 Dominicam
2654 2693 2868 2732 caenam
2883 2675 3242 2744 manducare,
3265 2675 3656 2746 unusquisque
3669 2675 3834 2729 enim

2193 2786 2352 2824 suam
2395 2787 2608 2826 caenam
2647 2771 2942 2842 praesumit
2983 2769 3052 2824 ad
3079 2769 3558 2834 manducandum,
3583 2773 3637 2822 et
3679 2769 3834 2822 alius

2193 2864 2422 2935 quidem
2451 2866 2642 2934 esurit,
2674 2866 2813 2919 alius
2842 2869 3030 2920 autem
3057 2863 3247 2918 ebrius
3273 2867 3372 2918 est.
3394 2862 3684 2933 Numquid
3721 2862 3832 2916 do-

2191 2976 2318 3012 mus
2357 2976 2470 3013 non
2503 2959 2718 3014 habetis
2757 2959 2828 3013 ad
2865 2959 3325 3013 manducandum
3363 2963 3419 3011 et
3463 2955 3838 3012 bibendum?

2189 3055 2301 3108 Aut
2347 3053 2634 3108 ecclesiam
2681 3053 2774 3108 Dei
2822 3052 3200 3120 contemnitis,
3248 3057 3302 3106 et
3340 3051 3688 3106 confunditis
3733 3067 3834 3106 eos

2111 3159 2166 3234 Ο
2191 3147 2290 3218 qui
2317 3164 2430 3201 non
2459 3148 2716 3202 habent?
2740 3147 2880 3212 Quid
2909 3147 3092 3202 dicam
3131 3145 3285 3200 vobis
3303 3145 3331 3200 ?
3369 3145 3557 3200 Laudo
3585 3161 3688 3198 vos
3709 3145 3742 3199 ?
3773 3147 3834 3200 In

2189 3241 2294 3294 hoc
2321 3257 2434 3295 non
2477 3241 2664 3295 laudo.
2697 3243 2812 3312 Ego
2841 3241 2994 3296 enim
3019 3241 3206 3312 accepi
3235 3257 3264 3294 ει
3295 3240 3552 3308 Domino,
3583 3239 3750 3310 quod
3779 3243 3834 3294 et

2187 3335 2392 3389 tradidi
2421 3335 2581 3388 vobis
2607 3355 2622 3389 :
2643 3335 2912 3407 quoniam
2935 3335 3209 3389 Dominus
3230 3335 3410 3404 Jesus,
3439 3334 3496 3388 in
3518 3350 3629 3404 qua
3655 3339 3834 3389 nocte

2189 3427 2533 3498 tradebatur,
2563 3429 2776 3500 accepit
2801 3446 3028 3501 panem,
3058 3433 3114 3483 et
3145 3428 3351 3500 gratias
3379 3444 3552 3500 agens
3573 3427 3756 3500 fregit
3777 3431 3832 3482 et

2188 3521 2362 3576 dixit:
2393 3523 2504 3576 Hoc
2534 3527 2617 3577 est
2643 3539 2850 3594 corpus
2877 3539 3072 3576 meum
3098 3538 3201 3593 pro
3245 3521 3401 3575 vobis
3444 3539 3457 3574 :
3507 3521 3614 3575 hoc
3657 3521 3830 3576 facite

2187 3617 2246 3670 in
2273 3633 2460 3670 meam
2499 3616 3117 3672 commemorationem.
3147 3615 3416 3672 Similiter
3461 3621 3516 3670 et
3561 3615 3822 3686 calicem,

2187 3715 2484 3783 postquam
2514 3711 2767 3782 ccenavit,
2805 3711 2996 3766 dicens
3033 3727 3046 3766 :
3092 3711 3190 3765 Hic
3227 3711 3368 3765 calix
3405 3726 3620 3764 novum
3657 3715 3826 3765 testa-

2188 3811 2446 3860 mentum
2475 3809 2558 3860 est
2585 3805 2642 3860 in
2671 3822 2798 3861 meo
2825 3805 3102 3878 sanguine
3134 3823 3146 3859 :
3179 3805 3285 3858 hoc
3319 3803 3482 3859 facite
3525 3804 3824 3876 quotiens-

2187 3915 2430 3971 cumque
2455 3899 2658 3954 bibetis
2693 3899 2752 3953 in
2781 3917 2966 3954 meam
3011 3899 3630 3956 commemorationem.
3669 3900 3826 3964 Quo-

2187 3991 2578 4064 tienscumque
2607 3994 2760 4048 enim
2787 3993 3199 4049 manducabitis
3216 4009 3426 4064 panem
3453 3993 3628 4062 hunc,
3659 3999 3724 4048 et
3743 4010 3830 4049 ca-

2186 4087 2352 4141 licem
2389 4087 2610 4156 bibetis,
2649 4093 2892 4144 mortem
2921 4087 3142 4144 Domini
3183 4085 3600 4142 adnunciabitis
3643 4087 3828 4144 donec

2187 4180 2392 4249 veniat,
2421 4181 2480 4236 in
2505 4181 2744 4237 Christo.

2345 4275 2518 4325 Lectio
2543 4277 2708 4326 sancti
2737 4276 3002 4340 Evangelii
3031 4275 3320 4326 secundum
3345 4274 3662 4326 Matthmum.

2257 4357 2496 4428 Vespere
2522 4360 2712 4411 autem
2739 4357 2902 4427 facto,
2929 4357 3314 4413 discumbebat
3359 4357 3640 4412 Dominus
3663 4357 3828 4412 Iesus

2186 4467 2316 4505 cum
2329 4451 2624 4506 duodecim
2637 4451 2940 4523 discipulis,
2958 4457 3014 4507 et
3026 4451 3322 4507 edentibus
3335 4451 3439 4504 illis
3450 4451 3623 4504 dixit:
3643 4454 3830 4506 Amen

2105 4539 2163 4610 D
2186 4546 2308 4600 dico
2337 4547 2510 4612 vobis,
2543 4545 2676 4617 quia
2705 4563 2852 4600 unus
2879 4552 3126 4601 vestrum
3159 4563 3249 4600 me
3279 4545 3590 4600 traditurus
3621 4551 3729 4600 est.
3765 4546 3830 4600 Et

2187 4639 2496 4694 contristati
2531 4639 2689 4693 valde
2715 4645 3006 4711 cmperunt
3033 4639 3240 4711 singuli
3267 4639 3449 4694 dicere
3479 4655 3493 4692 :
3529 4638 3828 4711 Numquid

2185 4751 2292 4806 ego
2321 4751 2468 4800 sum,
2501 4733 2771 4788 Domine?
2796 4737 2864 4789 At
2905 4735 3024 4806 ipse
3070 4734 3415 4806 respondens
3441 4732 3520 4786 ait
3553 4749 3570 4786 :
3597 4733 3708 4798 Qui
3739 4734 3828 4788 in-

2185 4827 2396 4899 tinguit
2419 4843 2644 4881 mecum
2675 4844 2910 4882 manum
2937 4828 2996 4882 in
3021 4827 3335 4898 parapside,
3367 4827 3456 4881 hic
3481 4843 3572 4880 me
3613 4828 3826 4882 tradet.

2187 4921 2356 4976 Filius
2381 4921 2610 4992 quidem
2641 4922 2889 4975 hominis
2913 4921 3092 4992 vadit,
3141 4922 3284 4976 sicut
3335 4922 3613 4992 scriptum
3643 4927 3732 4976 est
3759 4921 3832 4976 de

2184 5015 2277 5069 illo
2308 5031 2321 5068 :
2353 5031 2436 5068 vce
2463 5021 2650 5070 autem
2679 5016 2896 5070 homini
2917 5016 3016 5084 illi,
3041 5033 3141 5087 per
3169 5013 3340 5087 quem
3363 5017 3534 5070 Filius
3571 5016 3834 5071 hominis

2183 5109 2446 5164 traditur.
2483 5111 2702 5164 Bonum
2730 5115 2851 5165 erat
2879 5109 2928 5164 ei
2954 5111 3000 5164 si
3028 5115 3195 5164 natus
3233 5127 3348 5165 non
3398 5110 3600 5166 fuisset
3647 5111 3832 5166 homo

2185 5203 2301 5258 ille.
2329 5203 2694 5274 Respondens
2719 5207 2912 5258 autem
2937 5205 3104 5258 Iudas
3147 5204 3246 5276 qui
3285 5204 3514 5259 tradidit
3553 5221 3692 5259 eum
3739 5205 3830 5260 di-

2185 5297 2302 5353 xit:
2332 5298 2616 5370 Numquid
2644 5315 2750 5370 ego
2775 5315 2900 5353 sum
2930 5299 3108 5354 Rabbi
3127 5299 3154 5354 ?
3201 5297 3292 5353 Ait
3317 5297 3402 5353 illi
3429 5297 3702 5353 dominus
3735 5301 3832 5354 Je-

2185 5409 2278 5447 sus
2311 5411 2324 5448 :
2357 5393 2440 5448 Tu
2482 5392 2692 5447 dixisti.
2723 5391 3164 5464 +_Ca3nantibus
3205 5397 3398 5448 autem
3441 5393 3552 5460 eis,
3603 5394 3836 5466 accepit

2182 5487 2338 5542 Iesus
2363 5503 2590 5559 panem,
2621 5489 2680 5541 et
2703 5485 2991 5542 benedixit
3018 5503 3080 5541 ac
3106 5487 3308 5560 fregit;
3349 5487 3504 5542 dedit
3531 5487 3838 5558 discipulis

2184 5581 2298 5636 suis
2342 5585 2398 5636 et
2440 5581 2834 5656 aitzAccipite
2877 5587 2934 5638 et
2980 5581 3258 5638 comedite
3287 5599 3300 5637 :
3331 5581 3444 5636 Hoc
3487 5587 3572 5637 est
3613 5599 3836 5656 corpus

2182 5701 2304 5755 235.

2251 5783 2275 5812 ο
2307 5771 2550 5848 Observa
2593 5773 2688 5848 hic
2723 5789 2924 5848 panem
2971 5772 3117 5829 sumi
3167 5789 3272 5848 pro
3319 5788 3558 5848 corpore
3607 5773 3832 5832 Christi

2183 5843 2423 5914 Domini,
2447 5861 2576 5900 cum
2601 5843 2749 5900 infra
2775 5845 2927 5916 legas
2953 5843 3289 5914 sanguinem.
