3982 6190
200 291 263 345 493
600 282 1210 342 SACRAMENTARIUM
1249 284 1697 344 GALLICANUM.
1741 317 1809 327 —-
1849 288 2216 345 LECTIONES
2253 288 2340 344 DE
2378 287 2691 345 ADVENTU
2733 290 2982 346 DOMINI.

3370 293 3472 347 494

192 410 349 452 meum.
387 393 443 446 Et
480 391 756 464 accipiens
796 393 1025 448 calicem
1071 394 1276 466 gratias
1314 395 1449 468 egit,
1497 401 1552 451 et
1589 396 1742 452 dedit
1762 397 1979 483 Adum
2005 398 2269 467 moritur,
2301 397 2491 453 omnia
2520 403 2888 454 surrexerunt
2926 414 3030 470 per
3055 396 3232 470 ipsius
3273 398 3468 470 Majes-

189 491 266 545 illis
285 487 437 542 dicens
462 503 474 539 :
507 486 685 542 Bibite
711 504 780 542 ex
809 503 875 542 eo
903 505 1120 543 omnes.
1160 489 1256 544 Hic
1301 495 1384 544 est
1426 490 1577 544 enim
1606 508 1737 546 san-

189 582 279 655 guis
299 597 430 637 meus
453 581 576 635 novi
602 582 958 653 Testamenti,
978 583 1075 654 qui
1097 600 1200 655 pro
1220 584 1412 638 multis
1433 585 1741 640 effunditur

188 678 227 731 in
247 674 586 730 remissionem
615 681 993 746 peccatorum.
1039 677 1170 733 Dico
1201 683 1393 734 autem
1417 679 1596 748 vobis,
1625 697 1742 734 non

184 770 324 823 bibam
345 768 526 822 amodo
553 769 621 823 de
648 769 753 824 hoc
781 771 1068 841 genimine
1113 773 1239 827 vitis
1283 789 1462 844 usque
1504 774 1563 828 in
1591 774 1742 829 diem

185 864 317 928 illum,
343 879 455 916 cum
477 863 618 917 illud
642 863 831 918 bibam
862 881 1073 920 novum
1100 866 1160 920 in
1199 883 1375 938 regno
1402 869 1577 922 Patris
1605 869 1739 922 mei.

182 957 226 1010 Et
243 957 418 1027 hymno
443 956 588 1011 dicto
618 958 880 1013 exierunt
906 959 966 1014 in
993 965 1249 1015 montem
1283 962 1501 1019 Oliveti.
1529 972 1566 1034 +
1589 963 1742 1017 Tunc

183 1050 280 1104 dicit
299 1050 387 1104 illis
410 1049 673 1106 Dominus
700 1053 857 1107 Jesus
891 1072 903 1107 :
937 1071 1135 1109 omnes
1165 1072 1260 1109 vos
1286 1056 1608 1111 scandalum
1640 1073 1740 1128 pa-

179 1143 343 1197 tiemini
369 1144 421 1198 in
449 1160 536 1199 me
567 1145 628 1199 in
655 1145 764 1200 ista
791 1154 973 1202 nocte.
1007 1149 1292 1220 Scriptum
1313 1157 1394 1205 est
1414 1150 1587 1221 enim,
1607 1152 1740 1205 Per-

179 1238 336 1291 cutiam
359 1239 650 1306 Pastorem,
689 1243 744 1293 et
767 1240 1166 1313 dispergentur
1189 1261 1317 1299 oves
1345 1246 1553 1317 gregis.
1586 1247 1741 1299 Post-

176 1351 304 1406 quam
325 1341 498 1391 autem
526 1354 912 1408 resurrexero,
941 1342 1258 1411 praecedam
1282 1359 1381 1396 vos
1411 1343 1469 1396 in
1497 1343 1740 1398 Galilaaa.

177 1429 472 1500 Respondens
531 1438 726 1487 autem
771 1435 986 1503 Petrus,
1037 1435 1115 1489 ait
1160 1437 1237 1490 illi
1298 1454 1309 1490 :
1368 1437 1481 1491 Etsi
1550 1453 1745 1491 omnes

174 1524 461 1580 scandalizati
498 1526 712 1586 fuerint
738 1527 798 1581 in
831 1533 904 1597 te,
934 1546 1042 1600 ego
1071 1547 1387 1602 numquam
1413 1532 1746 1586 scandaliza-

174 1621 261 1675 bor.
283 1623 360 1677 Ait
395 1623 470 1677 illi
517 1625 792 1679 Dominus
824 1627 980 1680 Jesus
1010 1646 1023 1682 :
1057 1631 1234 1682 Amen
1282 1629 1404 1684 dico
1444 1630 1583 1700 tibi,
1613 1630 1746 1701 quia

172 1715 306 1770 inhac
319 1720 484 1787 nocte,
508 1724 816 1790 antequam
843 1721 1026 1791 gallus
1043 1728 1251 1790 cantet,
1266 1728 1353 1778 ter
1373 1741 1463 1779 me
1483 1725 1740 1796 negabis.

173 1808 234 1861 Ait
251 1809 320 1863 illi
343 1812 531 1866 Petrus
564 1829 577 1866 :
611 1813 792 1867 Etiam
822 1814 868 1867 si
896 1817 1211 1885 oportuerit
1238 1833 1329 1872 me
1357 1819 1505 1872 mori
1530 1793 1739 1886 tecum,
1764 1793 1820 1865 Β

171 1917 253 1957 non
286 1909 331 1959 te
366 1905 610 1976 negabo.
663 1907 934 1964 Similiter
961 1914 1018 1964 et
1062 1926 1257 1966 omnes
1295 1911 1555 1983 discipuli
1584 1913 1740 1967 dixe-

173 2001 282 2051 mut.

730 2090 923 2130 INCIPIT
963 2091 1114 2130 MISSA
1124 2117 1136 2130 .

218 2171 551 2245 Omnipotens
579 2177 921 2249 sempiterne
943 2180 1108 2248 Deus,
1132 2179 1220 2250 da,
1248 2196 1598 2252 quaesumus,
1619 2182 1747 2237 uni-

169 2267 296 2321 versis
317 2269 540 2325 famulis
580 2272 714 2342 tuis,
759 2274 981 2344 plenius
1008 2279 1176 2345 atque
1211 2275 1514 2346 perfectius
1554 2277 1747 2332 omnia

166 2357 253 2414 festi
290 2363 557 2419 Paschalis
598 2366 836 2422 introire
877 2370 1147 2439 mysteria
1192 2385 1205 2423 :
1248 2375 1312 2423 ut
1354 2369 1747 2428 incunctanter

163 2453 228 2524 pia
248 2458 392 2512 corda
432 2467 820 2532 cognoscant,
851 2469 1129 2534 quantum
1156 2463 1400 2518 debeant
1428 2465 1496 2520 de
1535 2467 1741 2520 contir-

165 2553 279 2603 mata
297 2551 352 2606 in
369 2553 591 2609 Christo
612 2557 1026 2611 renascentium
1047 2557 1452 2628 glorilicatione
1475 2560 1742 2630 gaudere.

792 2669 1061 2718 Collectio.

214 2757 431 2815 Concede
479 2761 867 2832 credentibus,
924 2763 1240 2819 misericors
1294 2766 1473 2833 Deus,
1529 2766 1746 2820 salvum

162 2849 285 2905 nobis
319 2853 383 2907 de
407 2855 622 2910 Christi
650 2857 911 2912 Passione
951 2858 1271 2914 remedium
1318 2877 1332 2914 :
1373 2863 1440 2913 ut
1480 2860 1748 2915 humana;

160 2936 431 3011 fragilitatis
459 2946 774 3017 praeterita
801 2947 981 3018 culpae
1008 2949 1236 3020 laqueos
1273 2954 1502 3004 aeternae
1545 2950 1748 3005 suffra-

157 3032 281 3102 gium
300 3039 465 3108 plebis
492 3040 772 3098 absolvat.

753 3154 874 3203 Post
897 3154 1125 3204 nomina.

209 3236 558 3313 Omnipotens
586 3243 928 3314 sempiterna
967 3245 1108 3299 Deus
1132 3287 1146 3313 ,
1191 3246 1290 3317 qui
1317 3245 1490 3301 vitam
1518 3248 1754 3311 humani

157 3335 334 3400 generis
358 3354 457 3408 pro
483 3336 661 3392 nobis
684 3337 821 3392 Filio
842 3343 941 3392 tuo
964 3339 1242 3394 moriente
1268 3340 1508 3412 salvasti,
1524 3350 1751 3415 praesta,

155 3439 448 3502 quasumus,
483 3438 556 3486 ut
599 3431 658 3485 in
684 3432 789 3486 hac
832 3433 1027 3505 populi
1067 3434 1152 3488 tui
1197 3434 1496 3491 devotione
1539 3438 1755 3496 fructus

155 3523 402 3588 proveniat
428 3526 802 3598 gaudiorum.

654 3638 903 3688 Collectio
929 3638 996 3688 ad
1020 3653 1224 3704 pacem.

207 3733 465 3794 Virtutum
514 3740 829 3795 caelestium
870 3741 1037 3808 Deus,
1084 3741 1153 3796 de
1198 3741 1359 3813 cujus
1404 3743 1601 3814 gratia:
1630 3759 1756 3799 rore

153 3823 435 3904 descendit,
470 3841 538 3890 ut
564 3835 638 3888 ad
666 3835 941 3906 mysteria
968 3841 1066 3890 tua
1104 3836 1363 3906 purgatis
1389 3837 1642 3892 sensibus
1665 3854 1754 3893 ac-

156 3922 397 3996 cedamus,
428 3934 666 4001 praesta,
686 3946 1032 4000 quaesumus,
1057 3936 1122 3985 ut
1147 3930 1207 3984 in
1233 3947 1432 3986 eorum
1456 3934 1758 3988 traditione

151 4016 464 4079 sollemniter
490 4025 806 4091 honorum,
835 4024 939 4078 tibi
968 4024 1241 4096 placitum
1265 4025 1585 4082 deferamus
1605 4027 1761 4083 obse-

150 4111 333 4183 quium,
361 4124 418 4172 et
443 4119 603 4190 pacis
633 4125 860 4174 aeternae
887 4124 1120 4190 pactum
1147 4120 1252 4174 tibi
1280 4121 1602 4178 reddamus.

780 4230 1108 4281 Contestatio.

201 4313 322 4373 Vere
350 4319 603 4393 dignum
631 4325 688 4376 et
705 4322 928 4392 justum
965 4327 1052 4376 est
1077 4322 1434 4394 omnipotens
1464 4325 1631 4390 Deus,
1660 4339 1763 4394 per

143 4404 398 4469 Christum
428 4416 749 4471 Dominum
776 4420 1059 4472 nostrum.
1084 4417 1258 4488 Cujus
1287 4418 1543 4489 passione
1564 4423 1764 4471 cuncta

148 4515 402 4564 commota
447 4517 612 4582 sunt,
659 4518 715 4566 et
757 4519 1022 4566 eventum
1066 4512 1335 4566 dominici
1378 4512 1623 4567 vulneris
1649 4513 1760 4567 ele—

144 4606 308 4656 menta
337 4607 734 4660 tremuerunt.
764 4607 999 4678 Expavit
1025 4607 1144 4662 dies
1165 4624 1280 4662 non
1300 4607 1480 4662 solida
1505 4613 1686 4676 nocte,
1711 4611 1767 4660 et

1840 496 2034 564 tatem,
2063 509 2234 566 quem
2263 493 2496 547 laudant
2523 492 2731 563 angeli.

2241 597 2369 645 Item
2394 595 2710 646 Contestatio
2739 594 2926 645 eodem
2955 595 3057 644 die.

1913 682 2051 735 Vere
2081 681 2320 751 dignum
2347 687 2400 736 et
2418 683 2641 752 justum
2668 686 2770 749 est,
2795 681 3152 752 omnipotens
3178 680 3344 750 Deus,
3371 698 3473 754 per

1841 774 2122 828 Christum
2155 775 2460 830 Dominum
2483 781 2762 832 nostrum.
2791 776 2949 840 Quod
2977 792 3081 846 pro
3108 775 3314 830 nostris
3340 793 3469 847 pec-

1844 869 1979 922 catis
2005 869 2130 923 talis
2159 887 2223 924 ac
2270 875 2458 924 tantus
2497 870 2735 925 traditus
2761 876 2862 940 est,
2892 871 2991 940 qui
3016 886 3146 924 cum
3182 870 3300 924 sine
3341 886 3472 941 pec-

1843 967 1965 1018 cato
1993 968 2157 1030 esset,
2185 980 2217 1017 a
2255 969 2307 1018 te
2337 981 2442 1036 pro
2485 963 2871 1035 peccatoribus
2898 964 3137 1019 traditus
3165 969 3266 1027 est,
3287 965 3475 1035 justus

1843 1074 1946 1129 pro
1972 1058 2214 1128 injustis,
2263 1059 2389 1128 pius
2418 1076 2522 1130 pro
2549 1058 2738 1130 impiis
2760 1076 2776 1127 ;
2808 1064 2862 1113 et
2898 1075 3027 1113 cum
3057 1059 3245 1113 omnia
3274 1059 3472 1128 sciret,

1846 1152 2022 1206 Deum
2048 1152 2426 1206 nescientibus
2454 1153 2530 1206 sic
2557 1169 2614 1207 se
2642 1152 2911 1221 subdidit,
2940 1157 3004 1206 ut
3031 1169 3133 1206 nos
3159 1152 3386 1225 ignaros
3405 1152 3476 1208 ad

1845 1245 2194 1316 agnitionem
2222 1246 2468 1300 veritatis
2498 1247 2566 1301 de
2591 1247 2709 1301 fece
2733 1246 2940 1300 ultima
2958 1288 2972 1313 ,
3001 1246 3061 1300 in
3103 1263 3214 1317 qua
3249 1247 3476 1318 jaceba-

1846 1356 1992 1409 mus,
2039 1340 2300 1411 erigeret.
2350 1342 2392 1394 Ο
2439 1340 2733 1395 infelicitas
2782 1339 2973 1394 Judaei
3027 1340 3263 1411 cupidus
3307 1357 3478 1413 super

1843 1450 2016 1504 parvo
2042 1451 2278 1488 munere
2303 1435 2534 1489 tradidit
2556 1434 2812 1488 omnium
2835 1435 3132 1488 hominum
3156 1451 3482 1490 remunera-

1845 1533 2024 1582 torem
2053 1545 2067 1581 :
2099 1528 2236 1582 dum
2261 1529 2486 1598 salutat,
2517 1529 2770 1584 vendidit
2794 1546 2807 1582 :
2837 1529 2975 1583 dum
3003 1529 3350 1600 obsequitur,
3375 1534 3481 1584 tra-

1846 1626 1946 1680 dit.
1981 1627 2023 1680 0
2053 1626 2190 1679 falsa
2214 1626 2388 1680 labial
2414 1629 2613 1698 quisic
2640 1628 2846 1682 confiat
2869 1628 3167 1698 incendia;
3201 1635 3257 1684 et
3281 1645 3478 1701 pacem

1845 1736 1959 1774 non
1987 1720 2263 1774 dubitavit
2286 1721 2466 1776 facere
2493 1721 2658 1790 bella,
2684 1722 2978 1776 salutando
3019 1723 3247 1777 tradens
3286 1723 3477 1778 Domi.

1845 1830 1986 1868 num
2015 1819 2272 1868 nostrum
2307 1815 2499 1869 Jesum
2536 1815 2825 1870 Christum
2849 1856 2864 1882 ,
2896 1815 3142 1887 complet
3167 1817 3357 1871 osculo
3381 1819 3479 1874 ho-

1845 1909 2158 1964 micidium.
2195 1911 2252 1962 In
2281 1909 2497 1964 honore
2529 1910 2754 1964 Paschae
2776 1926 2906 1964 reus
2927 1910 3128 1964 mortis
3153 1911 3474 1979 dimittitur,

1845 2007 1901 2056 et
1927 2003 2195 2057 Dominus
2222 2003 2493 2058 caelorum
2519 2003 2886 2059 interimitur.
2916 2005 3182 2058 Barrabas
3210 2006 3353 2060 latro
3384 2005 3480 2061 do-

1843 2102 2031 2167 natur,
2063 2101 2119 2152 et
2145 2098 2414 2152 innocens
2439 2098 2692 2153 Christus
2717 2099 3086 2169 crucifigitur.
3135 2099 3237 2154 Cui
3277 2099 3479 2156 merito

1845 2208 2039 2247 omnes
2067 2193 2277 2263 angeli.

2290 2303 2578 2343 LECTIONES
2615 2304 2674 2342 IN
2713 2304 3032 2345 PARASCEVE.

1846 2380 2020 2431 Lectio
2039 2380 2204 2431 sancti
2225 2381 2493 2447 Evangelii
2513 2381 3138 2447 secundumiJohannem,
3161 2395 3276 2446 quae
3291 2381 3482 2447 legitur

2314 2445 2367 2493 in
2394 2447 2675 2494 Parasceve
2700 2446 2765 2493 ad
2792 2446 2961 2494 Tertia
2980 2460 3020 2494 ιι.

1917 2531 2118 2584 Milites
2148 2530 2402 2601 praesidis
2431 2537 2801 2602 susceperunt
2828 2531 3134 2586 Dominum
3163 2532 3353 2586 Jesum
3381 2529 3482 2586 ba-

1840 2625 2121 2695 julantem
2149 2624 2251 2678 sibi
2278 2642 2526 2679 crucem.
2557 2626 2792 2696 Scripsit
2820 2631 3011 2680 autem
3042 2630 3098 2678 et
3133 2625 3363 2679 titulum
3390 2625 3481 2679 Pi-

1848 2719 2012 2786 latus,
2043 2723 2098 2771 et
2134 2719 2322 2788 posuit
2349 2736 2521 2789 super
2549 2735 2798 2773 crucem.
2833 2720 2962 2772 Erat
2988 2724 3177 2772 autem
3209 2719 3483 2788 scriptum

1849 2811 2135 2878 Hebraice,
2178 2813 2367 2866 Grzece
2414 2819 2468 2867 et
2516 2813 2710 2866 Latine
2759 2830 2770 2866 :
2818 2813 2978 2866 Jesus
3008 2812 3323 2865 Nazarenus
3368 2812 3485 2866 Rex

1849 2905 2194 2960 Judzeorum.
2242 2907 2400 2960 Hunc
2447 2922 2583 2977 ergo
2628 2906 2860 2960 titulum
2903 2906 3066 2959 multi
3110 2906 3372 2976 legerunt
3397 2907 3486 2961 Ju-

1851 3000 2128 3054 daeorum.
2178 3000 2442 3053 Dicebant
2490 3017 2625 3070 ergo
2668 3000 2843 3054 Pilato
2908 2999 3201 3070 pontiﬁces
3259 2999 3484 3054 Judan-

1851 3111 1982 3148 rum
2015 3111 2028 3148 :
2059 3094 2178 3148 Noli
2207 3094 2449 3148 scribere
2496 3095 2611 3148 Rex
2657 3095 3004 3162 .ludzeorum,
3051 3094 3149 3148 sed
3195 3093 3325 3165 quia
3368 3094 3488 3165 ipse

1772 3172 1826 3246 C
1851 3188 2026 3242 dixit:
2059 3191 2175 3243 Rex
2203 3205 2328 3242 sum
2349 3189 2696 3242 .ludmorum.
2724 3188 3032 3259 ReSpondit
3058 3189 3264 3242 Pilatus
3289 3203 3302 3241 :
3327 3186 3485 3251 Quod

1854 3283 2069 3354 scripsi,
2110 3282 2326 3353 scripsi.
2374 3283 2528 3336 Tunc
2572 3282 2780 3336 milites
2828 3282 3082 3353 praesidis
3124 3282 3490 3353 suscipientes

1855 3369 2157 3431 Dominum
2170 3378 2358 3430 Iesum
2374 3376 2431 3428 in
2449 3375 2737 3446 praetorio,
2757 3382 3248 3447 congregaverunt
3264 3377 3332 3430 ad
3355 3393 3488 3432 eum

1854 3470 2174 3524 universam
2221 3470 2534 3534 cohortem,
2582 3474 2638 3523 et
2683 3476 2952 3523 exuentes
2979 3485 3131 3538 eum,
3173 3470 3489 3541 clamydem

1857 3565 2174 3619 coccineam
2201 3563 2697 3617 circumdederunt
2721 3562 2807 3632 ei;
2838 3568 2893 3617 et
2919 3563 3196 3633 plectente
3223 3580 3489 3619 coronam

1857 3660 1926 3713 de
1951 3658 2148 3730 spinis,
2176 3663 2489 3729 posuerunt
2512 3673 2684 3728 super
2713 3662 2882 3728 caput
2908 3657 3049 3728 ejus,
3070 3663 3126 3712 et
3147 3658 3488 3714 arundinem

1857 3754 1918 3808 in
1945 3754 2172 3808 dextera
2205 3753 2325 3823 ejus
2349 3770 2365 3821 ;
2395 3758 2450 3806 et
2481 3768 2631 3823 genu
2656 3752 2802 3806 ﬂexo
2826 3757 2956 3806 ante
2977 3768 3130 3821 eum,
3160 3751 3494 3809 inludebant

1858 3848 1929 3918 ei,
1959 3848 2206 3902 dicentes
2237 3863 2250 3901 :
2279 3847 2447 3916 Have,
2479 3849 2597 3902 Rex
2624 3848 2975 3904 Judaeorum.
3003 3849 3070 3902 Et
3094 3853 3405 3918 expuentes
3431 3848 3491 3904 in

1859 3959 2011 4012 eum,
2055 3945 2393 4013 acceperunt
2431 3942 2791 4011 arundinem,
2821 3947 2878 3997 et
2911 3942 3300 4013 percutiebant
3325 3946 3495 4016 caput

1860 4037 1999 4108 ejus.
2032 4037 2097 4091 Et
2120 4042 2417 4108 postquam
2452 4037 2772 4091 inluserant
2797 4036 2849 4090 ei
2868 4078 2882 4105 ,
2910 4042 3190 4092 exuerunt
3215 4053 3347 4092 eum
3373 4039 3488 4093 cla-

1860 4133 2109 4203 mydem,
2139 4137 2194 4186 et
2220 4131 2529 4186 induerunt
2553 4147 2686 4186 eum
2710 4130 3055 4185 vestimentis
3081 4131 3216 4200 suis,
3241 4137 3297 4186 et
3321 4131 3494 4186 duxe-

1862 4231 1998 4281 runt
2024 4243 2154 4280 eum
2196 4230 2257 4279 ut
2280 4225 2697 4296 crucitigerent.
2730 4225 3007 4279 Exeuntes
3042 4230 3233 4278 autem
3257 4223 3485 4279 invene-

1862 4326 1998 4380 runt
2026 4319 2317 4374 hominem
2347 4320 2702 4389 Cyrenaeum,
2731 4317 2962 4372 nomine
2991 4318 3311 4388 Symonem.
3335 4319 3491 4374 Hunc

1862 4415 2300 4487 angariaverunt
2340 4418 2404 4467 ut
2447 4413 2666 4467 tolleret
2693 4427 2919 4466 crucem
2958 4411 3098 4481 ejus.
3145 4412 3494 4483 Sequebatur

1863 4515 2055 4564 autem
2084 4509 2240 4562 illum
2273 4507 2454 4560 multa
2483 4505 2649 4559 turba
2673 4505 2889 4576 populi,
2919 4511 2974 4559 et
2999 4506 3305 4561 mulierum
3325 4549 3338 4576 ,
3366 4522 3494 4578 qua

1866 4603 2209 4674 plangebant
2234 4606 2290 4655 et
2314 4599 2770 4654 lamentabantur
2798 4615 2950 4654 eum.
2972 4601 3282 4656 Conversus
3301 4609 3492 4657 autem

145 4706 250 4748 suas
299 4701 570 4754 tenebras
621 4700 872 4755 mundus
911 4701 1145 4757 invenit.
1193 4701 1360 4756 Stetit
1406 4702 1509 4756 sub
1554 4701 1767 4756 incerto
1866 4698 1936 4752 ad
1965 4697 2086 4751 illas
2111 4697 2288 4762 Jesus,
2318 4694 2500 4748 dixit:
2550 4693 2704 4747 Filiae
2732 4694 3092 4764 Hierusalem,
3139 4693 3310 4751 nolite
3357 4697 3492 4752 flere

138 4781 329 4845 lumine
355 4793 506 4862 dies,
543 4793 809 4848 inclausis
837 4794 1005 4849 etiam
1033 4796 1132 4849 lux
1171 4797 1296 4867 ipsa
1336 4795 1451 4850 visa
1491 4801 1572 4850 est
1619 4794 1767 4849 mori
1867 4807 2038 4862 super
2063 4807 2174 4859 me,
2216 4789 2313 4843 sed
2342 4805 2514 4860 super
2555 4805 2650 4842 vos
2697 4789 2844 4859 ipsas
2873 4791 3002 4843 llete
3047 4795 3104 4844 et
3144 4806 3313 4860 super
3350 4791 3492 4845 filios

139 4893 250 4936 cum
289 4885 542 4943 Christo.
595 4889 678 4942 Ad
721 4890 826 4943 hoc
855 4889 1010 4944 enim
1049 4890 1232 4945 omnis
1261 4890 1479 4945 claritas
1505 4890 1770 4962 migravit
1818 4931 1822 4934 .
1869 4890 2110 4955 vestros;
2144 4883 2414 4956 quoniam
2459 4900 2585 4939 ecce
2631 4883 2859 4938 venient
2884 4884 3022 4952 dies,
3063 4881 3122 4937 in
3159 4884 3365 4954 quibus
3405 4885 3492 4939 di-

136 4971 181 5027 in
206 4986 447 5052 noctem,
477 4999 560 5037 ne
592 4983 950 5055 sacrilegium
997 5001 1227 5040 cernere
1256 4985 1558 5040 videretur.
1600 4986 1764 5040 Clau-
1869 4985 1998 5036 cent
2026 4998 2039 5034 :
2076 4981 2254 5034 Beatze
2299 4979 2513 5034 steriles
2543 4983 2598 5033 et
2627 4984 2848 5033 ventres
2873 4977 2973 5049 qui
3006 4994 3121 5031 non
3151 4985 3490 5049 genuerunt,

137 5075 262 5125 serat
286 5076 444 5130 enim
477 5093 620 5131 suos
645 5079 834 5134 oculos
859 5079 1132 5134 saeculum
1149 5123 1162 5149 ,
1193 5097 1264 5135 ne
1293 5081 1352 5134 in
1375 5096 1540 5135 cruce
1563 5081 1769 5150 aspice-
1871 5083 1926 5132 et
1951 5075 2127 5130 ubera
2153 5091 2281 5146 quae
2308 5091 2422 5128 non
2448 5075 2819 5128 lactaverunt.
2841 5073 2996 5126 ’l‘unc
3021 5071 3291 5144 incipient
3309 5074 3496 5132 dicere

135 5169 204 5219 ret
228 5167 678 5240 Redemtorem;
725 5178 782 5229 et
823 5175 1070 5230 mundus
1113 5175 1234 5246 ipse
1281 5175 1439 5232 testis
1490 5191 1609 5230 esse
1654 5191 1769 5229 non
1871 5171 2155 5225 montibus
2187 5186 2200 5223 :
2231 5168 2419 5223 Cadite
2459 5183 2792 5238 supernos;
2843 5170 2900 5219 et
2943 5165 3219 5221 collibus:
3269 5169 3496 5240 Operite

135 5265 318 5334 potuit,
349 5273 417 5320 ut
446 5268 612 5320 solus
635 5268 912 5339 aspiceret
937 5269 1036 5341 qui
1060 5270 1332 5340 percussit
1361 5287 1374 5324 :
1400 5269 1561 5340 cujus
1581 5269 1769 5323 dolore
1869 5282 1991 5320 nos.
2024 5265 2161 5330 Quia
2190 5264 2236 5317 si
2262 5263 2320 5317 in
2346 5261 2508 5316 viridi
2531 5261 2687 5331 ligno
2708 5261 2830 5313 haec
2850 5260 3081 5330 faciunt,
3106 5261 3164 5316 in
3184 5263 3341 5318 arido
3361 5265 3498 5336 quid

131 5353 279 5430 plaga
321 5365 531 5416 nostra
584 5369 775 5416 curata
817 5369 901 5419 est
925 5406 938 5430 ,
991 5370 1047 5419 et
1087 5365 1277 5436 lapsus
1322 5369 1541 5419 nostros
1587 5362 1772 5418 aliena
1870 5361 2010 5414 fiet?
2035 5360 2176 5414 Cum
2200 5356 2442 5412 venisset
2469 5360 2658 5408 autem
2685 5353 2755 5408 ad
2783 5354 2994 5425 locum,
3025 5356 3122 5427 qui
3150 5357 3356 5413 dicitur
3379 5358 3498 5414 Gol-

131 5451 277 5506 ruina
326 5456 618 5526 suscepit.
665 5457 1043 5513 Tremuerunt
1091 5459 1373 5513 elementa
1417 5458 1615 5513 mundi
1667 5457 1770 5512 sub
1873 5461 2046 5527 gotta,
2077 5452 2229 5524 quod
2259 5456 2340 5506 est
2363 5449 2841 5518 Calvarizelocus,
2888 5449 3168 5508 dederunt
3210 5453 3261 5508 ei
3303 5452 3499 5505 vinum

129 5557 226 5602 uno
252 5565 537 5621 percusso
561 5591 579 5617 ,
611 5551 768 5622 cujus
800 5553 1031 5608 vulnere
1065 5554 1358 5625 captivitas
1396 5553 1637 5607 resoluta
1667 5556 1768 5607 est.
1871 5549 2068 5605 bibere
2094 5563 2224 5602 cum
2265 5545 2394 5600 felle
2437 5543 2717 5616 mixtum;
2744 5549 2800 5600 et
2829 5561 2959 5600 cum
2997 5549 3290 5618 gustasset,
3319 5541 3500 5598 noluit

131 5637 260 5696 Dum
285 5646 453 5700 enim
484 5645 771 5701 occiditur
794 5648 1066 5719 Christus,
1099 5654 1300 5703 cuncta
1320 5651 1514 5702 renata
1537 5652 1688 5718 sunt;
1718 5651 1774 5702 et
1871 5643 2083 5700 bibere.

188 5789 203 5864 ξ
232 5789 291 5844 In
344 5789 721 5864 Lectionario
767 5793 1102 5848 Luxoviensi
1153 5793 1437 5850 habentur
1487 5792 1656 5848 etiam
1702 5792 1774 5848 ad
1875 5805 1985 5864 que
2011 5787 2177 5844 modo
2214 5786 2497 5859 scribitur,
2535 5786 2612 5845 ad
2641 5789 2842 5851 Tertia,
2871 5785 2946 5840 ad
2967 5787 3152 5849 Sexta,
3182 5788 3287 5846 etc.

127 5858 384 5936 Primam,
417 5863 775 5934 Secundam,
804 5865 890 5920 uti
917 5870 974 5920 et
998 5865 1068 5921 ad
1095 5866 1339 5922 Tertiam
1365 5867 1599 5937 horam;
1628 5864 1774 5938 pari-
