4036 6188
427 329 532 384 495

1308 319 1640 375 APPENDIX
1676 312 1763 373 AD
1799 319 2020 374 OPERA
2057 319 2110 373 S.
2150 318 2448 376 GERMANI
2485 319 2910 376 PARISIENSIS.

3677 319 3787 379 496

429 433 608 490 Lectio
633 433 798 484 sancti
821 426 1716 516 ΕναξεέϋιεθᾳιιιιῐξίιιωΙοὴειῑὲηθω,
1736 439 1850 490 quae
1869 427 2057 490 legitur
2078 445 2136 516 Α
2156 428 2600 484 revertebantur.
2647 429 2881 484 Stabant
2932 432 3123 484 autem
3185 443 3380 485 omnes
3423 431 3540 486 noti
3581 431 3704 502 ejus
3754 451 3788 486 a

899 491 1145 543 rid—Sexta
1172 492 1224 540 in
1251 492 1531 539 Parasceve
1545 491 1589 538 ⁸.

501 581 803 649 Postquam
829 573 1229 629 cruciﬁxerunt
1247 572 1554 626 Dominum
1578 573 1785 636 Jesum,
1817 571 1958 626 dixit
1975 573 2058 626 Je-

431 689 526 727 sus
553 687 685 724 voce
715 685 920 738 magna
945 684 957 720 :
983 668 1162 736 Pater,
1179 665 1399 720 dimitte
1413 666 1544 734 illis,
1567 682 1682 719 non
1702 664 1852 719 enim
1873 667 2059 720 sciunt

432 765 566 837 quid
596 763 827 817 faciunt.
859 761 1013 814 Tunc
1042 759 1351 815 diviserunt
1386 760 1719 814 vestimenta
1753 759 1903 829 ejus,
1933 775 2054 812 sor-

429 863 542 912 tem
572 856 879 909 mittentes.
929 854 1058 908 Erat
1102 858 1294 908 autem
1321 853 1512 907 tunica
1539 853 1911 918 inconsutilis,
1955 852 2054 907 de-

429 965 598 1020 super
611 952 876 1002 contexta
892 963 994 1018 per
1008 952 1212 1002 totum.
1241 946 1512 1002 Dixerunt
1537 963 1673 1017 ergo
1691 947 1760 1000 ad
1777 945 2018 1000 invicem
2039 962 2052 999 :

426 1043 548 1098 Non
578 1041 898 1096 scindamus
925 1057 1069 1110 eam,
1098 1041 1195 1095 sed
1225 1041 1530 1094 sortianlur
1557 1040 1625 1094 de
1652 1039 1748 1093 illa
1777 1039 1938 1109 cujus
1964 1039 2053 1092 sit.

427 1138 496 1191 Ut
521 1136 796 1207 scriptura
822 1134 1126 1206 impleatur
1154 1134 1342 1188 dicens
1368 1151 1380 1188 :
1418 1133 1737 1188 Diviserunt
1763 1133 1868 1187 sibi
1897 1133 2056 1187 vesti-

425 1236 622 1286 menta
649 1246 794 1300 mea,
826 1233 882 1283 et
905 1229 964 1282 in
991 1231 1204 1282 vestem
1231 1245 1419 1282 meam
1440 1228 1717 1282 miserunt
1739 1233 1968 1282 sortem.
1992 1227 2058 1281 Et

427 1325 684 1380 sedentes
713 1322 1007 1378 servabant
1033 1338 1177 1376 eam.
1201 1323 1267 1376 Et
1287 1322 1680 1394 imposuerunt
1699 1338 1868 1393 super
1891 1324 2058 1392 caput

427 1419 550 1490 ejus
579 1433 806 1472 causam
841 1416 1017 1486 ipsius
1054 1415 1323 1486 scriptam
1351 1433 1364 1470 :
1409 1416 1508 1470 Hic
1535 1420 1618 1470 est
1643 1417 1799 1470 Jesus
1831 1431 1930 1469 rex
1958 1416 2054 1469 Ju-

427 1511 702 1566 dteorum.
734 1511 886 1564 Tunc
916 1508 1168 1563 cruciﬁxi
1193 1514 1324 1563 sunt
1363 1525 1493 1563 cum
1537 1525 1602 1564 eo
1642 1509 1752 1562 duo
1795 1509 2054 1580 latrones,

427 1621 577 1660 unus
601 1621 633 1660 a
658 1603 888 1672 dextris,
921 1608 976 1658 et
1011 1620 1160 1658 unus
1190 1621 1222 1657 a
1262 1603 1522 1658 sinistris.
1559 1603 1626 1656 Et
1649 1603 1953 1674 adimplcta
1976 1607 2060 1657 est

429 1698 714 1770 Scriptura
739 1713 865 1768 quae
891 1697 1024 1751 dicit
1051 1714 1062 1750 :
1115 1699 1183 1750 Et
1210 1713 1340 1750 cum
1386 1696 1593 1768 iniquis
1637 1701 1927 1768 reputatus
1953 1700 2054 1751 est.

427 1794 834 1848 Praetereuntes
860 1796 1050 1845 autem
1085 1790 1553 1861 blasphemabant
1577 1807 1706 1844 eum
1727 1833 1741 1859 ,
1770 1794 2058 1844 moventes
2077 1832 2134 1904 B

442 1903 502 1904 κέν
538 1886 602 1904 ἰ-
660 1901 747 1904 __-_
824 1889 869 1904 -Α
908 1884 1146 1904 31--..ι--
1176 1900 1188 1904 -
1222 1883 1332 1904 ῖγ-ι-
1374 1883 1459 1904 _.-_1
1512 1883 1745 1904 _'l__1..__:_
1779 1883 2051 1904 n-_.._1___.

429 1886 612 1957 capita
655 1901 774 1953 sua,
817 1889 872 1938 et
901 1884 1148 1938 dicentes
1176 1900 1188 1936 :
1222 1883 1340 1936 Vah
1367 1883 1466 1954 qui
1505 1883 1748 1938 destruis
1779 1883 2057 1966 templum

427 1979 546 2048 Dei,
575 1985 631 2034 et
657 1979 717 2032 in
743 1977 931 2032 triduo
958 1977 1098 2032 illud
1123 1977 1432 2032 reazdiﬁcas
1449 2021 1462 2047 ,
1496 1978 1646 2032 salva
1669 1978 2054 2048 temetipsum.

427 2074 485 2128 Si
514 2072 686 2126 Filius
715 2072 810 2126 Dei
838 2089 916 2138 es,
947 2071 1222 2126 descende
1248 2071 1316 2125 de
1337 2088 1521 2126 cruce.
1545 2071 1814 2127 Similiter
1834 2077 1888 2126 et
1907 2071 2058 2142 prin-

426 2168 576 2239 cipes
601 2165 954 2220 sacerdotum
985 2165 1304 2220 inludentes
1335 2182 1466 2220 cum
1494 2165 1690 2220 scribis
1721 2170 1776 2220 et
1813 2165 2056 2219 seniori-

425 2261 532 2315 bus
563 2259 818 2314 dicebant
852 2275 866 2313 :
895 2258 1045 2312 Alios
1076 2259 1252 2312 salvos
1277 2258 1428 2326 fecit,
1461 2259 1708 2328 seipsum
1734 2275 1850 2313 non
1878 2263 2061 2329 potest

429 2355 644 2410 salvum
673 2353 869 2407 facere.
904 2352 957 2406 Si
1002 2368 1102 2406 rex
1143 2352 1307 2406 Israel
1343 2357 1442 2421 est,
1473 2353 1774 2407 descendat
1813 2367 1964 2406 nunc
1990 2352 2058 2406 de

429 2435 613 2514 cruce,
659 2451 714 2502 et
759 2445 1042 2501 credimus
1086 2447 1156 2500 ei.
1189 2446 1432 2501 Contidit
1459 2445 1520 2500 in
1559 2446 1828 2515 Domino;
1859 2445 2062 2500 liberet

427 2558 582 2596 nunc
617 2557 746 2596 eum
781 2541 827 2595 si
868 2541 1006 2594 vult.
1041 2539 1193 2595 Dixit
1221 2540 1375 2594 enim
1418 2539 1552 2612 quia
1581 2540 1752 2594 Filius
1783 2539 1880 2594 Dei
1910 2555 2056 2594 sum.

429 2635 681 2706 Idipsum
705 2639 894 2689 autem
925 2640 980 2690 et
1006 2651 1154 2688 unus
1181 2636 1250 2689 de
1284 2635 1372 2688 his
1398 2633 1495 2706 qui
1534 2634 1857 2705 pendebant
1885 2633 2057 2688 latro-

427 2731 598 2787 nibus
626 2727 1054 2801 blasphemabat
1079 2721 1231 2798 eum,
1261 2728 1452 2783 dicens
1483 2745 1496 2782 :
1527 2727 1582 2784 Si
1609 2733 1672 2783 tu
1699 2745 1756 2782 es
1783 2727 2056 2796 Christus,

430 2827 649 2880 salvum
693 2825 779 2878 fac
817 2823 1184 2894 temetipsum
1209 2827 1265 2878 et
1304 2840 1423 2878 nos.
1465 2822 1828 2893 Respondens
1871 2827 2060 2876 autem

429 2919 570 2974 alter
592 2917 919 2989 increpabat
945 2934 1098 2984 eum,
1128 2915 1320 2972 dicens
1352 2934 1364 2970 :
1395 2917 1575 2979 Miser,
1605 2932 1788 2987 neque
1809 2920 1872 2970 tu
1897 2915 2062 2970 times

429 3013 630 3080 Deum,
671 3012 822 3082 quod
853 3011 912 3064 in
937 3011 1134 3064 eadem
1167 3011 1527 3065 damnatione
1557 3009 1642 3063 es!
1685 3011 1752 3064 Et
1789 3026 1893 3064 nos
1933 3010 2060 3080 qui-

433 3105 562 3160 dem
581 3105 754 3175 juste,
783 3120 916 3157 nam
937 3103 1108 3174 digna
1126 3103 1285 3158 factis
1306 3103 1630 3174 recipimus,
1655 3102 1746 3156 hic
1767 3120 1898 3158 vero
1917 3103 2061 3157 nihil

432 3198 574 3254 mali
604 3197 793 3271 gessit.
817 3199 883 3252 Et
908 3195 1126 3252 dicebat
1153 3198 1224 3252 ad
1243 3199 1466 3252 Jesum:
1493 3197 1750 3266 Domine,
1773 3203 2060 3253 memento
2083 3209 2137 3284 C

433 3293 566 3362 mei,
595 3309 726 3347 cum
749 3291 969 3346 veneris
997 3290 1056 3346 in
1083 3309 1330 3363 regnum
1357 3297 1542 3346 tuum.
1595 3293 1661 3345 Et
1688 3290 1831 3346 dixit
1857 3291 1940 3346 illi
1967 3294 2058 3348 Je-

432 3403 563 3444 sus:
595 3389 794 3456 Amen,
822 3402 991 3440 amen
1025 3385 1150 3441 dico
1192 3385 1313 3456 tibi,
1349 3385 1479 3458 quia
1507 3385 1672 3440 hodie
1699 3402 1924 3441 mecum
1953 3387 2062 3441 eris

430 3481 492 3538 in
519 3479 816 3554 paradyso.

432 3583 609 3633 Lectio
629 3581 792 3632 sancti
811 3581 1078 3646 Evangelii
1095 3583 1296 3696 23012::
1301 3596 1388 3696 ξιιαέ
1410 3582 1724 3645 Iohannem,
1743 3595 1856 3646 quae
1877 3581 2066 3646 legitur

509 3721 550 3770 A
578 3721 733 3771 sexta
761 3716 904 3770 hora
941 3715 1190 3770 tenebrae
1233 3716 1391 3772 factae
1432 3722 1564 3772 sunt
1602 3733 1773 3788 super
1807 3717 2068 3772 universa

437 3815 589 3866 terra
611 3825 792 3881 usque
817 3809 889 3863 ad
915 3809 1113 3863 horam
1127 3825 1360 3864 nonam.
1382 3811 1449 3864 Et
1467 3811 1614 3865 circa
1631 3812 1832 3866 horam
1855 3827 2066 3867 nonam

437 3903 696 3960 clamavit
719 3904 874 3957 Jesus
897 3919 1032 3957 voce
1061 3919 1274 3974 magna
1293 3904 1486 3958 dicens
1516 3921 1529 3958 :
1561 3906 1700 3974 Heli,
1733 3905 1871 3974 Heli,
1902 3907 2064 3960 lima-

441 3995 742 4052 sabactani.
777 3997 886 4050 Hoc
914 4002 1018 4064 est,
1049 3997 1194 4050 Deus
1233 4013 1414 4068 meus,
1444 3999 1588 4053 Deus
1614 4015 1805 4069 meus,
1835 4005 1900 4054 ut
1934 3999 2069 4072 quid

439 4090 785 4163 dereliquisti
853 4106 944 4144 me
963 4091 990 4144 ?
1055 4090 1294 4155 Quidam
1343 4097 1534 4147 autem
1581 4092 1695 4146 illic
1740 4098 1949 4148 stantes
1992 4095 2071 4149 di-

439 4185 641 4242 cebant
669 4202 681 4240 :
713 4184 928 4240 Heliam
957 4189 1116 4240 vocat
1159 4185 1283 4241 iste.
1327 4185 1607 4242 Continuo
1653 4203 1886 4242 currens
1921 4204 2070 4243 unus

439 4299 510 4338 ex
538 4281 638 4350 eis,
670 4284 958 4352 acceptam
985 4279 1280 4352 spongiam
1312 4279 1568 4352 implevit
1594 4285 1770 4351 aceto,
1802 4287 1858 4336 et
1887 4285 2072 4353 posuit

445 4375 544 4451 [in]
575 4375 873 4444 arundine,
909 4379 964 4429 et
986 4374 1154 4430 dabat
1191 4374 1242 4429 ei
1279 4374 1493 4430 bibere.
1532 4375 1714 4430 Ceteri
1751 4392 1882 4430 vero
1919 4377 2069 4432 dice-

439 4471 581 4527 bant
607 4487 621 4526 :
652 4471 799 4541 Sine,
827 4469 1115 4524 videamus
1143 4485 1216 4524 an
1244 4469 1431 4524 veniat
1455 4469 1635 4524 Helias
1654 4469 1898 4525 liberans
1917 4487 2069 4527 eum.

439 4569 597 4623 Jesus
635 4571 826 4620 autem
873 4563 1082 4619 iterum
1123 4565 1372 4618 clamans
1425 4579 1560 4619 voce
1607 4581 1836 4636 magna,
1887 4565 2150 4664 emisitD

445 4660 728 4732 spiritum.
757 4660 824 4711 Et
852 4673 975 4712 ecce
1001 4659 1188 4712 velum
1217 4658 1414 4730 templi
1457 4659 1692 4713 scissum
1729 4665 1812 4714 est
1847 4659 1908 4714 in
1937 4659 2074 4716 duas

445 4757 653 4828 partes,
679 4769 712 4806 a
735 4767 958 4805 summo
983 4767 1164 4823 usque
1198 4753 1492 4822 deorsum;
1523 4758 1578 4808 et
1615 4759 1764 4808 terra
1790 4758 1944 4808 mota
1969 4757 2072 4824 est,

447 4853 504 4906 et
521 4852 700 4921 petrae
731 4844 910 4898 scissae
940 4849 1091 4913 sunt,
1119 4849 1176 4899 et
1201 4852 1574 4902 monumenta
1603 4847 1796 4919 aperta
1823 4853 1954 4904 sunt
1977 4892 1990 4919 ,
2021 4854 2078 4904 et

447 4945 630 5002 multa
664 4955 898 5012 corpora
937 4942 1260 4993 sanctorum
1285 4941 1384 5010 qui
1420 4940 1770 4998 dormierant
1811 4961 2084 5001 surrexe-

447 5043 602 5096 runt.
629 5039 696 5092 Et
719 5039 990 5091 exeuntes
1029 5033 1098 5088 de
1133 5035 1515 5090 monumentis
1556 5043 1682 5107 post
1719 5041 2078 5096 resurrectio-

451 5149 584 5188 nem
609 5131 750 5202 ejus,
777 5133 1054 5184 venerunt
1077 5127 1136 5182 in
1161 5133 1410 5184 sanctam
1436 5129 1720 5187 civitatem
1745 5176 1759 5203 ,
1801 5141 1858 5190 et
1901 5153 2074 5207 appa-

453 5231 693 5282 ruerunt
721 5223 932 5277 multis.
961 5222 1227 5277 Centurio
1253 5229 1462 5294 autem,
1492 5229 1546 5279 et
1565 5225 1662 5296 qui
1684 5243 1814 5281 cum
1835 5245 1900 5283 eo
1920 5235 2081 5284 erant

455 5317 832 5376 custodientes
855 5317 1066 5386 Jesum,
1097 5317 1211 5371 viso
1241 5322 1404 5372 terra:
1433 5323 1594 5373 motu
1624 5323 1678 5373 et
1717 5321 1804 5374 his
1833 5339 1961 5393 quae
1987 5323 2080 5378 ﬁe-

453 5415 608 5481 bant,
657 5411 976 5466 timuerunt
1009 5408 1196 5480 'valdc,
1242 5411 1488 5467 dicentes
1527 5430 1540 5466 :
1591 5415 1726 5468 Vere
1771 5415 1868 5470 Dei
1913 5416 2082 5471 Filius

455 5513 578 5566 erat
603 5505 724 5560 iste.
755 5505 820 5558 Et
845 5503 1027 5558 omnis
1059 5504 1222 5558 turba
1251 5523 1472 5574 eorum,
1503 5507 1604 5579 qui
1631 5509 1798 5563 simul
1825 5509 2078 5578 aderant,

455 5609 511 5660 et
537 5600 801 5658 videbant
845 5615 972 5669 quae
1011 5597 1237 5666 ﬁebant,
1285 5602 1664 5671 percutientes
1708 5609 1932 5676 pectora
1984 5621 2084 5659 sua

525 5739 551 5768 ⁸
590 5738 794 5813 Eadem
823 5736 961 5790 item
1007 5732 1171 5788 lectio
1203 5734 1278 5788 ad
1315 5737 1480 5791 Sexta
1525 5737 1617 5806 (ita
1660 5741 1996 5813 scribebant)
2024 5741 2084 5798 in

459 5809 808 5868 Luxoviensi.

526 5882 554 5924 δ
585 5883 707 5936 Hmc
736 5879 903 5935 lectio
932 5877 1124 5934 deerat
1163 5875 1222 5932 in
1261 5877 1460 5933 Codice
1487 5880 1687 5934 mutilo
1725 5882 2079 5942 Luxoviensi.

2155 523 2344 594 longe.
2373 523 2546 578 Erant
2565 523 2720 576 enim
2743 523 2820 577 ibi
2840 526 2896 577 et
2913 523 3176 579 mulieres
3200 525 3414 594 multae,
3437 541 3566 596 quae
3580 530 3790 580 secutae

2157 622 2316 670 erant
2339 617 2526 670 Jesum
2554 633 2588 669 a
2615 617 2839 670 Galilaea
2863 659 2876 686 ,
2926 617 3307 672 ministrantes
3333 618 3384 671 ei
3415 635 3429 671 :
3473 619 3620 672 inter
3647 636 3794 690 quas

2157 715 2276 764 erat
2319 709 2486 764 Maria
2526 710 2874 781 Magdalene,
2921 717 2976 765 et
3015 712 3190 766 Maria
3229 712 3438 782 Jacobi,
3487 719 3542 767 et
3581 713 3792 784 Joseph

2155 807 2356 872 mater,
2390 807 2445 857 et
2475 808 2659 858 mater
2681 804 2927 859 filiorum
2949 805 3226 860 Zebedaei.
3251 805 3432 860 Judaei
3459 821 3616 878 ergo,
3653 823 3792 878 quo~

2155 900 2312 954 niam
2338 917 2632 971 parasceve
2661 907 2798 970 erat,
2844 909 2908 958 ut
2951 920 3068 958 non
3110 910 3470 960 remanerent
3515 906 3576 959 in
3621 922 3792 960 cruce

2155 1014 2389 1069 corpora
2414 999 2673 1069 Sabbato,
2703 1005 2823 1055 erat
2849 1001 2999 1056 enim
3019 1019 3260 1073 magnus
3281 1003 3400 1058 dies
3419 1003 3514 1058 ille
3535 1003 3786 1074 Sabbati,

2155 1097 2500 1162 rogaverunt
2527 1094 2789 1164 Pilatum,
2819 1101 2884 1150 ut
2911 1097 3314 1168 frangerentur
3351 1113 3548 1152 eorum
3581 1115 3748 1153 crura
3773 1143 3786 1164 ,

2156 1191 2211 1240 et
2235 1186 2586 1242 tollerentur.
2623 1189 2906 1244 Venerunt
2930 1206 3066 1262 ergo
3105 1191 3332 1258 milites,
3364 1195 3420 1245 et
3457 1193 3630 1263 primi
3657 1193 3786 1264 qui-

2157 1279 2286 1334 dem
2313 1280 2606 1352 fregerunt
2649 1299 2834 1352 crura,
2879 1287 2935 1338 et
2975 1284 3208 1339 alterius
3233 1285 3330 1356 qui
3361 1285 3660 1340 cruciﬁxus
3703 1291 3790 1341 est

2157 1390 2288 1428 cum
2316 1391 2402 1428 eo.
2430 1375 2512 1430 Ad
2537 1376 2728 1430 Jesum
2757 1381 2948 1432 autem
2969 1395 3100 1432 cum
3121 1378 3421 1450 venissent,
3448 1385 3503 1434 et
3521 1380 3786 1434 vidissent

2158 1483 2290 1521 eum
2311 1468 2436 1538 jam
2463 1473 2752 1524 mortuum
2771 1513 2784 1539 ,
2813 1487 2927 1525 non
2967 1472 3265 1542 fregerunt
3291 1473 3413 1543 ejus
3451 1489 3619 1528 crura
3647 1490 3662 1528 :
3690 1474 3788 1528 sed

2159 1581 2304 1618 unus
2329 1565 2574 1620 militum
2607 1567 2796 1622 lancea
2825 1569 2972 1623 latus
3000 1570 3122 1640 ejus
3149 1570 3392 1642 aperuit,
3422 1576 3478 1624 et
3518 1572 3791 1626 continuo

2158 1664 2330 1718 exivit
2357 1665 2586 1737 sanguis
2606 1671 2660 1721 et
2679 1683 2845 1739 aqua.
2871 1669 2936 1722 Et
2954 1668 3053 1739 qui
3077 1668 3236 1736 vidit,
3259 1668 3646 1724 testimonium
3667 1685 3796 1740 per-

2157 1757 2362 1828 hibuit,
2394 1765 2450 1813 et
2493 1776 2691 1814 verum
2735 1765 2820 1816 est
2863 1761 2985 1832 ejus
3029 1763 3437 1818 testimonium.
3477 1763 3544 1818 Et
3569 1763 3664 1817 ille
3689 1763 3800 1818 scit

2159 1852 2290 1923 quia
2321 1869 2454 1907 vera
2483 1853 2634 1922 dicit,
2664 1859 2729 1909 ut
2754 1860 2810 1909 et
2835 1871 2930 1908 vos
2957 1856 3216 1910 credatis.
3265 1857 3429 1912 Facta
3457 1863 3590 1912 sunt
3633 1858 3794 1911 enim

2159 1945 2280 2000 haec
2325 1951 2386 2001 ut
2428 1947 2714 2018 Scriptura
2757 1947 3100 2019 impleatur:
3135 1951 3206 2004 Os
3250 1950 3370 2021 ejus
3407 1967 3522 2004 non
3561 1951 3798 2005 commi-

2157 2040 2344 2094 nuetis
2381 2057 2448 2095 ex
2493 2057 2578 2096 eo.
2620 2043 2686 2096 Et
2715 2042 2924 2096 iterum
2962 2043 3070 2096 alia
3097 2043 3375 2114 scriptura
3401 2045 3536 2099 dicit
3575 2064 3590 2098 :
3621 2045 3794 2099 Vide-

2157 2133 2302 2189 bunt
2327 2135 2386 2188 in
2411 2151 2582 2206 quem
2607 2137 3028 2191 translixerunt.
3053 2139 3192 2192 Cum
3223 2155 3345 2192 sero
3370 2143 3558 2193 autem
3580 2139 3798 2194 factum

2161 2233 2322 2294 esset,
2353 2229 2509 2282 venit
2528 2229 2762 2300 quidam
2787 2231 2958 2284 homo
2980 2230 3134 2286 dives
3154 2231 3224 2285 ab
3246 2231 3538 2300 Arimatia,
3561 2233 3800 2288 nomine

2157 2321 2381 2392 Joseph,
2415 2322 2512 2392 qui
2541 2327 2596 2376 et
2623 2322 2740 2393 ipse
2770 2323 3077 2394 discipulus
3103 2330 3222 2379 erat
3248 2325 3398 2380 Jesu.
3439 2326 3536 2379 Hic
3563 2326 3802 2380 accessit

2160 2413 2228 2468 ad
2254 2414 2514 2484 Pilatum,
2545 2419 2600 2469 et
2623 2415 2789 2487 petiit
2813 2433 3017 2488 corpus
3043 2419 3188 2473 Jesu,
3213 2419 3367 2473 Tunc
3393 2419 3602 2473 Pilatus
3619 2419 3802 2490 jussit

2161 2507 2319 2561 reddi
2344 2525 2549 2579 corpus
2598 2509 2738 2580 ejus.
2789 2511 2949 2566 Venit
2973 2517 3166 2566 autem
3209 2517 3265 2566 et
3291 2512 3648 2582 Nicodamus,
3699 2513 3799 2583 qui

2159 2607 2392 2656 venerat
2413 2603 2483 2656 ad
2521 2603 2710 2657 Jesum
2741 2609 2902 2659 nocte
2942 2605 3196 2676 primum
3221 2649 3234 2676 ,
3267 2606 3452 2661 ferens
3479 2607 3800 2662 mixturam

2161 2711 2371 2750 murrae
2415 2701 2471 2750 et
2515 2697 2681 2766 aloes,
2732 2698 2896 2769 quasi
2932 2699 3102 2754 libras
3145 2705 3395 2755 centum.
3442 2705 3804 2772 Acceperunt

2162 2805 2298 2861 ergo
2323 2807 2526 2862 corpus
2546 2793 2695 2860 Jesu,
2722 2797 2778 2846 et
2795 2792 3116 2864 ligaverunt
3141 2810 3272 2848 eum
3297 2793 3486 2848 linteis
3509 2811 3645 2849 cum
3673 2811 3804 2850 aro-

2162 2885 2426 2954 matibus,
2461 2891 2516 2940 et
2542 2891 2854 2957 posuerunt
2880 2887 3022 2942 illud
3049 2887 3108 2942 in
3135 2895 3504 2943 monumento
3539 2905 3712 2958 novo,
3743 2890 3804 2944 in

2161 2993 2276 3048 quo
2305 2979 2564 3035 nondum
2595 2981 2898 3052 quisquam
2919 2982 3134 3052 positus
3153 2989 3296 3038 erat.
3319 2984 3386 3038 Et
3408 2984 3808 3054 adposuerunt

2162 3087 2361 3127 saxum
2391 3075 2666 3146 magnum
2681 3075 2750 3130 ad
2771 3075 3025 3130 hostium
3045 3077 3420 3146 monumenti,
3435 3083 3491 3132 et
3505 3077 3804 3132 abierunt.

2165 3167 2292 3221 Erat
2315 3173 2504 3222 autem
2533 3167 2612 3222 ibi
2639 3169 2809 3223 Maria
2839 3171 3182 3242 Magdalene,
3213 3175 3272 3226 et
3295 3171 3466 3226 altera
3490 3171 3688 3242 Maria,
3721 3188 3804 3226 se—

2162 3259 2357 3315 dentes
2382 3267 2578 3316 contra
2599 3263 2986 3335 sepulchrum.

2685 3403 2830 3454 DIE
2865 3405 3262 3458 SABBATO.

2889 3505 3068 3558 Mane.

2235 3593 2424 3648 Altera
2447 3597 2638 3650 autem
2666 3595 2755 3650 die
2781 3636 2794 3662 ,
2823 3611 2951 3668 quas
2981 3602 3066 3651 est
3089 3601 3217 3668 post
3255 3598 3596 3653 Parasceven
3621 3641 3638 3668 ,
3671 3615 3804 3654 con-

2166 3693 2443 3743 venerunt
2469 3688 2754 3760 principes
2793 3691 3152 3745 sacerdotum
3178 3695 3234 3746 et
3269 3691 3536 3746 Pharisaei
3562 3691 3630 3747 ad
3657 3693 3806 3748 Pila-

2165 3786 2308 3851 tum,
2341 3782 2589 3838 dicentes
2612 3799 2625 3837 :
2657 3783 2911 3855 Domine,
2935 3785 3209 3840 recordati
3233 3801 3450 3856 sumus,
3475 3787 3608 3858 quia
3635 3786 3804 3842 sedu-

2167 3880 2288 3930 ctor
2313 3875 2407 3931 ille
2433 3877 2572 3932 dixit
2595 3877 2779 3932 adhuc
2799 3879 3020 3934 vivens:
3038 3881 3166 3934 Post
3191 3883 3306 3935 tres
3329 3879 3448 3935 dies
3476 3897 3804 3954 resurgam.

2167 3969 2307 4024 Jube
2335 3987 2470 4043 ergo
2499 3973 2764 4027 custodiri
2809 3973 3134 4044 sepulcrum
3183 3990 3360 4046 usque
3405 3974 3466 4029 in
3509 3975 3668 4030 diem
3699 3983 3812 4031 ter-

2167 4065 2334 4134 tium,
2349 4081 2422 4120 ne
2441 4065 2584 4121 forte
2599 4067 2827 4122 veniant
2855 4067 3115 4138 discipuli
3139 4068 3284 4139 ejus,
3309 4073 3366 4123 et
3381 4068 3652 4124 furentur
3673 4087 3810 4126 eum

2169 4159 2329 4212 nobis
2355 4159 2786 4230 dormientibus,
2811 4167 2868 4216 et
2891 4161 3078 4216 dicant
3101 4161 3254 4233 plebi
3285 4179 3298 4216 :
3328 4163 3586 4219 Surrexit
3601 4181 3636 4218 a
3659 4182 3814 4220 mor-

2170 4253 2312 4322 tuis;
2342 4259 2398 4308 et
2437 4253 2546 4308 erit
2583 4255 2921 4310 novissimus
2959 4271 3118 4310 error
3155 4257 3316 4328 pejor
3341 4257 3540 4329 priori.
3571 4258 3668 4314 Ait
3697 4259 3816 4315 illis

2171 4347 2376 4402 Pilatus
2403 4365 2416 4402 :
2449 4348 2669 4404 Habetis
2689 4350 3026 4420 custodiam,
3051 4351 3148 4420 ite,
3171 4351 3446 4408 custodite
3465 4351 3614 4408 sicut
3633 4353 3815 4409 scitis.

2175 4443 2256 4497 Illi
2281 4447 2472 4498 autem
2497 4429 2768 4498 abeuntes
2789 4445 3122 4499 munierunt
3143 4445 3488 4516 sepulcrum,
3511 4446 3822 4518 signantes

2171 4537 2418 4608 lapidem
2439 4554 2570 4592 cum
2596 4537 2942 4594 custodibus.

2572 4641 2758 4708 Incipit
2783 4645 2954 4710 precis
2993 4645 3058 4695 de
3087 4646 3273 4696 eodem
3297 4646 3398 4696 die.

2247 4735 2495 4790 lnsidiati
2535 4741 2666 4790 sunt
2712 4736 2856 4790 mihi
2895 4737 3200 4792 adversarii
3247 4737 3358 4792 mei
3403 4738 3583 4808 Magis
3611 4741 3818 4810 gratis.

2175 4831 2256 4884 Tu
2297 4832 2460 4884 Pater
2501 4834 2690 4884 sancte
2737 4831 3043 4902 miserere,
3093 4836 3150 4886 et
3190 4831 3368 4887 libera
3393 4847 3506 4887 me.
3549 4833 3826 4890 Portatus

2173 4940 2322 4993 sum,
2355 4927 2418 4978 ut
2451 4941 2634 4996 agnus
2677 4925 2964 4994 innocens,
3007 4925 3078 4980 ad
3121 4925 3442 4995 victimam;
3489 4931 3706 4999 captus
3753 4929 3826 4983 ab

2177 5019 2437 5087 inimicis,
2467 5024 2532 5074 ut
2553 5018 2668 5074 avis
2695 5019 2754 5073 in
2779 5019 3108 5090 muscipola.
3137 5021 3282 5092 Mag.
3317 5033 3359 5074 ο.

2247 5117 2606 5186 Aperuerunt
2631 5129 2825 5168 omnes
2853 5131 2950 5167 ora
2995 5131 3096 5169 sua
3138 5121 3332 5170 contra
3375 5131 3510 5170 me:
3549 5115 3838 5174 dentibus

2177 5210 2551 5277 fremuerunt,
2581 5213 2901 5280 quaerentes
2928 5207 3207 5279 deglutire
3239 5225 3352 5264 me.
3379 5208 3694 5266 Sibilantes
3719 5213 3839 5268 cla-

2181 5304 2430 5373 mabant,
2462 5309 2517 5358 et
2555 5302 2855 5357 movebant
2897 5303 3108 5374 capita,
3137 5309 3440 5359 tractantes
3465 5303 3536 5358 de
3569 5320 3672 5360 me
3703 5323 3844 5377 pro-

2179 5397 2327 5454 ferre
2353 5397 2558 5452 falsum
2585 5397 2994 5452 testimonium.
3017 5398 3160 5469 Mag.

2253 5513 2598 5582 Suspensum
2633 5527 2798 5566 cruce
2843 5511 3112 5566 damnant
3157 5509 3336 5566 ﬁxum
3384 5511 3553 5565 clavis
3595 5511 3844 5582 ferreis,

2183 5607 2476 5662 venditum
2500 5623 2533 5659 ει
2556 5605 2760 5661 Ιηὰωἱε
2779 5611 3014 5678 propter
3037 5605 3270 5678 triginta
3295 5611 3620 5677 argenteos.
3665 5609 3740 5664 In
3767 5610 3848 5665 la-

2256 5765 2284 5800 c
2325 5739 2599 5815 Repetitio
2628 5747 2708 5797 est
2752 5741 3010 5796 versiculi
3055 5741 3256 5815 primi,
3287 5743 3474 5815 Magis
3510 5747 3740 5815 gratis,
3783 5753 3842 5802 tu

2188 5811 2569 5942 Patertisgincte,
2598 5822 2727 5886 etc.,
2756 5830 2884 5887 qua:
2913 5811 3175 5886 repetitio
3203 5813 3418 5887 pluries
3443 5811 3510 5870 fit
3539 5813 3600 5870 in
3629 5831 3844 5874 conse-

2184 5901 2336 5960 quen
2421 5901 2504 5942 us.
