3982 6190
197 331 266 386 $97
615 320 1225 380 SACRAMENTARIUM
1262 324 1707 380 GALLICANUM.
1754 353 1820 364 -—
1860 325 2224 381 LECTIUNES
2263 327 2352 384 DE
2388 330 2699 387 ADVENTU
2742 327 2994 388 DOMlNl.

3388 331 3489 388 498

190 449 279 499 tere
301 435 534 495 confusus
561 434 746 509 gladio
783 435 1093 492 honorifico
1114 449 1159 508 ι,
1191 436 1303 493 illic
1333 436 1567 494 conﬂuit
1611 455 1756 512 aqua
1779 448 1836 522 Α
1856 439 1914 496 in
1942 446 2158 498 sanctos
2188 446 2243 498 et
2268 443 2442 524 hujus
2467 446 2658 501 saeculi
2685 463 2961 518 pauperes
2987 446 3162 504 effusa
3186 445 3410 521 largitio
3429 444 3491 504 in

189 547 286 588 cum
307 526 558 600 sanguine
583 526 795 580 inoxio.
825 527 970 598 Mag.

238 624 416 680 Omnes
439 621 852 676 inundaverant
877 621 1021 676 sicut
1055 638 1201 694 aqua
1225 639 1395 694 super
1422 639 1515 678 me
1542 624 1754 681 dimer-

185 734 280 774 sum
301 717 352 772 in
376 716 706 788 sepulcrum,
737 715 1119 786 adposuerunt
1141 717 1408 787 lapidem.
1443 719 1588 790 Mag.

236 810 454 878 Intende,
481 808 572 881 pie
596 810 781 878 Pater,
805 813 861 864 et
885 826 1145 865 succurre
1165 811 1402 878 miseris,
1425 829 1529 883 pro
1549 812 1756 884 quibus

185 911 269 961 tam
299 907 323 946 δ
343 903 543 959 acerbis
565 903 806 975 adﬂigor
833 903 1143 975 suppliciis.
1170 905 1341 976 Magis
1369 906 1542 978 gratis
1568 911 1632 962 tu
1660 909 1757 962 Pa-
1791 943 1801 948 -

181 1006 244 1056 ter
269 1005 436 1054 sancte
461 1015 536 1053 ω.
572 999 614 1053 l.

602 1096 730 1144 ltem
759 1095 858 1145 alia
876 1095 940 1145 de
969 1095 1152 1147 eadem
1178 1095 1282 1146 die.

232 1181 362 1248 Vide,
389 1179 641 1250 Domine,
665 1181 1048 1237 humilitatem
1069 1199 1255 1237 meam
1280 1182 1412 1254 quia
1437 1188 1656 1239 erectus
1677 1188 1761 1241 est

178 1276 410 1332 inimicus.
440 1275 719 1342 Miserere,
746 1276 910 1330 Pater
943 1275 1118 1346 juste,
1161 1280 1218 1331 et
1264 1276 1529 1332 omnibus
1568 1278 1757 1334 indul-

178 1371 380 1442 gentiam
407 1370 571 1424 dona.

225 1469 260 1519 Α
283 1465 427 1518 Patre
455 1463 661 1518 missus
687 1463 814 1518 veni
854 1463 1100 1534 perditos
1125 1463 1416 1535 requirere
1440 1507 1454 1533 ,
1502 1469 1558 1520 et
1601 1465 1760 1520 hoste

173 1558 427 1628 captivatos
448 1557 724 1629 sanguine
746 1557 1042 1614 redimere.
1072 1558 1233 1612 Plebs
1264 1558 1386 1614 dira
1412 1557 1618 1630 abjecit
1643 1576 1757 1615 me.

173 1651 404 1719 Miserere,
433 1653 600 1706 Pater
623 1651 798 1722 juste.

225 1745 505 1800 Praedictus
535 1763 566 1799 a
591 1745 884 1817 prophetis
907 1750 1073 1800 natus
1099 1762 1225 1800 sum
1253 1762 1323 1801 ex
1352 1747 1585 1819 Virgine
1615 1763 1628 1802 :
1660 1748 1761 1802 ad-

176 1839 348 1911 sumpsi
373 1840 616 1894 formam
650 1839 792 1895 servi
827 1839 1106 1911 dispersos
1146 1840 1444 1911 colligere;
1492 1844 1762 1897 venantes
1783 1824 1840 1896 Β

175 1937 403 2004 ceperunt
425 1949 545 1989 me.

223 2027 337 2081 Mihi
360 2043 459 2098 pro
487 2027 659 2082 bonis
685 2027 834 2081 mala
862 2027 1079 2082 reddita
1106 2033 1238 2083 sunt
1261 2028 1511 2100 plurima
1535 2046 1548 2083 :
1571 2030 1764 2086 adver-

170 2137 238 2174 sus
261 2137 339 2176 me
364 2121 563 2192 iniqua
592 2117 870 2176 dederunt
904 2121 1167 2187 consilia,
1200 2123 1460 2178 venditus
1498 2124 1758 2194 pecunia.

224 2215 462 2285 Spineam
494 2231 763 2270 coronam
802 2218 1114 2287 posuerunt
1139 2216 1327 2287 capiti,
1357 2217 1534 2288 sputis
1578 2217 1758 2272 sordi-

170 2309 325 2363 datum
347 2309 670 2365 inluserunt
695 2309 888 2380 impie,
920 2308 1209 2364 adﬂictum
1235 2311 1555 2366 crudeliter.

217 2404 335 2457 Cum
357 2403 544 2458 noxiis
569 2403 878 2458 latronibus
915 2420 1215 2474 suspensus
1254 2405 1537 2476 patibulo,
1567 2422 1758 2460 amaro

168 2495 261 2551 cibo
286 2504 463 2568 pastus
491 2502 554 2552 et
581 2497 781 2552 acerbo
806 2498 1031 2568 poculo,
1060 2498 1297 2553 traditus
1321 2499 1628 2570 suppliciis.

218 2591 340 2654 Quos
363 2591 491 2647 veni
520 2591 763 2646 liberare
792 2597 1193 2646 accusaverunt
1222 2609 1333 2661 me,
1365 2593 1601 2664 ﬂagellis
1628 2610 1756 2649 ver-

167 2683 382 2740 beratum
408 2685 570 2742 cruci
609 2685 928 2741 adﬁxerunt
956 2702 1049 2741 me
1089 2703 1102 2741 :
1141 2687 1330 2741 lancea
1361 2692 1761 2758 percussertmt

171 2793 257 2833 me.

216 2872 422 2928 Dimitte
451 2873 566 2928 illis
591 2890 820 2942 noxam,
862 2875 1023 2928 Pater
1046 2873 1480 2943 clementissime
1509 2891 1522 2929 :
1557 2879 1760 2930 cuncta

164 2965 260 3020 dele
284 2972 531 3039 peccata,
566 2971 622 3023 et
663 2967 856 3023 relaxa
893 2967 1162 3038 crimina,
1193 2969 1460 3040 ignorant
1497 2969 1635 3041 quid
1673 2970 1757 3024 fa-

163 3060 306 3116 ciunt.

294 3182 565 3223 INCIPIUNT
605 3180 902 3221 ORATIONES
941 3183 998 3220 IN

215 3336 346 3390 lnter
382 3335 580 3407 prima
631 3257 975 3389 celebrandis;
1015 3335 1236 3390 Pascha;
1266 3335 1576 3406 sollemnia,
1606 3340 1760 3391 voto-

159 3443 260 3482 rum
286 3427 632 3484 consecratio
676 3444 745 3484 ex
776 3427 1086 3500 gratiarum
1125 3429 1342 3484 actione
1385 3434 1569 3485 sumat
1597 3447 1763 3485 exor-

158 3520 318 3578 dium:
348 3529 410 3578 ut
441 3539 680 3595 passum
706 3527 761 3577 et
787 3521 1144 3576 immolatum
1171 3540 1274 3595 pro
1299 3522 1460 3578 nobis
1477 3523 1764 3579 Christum

157 3617 428 3685 credentes,
462 3621 523 3672 et
555 3617 696 3670 sacri
723 3615 1023 3672 ministerii
1052 3616 1369 3689 principem
1410 3617 1760 3688 conﬁtentes,

157 3725 365 3766 00115000
389 3728 487 3767 ore
519 3727 952 3782 prosequamur.

157 3807 203 3856 Π.
235 3809 522 3874 Οηιίοίρτο
556 3809 748 3874 bisqui
767 3808 1122 3874 custodiarum
1150 3807 1372 3858 vinculis
1394 3811 1445 3858 et
1468 3807 1763 3873 captivitate

383 3871 610 3932 detenti,
639 3871 833 3921 Pascha
864 3871 1113 3921 interesse
1140 3885 1247 3920 non
1271 3875 1502 3934 possunt.

206 3956 290 4011 Dei
336 3959 520 4013 Patris
574 3957 975 4028 omnipotentis
1027 3956 1414 4024 clementiam,
1469 3957 1761 4026 carissimi,

151 4047 514 4121 deprecemur,
548 4055 614 4105 ut
637 4067 730 4105 eos
759 4067 898 4122 quos
917 4049 1139 4105 invidus
1155 4050 1410 4105 diabolus
1429 4050 1765 4122 captivitatis

153 4145 344 4199 servitio
381 4145 622 4217 premit,
671 4145 768 4198 Dei
815 4143 992 4198 nostri
1034 4143 1420 4198 misericordia
1463 4144 1522 4198 in
1553 4147 1764 4199 statum

151 4236 427 4304 pristinum
457 4239 900 4309 libertatemque
927 4237 1246 4292 constituat.

304 4336 386 4385 Ill.
423 4337 532 4386 Pro
565 4335 920 4385 sacerdotibus
949 4349 1009 4385 ac
1037 4333 1285 4384 ministris
1305 4334 1576 4385 Ecclesiae.

205 4419 368 4476 Deum
396 4439 462 4476 ac
493 4422 809 4476 Dominum
839 4425 1096 4476 nostrum
1129 4422 1320 4476 Jesum
1347 4421 1633 4476 Christum
1658 4437 1763 4492 pro

146 4515 507 4570 sacerdotibus
536 4532 600 4569 ac
626 4514 901 4569 ministris
930 4514 1189 4569 Ecclesia:
1215 4515 1572 4582 suae,'fratres
1598 4515 1764 4569 caris-

144 4603 269 4675 simi,
287 4607 581 4681 supplices
600 4609 975 4680 deprecemur
1009 4624 1022 4661 :
1052 4612 1116 4662 ut
1135 4607 1374 4679 ingressi
1403 4607 1602 4663 Sancta
1630 4625 1759 4662 san-

144 4698 356 4766 ctorum,
380 4699 680 4770 totiusque
705 4696 1006 4769 participes
1031 4697 1242 4765 altaris,
1269 4696 1607 4768 spiritalium
1630 4715 1760 4769 gra-

146 4786 325 4845 tiarum
349 4791 520 4846 donis
547 4790 1003 4862 abundantiaque
1039 4789 1373 4845 multimoda
1420 4790 1760 4861 repleamur.

661 4888 748 4936 IV.
782 4889 881 4937 Pro
915 4887 1234 4950 Virginibus.

199 4974 364 5029 Deum
426 4977 660 5029 Patrem
703 4973 1170 5045 omnipotentem,
1211 4973 1414 5028 fratres
1466 4973 1761 5043 carissimi,

140 5069 396 5139 supplices
417 5084 684 5123 oremus:
705 5073 770 5122 ut
788 5067 848 5121 in
868 5067 1133 5122 fratribus
1152 5083 1215 5120 ac
1233 5067 1516 5122 sororibus
1536 5067 1760 5135 nostris,

139 5160 218 5229 qui
243 5167 501 5216 sanctam
533 5165 587 5214 et
614 5160 862 5214 maxime
893 5159 1293 5231 acceptabilem
1325 5161 1436 5215 Deo
1462 5160 1760 5232 virginita-

136 5257 233 5306 tem
261 5256 567 5321 dicarunt,
596 5253 763 5308 bona;
802 5256 1134 5324 conceptum
1177 5255 1383 5309 mentis
1407 5254 1761 5326 propositum

137 5347 392 5419 tenentes,
425 5347 783 5402 immaculati
812 5347 1034 5418 jugiter
1060 5353 1441 5418 perseverent.

404 5445 473 5493 V.
515 5445 618 5493 Pro
645 5443 726 5493 his
759 5443 847 5507 qui
883 5444 1239 5508 eleemosynas
1268 5445 1479 5496 faciunt.

193 5531 366 5586 Deum
388 5532 625 5585 Patrem
646 5529 1050 5585 misericordiae
1071 5531 1398 5602 suppliciter
1419 5547 1644 5586 oremus
1667 5547 1679 5586 :
1700 5536 1765 5586 ut

1045 3182 1208 3221 VlGlLl
1213 3182 1261 3221 IS
1297 3182 1508 3221 PASCHE
1544 3179 1586 3220 ο.

191 5663 214 5747 ξ
241 5665 488 5747 ἑθερρά
499 5680 598 5746 um
627 5667 901 5747 confossus
933 5666 1118 5746 gladio
1148 5666 1413 5747 horriﬁco.

191 5733 216 5772 δ
240 5733 537 5808 Scribitur
562 5735 619 5790 in
648 5733 992 5808 exemplari,
1021 5739 1254 5803 acervis,
1296 5733 1353 5790 et
1387 5750 1586 5804 supra,
1629 5736 1760 5789 sivi-

130 5806 306 5872 lantes,
335 5813 397 5863 et
427 5807 552 5862 alia
575 5808 798 5863 similia.

192 5890 211 5916 ο
245 5878 596 5952 Hujusmodi
620 5879 897 5938 orationes
925 5878 1158 5936 totidem
1189 5879 1292 5935 hac
1321 5877 1409 5935 die
1435 5877 1496 5934 in
1535 5875 1763 5933 Gothico

1857 536 2161 591 caelestium
2187 538 2509 594 divitiarum
2538 557 2672 612 opes
2698 541 2918 607 reﬂuat,
2952 547 3007 597 et
3034 544 3344 601 carnalium
3365 564 3492 619 par-

1856 629 2105 702 ticipatio
2154 633 2473 689 societatem
2528 635 2704 706 possit
2756 652 3061 692 munerum
3112 638 3489 710 spiritualium

1857 725 2190 795 promereri.

2198 820 2283 870 VI.
2319 821 2534 871 Oremus
2559 837 2654 887 pro
2683 824 3149 888 peregrinantibus.

1928 899 2249 955 Caelestium
2278 907 2334 957 et
2368 903 2720 958 terrestrium
2750 907 2929 960 Deum
2956 907 3184 962 Patrem
3211 909 3493 980 supplices

1859 991 2232 1061 deprecemur
2257 1010 2271 1045 :
2301 996 2366 1046 ut
2393 1008 2588 1047 omnes
2615 993 2818 1048 fratres
2846 999 3086 1065 nostros,
3116 997 3214 1067 qui
3242 1000 3494 1070 peregri-

1858 1083 2152 1138 nationum
2198 1083 2620 1140 necessitatibus
2658 1087 2968 1158 subjacent,
3006 1090 3256 1160 potentia
3293 1093 3491 1150 auxilii

1861 1177 1946 1232 sui
1971 1181 2238 1249 protegat
2272 1182 2441 1251 atque
2467 1180 2750 1236 defendat.

2422 1283 2531 1331 Vll.
2567 1285 2668 1332 Pro
2701 1284 2926 1346 aegrotis.

1934 1367 2214 1423 Universae
2244 1368 2438 1422 salutis
2465 1369 2772 1424 Dominum
2794 1370 3163 1441 deprecemur
3183 1390 3286 1444 pro
3312 1374 3496 1432 fratri.

1859 1461 1966 1514 bus
1995 1466 2050 1516 et
2083 1462 2368 1516 sororibus
2393 1463 2623 1532 nostris,
2653 1463 2752 1535 qui
2780 1465 3091 1520 secundum
3121 1466 3302 1522 carnis
3330 1467 3490 1523 inﬁr-

1863 1554 2118 1609 mitatem
2136 1555 2369 1610 diversis
2382 1556 2788 1627 aegritudinum
2803 1563 3075 1614 vexantur
3088 1559 3492 1618 incommodis:

1864 1651 1926 1702 ut
1951 1649 1997 1702 is
2027 1650 2125 1720 qui
2153 1651 2302 1704 solus
2329 1654 2532 1721 potest,
2557 1666 2660 1722 pro
2674 1668 2773 1706 sua
2793 1651 2998 1722 pietate
3018 1653 3284 1710 omnibus
3302 1656 3492 1712 adesse

1864 1742 2150 1814 dignetur.

2334 1815 2465 1865 VIII.
2503 1817 2600 1866 Pro
2629 1815 3018 1867 Pcenitentibus.

1934 1900 2110 1954 Deum
2137 1900 2257 1970 spei
2281 1905 2510 1970 nostrae,
2531 1901 2733 1957 fratres
2758 1901 3052 1971 carissimi,
3076 1903 3487 1975 deprecemur:

1862 1997 1925 2048 ut
1950 1998 2241 2049 temerata:
2269 1995 2664 2066 praeceptionis
2692 2011 2838 2065 reos,
2867 2012 3120 2051 reversos
3142 1996 3202 2052 in
3231 1997 3384 2054 viam
3407 2014 3493 2056 re-

1862 2092 2032 2155 ctam,
2062 2087 2132 2141 ab
2162 2093 2390 2159 aspectu
2415 2088 2730 2143 serenitatis
2756 2106 2874 2144 suae
2909 2106 3024 2144 non
3048 2090 3282 2161 rejieiat,
3310 2107 3496 2164 neque

1861 2181 1920 2235 in
1945 2181 2189 2236 adventu
2219 2198 2318 2236 suo
2341 2199 2374 2236 a
2398 2182 2562 2253 regni
2589 2182 2824 2238 caelestis
2841 2183 3019 2254 janua
3035 2183 3494 2242 condemnandos

1862 2275 2138 2330 excludat.

2314 2346 2396 2396 IX.
2428 2347 2526 2396 Pro
2561 2346 2752 2396 unitate
2772 2345 3038 2398 Ecclesite.

1933 2433 2220 2486 Bonorum
2245 2433 2504 2486 omnium
2531 2433 2767 2501 fontem,
2795 2439 3082 2490 auctorem
3107 2435 3375 2490 humanm
3403 2453 3494 2492 sa-

1861 2524 1995 2579 lutis
2042 2525 2347 2581 Dominum
2388 2527 2760 2598 deprecemur
2789 2545 2803 2582 :
2836 2531 2902 2582 ut
2932 2528 3204 2584 unitatem
3240 2530 3500 2586 Ecclesias

1861 2619 2182 2674 inviolatam
2213 2620 2491 2674 custodire
2519 2621 2808 2691 dignetur,
2843 2627 2903 2676 ut
2927 2622 2987 2676 in
3019 2624 3288 2694 praesenti
3316 2629 3498 2694 prote-

1863 2713 2126 2781 ctionem,
2156 2719 2212 2768 et
2237 2712 2295 2768 in
2319 2713 2512 2768 futuro
2537 2715 2802 2785 perennis
2831 2716 2958 2770 vitae
2985 2716 3266 2788 stipendia
3295 2733 3495 2773 conse-

1861 2807 1961 2880 qui
1989 2823 2331 2862 mereamur.

2249 2905 2308 2954 X.
2347 2907 2448 2956 Pro
2473 2919 2603 2971 pace
2628 2906 2807 2971 populi
2831 2910 2884 2956 et
2909 2921 3111 2972 regum.

1932 2992 2113 3046 Deum
2156 3000 2219 3045 ac
2264 2991 2479 3062 Regem
2520 2991 2793 3047 universae
2830 2991 3165 3048 conditionis
3190 2993 3496 3071 Dominum

1860 3085 2187 3158 suppliciter
2212 3101 2439 3140 oremus
2469 3102 2482 3140 :
2511 3091 2576 3140 ut
2602 3087 2831 3158 regibus
2849 3104 2911 3141 ac
2939 3086 3305 3159 potestatibus
3324 3089 3496 3160 hujus

1783 3201 1837 3274 ρ
1864 3178 2084 3245 mundi,
2113 3196 2423 3251 eorumque
2445 3179 2737 3250 ministris,
2752 3181 3070 3254 supplicem
3091 3181 3242 3237 inter
3267 3198 3326 3236 se
3347 3198 3499 3237 amo-

1864 3289 1986 3328 rem
2015 3277 2071 3328 et
2101 3274 2463 3328 concordiam
2488 3274 2781 3346 largiatur.

2236 3376 2321 3424 XI.
2356 3377 2458 3424 Pro
2483 3375 2749 3439 spiritibus
2773 3375 3117 3438 pausantium.

1934 3462 2112 3514 Deum
2169 3462 2390 3515 Patrem
2434 3461 2905 3531 omnipotentem,
2958 3461 3158 3515 fratres
3198 3461 3494 3531 carissimi,

1864 3569 1966 3625 pro
1978 3554 2516 3608 commemoratione
2533 3554 2928 3609 defunctorum
2943 3554 3221 3626 supplices
3235 3571 3462 3610 oremus
3477 3572 3491 3610 :

1865 3652 1928 3701 ut
1951 3647 2160 3702 eisdem
2191 3647 2487 3717 Dominus,
2515 3646 2829 3703 adtenuatis
2873 3664 3000 3719 quae
3047 3647 3250 3702 merito
3295 3665 3496 3722 aspera

1865 3746 1995 3796 sunt
2026 3741 2207 3812 culpae
2241 3741 2503 3812 piaculis,
2543 3741 2978 3797 clementissime
3004 3741 3350 3797 remissionis
3376 3759 3494 3798 sua;

1864 3835 2160 3906 refrigeria
2183 3835 2478 3908 largiatur.

2328 3939 2434 3988 XII.
2467 3939 2564 3987 Pro
2591 3938 3023 4002 competentibus.

1937 4023 2037 4077 Dei
2061 4023 2238 4078 Patris
2265 4024 2712 4080 misericordiam
2733 4041 2836 4096 pro
2862 4024 3347 4096 competentibus,
3375 4025 3492 4079 fra-

1864 4121 1977 4171 tres
2005 4117 2309 4188 carissimi,
2353 4119 2633 4191 supplices
2663 4119 3052 4190 deprecemur,
3083 4123 3146 4173 ut
3183 4135 3276 4173 eos
3300 4118 3495 4172 Domi-

1863 4227 1970 4265 nus
2000 4212 2359 4283 omnipotens
2383 4214 2450 4268 ad
2468 4213 2683 4268 fontem
2698 4229 2812 4288 suae
2830 4211 3279 4283 regenerationis
3299 4214 3496 4267 euntes

1865 4305 2017 4360 omni
2043 4306 2279 4360 caelestis
2299 4306 2695 4362 misericordiae
2720 4305 2930 4361 auxilio
2948 4309 3346 4376 prosequatur.

2551 4408 2821 4457 Collectio.

1935 4490 2144 4542 Auctor
2186 4488 2568 4542 universitatis
2595 4505 2659 4542 ac
2688 4487 2919 4542 Domine
2954 4491 3009 4542 te
3042 4487 3410 4559 deprecamur
3439 4493 3496 4545 et

1780 4576 1839 4648 D
1863 4597 2208 4652 quaesumus,
2239 4587 2300 4636 ut
2327 4581 2689 4636 mortiﬁcatos
2729 4580 2970 4636 terrenis
2996 4580 3143 4636 vitiis
3181 4581 3240 4638 in
3278 4599 3491 4638 novum

1864 4674 2156 4729 hominem
2198 4674 2295 4730 tibi
2350 4675 2557 4730 servire
2605 4675 2832 4747 patiaris
2885 4692 2988 4748 per
3025 4682 3419 4748 resurgentem
3460 4693 3493 4732 a

1864 4769 2101 4823 mortuis
2127 4768 2429 4823 Dominum
2459 4773 2716 4824 nostrum
2741 4771 2932 4825 Jesum
2957 4769 3265 4826 Christum.

1936 4897 2248 4938 BENEDICTIO
2283 4899 2432 4937 CEREI
2472 4898 2656 4938 SANCTI
2695 4898 2978 4938 AUGUSTINI
3017 4898 3269 4950 EPlSCOPl,
3311 4898 3418 4938 CUI

2041 4969 2218 5008 ADHUC
2256 4970 2523 5009 DlACONUS
2565 4970 2741 5021 ESSET,
2781 4970 3006 5019 CEClNlT,
3047 4969 3229 5007 DICENS
3255 4953 3301 5006 (ι.

1939 5056 2160 5110 Exultet
2180 5055 2301 5126 jam
2328 5056 2580 5127 angelica
2605 5056 2773 5111 turba
2798 5055 3064 5109 caelorum
3093 5071 3106 5107 :
3131 5053 3388 5110 exultent
3413 5055 3494 5112 di-

1866 5151 1993 5204 vina
2020 5150 2306 5221 mysteria,
2336 5154 2391 5205 et
2415 5167 2520 5221 pro
2549 5149 2688 5204 tanti
2719 5149 2886 5220 Regis
2920 5148 3152 5203 victoria
3179 5149 3315 5203 tuba
3339 5148 3491 5206 into-

1864 5249 1960 5298 net
1987 5243 2293 5298 salvatoris.
2321 5243 2568 5299 Gaudeat
2593 5259 2651 5297 se
2680 5242 2850 5296 tantis
2884 5241 3036 5296 illius
3077 5242 3350 5298 inradiata
3378 5243 3492 5299 ful-

1867 5337 2115 5409 goribus,
2145 5336 2342 5391 aeterni
2368 5336 2537 5407 Regis
2555 5335 2847 5406 splendore
2874 5337 3128 5406 lustrata,
3152 5337 3323 5391 totius
3341 5338 3491 5392 orbis

1866 5447 1922 5486 se
1952 5432 2151 5486 sentiat
2181 5429 2432 5484 amisisse
2458 5427 2778 5500 caliginem.
2820 5430 3062 5486 Laetetur
3095 5437 3278 5487 mater
3315 5431 3495 5484 Eccle-

1865 5524 1944 5579 sia
1963 5525 2102 5580 tanti
2126 5523 2359 5579 luminis
2370 5527 2564 5578 ornata
2577 5522 2820 5595 fulgore,
2839 5528 2895 5580 et
2917 5525 3139 5596 magnis
3151 5522 3486 5596 populorum

1865 5661 2056 5734 itidem
2083 5660 2387 5734 habentur,
2415 5661 2511 5718 sed
2537 5662 2705 5734 paulo
2743 5661 2980 5718 diversae.
3014 5661 3084 5716 ab
3113 5659 3200 5714 his
3226 5672 3350 5728 quae
3380 5657 3486 5711 hoc

1865 5733 1984 5786 loco
2009 5732 2350 5787 referuntur.

1933 5804 1959 5844 ά
1991 5803 2144 5859 ldem
2170 5803 2364 5860 titulus
2400 5805 2458 5859 in
2493 5805 2745 5861 Gothico.
2769 5805 2937 5862 Multa
2961 5800 3053 5859 hic
3073 5797 3363 5869 mendosa,
3387 5800 3484 5856 sed

1865 5875 2036 5932 cuivis
2061 5874 2222 5932 facile
2245 5876 2616 5935 emendanda.
