3982 6190
402 333 507 388 499

404 537 606 594 fratres
631 535 922 605 carissimi,
949 535 1020 590 ad
1045 541 1162 592 tam
1187 535 1392 592 miram
1421 537 1595 592 sancti
1616 538 1786 610 hujus
1807 539 2037 594 luminis

317 667 324 674 -
405 632 716 688 claritatem
748 647 860 685 una
883 645 1128 698 mecum,
1149 647 1362 702 quaeso,
1381 631 1475 686 Dei
1494 633 1899 704 omnipotentis
1920 633 2034 688 mi-

408 725 766 781 sericordiam
793 725 1043 779 invocata
1063 743 1078 793 ;
1102 730 1166 779 ut
1191 725 1288 796 qui
1314 742 1416 779 nos
1445 726 1710 798 dignatus
1737 732 1820 782 est
1840 728 2038 799 adgre-

409 836 563 892 gare,
609 819 842 873 luminis
886 819 972 872 sui
1013 818 1256 890 gratiam
1299 819 1652 890 iufundente,
1683 821 1830 875 cerei
1868 823 2038 893 hujus

407 913 634 970 laudem
659 914 896 984 implere
919 914 1214 986 percipiat.
1238 915 1473 968 Sursum
1498 915 1686 970 corda.
1717 916 1968 987 Dignum
1985 919 2041 971 et

401 1009 622 1080 justum
648 1011 732 1061 est
754 1007 1092 1062 invisibilem
1123 1009 1448 1076 Dominum,
1477 1009 1923 1080 omnipotentem
1946 1013 2041 1065 Pa-

405 1107 574 1170 trem,
607 1101 923 1174 Filiumque
949 1102 1315 1174 unigenitum
1345 1103 1646 1158 Dominum
1673 1107 1934 1158 nostrum
1956 1106 2040 1160 Je-

408 1213 534 1252 sum
554 1197 862 1265 Christum,
895 1199 1015 1250 toto
1047 1197 1230 1252 cordis
1261 1213 1324 1252 ac
1351 1199 1560 1253 mentis
1581 1197 1784 1254 affectu
1810 1203 1866 1253 et
1893 1198 2038 1254 vocis

409 1290 727 1346 ministerio
771 1306 1094 1361 personare.
1142 1291 1248 1355 Qui
1291 1307 1394 1362 pro
1437 1291 1596 1346 nobis
1635 1297 1848 1346 aeterno
1891 1293 2041 1346 Patri

407 1385 542 1442 Adae
571 1383 825 1440 debitum
853 1383 1046 1452 solvit;
1077 1388 1132 1438 et
1155 1385 1358 1439 veteris
1375 1385 1578 1455 piaculi
1603 1385 1920 1440 cautionem
1941 1386 2039 1457 pio

409 1493 611 1536 cruore
640 1477 890 1532 detersit.
919 1478 1048 1532 Haec
1077 1483 1208 1533 sunt
1242 1479 1398 1534 enim
1439 1479 1580 1534 festa
1623 1479 1908 1533 Paschalia
1933 1521 1947 1548 ,
1983 1479 2042 1534 in

409 1572 618 1645 quibus
643 1587 808 1626 verus
847 1570 942 1626 ille
972 1575 1168 1643 Agnus
1211 1573 1505 1641 occiditur,
1551 1573 1785 1643 ejusque
1812 1573 2043 1644 sanguis

407 1665 666 1742 postibus
695 1670 1072 1732 consecratur,
1101 1666 1158 1720 in
1181 1683 1292 1737 qua
1313 1667 1564 1737 primum
1585 1666 1724 1722 scire
1742 1673 1967 1737 tempus
1988 1671 2044 1722 et

409 1761 630 1829 horam,
661 1761 721 1814 in
747 1776 860 1831 qua
872 1759 1126 1814 Christus
1146 1760 1216 1813 ab
1233 1760 1422 1814 inferis
1442 1761 1766 1816 resurrexit.
1790 1763 1918 1815 Haec
1931 1777 2042 1816 nox

413 1859 516 1924 est,
551 1855 620 1910 de
645 1871 756 1925 qua
781 1853 1052 1923 scriptum
1084 1859 1199 1908 est:
1234 1855 1302 1908 Et
1327 1871 1439 1909 nox
1457 1859 1522 1909 ut
1542 1855 1662 1910 dies
1687 1854 2045 1910 inluminabi-
2063 1837 2120 1912 B

411 1955 525 2018 tur,
554 1955 610 2005 et
633 1964 748 2004 nox
779 1948 1134 2002 inluminatio
1163 1963 1289 2003 mea
1333 1949 1392 2002 in
1420 1948 1637 2003 deliciis
1671 1949 1831 2004 meis.
1863 1950 2038 2020 Hujus

409 2043 590 2116 igitur
615 2042 980 2098 sanctiﬁcatio
1004 2042 1186 2096 noctis
1213 2043 1376 2114 fugat
1401 2044 1608 2096 scelera
1626 2085 1639 2109 ,
1662 2044 1851 2113 culpas
1878 2045 2042 2110 lavat,

415 2142 472 2192 et
495 2137 679 2193 reddit
705 2135 1086 2192 innocentiam
1105 2137 1290 2207 lapsis,
1323 2136 1536 2190 maestis
1557 2137 1814 2190 laetitiam
1843 2153 1856 2190 :
1887 2137 2048 2207 fugat

414 2230 559 2298 odia,
589 2230 944 2286 concordiam
969 2235 1132 2300 parat
1155 2273 1170 2298 ,
1201 2235 1258 2286 et
1283 2235 1476 2285 curvat
1503 2230 1760 2301 imperia.
1793 2231 1852 2284 In
1879 2229 2048 2299 hujus

415 2324 592 2396 igitur
615 2325 794 2379 noctis
838 2326 1078 2396 gratiam
1103 2325 1356 2395 suscipe,
1391 2328 1576 2379 sancte
1617 2325 1803 2392 Pater,
1837 2323 2050 2377 incensi

413 2417 588 2488 hujus
631 2418 966 2474 sacriﬁcium
1003 2419 1412 2490 vespertinum,
1458 2418 1609 2489 quod
1653 2417 1714 2471 in
1753 2417 1859 2471 hac
1905 2417 2050 2471 cerei

414 2511 695 2567 oblatione
723 2513 982 2568 sollemni
1008 2530 1114 2586 per
1139 2511 1532 2567 ministrorum
1553 2527 1754 2565 manus
1776 2511 1844 2566 de
1871 2511 2050 2582 operi-

412 2606 520 2661 bus
545 2623 719 2678 apum
757 2612 1104 2662 sacrosancta
1148 2605 1334 2662 reddit
1373 2606 1632 2660 Ecclesia.
1665 2605 1771 2660 Sed
1794 2605 1914 2677 jam
1954 2623 2048 2659 co-

412 2699 624 2756 lumnas
637 2701 808 2771 hujus
824 2699 1106 2772 praeconia
1128 2700 1410 2766 novimus,
1437 2716 1607 2771 quam
1637 2698 1694 2753 in
1713 2699 1933 2754 honore
1953 2699 2050 2754 Dei

414 2795 652 2852 rutilaus
691 2793 841 2865 ignis
877 2794 1151 2848 accendit.
1199 2793 1304 2858 Qui
1333 2792 1462 2847 licet
1506 2793 1714 2847 divisus
1743 2792 1802 2847 in
1839 2798 2048 2864 partes,

415 2888 661 2946 mutuati
689 2888 924 2942 luminis
941 2888 1278 2943 detrimenta
1304 2903 1418 2940 non
1439 2887 1614 2940 novit.
1635 2886 2054 2958 Aliturliquan—

417 2983 570 3039 tibus
600 2982 762 3048 ceris,
795 2998 936 3053 quas
973 2981 1032 3034 in
1072 2981 1382 3034 substantia
1417 2980 1684 3050 preciosm
1714 2980 1885 3050 hujus
1909 2980 2052 3034 lam-

418 3075 577 3150 padis
603 3075 723 3146 apis
749 3080 932 3128 mater
957 3074 1171 3128 eduxit.
1212 3074 1347 3144 Apis
1401 3073 1600 3127 ceteris
1644 3091 1770 3144 quae
1807 3074 2055 3144 subjecta

419 3171 550 3226 sunt
579 3167 804 3223 homini
829 3167 1212 3221 animantibus
1239 3165 1542 3232 antecellit,
1559 3183 1690 3220 cum
1719 3167 1791 3220 sit
1818 3167 2055 3222 minima

420 3261 669 3335 corporis
695 3262 988 3333 parvitate,
1006 3261 1266 3332 ingentes
1293 3259 1511 3314 animas
1536 3265 1776 3332 augusto
1792 3267 1974 3317 versat
1999 3263 2056 3316 in

419 3361 666 3432 pectore,
701 3355 916 3410 viribus
959 3354 1259 3422 inbecillis,
1307 3353 1402 3409 sed
1441 3354 1603 3408 fortis
1631 3354 1882 3425 ingenio.
1931 3357 2056 3410 Haec

422 3450 712 3522 explorata
736 3454 1060 3521 temporum
1084 3448 1222 3518 vice,
1239 3465 1370 3503 cum
1397 3447 1663 3503 canitiem
1687 3449 1957 3520 pruinosa
1975 3449 2058 3504 hi-

419 3545 594 3602 berna
619 3547 952 3616 posuerunt,
987 3549 1044 3598 et
1073 3542 1302 3616 glaciale
1346 3542 1569 3598 senium
1597 3543 1758 3597 verni
1785 3544 2055 3615 temporis

420 3639 709 3696 moderata
753 3638 1069 3707 deterserit,
1109 3637 1300 3692 statim
1343 3637 1658 3708 prodeundi
1704 3637 1775 3692 ad
1803 3638 2056 3693 laborem

424 3749 560 3788 cura
585 3731 908 3786 succendit:
934 3731 1313 3803 dispersaeque
1342 3748 1444 3802 per
1463 3747 1628 3803 agros
1655 3731 1906 3786 libratim
1927 3749 2060 3803 pau-

423 3824 605 3880 lulum
628 3823 918 3894 pinnibus,
951 3825 1209 3878 cruribus
1249 3824 1532 3896 suspensis
1576 3825 1849 3894 insidunt,
1900 3829 2060 3896 parte

427 3934 524 3972 ore
558 3917 748 3988 legere
791 3917 1070 3984 flosculos,
1103 3917 1346 3972 oneratis
1387 3917 1723 3972 victualibus
1768 3918 1837 3972 ad
1881 3921 2061 3973 castra

427 4013 718 4080 remeant;
749 4011 942 4081 ibique
969 4009 1093 4064 alite
1129 4010 1511 4065 inaestimabili
1538 4015 1677 4080 arte,
1718 4011 1945 4066 cellulas
1975 4017 2058 4066 te-

425 4103 552 4161 naci
580 4103 799 4177 glutino
829 4104 1134 4158 instruunt.
1165 4103 1302 4158 Alia:
1336 4104 1609 4176 liquentia
1637 4105 1806 4158 mella
1831 4105 2059 4176 stipant,

426 4198 550 4255 alia:
581 4202 808 4254 vertunt
835 4198 1002 4252 ﬂores
1029 4197 1086 4251 in
1112 4213 1328 4265 ceram,
1356 4197 1481 4252 aliae
1504 4214 1600 4254 ore
1627 4203 1786 4252 natos
1814 4199 2059 4270 fingunt,

425 4293 548 4349 aliae
573 4292 816 4348 collectis
843 4309 873 4348 e
901 4291 1051 4346 foliis
1087 4295 1280 4346 nectar
1321 4291 1636 4347 includunt.
1667 4293 1710 4348 Ο
1737 4308 1867 4346 vere
1903 4293 2064 4347 beata

427 4392 485 4444 et
513 4387 785 4443 mirabilis
812 4385 932 4458 apis
950 4429 964 4456 ,
994 4385 1156 4456 cujus
1181 4403 1286 4468 nec
1331 4402 1530 4440 sexum
1565 4386 1801 4440 masculi
1829 4385 2060 4455 violant,

428 4497 533 4536 nec
558 4480 658 4536 ﬁlii
688 4481 990 4536 destruunt
1015 4479 1330 4534 castitatem
1361 4497 1375 4534 :
1408 4480 1553 4534 sicut
1590 4484 1780 4535 sancta
1807 4479 2066 4551 concepit

430 4575 622 4642 Maria,
653 4574 813 4645 virgo
856 4573 1094 4646 peperit,
1144 4577 1199 4628 et
1248 4574 1409 4646 virgo
1457 4573 1788 4646 permansit.
1847 4574 1889 4628 Ο
1933 4580 2142 4654 vereD

433 4667 597 4721 beata
611 4683 724 4721 nox
743 4667 755 4720 l
780 4683 908 4738 quas
931 4667 1234 4738 expoliavit
1249 4667 1555 4740 Egyptios,
1573 4667 1767 4722 ditavit
1785 4667 2062 4722 Hebraeos.

433 4761 571 4826 Nox,
601 4760 660 4814 in
689 4777 802 4832 qua
826 4761 1066 4815 terrenis
1091 4761 1332 4816 caelestia
1350 4762 1694 4834 junguntur.
1723 4762 1960 4816 Oramus
1987 4766 2072 4832 te,

433 4853 692 4920 Domine,
719 4857 782 4907 ut
809 4869 1002 4908 cereus
1027 4853 1130 4908 iste
1153 4854 1214 4908 in
1237 4855 1520 4910 honorem
1550 4855 1804 4910 nominis
1831 4855 1910 4910 tui
1941 4872 2068 4909 con-

432 4951 701 5016 secratus,
731 4947 800 5002 ad
827 4946 1008 5001 noctis
1033 4947 1204 5018 hujus
1234 4948 1505 5018 caligines
1525 4949 1892 5005 destruendas
1915 4949 2068 5004 inde-

433 5041 624 5098 ticiens
651 5042 708 5096 in
735 5041 968 5096 odorem
997 5040 1287 5096 suavitatis
1321 5049 1580 5114 acceptus
1611 5043 1869 5114 supernis
1895 5043 2066 5098 lumi-

433 5133 664 5188 naribus
675 5133 995 5202 misceatur,
1012 5133 1379 5206 flammasque
1392 5135 1512 5206 ejus
1524 5135 1747 5190 Lucifer
1757 5135 2068 5191 matutinus

435 5227 704 5282 inveniat.
738 5227 833 5281 Ille
862 5227 1094 5300 inquam
1141 5229 1381 5298 Lucifer,
1427 5229 1526 5302 qui
1569 5229 1747 5284 nescit
1785 5247 2063 5286 occasum.

439 5321 533 5376 Ille
560 5321 658 5392 qui
683 5337 969 5392 regressus
993 5321 1061 5376 ab
1089 5322 1302 5392 inferis,
1333 5324 1585 5378 humano
1620 5324 1816 5394 generi
1837 5339 2068 5379 serenus

433 5413 658 5470 inluxit.
694 5415 997 5469 Precamur
1049 5433 1205 5488 ergo,
1261 5417 1516 5480 Domine,
1563 5419 1630 5471 ut
1676 5433 1779 5470 nos
1825 5417 2068 5472 famulos

433 5511 581 5578 tuos,
631 5523 860 5562 omnem
912 5509 1147 5582 clerum,
1189 5515 1245 5566 et
1298 5511 1724 5566 devotissimum
1767 5511 2064 5582 populum,

436 5601 623 5675 quiete
651 5605 974 5674 temporum
1002 5619 1291 5674 concessa,
1325 5605 1384 5658 in
1427 5605 1515 5660 his
1555 5603 1907 5676 paschalibus
1933 5619 2063 5658 cou-

436 5712 658 5752 servare
689 5695 962 5768 digneris.

507 5825 537 5859 ει
575 5811 728 5868 Idem
753 5810 950 5866 titulus
975 5809 1146 5866 etiam
1173 5811 1230 5866 in
1257 5811 1512 5882 Gothico,
1546 5813 1640 5870 sed
1672 5815 1952 5870 orationes
1978 5813 2063 5868 di-

437 5894 500 5932 ve
507 5894 610 5933 1⁸εῶ
619 5922 630 5936 ι

1259 333 1590 416 APPENDlX
1625 334 1715 389 AD
1751 335 1972 394 OPERA
2008 337 2061 392 S.
2103 338 2402 396 GERMANI
2439 341 2862 398 PARISIENSIS.

403 441 634 500 vocibus
680 441 801 498 haec
845 440 974 498 aula
1013 439 1266 498 resultet.
1312 442 1430 507 Qua
1472 442 1819 498 adstantibus
1855 443 2032 516 vobis,
2056 459 2116 532 Α

3661 349 3772 403 500

2513 467 2581 506 AD
2629 465 2993 508 CHRISTIANUI!
3033 467 3342 510 FACIENDUH
3362 462 3408 508 ⁸.

2211 555 2356 608 Deus
2381 553 2622 608 caritatis
2650 547 2821 609 totius
2863 555 3224 611 conﬂrmator
3257 560 3314 612 et
3349 556 3628 626 conditor,
3669 559 3772 632 qui

2139 647 2384 702 maculas
2411 648 2610 704 mundi
2629 653 2874 704 mortem
2899 650 3206 722 fugandam
3233 651 3434 716 fecisti,
3457 657 3512 708 te
3541 669 3772 708 oramus

2139 747 2196 796 et
2222 757 2566 813 quaesumus,
2593 746 2659 798 ut
2683 743 2960 798 custodias
2986 744 3234 799 animam
3261 745 3460 800 famuli
3483 746 3566 800 tui
3590 746 3670 802 ill.
3705 751 3774 802 ut

2139 836 2353 891 calcato
2403 837 2622 892 diabolo
2668 838 3004 893 conrobores
3029 855 3192 909 eum;
3219 842 3284 894 ut
3321 839 3492 910 primi
3521 841 3772 912 parentis

2140 930 2374 986 detersis
2398 931 2680 1002 tenebris,
2709 932 3080 988 christianum
3105 949 3312 989 nomen
3339 933 3449 988 ﬁde
3474 935 3768 1007 percipiat.

2761 1074 2770 1078 -
2823 1054 2948 1102 Item
2986 1054 3102 1103 alia.

2210 1147 2354 1199 Deus
2397 1145 2496 1215 qui
2535 1145 2754 1216 perdita
2799 1161 3047 1218 reparas,
3077 1150 3132 1200 et
3155 1149 3412 1217 reparata
3438 1163 3767 1218 conservas;

2141 1238 2290 1292 Deus
2317 1237 2412 1310 qui
2440 1239 2810 1310 opprobrium
2833 1239 3158 1312 gentilitatis
3177 1240 3400 1312 signare
3422 1241 3523 1296 sub
3539 1242 3774 1298 titulum

2141 1331 2386 1386 nominis
2411 1331 2496 1386 tui
2533 1333 2872 1406 praecepisti,
2901 1339 2966 1388 ut
2991 1334 3060 1387 ad
3097 1333 3314 1390 fontem
3344 1334 3609 1407 baptismi
3635 1353 3769 1408 per-

2142 1426 2334 1480 venire
2357 1432 2703 1482 mereantur.

2819 1517 2944 1566 Item
2975 1515 3090 1566 alia.

2215 1614 2451 1670 Domine
2483 1619 2669 1671 sancte
2694 1617 2858 1670 Pater
2876 1615 3230 1687 omnipotens
3250 1622 3459 1674 aeterne
3487 1619 3652 1688 Deus,
3677 1620 3778 1692 qui

2143 1709 2320 1764 fecisti
2346 1710 2546 1764 caelum
2587 1714 2643 1764 et
2669 1713 2900 1778 terram,
2942 1727 3092 1765 mare
3129 1713 3185 1765 et
3225 1711 3416 1766 omnia
3453 1729 3582 1785 qua:
3609 1713 3670 1768 in
3699 1713 3778 1768 eis

2146 1807 2308 1871 sunt;
2337 1803 2617 1874 respicere
2645 1804 2898 1875 digneris
2938 1804 3008 1858 ad
3049 1821 3241 1876 preces
3271 1806 3606 1861 humilitatis
3631 1823 3780 1862 mea:

2145 1913 2250 1968 pro
2291 1895 2508 1950 famulo
2547 1902 2647 1952 tuo
2687 1897 2791 1967 ill.,
2839 1914 2942 1969 per
2975 1898 3382 1954 invocationem
3421 1901 3670 1955 nominis
3697 1903 3781 1957 tui

2147 1989 2445 2045 conﬁrmes
2472 2007 2602 2044 eum
2625 2033 2637 2057 ,
2669 1991 2972 2047 inlumines
2995 1992 3212 2046 vultum
3254 1993 3516 2048 claritatis
3545 2000 3658 2050 tuae
3687 2013 3778 2050 su-

2147 2099 2251 2155 per
2293 2100 2444 2138 eum.
2494 2083 2829 2140 Benedicere
2858 2089 2914 2138 et
2947 2085 3288 2140 sanctiﬁcare
3317 2087 3566 2158 digneris
3591 2107 3607 2158 ;
3639 2087 3784 2144 sicut

2148 2175 2487 2232 benedixisti
2515 2178 2747 2232 domum
2777 2178 3083 2248 Abraham,
3117 2181 3282 2246 Isaac,
3317 2185 3372 2235 et
3395 2181 3581 2236 Jacob.
3615 2183 3782 2238 Adsi—

2153 2289 2263 2342 gna
2305 2272 2356 2326 ei
2400 2273 2670 2342 angelum
2717 2272 2886 2343 pacis,
2933 2273 3204 2344 angelum
3233 2274 3656 2344 misericordiae,
3689 2277 3786 2349 qui

2151 2381 2282 2420 eum
2311 2365 2580 2437 perducat
2609 2367 2680 2420 ad
2707 2366 2876 2420 vitam
2907 2369 3209 2435 aeternam,
3240 2369 3538 2439 adjuvante
3567 2369 3786 2441 Spiritu

2152 2463 2361 2526 sancto,
2391 2463 2448 2514 et
2467 2459 2534 2514 de
2559 2459 2813 2514 faucibus
2840 2459 3056 2515 inimici
3083 2461 3285 2516 liberes
3311 2479 3460 2530 eum,
3491 2467 3546 2517 et
3575 2479 3686 2535 per
3713 2465 3784 2520 si-

2155 2569 2334 2624 gnum
2366 2555 2494 2608 Jesu
2539 2552 2744 2608 Christi
2769 2559 2995 2626 tempus
3021 2555 3148 2610 vitm
3181 2572 3295 2610 sua:
3343 2555 3608 2628 religiose
3647 2575 3786 2614 con-

2154 2645 2327 2701 sistat.
2359 2647 2483 2700 Per.

2229 2778 2376 2831 Deus
2403 2777 2498 2849 qui
2528 2794 2606 2847 es,
2634 2779 2689 2832 et
2712 2778 2810 2850 qui
2837 2793 2991 2848 eras,
3025 2783 3082 2834 et
3107 2795 3402 2850 permanes
3431 2797 3606 2852 usque
3635 2781 3704 2838 in
3723 2781 3792 2838 ﬁ-

2154 2887 2288 2928 nem
2315 2871 2526 2940 seculi,
2557 2872 2719 2949 cujus
2746 2873 2906 2945 origo
2937 2873 3206 2942 nescitur,
3234 2890 3337 2930 nec
3367 2873 3494 2930 ﬁnis
3519 2891 3791 2949 compre-

2155 2966 2404 3021 hendere
2429 2943 2640 3038 potest;
2691 2969 2744 3021 te
2785 2943 3016 3022 oramus
3043 2971 3098 3023 et
3125 2985 3469 3040 quaesumus,
3505 2975 3574 3026 ut
3597 2943 3796 3028 custo-

2156 3059 2274 3114 dias
2317 3060 2570 3114 animam
2613 3060 2818 3115 famuli
2855 3061 2940 3116 tui
2981 3062 3060 3117 ill.
3101 3078 3274 3134 quem
3302 3063 3553 3118 liberasti
3593 3064 3674 3120 de
3699 3081 3798 3122 ore

2159 3153 2478 3225 gentilium,
2499 3158 2554 3210 et
2570 3171 2602 3208 a
2628 3155 3048 3210 conversatione
3071 3157 3334 3228 pessima.
3355 3157 3599 3228 Dignare
3619 3175 3800 3215 exau-

2159 3248 2278 3302 dire
2308 3264 2464 3316 eum,
2496 3249 2596 3320 qui
2621 3248 2718 3303 tibi
2741 3249 2984 3304 cervices
3003 3267 3128 3305 suas
3145 3250 3404 3305 humiliat
3425 3255 3482 3306 et
3497 3253 3798 3323 perveniat

2159 3341 2228 3396 ad
2251 3342 2598 3413 baptismum
2625 3343 2798 3398 fontis
2838 3345 3270 3415 regeneratione
3297 3361 3366 3400 ex
3391 3362 3538 3417 aqua
3579 3351 3638 3402 et
3669 3348 3798 3420 Spi-

2159 3435 2272 3492 ritu
2299 3441 2510 3506 sancto,
2543 3437 2641 3508 qui
2667 3455 2796 3492 cum
2823 3439 2986 3494 Patre
3018 3443 3074 3494 et
3105 3439 3242 3494 Filio
3267 3439 3402 3496 vivit
3425 3443 3482 3496 et
3505 3447 3738 3513 regnat.

2235 3569 2385 3622 Facis
2408 3569 2622 3637 signum
2652 3569 2690 3632 -Ξ-
2717 3571 2775 3623 in
2801 3584 2919 3624 eum
2946 3575 2996 3625 ct
3015 3569 3155 3626 dices
3179 3572 3510 3640 Symbolum.

2232 3687 2434 3759 Accipe
2457 3688 2684 3760 signum
2703 3690 2886 3744 crucis
2901 3693 3016 3744 tam
3032 3691 3088 3745 in
3103 3691 3308 3762 fronte,
3327 3681 3503 3765 quam
3521 3694 3582 3750 in
3601 3697 3774 3753 corde

2161 3781 2396 3852 Semper
2443 3787 2560 3837 esto
2593 3781 2792 3838 ﬁdelis.
2825 3785 3126 3856 Templum
3156 3787 3254 3840 Dei
3283 3786 3618 3856 ingredere;
3646 3791 3800 3846 idola

2162 3874 2510 3946 derelinque.
2555 3875 2686 3931 Cole
2731 3877 2908 3932 Deum
2957 3881 3178 3934 Patrem
3223 3880 3716 3953 omnipotentem,
3743 3889 3802 3939 et

2162 3969 2348 4023 Jesum
2377 3969 2664 4024 Christum
2691 3971 2894 4026 Filium
2922 3973 3044 4043 ejus
3063 4015 3076 4042 ,
3106 3973 3206 4045 qui
3231 3980 3502 4030 venturus
3531 3983 3616 4032 est
3635 3978 3800 4049 judi-

2164 4079 2289 4117 care
2318 4063 2466 4118 vivos
2489 4068 2545 4118 et
2569 4069 2851 4136 mortuos,
2887 4071 2943 4121 et
2967 4067 3238 4122 saeculum
3263 4085 3367 4140 per
3407 4069 3602 4142 ignem
3621 4115 3638 4142 ,
3669 4089 3808 4128 cum

2166 4155 2380 4227 Spiritu
2403 4161 2594 4212 sancto
2621 4159 2682 4213 in
2703 4159 2908 4214 saecula
2933 4161 3288 4216 saeculorum.

2235 4288 2366 4340 Post
2397 4288 2505 4342 haec
2530 4289 2838 4358 insufﬂabis
2860 4293 2918 4344 in
2945 4305 3000 4344 os
3042 4291 3153 4360 ejus
3178 4295 3276 4355 ter,
3304 4297 3356 4348 et
3379 4293 3520 4350 dices
3549 4313 3564 4348 :
3595 4295 3812 4367 Accipe

2166 4379 2442 4450 Spiritum
2468 4385 2745 4448 sanctum,
2771 4387 2826 4437 et
2851 4383 2910 4437 in
2937 4385 3103 4440 corde
3133 4389 3342 4440 teneas.

2647 4546 2842 4586 INCIPIT
2879 4546 3022 4587 0RDO
3059 4549 3304 4588 BAPTISI!
3315 4575 3328 4589 .

2239 4658 2529 4715 Exorcidio
2555 4659 2582 4700 δ
2605 4661 2684 4730 te,
2715 4665 2971 4716 creatura
2996 4679 3185 4733 aquae,
3215 4662 3275 4717 in
3300 4663 3532 4719 nomine
3559 4665 3666 4720 Dei
3707 4668 3816 4722 Pa-

2165 4753 2267 4808 tris
2293 4753 2714 4825 omnipotentis,
2745 4759 2802 4809 et
2837 4754 2896 4809 in
2933 4755 3162 4811 nomine
3201 4757 3424 4812 Domini
3461 4759 3654 4814 nostri
3683 4761 3822 4816 Jesu

2165 4846 2376 4902 Christi
2401 4847 2524 4901 Filii
2551 4848 2693 4918 ejus,
2721 4851 2776 4902 et
2802 4847 3042 4920 Spiritus
3067 4849 3244 4904 sancti
3269 4893 3282 4920 ,
3311 4855 3378 4905 ut
3409 4850 3594 4905 omnis
3627 4853 3826 4909 virtus

2167 4941 2490 5007 adversarii,
2507 4957 2703 4996 omnes
2732 4943 3010 4997 exercitus
3041 4943 3270 5012 diaboli,
3297 4960 3496 5000 omnes
3519 4944 3822 5016 incursus,

2167 5051 2335 5088 omne
2362 5034 2638 5090 fantasma
2664 5035 2944 5091 eradicare
2973 5041 3028 5092 et
3055 5037 3304 5110 eﬁ'ugare
3331 5038 3400 5092 ab
3417 5039 3524 5092 hac
3547 5047 3834 5097 creatura

2166 5145 2348 5201 aquae,
2378 5133 2443 5184 ut
2469 5129 2541 5184 sit
2569 5130 2851 5200 omnibus,
2883 5131 2980 5202 qui
3023 5131 3082 5185 in
3114 5148 3238 5186 eam
3274 5131 3602 5188 descensuri
3655 5143 3829 5204 sunt,

2167 5223 2292 5278 fons
2320 5239 2482 5296 aquas
2512 5223 2769 5280 salutaris
2795 5223 2857 5278 in
2881 5225 3053 5279 vitam
3084 5229 3356 5282 aeternam
3384 5242 3398 5280 :
3430 5232 3494 5282 ut
3535 5244 3676 5282 cum
3721 5230 3830 5284 ba-

2167 5317 2406 5389 ptizatus
2430 5318 2489 5371 in
2519 5333 2586 5372 ea
2609 5317 2862 5390 quisquis
2889 5317 3079 5389 fuerit,
3129 5320 3225 5374 fiat
3257 5321 3540 5392 templum
3567 5323 3678 5376 Dei
3713 5325 3838 5380 vivi

2167 5412 2226 5466 in
2250 5411 2580 5467 remissione
2609 5417 2974 5482 peccatorum
2999 5412 3056 5467 in
3085 5413 3320 5468 nomine
3347 5415 3450 5470 Dei
3481 5415 3674 5471 Patris
3705 5435 3840 5474 om-

2167 5505 2491 5578 nipotentis,
2520 5507 2576 5559 et
2600 5505 2805 5560 Christi
2829 5507 2956 5562 Jesu
2983 5507 3106 5562 Filii
3145 5507 3266 5579 ejus
3294 5513 3351 5562 et
3393 5508 3650 5580 Spiritus
3685 5529 3838 5569 san-

2167 5600 2260 5667 cti,
2293 5599 2391 5672 qui
2413 5599 2768 5671 judicaturus
2789 5605 2873 5655 est
2899 5601 3167 5662 saeculum
3193 5618 3296 5672 per
3319 5602 3536 5674 ignem,
3561 5621 3682 5675 per
3713 5607 3834 5664 hoc

2167 5693 2521 5764 signaculum
2547 5693 2697 5765 quod
2725 5699 3020 5766 permanet
3042 5695 3104 5750 in
3132 5696 3336 5752 saecula
3361 5696 3762 5756 saeculorum.

2199 5881 2209 5891 .
2239 5813 2264 5852 b
2299 5811 2377 5863 Ita
2401 5809 2572 5936 egggi
2597 5811 2807 5883 legitur
2833 5811 2891 5868 in
2919 5812 3094 5869 veteri
3123 5812 3323 5870 Missali
3361 5813 3658 5872 Gallicana
3707 5835 3846 5892 pas-

2199 5897 2275 5936 im
2302 5897 2334 5934 a
2359 5897 2414 5936 ι).
2549 5920 2562 5936 .

2170 5897 2275 5936 sim
2302 5897 2334 5934 a
2359 5897 2414 5953 p.
2441 5897 2562 5938 .502.
