4036 6188
220 325 304 379 501

915 427 1106 479 Oratio.

693 317 1304 378 SACRAMENTARJUM
1339 321 1784 378 GALLICANUM.
1827 348 1894 362 α·-
1932 321 2298 380 LECTIONES
2334 321 2424 378 DE
2459 320 2773 378 ADVENTU
2812 320 3066 378 DOMINI.

3457 318 3557 378 502

1851 444 1910 520 Α
1933 446 2076 502 quos
2103 430 2174 487 de
2203 429 2458 487 tenebris
2477 429 2550 486 ad
2575 429 2763 486 lucem
2790 425 3228 501 redirejussisti,
3259 425 3448 485 nullus
3464 424 3560 485 de-

276 501 644 577 Omnipotens
694 501 1036 574 sempiterna
1086 503 1232 557 Deus
1250 512 1298 571 ι,
1355 502 1546 558 adesto
1603 501 1910 574 magnae“
1931 526 2174 598 cipiat,"
2204 526 2498 582 fraudibus
2523 524 2759 580 inimici.

211 598 426 673 pietatis
456 603 565 654 tute
589 597 888 669 mysteriis,
917 597 1108 653 adesto
1137 596 1518 665 sacramentis,
1549 599 1606 653 et
1630 613 1826 654 crean-

211 693 287 750 dis
311 693 474 748 novis
501 691 740 764 populis,
770 709 909 764 quos
926 691 1025 748 tibi
1045 691 1170 746 fons
1198 691 1550 763 baptismatis
1565 691 1826 764 parturit,

207 787 468 860 spiritum
493 786 810 858 adoptionis
839 787 1062 855 emitte;
1092 789 1157 840 ut
1180 787 1329 858 quod
1361 786 1696 842 humilitatis
1723 803 1827 842 no-

207 888 329 938 stra:
360 882 674 954 gerendum
699 887 780 936 est
805 880 1136 949 ministerio,
1166 885 1278 936 tuas
1308 881 1530 938 virtutis
1554 881 1831 953 complea-

208 981 296 1032 tur
330 975 552 1032 effectu.
585 977 731 1031 Deus
759 976 858 1048 qui
898 976 1164 1032 invisibili
1192 977 1442 1049 potentia
1462 982 1831 1032 sacramento-

207 1088 327 1126 rum
360 1074 591 1125 tuorum
636 1070 968 1126 mirabiliter
1009 1071 1260 1142 operaris
1299 1071 1591 1138 effectum,
1621 1075 1677 1124 et
1702 1071 1830 1124 licet

207 1182 300 1221 nos
326 1165 500 1219 tantis
529 1164 806 1236 mysteriis
850 1166 1221 1237 exsequendis
1262 1165 1434 1220 simus
1471 1163 1722 1236 indigni,
1767 1168 1830 1218 tu

207 1263 388 1315 tamen
417 1259 616 1331 gratiae
643 1264 757 1315 tua:
787 1260 933 1314 dona
959 1277 1072 1315 non
1099 1261 1394 1328 deserens,
1423 1259 1592 1314 etiam
1617 1259 1686 1314 ad
1721 1274 1829 1314 no-

205 1358 339 1410 stras
362 1370 562 1425 preces
585 1370 752 1409 aures
781 1359 893 1410 tua:
923 1354 1149 1426 pietatis
1194 1354 1419 1409 inclina.
1466 1355 1640 1422 Deus,
1670 1353 1832 1423 cujus

205 1447 430 1520 spiritus
457 1464 631 1519 super
653 1465 826 1520 aquas
852 1447 1001 1503 inter
1035 1449 1156 1520 ipsa
1180 1447 1491 1519 primordia
1524 1447 1829 1517 ferebatur,

207 1542 459 1597 utetiam
488 1546 625 1596 tunc
651 1543 919 1599 virtutem
941 1542 1396 1598 sanctificationis
1423 1558 1702 1613 aquarum
1729 1558 1830 1598 na-

206 1641 325 1692 tura
352 1636 696 1710 conciperet.

763 1707 1009 1759 Collectio
1038 1707 1285 1770 sequitur.

271 1784 437 1848 Deus,
496 1780 597 1853 qui
647 1780 900 1836 nocentis
948 1781 1148 1836 mundi
1199 1779 1436 1835 crimina
1478 1796 1582 1852 per
1628 1796 1833 1850 aquam

208 1876 450 1944 abluens,
486 1875 933 1948 regenerationis
962 1875 1208 1946 speciem
1238 1874 1296 1928 in
1324 1874 1444 1946 ipsa
1469 1874 1663 1928 diluvii
1691 1873 1832 1928 effu-

208 1971 351 2026 sione
379 1970 652 2043 signasti;
685 1970 860 2024 libera
882 1969 952 2023 ab
975 1969 1128 2023 omni
1151 1967 1564 2039 impugnatoris
1583 1967 1834 2035 incursu,

209 2072 258 2120 et
280 2065 456 2121 totius
484 2063 759 2136 nequitiae
788 2068 1044 2134 purgatae
1088 2061 1353 2117 discessu.
1394 2061 1474 2117 Sit
1517 2061 1654 2114 vivis
1692 2078 1840 2132 aqua

211 2176 574 2232 regenerans,
604 2158 751 2212 unda
775 2155 1078 2228 puriﬁcans
1101 2175 1113 2210 :
1141 2160 1204 2210 ut
1223 2149 1478 2210 homines
1498 2155 1603 2209 hoc
1623 2155 1838 2209 lavacro

210 2254 435 2309 salutem
464 2254 528 2308 in
559 2252 638 2306 eis
667 2251 881 2322 Spiritu
908 2254 1098 2306 sancto
1123 2248 1424 2320 puriﬁcati,
1453 2248 1715 2320 perfecta:
1739 2265 1840 2320 pu-

211 2347 533 2404 riﬁcationis
560 2345 971 2417 indulgentiam
1013 2347 1448 2414 consequantur.
1482 2343 1637 2397 Unde
1662 2343 1837 2397 bene-

213 2443 324 2497 dico
365 2447 442 2507 te,
500 2445 757 2496 creatura
805 2456 990 2510 aqum,
1040 2454 1142 2509 per
1186 2436 1429 2498 Deumi-
1465 2451 1692 2503 verum,
1738 2453 1842 2507 per

214 2538 380 2592 Deum
411 2536 450 2598 ἰ-
480 2539 740 2590 sanctum
762 2576 775 2603 ,
805 2533 902 2604 qui
928 2537 982 2587 te
1014 2531 1071 2586 in
1102 2531 1380 2602 principio
1417 2531 1586 2586 verbo
1615 2547 1837 2602 separa-

214 2631 282 2684 vit
307 2631 375 2684 ab
400 2629 586 2696 arida,
605 2633 660 2683 et
675 2628 732 2682 in
749 2631 1016 2699 quattuor
1032 2625 1284 2680 fluminis
1305 2631 1471 2680 terra:
1495 2625 1678 2696 rigare
1699 2643 1840 2697 pra;-

215 2724 376 2796 cepit;
408 2723 516 2794 qui
540 2727 594 2777 te
625 2721 683 2775 in
721 2721 940 2776 deserto
966 2736 1227 2775 amarum
1257 2720 1526 2774 suavitate
1555 2719 1731 2774 indita
1756 2720 1839 2774 fe-

215 2818 280 2872 cit
305 2834 421 2872 esse
452 2815 784 2886 potabilem,
814 2819 869 2869 et
896 2815 1118 2869 sitiente
1159 2815 1366 2885 populo
1402 2814 1470 2868 de
1514 2818 1673 2886 petra
1719 2830 1844 2885 pro-

215 2912 396 2980 duxit;
428 2921 471 2982 -ξο
497 2909 771 2964 benedico
820 2914 872 2963 te
911 2925 1016 2981 per
1058 2910 1247 2963 Jesum
1284 2907 1569 2962 Christum
1591 2951 1603 2974 ,
1637 2908 1841 2962 Filium

215 3007 326 3077 ejus
343 3005 588 3060 unicum
618 3002 922 3058 Dominum
951 3008 1210 3057 nostrum
1238 3002 1336 3074 qui
1367 3006 1419 3057 te
1447 3001 1505 3056 in
1533 3003 1723 3057 Chana
1747 3002 1844 3056 Ga-

213 3104 372 3173 lileze,
405 3103 642 3170 signum
668 3111 706 3174 -ίο
731 3099 1084 3169 admirabile,
1101 3117 1201 3154 sua
1220 3101 1470 3172 potentia
1494 3099 1767 3155 convertit
1786 3099 1844 3153 in

2018 647 2204 711 Incipit
2231 647 2555 697 exorcismus
2579 645 2822 707 hominis,
2852 648 3129 709 antequam
3165 645 3472 711 baptizetur.

2001 737 2294 792 Exorcidio
2320 741 2397 806 te,
2414 737 2642 809 spiritus
2661 738 2960 805 inmunde,
2995 753 3098 808 per
3122 738 3303 792 Deum
3329 739 3558 794 Patrem

1931 832 2410 902 omnipotentem,
2448 832 2545 903 qui
2577 832 2708 886 fecit
2738 833 2938 886 caelum
2969 835 3026 886 et
3051 834 3286 899 terram,
3314 848 3474 887 mare
3503 835 3562 888 et

1932 925 2275 997 omniaquae
2302 925 2359 979 in
2401 926 2482 980 eis
2512 929 2643 980 sunt
2676 943 2688 980 :
2725 930 2784 980 ut
2816 943 3018 981 omnes
3058 926 3335 992 incursus,
3384 943 3560 982 omne

1930 1020 2219 1074 fantasma
2241 1019 2563 1074 eradicetur
2588 1036 2651 1074 ac
2671 1020 2902 1091 fugetur
2928 1020 2999 1074 ab
3030 1021 3136 1075 hoc
3169 1022 3471 1091 plasmate,
3500 1023 3563 1074 ut

1931 1113 2030 1167 fiat
2075 1115 2359 1184 templum
2406 1113 2508 1167 Dei
2549 1117 2831 1180 sanctum,
2883 1113 2940 1166 in
2993 1114 3227 1168 nomine
3257 1113 3354 1168 Dei
3379 1114 3560 1168 Patris

1934 1207 2345 1278 omnipotentis
2377 1211 2432 1260 et
2459 1209 2590 1261 Jesu
2620 1206 2828 1262 Christi
2859 1205 2980 1260 Filii
3027 1207 3168 1277 ejus,
3217 1205 3312 1278 qui
3337 1206 3558 1277 judica-

1931 1304 2090 1355 turus
2121 1303 2206 1354 est
2236 1301 2505 1354 saeculum
2536 1317 2638 1372 per
2659 1300 2854 1371 ignem
2892 1299 2952 1352 in
2996 1299 3208 1370 Spiritu
3257 1303 3454 1354 sancto
3501 1299 3560 1354 in

1932 1396 2135 1448 saecula
2161 1395 2517 1448 saeculorum.

2007 1491 2202 1556 Tangis
2250 1503 2430 1548 nares,
2474 1488 2668 1542 deinde
2714 1487 2896 1541 dicis:
2946 1486 3176 1554 Effecta,
3229 1487 3428 1542 effecta
3478 1491 3564 1542 est

1933 1581 2114 1636 hostia
2141 1582 2203 1636 in
2233 1582 2471 1635 odorem
2496 1580 2808 1635 suavitatis.

2010 1678 2178 1746 Ungis
2209 1692 2326 1731 eum
2348 1676 2413 1729 de
2441 1677 2552 1730 oleo
2575 1678 2935 1744 sanctiﬁcata,
2964 1675 3145 1730 dicens
3171 1693 3189 1729 :
3225 1676 3388 1745 Ungo
3411 1677 3466 1729 te
3495 1674 3567 1729 de

1935 1770 2060 1824 oleo
2082 1769 2450 1833 sanctificato,
2480 1768 2625 1824 sicut
2655 1770 2817 1824 unxit
2851 1769 3130 1824 Samuhel
3160 1767 3338 1823 David
3375 1767 3434 1823 in
3464 1771 3568 1836 Ire-

1939 1879 2070 1934 gem
2099 1868 2156 1918 et
2181 1865 2543 1934 prOphetam.

2013 1960 2214 2024 Tangis
2239 1973 2418 2018 nares,
2447 1962 2498 2010 et
2521 1972 2696 2019 aures,
2725 1961 2777 2011 et
2790 1961 2996 2027 pectus.
3025 1957 3277 2027 Operare
3305 1958 3571 2011 creatura

1940 2050 2070 2117 olei,
2105 2067 2361 2121 operare,
2387 2053 2450 2104 ut
2498 2066 2615 2105 non
2648 2051 2825 2104 lateat
2859 2051 2949 2105 hic
2985 2049 3302 2104 inmundus
3338 2049 3571 2121 spiritus

1941 2161 2044 2198 nec
2077 2144 2134 2197 in
2163 2143 2460 2210 membris,
2491 2161 2596 2198 nec
2636 2143 2692 2198 in
2725 2143 3015 2211 medullis,
3038 2161 3146 2198 nec
3189 2143 3249 2198 in
3289 2159 3403 2198 uno
3443 2159 3572 2198 con-

1939 2239 2151 2310 pagine
2207 2238 2641 2304 membrorum;
2697 2238 2798 2292 sed
2843 2239 3113 2308 operetur
3165 2236 3225 2291 in
3284 2240 3339 2291 te
3393 2235 3570 2290 virtus

1940 2332 2152 2386 Christi
2171 2331 2291 2385 Filii
2315 2331 2415 2386 Dei
2438 2331 2701 2386 altissimi
2723 2334 2779 2386 et
2795 2330 3037 2402 Spiritus
3053 2329 3232 2385 sancti
3254 2345 3358 2402 per
3377 2328 3572 2384 omnia

1942 2427 2164 2480 saecula.

2011 2522 2320 2588 Interrogas
2346 2535 2536 2574 nomen
2573 2519 2690 2586 ejus
2735 2518 2961 2572 dicens:
3004 2517 3142 2582 Quis
3181 2515 3390 2572 dicitur
3415 2515 3443 2570 ?
3487 2517 3570 2571 Ill.

1939 2613 2328 2668 Abrenuncias
2353 2605 2588 2680 satarise,
2618 2611 2846 2683 pompis
2875 2612 3016 2682 ejus,
3049 2611 3281 2666 luxuriis
3312 2609 3446 2676 suis,
3473 2625 3574 2665 sm-

1943 2709 2068 2761 culo
2096 2707 2226 2760 huic
2245 2707 2274 2760 ?

2012 2801 2166 2870 Resp.
2196 2797 2602 2853 Abrenunciat.
2633 2801 2743 2852 Hoc
2767 2802 2850 2852 ter
2878 2799 3040 2852 dices.

2012 2897 2316 2959 Interrogas
2341 2908 2530 2946 nomen
2554 2892 2673 2959 ejus
2701 2905 2718 2940 :
2753 2890 2890 2955 Quis
2919 2890 3128 2945 dicitur
3146 2889 3174 2945 ?
3201 2891 3281 2946 lll.

2015 2986 2210 3041 Credit
2231 2986 2287 3039 in
2319 2986 2504 3038 Deum
2551 2986 2776 3038 Patrem
2822 2983 3313 3055 omnipotentem,
3357 2988 3576 3042 creato-

1945 3097 2070 3135 rem
2099 3079 2221 3133 caeli
2253 3081 2308 3133 et
2343 3078 2553 3133 terrae?
2574 3081 2728 3148 Resp.
2761 3077 2989 3133 Credat.

213 3171 428 3266 vinum;
467 3197 570 3268 qui
614 3171 850 3268 pedibus
885 3210 1055 3265 super
1085 3196 1138 3249 te
1165 3171 1471 3249 ambulavit
1496 3237 1509 3262 ,
1555 3197 1612 3250 et
1652 3194 1721 3248 ab
1747 3195 1842 3248 ,Ιο-
1866 3196 1920 3271 C
1949 3270 1958 3271 ί
2018 3173 2213 3271 (Ϊίΐῗδάίί
2239 3176 2295 3227 et
2316 3173 2374 3226 in
2393 3175 2580 3271 Iesum
2610 3171 2898 3271 Chrismm
2925 3171 3133 3271 Ῑῗίξίυπξ
3162 3173 3287 3271 ait”
3321 3173 3574 3242 unicum:

215 3293 392 3348 hanne
435 3292 503 3345 in
542 3291 784 3346 Jordane
830 3289 1144 3361 baptizatus
1190 3293 1302 3357 est;
1342 3289 1438 3360 qui
1474 3293 1527 3343 te
1566 3305 1681 3342 una
1716 3305 1845 3342 cum
1880 3264 1920 3271 ν
1947 3268 2257 3323 Dominum
2285 3269 2944 3361 ηοδγίτυῖηνῄοοηθθρίιπη
2982 3265 3060 3361 άθ-
3103 3264 3316 3361 spirit?
3358 3271 3576 3335 saneto,

215 3386 487 3458 sanguine
522 3385 591 3440 de
634 3385 807 3440 latere
851 3401 952 3438 suo
982 3383 1269 3456 produxit,
1302 3388 1357 3437 et
1399 3382 1690 3453 discipulis
1733 3381 1846 3436 suis

209 3481 382 3552 jussit,
429 3485 504 3535 ut
547 3479 954 3534 credentes.....
1000 3478 1346 3549 baptizantes
1377 3493 1472 3531 eos
1516 3476 1574 3530 in
1616 3476 1846 3532 nomine

218 3575 383 3629 Patris
409 3577 474 3630 et
513 3572 637 3627 Filii
677 3576 733 3627 et
757 3572 996 3644 Spiritus
1031 3571 1224 3640 sancti,
1256 3569 1353 3642 qui
1382 3569 1516 3624 vivit
1541 3574 1596 3624 et
1621 3574 1844 3642 regnat.

280 3668 522 3723 Sursum
542 3667 729 3721 corda.
750 3666 998 3738 Dignum
1028 3669 1084 3719 et
1103 3665 1326 3736 justum
1357 3669 1457 3731 est,
1493 3663 1848 3734 omnipotens

217 3763 356 3816 Deus
389 3781 404 3816 :
433 3761 539 3832 qui
578 3760 847 3832 aperuisti
877 3759 1040 3814 nobis
1081 3758 1301 3814 fontem
1347 3757 1473 3812 vitae
1517 3762 1763 3826 aeternae,
1793 3759 1850 3811 et

217 3871 558 3927 regenerans
584 3871 685 3908 nos
724 3870 827 3925 per
865 3853 1136 3925 Spiritum
1164 3856 1328 3906 tuum
1359 3854 1611 3906 sanctum
1635 3893 1647 3917 ,
1678 3868 1848 3922 quem

217 3949 411 4003 ducem
441 3965 565 4003 esse
597 3948 767 4018 hujus
791 3947 965 4001 sancti
995 3946 1198 4002 lavacri
1230 3946 1288 4000 in
1317 3945 1643 4000 remissione
1663 3962 1850 4016 pecca-

216 4047 420 4110 torum,
455 4047 514 4097 et
537 4041 657 4097 ﬁeri
682 4042 963 4096 lavacrum
983 4058 1146 4112 aquae
1172 4039 1231 4094 in
1255 4039 1470 4111 Spiritu
1491 4043 1682 4094 sancto
1710 4059 1722 4095 :
1749 4057 1851 4111 per

217 4152 380 4208 quem
434 4152 666 4191 omnem
708 4135 985 4189 maculam
1030 4135 1234 4189 tollens
1268 4149 1300 4187 a
1324 4133 1487 4187 nobis
1511 4177 1524 4203 ,
1556 4132 1714 4188 exuis
1750 4150 1851 4188 nos

219 4236 482 4297 mortem,
511 4234 566 4284 et
591 4228 777 4283 induis
803 4245 905 4282 nos
931 4228 1104 4282 vitam
1136 4245 1148 4282 :
1181 4227 1281 4282 tibi
1309 4227 1634 4282 adsistentis
1652 4227 1710 4280 in
1739 4227 1852 4298 glo-

218 4324 297 4377 ria
323 4323 628 4378 laudamus
654 4324 874 4377 Patrem
905 4339 1130 4393 semper
1154 4321 1211 4375 in
1238 4321 1386 4375 caelis
1411 4363 1424 4390 ,
1457 4326 1512 4375 et
1534 4320 1852 4391 recipientis

221 4433 282 4472 ex
302 4418 473 4472 initio
492 4417 756 4471 virtutem
771 4433 874 4487 per
895 4416 1197 4470 Dominum
1214 4419 1472 4469 nostrum
1493 4417 1679 4469 Jesum
1698 4414 1852 4470 Chri-

221 4514 387 4565 stum.
415 4512 527 4565 Per
554 4526 723 4582 quem
751 4514 805 4563 te
832 4510 1006 4563 Deum
1032 4511 1251 4564 Patrem
1281 4509 1726 4579 omnipotentem
1751 4509 1844 4563 de-

1948 3366 2144 3416 natum
2169 3377 2234 3414 ex
2263 3360 2437 3414 Maria
2457 3359 2697 3430 virgine,
2722 3375 2952 3430 passum
2979 3359 3082 3413 sub
3127 3359 3330 3416 Pontio
3374 3361 3576 3428 Pilato,

1947 3455 2276 3510 cruciﬁxum
2300 3457 2356 3507 et
2378 3454 2683 3524 sepultum.
2709 3452 3015 3507 Descendit
3036 3452 3107 3507 ad
3133 3453 3380 3521 inferna,
3409 3454 3582 3510 tertia

1949 3549 2041 3604 die
2062 3547 2370 3602 resurrexit
2397 3565 2428 3601 a
2447 3546 2688 3600 mortuis
2719 3563 2731 3600 :
2766 3545 3024 3599 ascendit
3045 3546 3103 3599 in
3122 3547 3307 3613 caelos,
3339 3545 3487 3602 sedit
3506 3546 3579 3602 ad

1949 3643 2242 3698 dexteram
2266 3641 2367 3695 Dei
2392 3640 2576 3696 Patris
2598 3639 3018 3710 omnipotentis
3046 3639 3178 3695 inde
3199 3642 3470 3696 venturus
3492 3641 3580 3712 ju-

1951 3737 2140 3792 dicare
2171 3735 2325 3790 vivos
2351 3753 2414 3789 ac
2436 3733 2739 3790 mortuos?
2765 3737 2924 3803 Resp.
2959 3733 3187 3789 Credat.

2022 3830 2214 3886 Credit
2237 3829 2294 3884 in
2325 3828 2602 3902 Spiritum
2649 3831 2936 3896 sanctum,
2978 3831 3234 3884 sanctam
3270 3827 3581 3886 Ecclesiam

1951 3924 2315 3992 catholicam,
2367 3926 2695 3978 sanctorum
2736 3922 3236 3990 communionem,
3291 3923 3582 3981 remissio-

1954 4037 2088 4074 nem
2146 4022 2533 4090 peccatorum,
2593 4017 2781 4072 carnis
2839 4017 3343 4085 resurrectionem,
3406 4017 3583 4073 vitam

1951 4114 2165 4168 habere
2193 4115 2322 4184 post
2351 4113 2619 4179 mortem,
2651 4110 2712 4165 in
2744 4110 2990 4183 gloriam
3013 4111 3215 4166 Christi
3242 4110 3583 4182 resurgere?

1952 4211 2109 4277 Resp.
2139 4207 2367 4261 Credat.

2023 4303 2276 4370 Baptizas
2314 4316 2453 4362 eum,
2483 4303 2533 4354 et
2563 4300 2699 4354 dicis
2733 4319 2748 4353 :
2774 4297 3003 4370 Baptizo
3035 4300 3089 4351 te
3118 4297 3175 4351 in
3210 4296 3444 4352 nomine
3474 4299 3580 4352 Pa-

1955 4395 2054 4449 tris
2083 4398 2141 4448 et
2171 4394 2292 4448 Filii
2321 4396 2377 4447 et
2398 4392 2641 4463 Spiritus
2671 4391 2873 4459 sancti,
2908 4406 3084 4444 unam
3117 4390 3427 4445 habentem
3457 4391 3584 4446 sub-

1954 4488 2248 4553 stantiam,
2295 4489 2357 4540 ut
2396 4486 2608 4541 habeas
2650 4486 2830 4540 vitam
2871 4487 3170 4551 mternam,
3200 4486 3422 4555 partem
3452 4502 3581 4540 cum

221 4620 539 4675 precamur,
570 4607 634 4658 ut
659 4602 749 4657 hic
791 4603 1060 4675 Spiritum
1091 4606 1346 4658 sanctum
1384 4602 1442 4657 in
1469 4619 1673 4672 aquam
1703 4603 1847 4657 hanc
1867 4571 1925 4643 Β
1949 4581 2189 4639 Sancus-

221 4715 385 4769 super
410 4698 639 4752 mittere
666 4695 918 4766 digneris
938 4739 950 4762 ,
979 4701 1043 4750 ut
1069 4711 1455 4768 quoscumque
1483 4694 1851 4766 baptizaveri-

220 4807 345 4846 mus
373 4793 436 4846 in
475 4790 702 4845 nomine
731 4795 828 4844 tuo
857 4795 912 4844 et
939 4789 1060 4843 Filii
1097 4790 1180 4844 tui
1209 4789 1304 4843 Dei
1332 4805 1394 4842 ac
1423 4787 1644 4843 Domini
1676 4789 1854 4844 nostri

220 4887 343 4940 Iesu
368 4885 577 4941 Christi
606 4889 661 4938 et
686 4882 928 4955 Spiritus
972 4883 1170 4950 sancti,
1200 4881 1503 4953 puriﬁcans
1529 4900 1592 4937 ac
1623 4900 1857 4955 regene-

220 4994 346 5033 rans
369 4979 732 5050 accipiaseos
772 4977 831 5031 in
861 4993 1101 5032 numero
1139 4976 1474 5031 Sanctorum
1501 4982 1733 5032 tuorum
1759 5021 1772 5046 ,
1802 4982 1857 5032 et

222 5089 577 5127 consummes
606 5072 663 5126 in
707 5070 920 5142 Spiritu
947 5076 1046 5126 tuo
1073 5075 1266 5125 sancto
1295 5071 1355 5125 in
1382 5071 1552 5126 vitam
1585 5077 1855 5126 mternam

224 5165 279 5220 in
304 5165 511 5220 saecula
539 5165 896 5220 sazculorum.

291 5259 494 5314 Deinde
520 5259 574 5312 in
599 5261 749 5324 fonte
784 5258 1016 5312 chrisma
1045 5257 1354 5312 decurrente
1375 5300 1389 5320 ,
1420 5260 1633 5327 signum.
1659 5265 1695 5328 ἦ·
1718 5258 1858 5325 facis

225 5355 273 5405 et
314 5353 450 5406 dicis
494 5365 510 5400 :
553 5351 762 5406 lnfusio
814 5351 1075 5405 chrismae
1115 5350 1375 5406 salutaris
1418 5351 1640 5406 Domini
1678 5351 1858 5405 nostri

223 5445 353 5499 Jesu
380 5445 608 5514 Christi,
641 5449 705 5499 ut
730 5444 829 5500 ﬁas
854 5445 978 5499 fons
1006 5461 1170 5518 aqua:
1209 5444 1346 5500 vivae
1374 5444 1622 5500 salientis
1647 5444 1861 5500 cunctis

226 5539 581 5593 venientibus
607 5538 665 5593 in
693 5539 867 5594 vitam
896 5543 1188 5593 aeternam.

299 5635 428 5688 Post
461 5633 566 5688 hac
594 5634 736 5688 dices
763 5653 779 5688 :
810 5633 1054 5688 Admitte
1073 5676 1087 5702 ,
1115 5649 1439 5706 quaesumus
1458 5675 1471 5702 ,
1505 5633 1862 5706 omnipotens

239 5726 406 5792 Deus,
435 5726 703 5782 familiam
734 5731 892 5782 tuam
927 5727 999 5783 ad
1033 5727 1248 5784 fontem
1285 5727 1481 5782 salutis
1509 5731 1768 5798 aeterne;
1798 5733 1862 5785 ut

305 5878 329 5907 ⁸
370 5878 448 5933 ita
475 5879 532 5936 in
565 5879 845 5938 Gallicana
871 5879 1089 5952 Missali,
1117 5896 1174 5953 p.
1206 5883 1327 5936 362.

2027 4675 2314 4745 Sufrundis
2336 4673 2568 4729 chrisma
2595 4671 2651 4727 in
2669 4675 2854 4741 fronte
2880 4671 3017 4741 ejus,
3048 4672 3232 4727 dicens
3261 4691 3276 4727 :
3301 4673 3449 4728 Deus
3479 4676 3580 4731 Pa-

1954 4775 2043 4824 ter
2068 4768 2300 4825 Domini
2321 4767 2500 4821 nostri
2529 4768 2660 4822 Jcsu
2705 4765 2933 4835 Christi,
2980 4765 3077 4838 qui
3123 4768 3178 4820 te
3226 4769 3588 4839 regeneravit

1957 4882 2060 4935 per
2086 4879 2295 4935 aquam
2324 4865 2378 4915 et
2404 4860 2682 4932 Spiritum
2723 4864 3005 4927 sanctum,
3036 4859 3307 4932 quicquid
3334 4861 3435 4916 tibi
3485 4862 3582 4917 de-

1958 4958 2058 5024 dit,
2092 4955 2492 5011 remissionem
2507 4961 2872 5028 peccatorum
2900 4975 3006 5029 per
3024 4959 3315 5012 lavacrum
3342 4972 3585 5027 regene-

1959 5050 2195 5105 rationis
2241 5053 2299 5104 et
2347 5050 2712 5121 sanguinem,
2739 5058 2776 5120 +
2815 5051 2933 5122 ipse
2974 5054 3028 5106 te
3075 5049 3240 5104 liniat
3279 5048 3586 5107 chrismate

1959 5163 2059 5200 suo
2081 5148 2278 5200 sancto
2305 5145 2365 5200 in
2393 5144 2569 5200 vitam
2599 5147 2897 5199 azternam.

2029 5239 2400 5310 Superindues
2419 5254 2538 5292 eum
2555 5239 2767 5291 dicens:
2793 5235 2997 5308 Accipe
3020 5239 3232 5290 vestem
3256 5239 3585 5307 candidam,

1959 5349 2134 5404 quam
2165 5332 2597 5387 immaculatam
2630 5330 2886 5400 perferas
2913 5333 3046 5384 ante
3079 5330 3330 5387 tribunal
3358 5333 3586 5389 Christi.

2332 5440 2580 5492 Collectio
2605 5440 2670 5490 ad
2701 5439 2858 5505 pedes
2884 5441 3134 5493 lavandos
3150 5443 3195 5494 δ.

2033 5539 2152 5609 Ego
2179 5535 2282 5590 tibi
2315 5535 2444 5590 labo
2487 5534 2682 5606 pedes,
2716 5534 2858 5590 sicut
2895 5536 3174 5591 Dominus
3206 5541 3400 5591 noster
3429 5539 3589 5591 Jesus

1963 5629 2218 5687 Christus
2243 5627 2380 5683 fecit
2405 5627 2696 5701 discipulis
2725 5628 2861 5698 suis,
2890 5629 2969 5687 ita
2987 5632 3047 5685 tu
3073 5629 3249 5685 facias
3274 5626 3590 5698 hospitibus

1964 5727 2021 5778 et
2046 5721 2383 5794 peregrinis.

2040 5877 2066 5917 δ
2096 5875 2272 5951 Hujus
2302 5877 2444 5937 item
2474 5876 2840 5946 lotionis,sed
2860 5873 3147 5949 postalbw
3175 5871 3344 5930 vestis
3361 5871 3598 5947 imposi-
