  <div class='ocr_page' id='page_1' title='image "/cluster/home/n/w/nwhite01/storage/ocr_20150623/72/hvd.32044054758768/257.png"; bbox 0 0 4036 6188; ppageno 0'>
   <div class='ocr_carea' id='block_1_1' title="bbox 421 307 520 360">
    <p class='ocr_par' dir='ltr' id='par_1_1' title="bbox 421 307 520 360">
     <span class='ocr_line' id='line_1_1' title="bbox 421 307 520 360; baseline 0 0"><span class='ocrx_word' id='word_1_1' title='bbox 421 307 520 360; x_wconf 77' lang='grc'><strong>503</strong></span> 
     </span>
    </p>
   </div>
   <div class='ocr_carea' id='block_1_2' title="bbox 1288 295 2898 356">
    <p class='ocr_par' dir='ltr' id='par_1_2' title="bbox 1288 295 2898 356">
     <span class='ocr_line' id='line_1_2' title="bbox 1288 295 2898 356; baseline -0.003 0"><span class='ocrx_word' id='word_1_2' title='bbox 1288 299 1621 356; x_wconf 82' lang='lat' dir='ltr'><strong>APPENDIX</strong></span> <span class='ocrx_word' id='word_1_3' title='bbox 1657 299 1746 354; x_wconf 82' lang='lat' dir='ltr'><strong>AD</strong></span> <span class='ocrx_word' id='word_1_4' title='bbox 1781 296 2003 354; x_wconf 80' lang='lat' dir='ltr'><strong>OPERA</strong></span> <span class='ocrx_word' id='word_1_5' title='bbox 2039 295 2094 352; x_wconf 86' lang='lat' dir='ltr'><strong>S.</strong></span> <span class='ocrx_word' id='word_1_6' title='bbox 2133 296 2434 354; x_wconf 77' lang='lat' dir='ltr'><strong>GERMANI</strong></span> <span class='ocrx_word' id='word_1_7' title='bbox 2471 296 2898 354; x_wconf 80' lang='lat' dir='ltr'><strong>PARISIENSIS.</strong></span> 
     </span>
    </p>
   </div>
   <div class='ocr_carea' id='block_1_3' title="bbox 3668 297 3782 355">
    <p class='ocr_par' dir='ltr' id='par_1_3' title="bbox 3668 297 3782 355">
     <span class='ocr_line' id='line_1_3' title="bbox 3668 297 3782 355; baseline 0.009 -1"><span class='ocrx_word' id='word_1_8' title='bbox 3668 297 3782 355; x_wconf 69' lang='grc'><strong>504</strong></span> 
     </span>
    </p>
   </div>
   <div class='ocr_carea' id='block_1_4' title="bbox 488 402 3783 489">
    <p class='ocr_par' dir='ltr' id='par_1_4' title="bbox 488 402 3783 489">
     <span class='ocr_line' id='line_1_4' title="bbox 488 402 3783 489; baseline -0.002 -20"><span class='ocrx_word' id='word_1_9' title='bbox 488 409 768 470; x_wconf 84' lang='lat' dir='ltr'><strong>Dominus</strong></span> <span class='ocrx_word' id='word_1_10' title='bbox 821 413 1017 467; x_wconf 82' lang='lat' dir='ltr'><strong>noster</strong></span> <span class='ocrx_word' id='word_1_11' title='bbox 1043 409 1204 466; x_wconf 80' lang='lat' dir='ltr'><strong>Jesus</strong></span> <span class='ocrx_word' id='word_1_12' title='bbox 1250 406 1506 464; x_wconf 82' lang='lat' dir='ltr'><strong>Christus</strong></span> <span class='ocrx_word' id='word_1_13' title='bbox 1546 405 1618 461; x_wconf 89' lang='lat' dir='ltr'><strong>de</strong></span> <span class='ocrx_word' id='word_1_14' title='bbox 1661 404 1876 460; x_wconf 81' lang='lat' dir='ltr'><strong>linteo&#39;l</strong></span> <span class='ocrx_word' id='word_1_15' title='bbox 1927 421 2040 477; x_wconf 87' lang='lat' dir='ltr'><strong>quo</strong></span> <span class='ocrx_word' id='word_1_16' title='bbox 2063 415 2122 489; x_wconf 74' lang='grc' dir='ltr'><strong>Α</strong></span> <span class='ocrx_word' id='word_1_17' title='bbox 2144 406 2382 462; x_wconf 89' lang='lat' dir='ltr'><strong>consilio</strong></span> <span class='ocrx_word' id='word_1_18' title='bbox 2405 409 2660 478; x_wconf 91' lang='lat' dir='ltr'><strong>accepto,</strong></span> <span class='ocrx_word' id='word_1_19' title='bbox 2685 403 2992 478; x_wconf 86' lang='lat' dir='ltr'><strong>pecuniam</strong></span> <span class='ocrx_word' id='word_1_20' title='bbox 3005 404 3299 477; x_wconf 82' lang='lat' dir='ltr'><strong>copiosam</strong></span> <span class='ocrx_word' id='word_1_21' title='bbox 3315 402 3601 462; x_wconf 88' lang='lat' dir='ltr'><strong>dederunt</strong></span> <span class='ocrx_word' id='word_1_22' title='bbox 3619 403 3783 462; x_wconf 87' lang='lat' dir='ltr'><strong>mili-</strong></span> 
     </span>
    </p>
   </div>
   <div class='ocr_carea' id='block_1_5' title="bbox 417 499 2038 579">
    <p class='ocr_par' dir='ltr' id='par_1_5' title="bbox 417 499 2038 579">
     <span class='ocr_line' id='line_1_5' title="bbox 417 499 2038 579; baseline -0.005 -16"><span class='ocrx_word' id='word_1_23' title='bbox 417 509 543 563; x_wconf 86' lang='lat' dir='ltr'><strong>erat</strong></span> <span class='ocrx_word' id='word_1_24' title='bbox 565 505 920 579; x_wconf 87' lang='lat' dir='ltr'><strong>pracinctus,</strong></span> <span class='ocrx_word' id='word_1_25' title='bbox 950 502 1114 558; x_wconf 83' lang='lat' dir='ltr'><strong>tersit</strong></span> <span class='ocrx_word' id='word_1_26' title='bbox 1139 501 1316 574; x_wconf 86' lang='lat' dir='ltr'><strong>pedes</strong></span> <span class='ocrx_word' id='word_1_27' title='bbox 1347 499 1761 572; x_wconf 91' lang='lat' dir='ltr'><strong>discipulorum</strong></span> <span class='ocrx_word' id='word_1_28' title='bbox 1781 516 2038 568; x_wconf 90' lang='lat' dir='ltr'><strong>suorum,</strong></span> 
     </span>
    </p>
   </div>
   <div class='ocr_carea' id='block_1_6' title="bbox 415 594 2041 674">
    <p class='ocr_par' dir='ltr' id='par_1_6' title="bbox 415 594 2041 674">
     <span class='ocr_line' id='line_1_6' title="bbox 415 594 2041 674; baseline -0.005 -18"><span class='ocrx_word' id='word_1_29' title='bbox 415 605 475 656; x_wconf 92' lang='lat' dir='ltr'><strong>et</strong></span> <span class='ocrx_word' id='word_1_30' title='bbox 499 617 607 674; x_wconf 90' lang='lat' dir='ltr'><strong>ego</strong></span> <span class='ocrx_word' id='word_1_31' title='bbox 633 600 780 656; x_wconf 83' lang='lat' dir='ltr'><strong>facio</strong></span> <span class='ocrx_word' id='word_1_32' title='bbox 809 598 914 654; x_wconf 82' lang='lat' dir='ltr'><strong>tibi</strong></span> <span class='ocrx_word' id='word_1_33' title='bbox 947 615 960 654; x_wconf 91' lang='lat'><strong>:</strong></span> <span class='ocrx_word' id='word_1_34' title='bbox 993 600 1055 652; x_wconf 91' lang='lat' dir='ltr'><strong>tu</strong></span> <span class='ocrx_word' id='word_1_35' title='bbox 1081 596 1256 652; x_wconf 83' lang='lat' dir='ltr'><strong>facies</strong></span> <span class='ocrx_word' id='word_1_36' title='bbox 1283 594 1605 668; x_wconf 85' lang='lat' dir='ltr'><strong>peregrinis</strong></span> <span class='ocrx_word' id='word_1_37' title='bbox 1629 595 1948 667; x_wconf 81' lang='lat' dir='ltr'><strong>hospitibus</strong></span> <span class='ocrx_word' id='word_1_38' title='bbox 1983 597 2041 649; x_wconf 87' lang='lat' dir='ltr'><strong>et</strong></span> 
     </span>
    </p>
   </div>
   <div class='ocr_carea' id='block_1_7' title="bbox 414 694 777 768">
    <p class='ocr_par' dir='ltr' id='par_1_7' title="bbox 414 694 777 768">
     <span class='ocr_line' id='line_1_7' title="bbox 414 694 777 768; baseline -0.014 -15"><span class='ocrx_word' id='word_1_39' title='bbox 414 694 777 768; x_wconf 76' lang='lat' dir='ltr'><strong>pauperibus.</strong></span> 
     </span>
    </p>
   </div>
   <div class='ocr_carea' id='block_1_8' title="bbox 437 760 1460 824">
    <p class='ocr_par' dir='ltr' id='par_1_8' title="bbox 437 760 1460 824">
     <span class='ocr_line' id='line_1_8' title="bbox 437 760 1460 824; baseline -0.001 -13"><span class='ocrx_word' id='word_1_40' title='bbox 437 761 451 779; x_wconf 89' lang='lat'>&#39;</span> <span class='ocrx_word' id='word_1_41' title='bbox 530 760 550 768; x_wconf 86' lang='grc'><strong>’</strong></span> <span class='ocrx_word' id='word_1_42' title='bbox 981 762 1102 811; x_wconf 89' lang='lat' dir='ltr'><strong>Post</strong></span> <span class='ocrx_word' id='word_1_43' title='bbox 1124 760 1460 824; x_wconf 79' lang='lat' dir='ltr'><strong>baptismum.</strong></span> 
     </span>
    </p>
   </div>
   <div class='ocr_carea' id='block_1_9' title="bbox 483 840 2036 918">
    <p class='ocr_par' dir='ltr' id='par_1_9' title="bbox 483 840 2036 918">
     <span class='ocr_line' id='line_1_9' title="bbox 483 840 2036 918; baseline -0.006 -13"><span class='ocrx_word' id='word_1_44' title='bbox 483 849 703 906; x_wconf 81' lang='lat' dir='ltr'><strong>Laudes</strong></span> <span class='ocrx_word' id='word_1_45' title='bbox 728 850 786 902; x_wconf 92' lang='lat' dir='ltr'><strong>et</strong></span> <span class='ocrx_word' id='word_1_46' title='bbox 811 845 1022 918; x_wconf 80' lang='lat' dir='ltr'><strong>gratias</strong></span> <span class='ocrx_word' id='word_1_47' title='bbox 1050 845 1292 900; x_wconf 90' lang='lat' dir='ltr'><strong>Domino</strong></span> <span class='ocrx_word' id='word_1_48' title='bbox 1329 845 1670 911; x_wconf 87' lang='lat' dir='ltr'><strong>referamus,</strong></span> <span class='ocrx_word' id='word_1_49' title='bbox 1711 843 1918 897; x_wconf 83' lang='lat' dir='ltr'><strong>fratres</strong></span> <span class='ocrx_word' id='word_1_50' title='bbox 1952 840 2036 896; x_wconf 90' lang='lat' dir='ltr'><strong>di-</strong></span> 
     </span>
    </p>
   </div>
   <div class='ocr_carea' id='block_1_10' title="bbox 410 936 2040 1013">
    <p class='ocr_par' dir='ltr' id='par_1_10' title="bbox 410 936 2040 1013">
     <span class='ocr_line' id='line_1_10' title="bbox 410 936 2040 1013; baseline -0.006 -14"><span class='ocrx_word' id='word_1_51' title='bbox 410 941 722 1008; x_wconf 85' lang='lat' dir='ltr'><strong>lectissimi,</strong></span> <span class='ocrx_word' id='word_1_52' title='bbox 765 941 919 1013; x_wconf 93' lang='lat' dir='ltr'><strong>quod</strong></span> <span class='ocrx_word' id='word_1_53' title='bbox 957 957 1169 1010; x_wconf 86' lang='lat' dir='ltr'><strong>augere</strong></span> <span class='ocrx_word' id='word_1_54' title='bbox 1211 939 1480 1012; x_wconf 89' lang='lat' dir='ltr'><strong>dignatus</strong></span> <span class='ocrx_word' id='word_1_55' title='bbox 1517 942 1603 992; x_wconf 90' lang='lat' dir='ltr'><strong>est</strong></span> <span class='ocrx_word' id='word_1_56' title='bbox 1631 936 1891 992; x_wconf 87' lang='lat' dir='ltr'><strong>Ecclesia</strong></span> <span class='ocrx_word' id='word_1_57' title='bbox 1923 952 2040 990; x_wconf 84' lang='lat' dir='ltr'><strong>sua</strong></span> 
     </span>
    </p>
   </div>
   <div class='ocr_carea' id='block_1_11' title="bbox 410 1029 2039 1109">
    <p class='ocr_par' dir='ltr' id='par_1_11' title="bbox 410 1029 2039 1109">
     <span class='ocr_line' id='line_1_11' title="bbox 410 1029 2039 1109; baseline -0.007 -15"><span class='ocrx_word' id='word_1_58' title='bbox 410 1035 922 1109; x_wconf 80' lang='lat' dir='ltr'><strong>congregationem</strong></span> <span class='ocrx_word' id='word_1_59' title='bbox 942 1051 1046 1105; x_wconf 90' lang='lat' dir='ltr'><strong>per</strong></span> <span class='ocrx_word' id='word_1_60' title='bbox 1068 1050 1231 1088; x_wconf 88' lang='lat' dir='ltr'><strong>caros</strong></span> <span class='ocrx_word' id='word_1_61' title='bbox 1259 1036 1503 1100; x_wconf 88' lang='lat' dir='ltr'><strong>nostros,</strong></span> <span class='ocrx_word' id='word_1_62' title='bbox 1528 1031 1626 1103; x_wconf 89' lang='lat' dir='ltr'><strong>qui</strong></span> <span class='ocrx_word' id='word_1_63' title='bbox 1645 1030 1820 1086; x_wconf 93' lang='lat' dir='ltr'><strong>modo</strong></span> <span class='ocrx_word' id='word_1_64' title='bbox 1849 1029 2039 1101; x_wconf 86' lang='lat' dir='ltr'><strong>bapti-</strong></span> 
     </span>
    </p>
   </div>
   <div class='ocr_carea' id='block_1_12' title="bbox 409 1123 2042 1199">
    <p class='ocr_par' dir='ltr' id='par_1_12' title="bbox 409 1123 2042 1199">
     <span class='ocr_line' id='line_1_12' title="bbox 409 1123 2042 1199; baseline -0.006 -12"><span class='ocrx_word' id='word_1_65' title='bbox 409 1132 519 1188; x_wconf 89' lang='lat' dir='ltr'><strong>zati</strong></span> <span class='ocrx_word' id='word_1_66' title='bbox 549 1133 699 1186; x_wconf 89' lang='lat' dir='ltr'><strong>sunt.</strong></span> <span class='ocrx_word' id='word_1_67' title='bbox 728 1131 997 1184; x_wconf 90' lang='lat' dir='ltr'><strong>Petamus</strong></span> <span class='ocrx_word' id='word_1_68' title='bbox 1029 1144 1166 1199; x_wconf 88' lang='lat' dir='ltr'><strong>ergo</strong></span> <span class='ocrx_word' id='word_1_69' title='bbox 1189 1128 1258 1183; x_wconf 90' lang='lat' dir='ltr'><strong>de</strong></span> <span class='ocrx_word' id='word_1_70' title='bbox 1281 1126 1511 1182; x_wconf 89' lang='lat' dir='ltr'><strong>Domini</strong></span> <span class='ocrx_word' id='word_1_71' title='bbox 1535 1123 1950 1192; x_wconf 86' lang='lat' dir='ltr'><strong>misericordia,</strong></span> <span class='ocrx_word' id='word_1_72' title='bbox 1979 1125 2042 1177; x_wconf 90' lang='lat' dir='ltr'><strong>ut</strong></span> 
     </span>
    </p>
   </div>
   <div class='ocr_carea' id='block_1_13' title="bbox 408 1218 2038 1299">
    <p class='ocr_par' dir='ltr' id='par_1_13' title="bbox 408 1218 2038 1299">
     <span class='ocr_line' id='line_1_13' title="bbox 408 1218 2038 1299; baseline -0.006 -18"><span class='ocrx_word' id='word_1_73' title='bbox 408 1225 761 1299; x_wconf 87' lang='lat' dir='ltr'><strong>baptismum</strong></span> <span class='ocrx_word' id='word_1_74' title='bbox 807 1226 1070 1278; x_wconf 90' lang='lat' dir='ltr'><strong>sanctum</strong></span> <span class='ocrx_word' id='word_1_75' title='bbox 1111 1221 1265 1294; x_wconf 90' lang='lat' dir='ltr'><strong>quod</strong></span> <span class='ocrx_word' id='word_1_76' title='bbox 1300 1222 1661 1291; x_wconf 90' lang='lat' dir='ltr'><strong>acceperunt,</strong></span> <span class='ocrx_word' id='word_1_77' title='bbox 1711 1218 2038 1284; x_wconf 89' lang='lat' dir='ltr'><strong>inlibatum,</strong></span> 
     </span>
    </p>
   </div>
   <div class='ocr_carea' id='block_1_14' title="bbox 409 1310 2042 1386">
    <p class='ocr_par' dir='ltr' id='par_1_14' title="bbox 409 1310 2042 1386">
     <span class='ocr_line' id='line_1_14' title="bbox 409 1310 2042 1386; baseline -0.007 -10"><span class='ocrx_word' id='word_1_78' title='bbox 409 1319 773 1384; x_wconf 88' lang='lat' dir='ltr'><strong>inviolatum,</strong></span> <span class='ocrx_word' id='word_1_79' title='bbox 820 1321 877 1372; x_wconf 90' lang='lat' dir='ltr'><strong>et</strong></span> <span class='ocrx_word' id='word_1_80' title='bbox 918 1317 1356 1372; x_wconf 86' lang='lat' dir='ltr'><strong>immaculatum</strong></span> <span class='ocrx_word' id='word_1_81' title='bbox 1413 1315 1710 1386; x_wconf 84' lang='lat' dir='ltr'><strong>perferant</strong></span> <span class='ocrx_word' id='word_1_82' title='bbox 1764 1315 1898 1367; x_wconf 88' lang='lat' dir='ltr'><strong>ante</strong></span> <span class='ocrx_word' id='word_1_83' title='bbox 1947 1310 2042 1365; x_wconf 92' lang='lat' dir='ltr'><strong>tri-</strong></span> 
     </span>
    </p>
   </div>
   <div class='ocr_carea' id='block_1_15' title="bbox 410 1412 839 1470">
    <p class='ocr_par' dir='ltr' id='par_1_15' title="bbox 410 1412 839 1470">
     <span class='ocr_line' id='line_1_15' title="bbox 410 1412 839 1470; baseline -0.009 0"><span class='ocrx_word' id='word_1_84' title='bbox 410 1413 588 1470; x_wconf 90' lang='lat' dir='ltr'><strong>bunal</strong></span> <span class='ocrx_word' id='word_1_85' title='bbox 613 1412 839 1470; x_wconf 85' lang='lat' dir='ltr'><strong>Christi.</strong></span> 
     </span>
    </p>
   </div>
   <div class='ocr_carea' id='block_1_16' title="bbox 1097 1480 1368 1532">
    <p class='ocr_par' dir='ltr' id='par_1_16' title="bbox 1097 1480 1368 1532">
     <span class='ocr_line' id='line_1_16' title="bbox 1097 1480 1368 1532; baseline -0.007 -1"><span class='ocrx_word' id='word_1_86' title='bbox 1097 1483 1223 1532; x_wconf 90' lang='lat' dir='ltr'><strong>ltem</strong></span> <span class='ocrx_word' id='word_1_87' title='bbox 1249 1480 1368 1531; x_wconf 88' lang='lat' dir='ltr'><strong>alia.</strong></span> 
     </span>
    </p>
   </div>
   <div class='ocr_carea' id='block_1_17' title="bbox 480 1561 2042 1633">
    <p class='ocr_par' dir='ltr' id='par_1_17' title="bbox 480 1561 2042 1633">
     <span class='ocr_line' id='line_1_17' title="bbox 480 1561 2042 1633; baseline -0.008 -10"><span class='ocrx_word' id='word_1_88' title='bbox 480 1565 724 1623; x_wconf 87' lang='lat' dir='ltr'><strong>Domine</strong></span> <span class='ocrx_word' id='word_1_89' title='bbox 773 1565 922 1619; x_wconf 91' lang='lat' dir='ltr'><strong>Deus</strong></span> <span class='ocrx_word' id='word_1_90' title='bbox 975 1563 1362 1633; x_wconf 90' lang='lat' dir='ltr'><strong>omnipotens,</strong></span> <span class='ocrx_word' id='word_1_91' title='bbox 1407 1561 1653 1616; x_wconf 89' lang='lat' dir='ltr'><strong>famulos</strong></span> <span class='ocrx_word' id='word_1_92' title='bbox 1702 1562 1850 1624; x_wconf 92' lang='lat' dir='ltr'><strong>tuos,</strong></span> <span class='ocrx_word' id='word_1_93' title='bbox 1899 1573 2042 1628; x_wconf 90' lang='lat' dir='ltr'><strong>quos</strong></span> 
     </span>
    </p>
   </div>
   <div class='ocr_carea' id='block_1_18' title="bbox 405 1655 2042 1735">
    <p class='ocr_par' dir='ltr' id='par_1_18' title="bbox 405 1655 2042 1735">
     <span class='ocr_line' id='line_1_18' title="bbox 405 1655 2042 1735; baseline -0.007 -18"><span class='ocrx_word' id='word_1_94' title='bbox 405 1660 624 1735; x_wconf 85' lang='lat' dir='ltr'><strong>jussisti</strong></span> <span class='ocrx_word' id='word_1_95' title='bbox 651 1657 877 1714; x_wconf 87' lang='lat' dir='ltr'><strong>renasci</strong></span> <span class='ocrx_word' id='word_1_96' title='bbox 905 1674 974 1712; x_wconf 86' lang='lat' dir='ltr'><strong>ex</strong></span> <span class='ocrx_word' id='word_1_97' title='bbox 1002 1673 1154 1728; x_wconf 91' lang='lat' dir='ltr'><strong>aqua</strong></span> <span class='ocrx_word' id='word_1_98' title='bbox 1173 1660 1231 1711; x_wconf 93' lang='lat' dir='ltr'><strong>et</strong></span> <span class='ocrx_word' id='word_1_99' title='bbox 1261 1655 1477 1727; x_wconf 90' lang='lat' dir='ltr'><strong>Spiritu</strong></span> <span class='ocrx_word' id='word_1_100' title='bbox 1507 1655 1725 1720; x_wconf 88' lang='lat' dir='ltr'><strong>sancto,</strong></span> <span class='ocrx_word' id='word_1_101' title='bbox 1768 1666 2042 1707; x_wconf 88' lang='lat' dir='ltr'><strong>conserva</strong></span> 
     </span>
    </p>
   </div>
   <div class='ocr_carea' id='block_1_19' title="bbox 411 1745 2040 1826">
    <p class='ocr_par' dir='ltr' id='par_1_19' title="bbox 411 1745 2040 1826">
     <span class='ocr_line' id='line_1_19' title="bbox 411 1745 2040 1826; baseline -0.004 -15"><span class='ocrx_word' id='word_1_102' title='bbox 411 1756 471 1812; x_wconf 90' lang='lat' dir='ltr'><strong>in</strong></span> <span class='ocrx_word' id='word_1_103' title='bbox 494 1755 578 1812; x_wconf 87' lang='lat' dir='ltr'><strong>eis</strong></span> <span class='ocrx_word' id='word_1_104' title='bbox 604 1753 958 1826; x_wconf 88' lang='lat' dir='ltr'><strong>baptismum</strong></span> <span class='ocrx_word' id='word_1_105' title='bbox 980 1753 1242 1806; x_wconf 90' lang='lat' dir='ltr'><strong>sanctum</strong></span> <span class='ocrx_word' id='word_1_106' title='bbox 1265 1749 1420 1821; x_wconf 91' lang='lat' dir='ltr'><strong>quod</strong></span> <span class='ocrx_word' id='word_1_107' title='bbox 1467 1749 1832 1819; x_wconf 89' lang='lat' dir='ltr'><strong>acceperunt,</strong></span> <span class='ocrx_word' id='word_1_108' title='bbox 1877 1748 1936 1800; x_wconf 90' lang='lat' dir='ltr'><strong>et</strong></span> <span class='ocrx_word' id='word_1_109' title='bbox 1980 1745 2040 1804; x_wconf 79' lang='lat' dir='ltr'><strong>in</strong></span> 
     </span>
    </p>
   </div>
   <div class='ocr_carea' id='block_1_20' title="bbox 413 1840 2043 1914">
    <p class='ocr_par' dir='ltr' id='par_1_20' title="bbox 413 1840 2043 1914">
     <span class='ocr_line' id='line_1_20' title="bbox 413 1840 2043 1914; baseline -0.007 -9"><span class='ocrx_word' id='word_1_110' title='bbox 413 1848 666 1905; x_wconf 87' lang='lat' dir='ltr'><strong>nominis</strong></span> <span class='ocrx_word' id='word_1_111' title='bbox 705 1847 790 1902; x_wconf 90' lang='lat' dir='ltr'><strong>tui</strong></span> <span class='ocrx_word' id='word_1_112' title='bbox 828 1843 1342 1901; x_wconf 81' lang='lat' dir='ltr'><strong>sanctiﬁcationem</strong></span> <span class='ocrx_word' id='word_1_113' title='bbox 1377 1842 1652 1914; x_wconf 82' lang='lat' dir='ltr'><strong>perficere</strong></span> <span class='ocrx_word' id='word_1_114' title='bbox 1685 1840 1956 1912; x_wconf 89' lang='lat' dir='ltr'><strong>dignare;</strong></span> <span class='ocrx_word' id='word_1_115' title='bbox 1979 1841 2043 1894; x_wconf 93' lang='lat' dir='ltr'><strong>ut</strong></span> 
     </span>
    </p>
   </div>
   <div class='ocr_carea' id='block_1_21' title="bbox 410 1934 2041 2016">
    <p class='ocr_par' dir='ltr' id='par_1_21' title="bbox 410 1934 2041 2016">
     <span class='ocr_line' id='line_1_21' title="bbox 410 1934 2041 2016; baseline -0.007 -18"><span class='ocrx_word' id='word_1_116' title='bbox 410 1941 674 2016; x_wconf 81' lang='lat' dir='ltr'><strong>proficiat</strong></span> <span class='ocrx_word' id='word_1_117' title='bbox 688 1941 748 1996; x_wconf 90' lang='lat' dir='ltr'><strong>in</strong></span> <span class='ocrx_word' id='word_1_118' title='bbox 769 1939 896 1995; x_wconf 90' lang='lat' dir='ltr'><strong>illos</strong></span> <span class='ocrx_word' id='word_1_119' title='bbox 914 1939 1101 2011; x_wconf 89' lang='lat' dir='ltr'><strong>gratia</strong></span> <span class='ocrx_word' id='word_1_120' title='bbox 1126 1941 1220 1992; x_wconf 88' lang='lat' dir='ltr'><strong>tua</strong></span> <span class='ocrx_word' id='word_1_121' title='bbox 1247 1953 1496 2008; x_wconf 89' lang='lat' dir='ltr'><strong>semper,</strong></span> <span class='ocrx_word' id='word_1_122' title='bbox 1525 1939 1583 1990; x_wconf 89' lang='lat' dir='ltr'><strong>et</strong></span> <span class='ocrx_word' id='word_1_123' title='bbox 1623 1934 1780 2006; x_wconf 90' lang='lat' dir='ltr'><strong>quod</strong></span> <span class='ocrx_word' id='word_1_124' title='bbox 1817 1937 1876 1988; x_wconf 89' lang='lat' dir='ltr'><strong>te</strong></span> <span class='ocrx_word' id='word_1_125' title='bbox 1907 1936 2041 1988; x_wconf 86' lang='lat' dir='ltr'><strong>ante</strong></span> 
     </span>
    </p>
   </div>
   <div class='ocr_carea' id='block_1_22' title="bbox 414 2025 2041 2105">
    <p class='ocr_par' dir='ltr' id='par_1_22' title="bbox 414 2025 2041 2105">
     <span class='ocr_line' id='line_1_22' title="bbox 414 2025 2041 2105; baseline -0.007 -14"><span class='ocrx_word' id='word_1_126' title='bbox 414 2034 668 2091; x_wconf 84' lang='lat' dir='ltr'><strong>donante</strong></span> <span class='ocrx_word' id='word_1_127' title='bbox 681 2031 1207 2105; x_wconf 82' lang='lat' dir='ltr'><strong>susceperunt,vita</strong></span> <span class='ocrx_word' id='word_1_128' title='bbox 1221 2047 1336 2085; x_wconf 83' lang='lat' dir='ltr'><strong>sua</strong></span> <span class='ocrx_word' id='word_1_129' title='bbox 1349 2029 1682 2101; x_wconf 86' lang='lat' dir='ltr'><strong>integritate</strong></span> <span class='ocrx_word' id='word_1_130' title='bbox 1695 2025 2041 2082; x_wconf 89' lang='lat' dir='ltr'><strong>custodiant.</strong></span> 
     </span>
    </p>
   </div>
   <div class='ocr_carea' id='block_1_23' title="bbox 825 2155 1611 2201">
    <p class='ocr_par' dir='ltr' id='par_1_23' title="bbox 825 2155 1611 2201">
     <span class='ocr_line' id='line_1_23' title="bbox 825 2155 1611 2201; baseline -0.009 0"><span class='ocrx_word' id='word_1_131' title='bbox 825 2160 983 2201; x_wconf 75' lang='lat' dir='ltr'><strong>MISSA</strong></span> <span class='ocrx_word' id='word_1_132' title='bbox 1021 2160 1075 2200; x_wconf 76' lang='grc' dir='ltr'><strong>ΙΝ</strong></span> <span class='ocrx_word' id='word_1_133' title='bbox 1113 2157 1330 2198; x_wconf 84' lang='lat' dir='ltr'><strong>VIGILIIS</strong></span> <span class='ocrx_word' id='word_1_134' title='bbox 1369 2155 1611 2197; x_wconf 63' lang='lat' dir='ltr'><strong>PASCIIAZ.</strong></span> 
     </span>
    </p>
   </div>
   <div class='ocr_carea' id='block_1_24' title="bbox 667 2227 1775 2298">
    <p class='ocr_par' dir='ltr' id='par_1_24' title="bbox 667 2227 1775 2298">
     <span class='ocr_line' id='line_1_24' title="bbox 667 2227 1775 2298; baseline -0.007 -14"><span class='ocrx_word' id='word_1_135' title='bbox 667 2232 898 2298; x_wconf 80' lang='lat' dir='ltr'><strong>Epistola</strong></span> <span class='ocrx_word' id='word_1_136' title='bbox 918 2231 1062 2282; x_wconf 85' lang='lat' dir='ltr'><strong>Pauli</strong></span> <span class='ocrx_word' id='word_1_137' title='bbox 1082 2229 1305 2296; x_wconf 86' lang='lat' dir='ltr'><strong>apostoli</strong></span> <span class='ocrx_word' id='word_1_138' title='bbox 1331 2229 1396 2280; x_wconf 90' lang='lat' dir='ltr'><strong>ad</strong></span> <span class='ocrx_word' id='word_1_139' title='bbox 1421 2227 1714 2279; x_wconf 82' lang='lat' dir='ltr'><strong>Corinthios</strong></span> <span class='ocrx_word' id='word_1_140' title='bbox 1728 2239 1775 2278; x_wconf 90' lang='lat' dir='ltr'><strong>b.</strong></span> 
     </span>
    </p>
   </div>
   <div class='ocr_carea' id='block_1_25' title="bbox 483 2301 2040 2380">
    <p class='ocr_par' dir='ltr' id='par_1_25' title="bbox 483 2301 2040 2380">
     <span class='ocr_line' id='line_1_25' title="bbox 483 2301 2040 2380; baseline -0.006 -14"><span class='ocrx_word' id='word_1_141' title='bbox 483 2312 728 2378; x_wconf 84' lang='lat' dir='ltr'><strong>Fratres,</strong></span> <span class='ocrx_word' id='word_1_142' title='bbox 774 2309 930 2364; x_wconf 87' lang='lat' dir='ltr'><strong>bona</strong></span> <span class='ocrx_word' id='word_1_143' title='bbox 976 2307 1243 2380; x_wconf 87' lang='lat' dir='ltr'><strong>gloriatio</strong></span> <span class='ocrx_word' id='word_1_144' title='bbox 1286 2308 1475 2360; x_wconf 89' lang='lat' dir='ltr'><strong>vestra</strong></span> <span class='ocrx_word' id='word_1_145' title='bbox 1517 2304 1578 2359; x_wconf 89' lang='lat' dir='ltr'><strong>in</strong></span> <span class='ocrx_word' id='word_1_146' title='bbox 1625 2301 1849 2359; x_wconf 87' lang='lat' dir='ltr'><strong>Christo</strong></span> <span class='ocrx_word' id='word_1_147' title='bbox 1888 2302 2040 2356; x_wconf 77' lang='lat' dir='ltr'><strong>Iesu.</strong></span> 
     </span>
    </p>
   </div>
   <div class='ocr_carea' id='block_1_26' title="bbox 411 2399 2046 2474">
    <p class='ocr_par' dir='ltr' id='par_1_26' title="bbox 411 2399 2046 2474">
     <span class='ocr_line' id='line_1_26' title="bbox 411 2399 2046 2474; baseline -0.006 -14"><span class='ocrx_word' id='word_1_148' title='bbox 411 2403 648 2461; x_wconf 87' lang='lat' dir='ltr'><strong>Nescitis</strong></span> <span class='ocrx_word' id='word_1_149' title='bbox 689 2402 823 2474; x_wconf 87' lang='lat' dir='ltr'><strong>quia</strong></span> <span class='ocrx_word' id='word_1_150' title='bbox 857 2401 1150 2456; x_wconf 91' lang='lat' dir='ltr'><strong>modicum</strong></span> <span class='ocrx_word' id='word_1_151' title='bbox 1192 2401 1548 2455; x_wconf 86' lang='lat' dir='ltr'><strong>fermentum</strong></span> <span class='ocrx_word' id='word_1_152' title='bbox 1589 2399 1772 2452; x_wconf 88' lang='lat' dir='ltr'><strong>totam</strong></span> <span class='ocrx_word' id='word_1_153' title='bbox 1795 2411 2046 2450; x_wconf 88' lang='lat' dir='ltr'><strong>massam</strong></span> 
     </span>
    </p>
   </div>
   <div class='ocr_carea' id='block_1_27' title="bbox 412 2489 2044 2568">
    <p class='ocr_par' dir='ltr' id='par_1_27' title="bbox 412 2489 2044 2568">
     <span class='ocr_line' id='line_1_27' title="bbox 412 2489 2044 2568; baseline -0.009 -13"><span class='ocrx_word' id='word_1_154' title='bbox 412 2495 769 2568; x_wconf 84' lang='lat' dir='ltr'><strong>corrumpit?</strong></span> <span class='ocrx_word' id='word_1_155' title='bbox 821 2497 1144 2567; x_wconf 87' lang='lat' dir='ltr'><strong>Expurgate</strong></span> <span class='ocrx_word' id='word_1_156' title='bbox 1180 2496 1343 2549; x_wconf 84' lang='lat' dir='ltr'><strong>vetus</strong></span> <span class='ocrx_word' id='word_1_157' title='bbox 1388 2494 1765 2558; x_wconf 86' lang='lat' dir='ltr'><strong>fermentum,</strong></span> <span class='ocrx_word' id='word_1_158' title='bbox 1819 2494 1880 2544; x_wconf 92' lang='lat' dir='ltr'><strong>ut</strong></span> <span class='ocrx_word' id='word_1_159' title='bbox 1922 2489 2044 2542; x_wconf 91' lang='lat' dir='ltr'><strong>sitis</strong></span> 
     </span>
    </p>
   </div>
   <div class='ocr_carea' id='block_1_28' title="bbox 411 2583 2045 2661">
    <p class='ocr_par' dir='ltr' id='par_1_28' title="bbox 411 2583 2045 2661">
     <span class='ocr_line' id='line_1_28' title="bbox 411 2583 2045 2661; baseline -0.007 -14"><span class='ocrx_word' id='word_1_160' title='bbox 411 2607 560 2648; x_wconf 87' lang='lat' dir='ltr'><strong>nova</strong></span> <span class='ocrx_word' id='word_1_161' title='bbox 586 2589 938 2661; x_wconf 89' lang='lat' dir='ltr'><strong>consparsio,</strong></span> <span class='ocrx_word' id='word_1_162' title='bbox 969 2589 1114 2643; x_wconf 90' lang='lat' dir='ltr'><strong>sicut</strong></span> <span class='ocrx_word' id='word_1_163' title='bbox 1136 2587 1270 2642; x_wconf 88' lang='lat' dir='ltr'><strong>estis</strong></span> <span class='ocrx_word' id='word_1_164' title='bbox 1301 2586 1507 2658; x_wconf 81' lang='lat' dir='ltr'><strong>azymi.</strong></span> <span class='ocrx_word' id='word_1_165' title='bbox 1556 2584 1786 2640; x_wconf 89' lang='lat' dir='ltr'><strong>Etenim</strong></span> <span class='ocrx_word' id='word_1_166' title='bbox 1832 2583 2045 2654; x_wconf 89' lang='lat' dir='ltr'><strong>pascha</strong></span> 
     </span>
    </p>
   </div>
   <div class='ocr_carea' id='block_1_29' title="bbox 412 2676 2042 2750">
    <p class='ocr_par' dir='ltr' id='par_1_29' title="bbox 412 2676 2042 2750">
     <span class='ocr_line' id='line_1_29' title="bbox 412 2676 2042 2750; baseline -0.008 -8"><span class='ocrx_word' id='word_1_167' title='bbox 412 2688 674 2742; x_wconf 90' lang='lat' dir='ltr'><strong>nostrum</strong></span> <span class='ocrx_word' id='word_1_168' title='bbox 703 2684 1013 2738; x_wconf 90' lang='lat' dir='ltr'><strong>inmolatus</strong></span> <span class='ocrx_word' id='word_1_169' title='bbox 1035 2686 1121 2736; x_wconf 90' lang='lat' dir='ltr'><strong>est</strong></span> <span class='ocrx_word' id='word_1_170' title='bbox 1147 2680 1418 2737; x_wconf 89' lang='lat' dir='ltr'><strong>Christus.</strong></span> <span class='ocrx_word' id='word_1_171' title='bbox 1446 2682 1644 2750; x_wconf 87' lang='lat' dir='ltr'><strong>Itaque</strong></span> <span class='ocrx_word' id='word_1_172' title='bbox 1688 2676 2042 2733; x_wconf 90' lang='lat' dir='ltr'><strong>sollemnita-</strong></span> 
     </span>
    </p>
   </div>
   <div class='ocr_carea' id='block_1_30' title="bbox 411 2769 2044 2844">
    <p class='ocr_par' dir='ltr' id='par_1_30' title="bbox 411 2769 2044 2844">
     <span class='ocr_line' id='line_1_30' title="bbox 411 2769 2044 2844; baseline -0.007 -9"><span class='ocrx_word' id='word_1_173' title='bbox 411 2783 531 2835; x_wconf 87' lang='lat' dir='ltr'><strong>tem</strong></span> <span class='ocrx_word' id='word_1_174' title='bbox 552 2778 928 2844; x_wconf 91' lang='lat' dir='ltr'><strong>celebremus,</strong></span> <span class='ocrx_word' id='word_1_175' title='bbox 957 2793 1074 2832; x_wconf 89' lang='lat' dir='ltr'><strong>non</strong></span> <span class='ocrx_word' id='word_1_176' title='bbox 1105 2775 1162 2830; x_wconf 92' lang='lat' dir='ltr'><strong>in</strong></span> <span class='ocrx_word' id='word_1_177' title='bbox 1185 2776 1476 2830; x_wconf 89' lang='lat' dir='ltr'><strong>fermento</strong></span> <span class='ocrx_word' id='word_1_178' title='bbox 1515 2771 1714 2839; x_wconf 90' lang='lat' dir='ltr'><strong>veteri,</strong></span> <span class='ocrx_word' id='word_1_179' title='bbox 1762 2787 1951 2842; x_wconf 92' lang='lat' dir='ltr'><strong>neque</strong></span> <span class='ocrx_word' id='word_1_180' title='bbox 1983 2769 2044 2823; x_wconf 90' lang='lat' dir='ltr'><strong>in</strong></span> 
     </span>
    </p>
   </div>
   <div class='ocr_carea' id='block_1_31' title="bbox 411 2863 2043 2940">
    <p class='ocr_par' dir='ltr' id='par_1_31' title="bbox 411 2863 2043 2940">
     <span class='ocr_line' id='line_1_31' title="bbox 411 2863 2043 2940; baseline -0.007 -11"><span class='ocrx_word' id='word_1_181' title='bbox 411 2874 700 2929; x_wconf 89' lang='lat' dir='ltr'><strong>fermento</strong></span> <span class='ocrx_word' id='word_1_182' title='bbox 728 2870 964 2928; x_wconf 84' lang='lat' dir='ltr'><strong>malitia</strong></span> <span class='ocrx_word' id='word_1_183' title='bbox 996 2873 1053 2925; x_wconf 89' lang='lat' dir='ltr'><strong>et</strong></span> <span class='ocrx_word' id='word_1_184' title='bbox 1075 2869 1366 2940; x_wconf 88' lang='lat' dir='ltr'><strong>nequitia,</strong></span> <span class='ocrx_word' id='word_1_185' title='bbox 1397 2867 1498 2921; x_wconf 89' lang='lat' dir='ltr'><strong>sed</strong></span> <span class='ocrx_word' id='word_1_186' title='bbox 1529 2867 1586 2921; x_wconf 94' lang='lat' dir='ltr'><strong>in</strong></span> <span class='ocrx_word' id='word_1_187' title='bbox 1620 2864 1834 2936; x_wconf 83' lang='lat' dir='ltr'><strong>azymis</strong></span> <span class='ocrx_word' id='word_1_188' title='bbox 1859 2863 2043 2920; x_wconf 90' lang='lat' dir='ltr'><strong>since-</strong></span> 
     </span>
    </p>
   </div>
   <div class='ocr_carea' id='block_1_32' title="bbox 412 2963 1491 3023">
    <p class='ocr_par' dir='ltr' id='par_1_32' title="bbox 412 2963 1491 3023">
     <span class='ocr_line' id='line_1_32' title="bbox 412 2963 1491 3023; baseline -0.008 0"><span class='ocrx_word' id='word_1_189' title='bbox 412 2967 597 3023; x_wconf 85' lang='lat' dir='ltr'><strong>ritatis</strong></span> <span class='ocrx_word' id='word_1_190' title='bbox 624 2970 681 3020; x_wconf 90' lang='lat' dir='ltr'><strong>et</strong></span> <span class='ocrx_word' id='word_1_191' title='bbox 708 2965 965 3020; x_wconf 85' lang='lat' dir='ltr'><strong>veritatis</strong></span> <span class='ocrx_word' id='word_1_192' title='bbox 993 2964 1052 3018; x_wconf 93' lang='lat' dir='ltr'><strong>in</strong></span> <span class='ocrx_word' id='word_1_193' title='bbox 1085 2963 1310 3019; x_wconf 87' lang='lat' dir='ltr'><strong>Christo</strong></span> <span class='ocrx_word' id='word_1_194' title='bbox 1339 2963 1491 3018; x_wconf 82' lang='lat' dir='ltr'><strong>Jesu.</strong></span> 
     </span>
    </p>
   </div>
   <div class='ocr_carea' id='block_1_33' title="bbox 567 3051 1888 3114">
    <p class='ocr_par' dir='ltr' id='par_1_33' title="bbox 567 3051 1888 3114">
     <span class='ocr_line' id='line_1_33' title="bbox 567 3051 1888 3114; baseline -0.005 -6"><span class='ocrx_word' id='word_1_195' title='bbox 567 3057 743 3109; x_wconf 89' lang='lat' dir='ltr'><strong>Lectio</strong></span> <span class='ocrx_word' id='word_1_196' title='bbox 777 3056 941 3106; x_wconf 85' lang='lat' dir='ltr'><strong>sancti</strong></span> <span class='ocrx_word' id='word_1_197' title='bbox 962 3055 1227 3114; x_wconf 73' lang='lat' dir='ltr'><strong>Evangelii</strong></span> <span class='ocrx_word' id='word_1_198' title='bbox 1259 3054 1548 3104; x_wconf 86' lang='lat' dir='ltr'><strong>secundum</strong></span> <span class='ocrx_word' id='word_1_199' title='bbox 1575 3051 1888 3103; x_wconf 81' lang='lat' dir='ltr'><strong>Matthaum.</strong></span> 
     </span>
    </p>
   </div>
   <div class='ocr_carea' id='block_1_34' title="bbox 2141 499 3779 572">
    <p class='ocr_par' dir='ltr' id='par_1_34' title="bbox 2141 499 3779 572">
     <span class='ocr_line' id='line_1_34' title="bbox 2141 499 3779 572; baseline 0.001 -17"><span class='ocrx_word' id='word_1_200' title='bbox 2141 500 2310 568; x_wconf 89' lang='lat' dir='ltr'><strong>tibus,</strong></span> <span class='ocrx_word' id='word_1_201' title='bbox 2335 500 2622 556; x_wconf 88' lang='lat' dir='ltr'><strong>dicentes:</strong></span> <span class='ocrx_word' id='word_1_202' title='bbox 2669 499 2848 554; x_wconf 91' lang='lat' dir='ltr'><strong>Dicite</strong></span> <span class='ocrx_word' id='word_1_203' title='bbox 2875 499 3009 571; x_wconf 86' lang='lat' dir='ltr'><strong>quia</strong></span> <span class='ocrx_word' id='word_1_204' title='bbox 3040 499 3299 572; x_wconf 90' lang='lat' dir='ltr'><strong>discipuli</strong></span> <span class='ocrx_word' id='word_1_205' title='bbox 3325 500 3448 570; x_wconf 89' lang='lat' dir='ltr'><strong>ejus</strong></span> <span class='ocrx_word' id='word_1_206' title='bbox 3477 503 3644 556; x_wconf 88' lang='lat' dir='ltr'><strong>nocte</strong></span> <span class='ocrx_word' id='word_1_207' title='bbox 3675 517 3779 557; x_wconf 88' lang='lat' dir='ltr'><strong>ve-</strong></span> 
     </span>
    </p>
   </div>
   <div class='ocr_carea' id='block_1_35' title="bbox 2142 593 3784 662">
    <p class='ocr_par' dir='ltr' id='par_1_35' title="bbox 2142 593 3784 662">
     <span class='ocr_line' id='line_1_35' title="bbox 2142 593 3784 662; baseline 0.001 -12"><span class='ocrx_word' id='word_1_208' title='bbox 2142 598 2371 662; x_wconf 87' lang='lat' dir='ltr'><strong>nerunt,</strong></span> <span class='ocrx_word' id='word_1_209' title='bbox 2409 598 2465 649; x_wconf 93' lang='lat' dir='ltr'><strong>et</strong></span> <span class='ocrx_word' id='word_1_210' title='bbox 2487 594 2660 650; x_wconf 87' lang='lat' dir='ltr'><strong>furati</strong></span> <span class='ocrx_word' id='word_1_211' title='bbox 2684 597 2818 648; x_wconf 90' lang='lat' dir='ltr'><strong>sunt</strong></span> <span class='ocrx_word' id='word_1_212' title='bbox 2835 610 2968 648; x_wconf 91' lang='lat' dir='ltr'><strong>eum</strong></span> <span class='ocrx_word' id='word_1_213' title='bbox 2993 593 3158 650; x_wconf 89' lang='lat' dir='ltr'><strong>nobis</strong></span> <span class='ocrx_word' id='word_1_214' title='bbox 3170 593 3611 649; x_wconf 89' lang='lat' dir='ltr'><strong>dormientibus.</strong></span> <span class='ocrx_word' id='word_1_215' title='bbox 3633 595 3704 650; x_wconf 89' lang='lat' dir='ltr'><strong>Et</strong></span> <span class='ocrx_word' id='word_1_216' title='bbox 3728 595 3784 651; x_wconf 90' lang='lat' dir='ltr'><strong>si</strong></span> 
     </span>
    </p>
   </div>
   <div class='ocr_carea' id='block_1_36' title="bbox 2141 687 3784 760">
    <p class='ocr_par' dir='ltr' id='par_1_36' title="bbox 2141 687 3784 760">
     <span class='ocr_line' id='line_1_36' title="bbox 2141 687 3784 760; baseline 0.001 -16"><span class='ocrx_word' id='word_1_217' title='bbox 2141 690 2249 744; x_wconf 88' lang='lat' dir='ltr'><strong>hoc</strong></span> <span class='ocrx_word' id='word_1_218' title='bbox 2265 688 2527 744; x_wconf 90' lang='lat' dir='ltr'><strong>auditum</strong></span> <span class='ocrx_word' id='word_1_219' title='bbox 2555 689 2729 743; x_wconf 89' lang='lat' dir='ltr'><strong>fuerit</strong></span> <span class='ocrx_word' id='word_1_220' title='bbox 2749 705 2782 742; x_wconf 89' lang='lat' dir='ltr'><strong>a</strong></span> <span class='ocrx_word' id='word_1_221' title='bbox 2800 688 3064 760; x_wconf 84' lang='lat' dir='ltr'><strong>praside,</strong></span> <span class='ocrx_word' id='word_1_222' title='bbox 3084 704 3202 743; x_wconf 91' lang='lat' dir='ltr'><strong>non</strong></span> <span class='ocrx_word' id='word_1_223' title='bbox 3224 687 3596 743; x_wconf 88' lang='lat' dir='ltr'><strong>suadebimus</strong></span> <span class='ocrx_word' id='word_1_224' title='bbox 3622 689 3696 755; x_wconf 90' lang='lat' dir='ltr'><strong>ei,</strong></span> <span class='ocrx_word' id='word_1_225' title='bbox 3719 693 3784 745; x_wconf 86' lang='lat' dir='ltr'><strong>et</strong></span> 
     </span>
    </p>
   </div>
   <div class='ocr_carea' id='block_1_37' title="bbox 2142 782 3785 854">
    <p class='ocr_par' dir='ltr' id='par_1_37' title="bbox 2142 782 3785 854">
     <span class='ocr_line' id='line_1_37' title="bbox 2142 782 3785 854; baseline 0.001 -18"><span class='ocrx_word' id='word_1_226' title='bbox 2142 800 2370 838; x_wconf 90' lang='lat' dir='ltr'><strong>securos</strong></span> <span class='ocrx_word' id='word_1_227' title='bbox 2395 799 2495 837; x_wconf 90' lang='lat' dir='ltr'><strong>vos</strong></span> <span class='ocrx_word' id='word_1_228' title='bbox 2511 783 2810 838; x_wconf 88' lang='lat' dir='ltr'><strong>faciemus.</strong></span> <span class='ocrx_word' id='word_1_229' title='bbox 2823 785 2895 837; x_wconf 80' lang='lat' dir='ltr'><strong>At</strong></span> <span class='ocrx_word' id='word_1_230' title='bbox 2907 783 2986 838; x_wconf 93' lang='lat' dir='ltr'><strong>illi</strong></span> <span class='ocrx_word' id='word_1_231' title='bbox 3009 785 3242 854; x_wconf 89' lang='lat' dir='ltr'><strong>accepta</strong></span> <span class='ocrx_word' id='word_1_232' title='bbox 3253 782 3498 854; x_wconf 86' lang='lat' dir='ltr'><strong>pecunia</strong></span> <span class='ocrx_word' id='word_1_233' title='bbox 3514 783 3785 838; x_wconf 81' lang='lat' dir='ltr'><strong>fecerunt</strong></span> 
     </span>
    </p>
   </div>
   <div class='ocr_carea' id='block_1_38' title="bbox 2143 877 3781 948">
    <p class='ocr_par' dir='ltr' id='par_1_38' title="bbox 2143 877 3781 948">
     <span class='ocr_line' id='line_1_38' title="bbox 2143 877 3781 948; baseline 0.001 -16"><span class='ocrx_word' id='word_1_234' title='bbox 2143 879 2286 932; x_wconf 88' lang='lat' dir='ltr'><strong>sicut</strong></span> <span class='ocrx_word' id='word_1_235' title='bbox 2312 880 2478 931; x_wconf 89' lang='lat' dir='ltr'><strong>erant</strong></span> <span class='ocrx_word' id='word_1_236' title='bbox 2509 877 2716 944; x_wconf 89' lang='lat' dir='ltr'><strong>edocti,</strong></span> <span class='ocrx_word' id='word_1_237' title='bbox 2748 881 2806 932; x_wconf 92' lang='lat' dir='ltr'><strong>et</strong></span> <span class='ocrx_word' id='word_1_238' title='bbox 2836 877 3206 948; x_wconf 90' lang='lat' dir='ltr'><strong>devulgatum</strong></span> <span class='ocrx_word' id='word_1_239' title='bbox 3235 881 3321 932; x_wconf 89' lang='lat' dir='ltr'><strong>est</strong></span> <span class='ocrx_word' id='word_1_240' title='bbox 3347 877 3584 931; x_wconf 82' lang='lat' dir='ltr'><strong>verbum</strong></span> <span class='ocrx_word' id='word_1_241' title='bbox 3622 877 3781 933; x_wconf 86' lang='lat' dir='ltr'><strong>istud</strong></span> 
     </span>
    </p>
   </div>
   <div class='ocr_carea' id='block_1_39' title="bbox 2143 970 3776 1044">
    <p class='ocr_par' dir='ltr' id='par_1_39' title="bbox 2143 970 3776 1044">
     <span class='ocr_line' id='line_1_39' title="bbox 2143 970 3776 1044; baseline -0.001 -17"><span class='ocrx_word' id='word_1_242' title='bbox 2143 971 2294 1044; x_wconf 89' lang='lat' dir='ltr'><strong>apud</strong></span> <span class='ocrx_word' id='word_1_243' title='bbox 2313 971 2540 1027; x_wconf 85' lang='lat' dir='ltr'><strong>Judaos</strong></span> <span class='ocrx_word' id='word_1_244' title='bbox 2569 988 2748 1043; x_wconf 86' lang='lat' dir='ltr'><strong>usque</strong></span> <span class='ocrx_word' id='word_1_245' title='bbox 2776 971 2835 1025; x_wconf 90' lang='lat' dir='ltr'><strong>in</strong></span> <span class='ocrx_word' id='word_1_246' title='bbox 2885 971 3232 1026; x_wconf 90' lang='lat' dir='ltr'><strong>hodiernum</strong></span> <span class='ocrx_word' id='word_1_247' title='bbox 3276 970 3452 1026; x_wconf 89' lang='lat' dir='ltr'><strong>diem.</strong></span> <span class='ocrx_word' id='word_1_248' title='bbox 3492 971 3776 1026; x_wconf 89' lang='lat' dir='ltr'><strong>Undecim</strong></span> 
     </span>
    </p>
   </div>
   <div class='ocr_carea' id='block_1_40' title="bbox 2142 1065 3780 1137">
    <p class='ocr_par' dir='ltr' id='par_1_40' title="bbox 2142 1065 3780 1137">
     <span class='ocr_line' id='line_1_40' title="bbox 2142 1065 3780 1137; baseline 0.001 -17"><span class='ocrx_word' id='word_1_249' title='bbox 2142 1069 2334 1121; x_wconf 88' lang='lat' dir='ltr'><strong>autem</strong></span> <span class='ocrx_word' id='word_1_250' title='bbox 2364 1065 2626 1137; x_wconf 88' lang='lat' dir='ltr'><strong>discipuli</strong></span> <span class='ocrx_word' id='word_1_251' title='bbox 2650 1065 2915 1120; x_wconf 91' lang='lat' dir='ltr'><strong>abierunt</strong></span> <span class='ocrx_word' id='word_1_252' title='bbox 2943 1065 3002 1119; x_wconf 92' lang='lat' dir='ltr'><strong>in</strong></span> <span class='ocrx_word' id='word_1_253' title='bbox 3023 1065 3338 1132; x_wconf 73' lang='lat' dir='ltr'><strong>Galilaeam,</strong></span> <span class='ocrx_word' id='word_1_254' title='bbox 3369 1065 3428 1120; x_wconf 89' lang='lat' dir='ltr'><strong>in</strong></span> <span class='ocrx_word' id='word_1_255' title='bbox 3451 1069 3650 1120; x_wconf 89' lang='lat' dir='ltr'><strong>monte</strong></span> <span class='ocrx_word' id='word_1_256' title='bbox 3679 1065 3780 1122; x_wconf 90' lang='lat' dir='ltr'><strong>ubi</strong></span> 
     </span>
    </p>
   </div>
   <div class='ocr_carea' id='block_1_41' title="bbox 2142 1159 3776 1215">
    <p class='ocr_par' dir='ltr' id='par_1_41' title="bbox 2142 1159 3776 1215">
     <span class='ocr_line' id='line_1_41' title="bbox 2142 1159 3776 1215; baseline 0 0"><span class='ocrx_word' id='word_1_257' title='bbox 2142 1159 2517 1215; x_wconf 88' lang='lat' dir='ltr'><strong>constituerat</strong></span> <span class='ocrx_word' id='word_1_258' title='bbox 2553 1159 2662 1214; x_wconf 90' lang='lat' dir='ltr'><strong>illis</strong></span> <span class='ocrx_word' id='word_1_259' title='bbox 2703 1160 2978 1214; x_wconf 90' lang='lat' dir='ltr'><strong>Dominus</strong></span> <span class='ocrx_word' id='word_1_260' title='bbox 3013 1161 3192 1214; x_wconf 83' lang='lat' dir='ltr'><strong>Jesus.</strong></span> <span class='ocrx_word' id='word_1_261' title='bbox 3235 1160 3304 1213; x_wconf 87' lang='lat' dir='ltr'><strong>Et</strong></span> <span class='ocrx_word' id='word_1_262' title='bbox 3337 1159 3598 1214; x_wconf 83' lang='lat' dir='ltr'><strong>videntes</strong></span> <span class='ocrx_word' id='word_1_263' title='bbox 3639 1176 3776 1215; x_wconf 88' lang='lat' dir='ltr'><strong>eum</strong></span> 
     </span>
    </p>
   </div>
   <div class='ocr_carea' id='block_1_42' title="bbox 2142 1253 3777 1325">
    <p class='ocr_par' dir='ltr' id='par_1_42' title="bbox 2142 1253 3777 1325">
     <span class='ocr_line' id='line_1_42' title="bbox 2142 1253 3777 1325; baseline 0 -17"><span class='ocrx_word' id='word_1_264' title='bbox 2142 1254 2548 1320; x_wconf 90' lang='lat' dir='ltr'><strong>adoraverunt,</strong></span> <span class='ocrx_word' id='word_1_265' title='bbox 2589 1253 2821 1325; x_wconf 90' lang='lat' dir='ltr'><strong>quidam</strong></span> <span class='ocrx_word' id='word_1_266' title='bbox 2853 1256 3047 1307; x_wconf 90' lang='lat' dir='ltr'><strong>autem</strong></span> <span class='ocrx_word' id='word_1_267' title='bbox 3080 1253 3503 1308; x_wconf 86' lang='lat' dir='ltr'><strong>dubitaverunt.</strong></span> <span class='ocrx_word' id='word_1_268' title='bbox 3523 1254 3593 1308; x_wconf 90' lang='lat' dir='ltr'><strong>Et</strong></span> <span class='ocrx_word' id='word_1_269' title='bbox 3612 1270 3777 1309; x_wconf 91' lang='lat' dir='ltr'><strong>acce-</strong></span> 
     </span>
    </p>
   </div>
   <div class='ocr_carea' id='block_1_43' title="bbox 2143 1346 3778 1402">
    <p class='ocr_par' dir='ltr' id='par_1_43' title="bbox 2143 1346 3778 1402">
     <span class='ocr_line' id='line_1_43' title="bbox 2143 1346 3778 1402; baseline 0 0"><span class='ocrx_word' id='word_1_270' title='bbox 2143 1347 2285 1402; x_wconf 90' lang='lat' dir='ltr'><strong>dens</strong></span> <span class='ocrx_word' id='word_1_271' title='bbox 2311 1347 2591 1402; x_wconf 90' lang='lat' dir='ltr'><strong>Dominus</strong></span> <span class='ocrx_word' id='word_1_272' title='bbox 2621 1349 2782 1402; x_wconf 87' lang='lat' dir='ltr'><strong>Jesus</strong></span> <span class='ocrx_word' id='word_1_273' title='bbox 2812 1347 3034 1402; x_wconf 91' lang='lat' dir='ltr'><strong>locutus</strong></span> <span class='ocrx_word' id='word_1_274' title='bbox 3054 1349 3140 1401; x_wconf 89' lang='lat' dir='ltr'><strong>est</strong></span> <span class='ocrx_word' id='word_1_275' title='bbox 3165 1347 3248 1401; x_wconf 90' lang='lat' dir='ltr'><strong>eis</strong></span> <span class='ocrx_word' id='word_1_276' title='bbox 3275 1346 3504 1402; x_wconf 89' lang='lat' dir='ltr'><strong>dicens:</strong></span> <span class='ocrx_word' id='word_1_277' title='bbox 3534 1349 3674 1402; x_wconf 85' lang='lat' dir='ltr'><strong>Data</strong></span> <span class='ocrx_word' id='word_1_278' title='bbox 3689 1351 3778 1402; x_wconf 87' lang='lat' dir='ltr'><strong>est</strong></span> 
     </span>
    </p>
   </div>
   <div class='ocr_carea' id='block_1_44' title="bbox 2141 1441 3774 1512">
    <p class='ocr_par' dir='ltr' id='par_1_44' title="bbox 2141 1441 3774 1512">
     <span class='ocr_line' id='line_1_44' title="bbox 2141 1441 3774 1512; baseline 0 -16"><span class='ocrx_word' id='word_1_279' title='bbox 2141 1441 2286 1496; x_wconf 88' lang='lat' dir='ltr'><strong>mihi</strong></span> <span class='ocrx_word' id='word_1_280' title='bbox 2328 1441 2520 1496; x_wconf 90' lang='lat' dir='ltr'><strong>omnis</strong></span> <span class='ocrx_word' id='word_1_281' title='bbox 2571 1444 2826 1512; x_wconf 87' lang='lat' dir='ltr'><strong>potestas</strong></span> <span class='ocrx_word' id='word_1_282' title='bbox 2865 1441 2924 1496; x_wconf 92' lang='lat' dir='ltr'><strong>in</strong></span> <span class='ocrx_word' id='word_1_283' title='bbox 2963 1442 3102 1495; x_wconf 86' lang='lat' dir='ltr'><strong>calo</strong></span> <span class='ocrx_word' id='word_1_284' title='bbox 3152 1445 3212 1495; x_wconf 94' lang='lat' dir='ltr'><strong>et</strong></span> <span class='ocrx_word' id='word_1_285' title='bbox 3252 1441 3314 1495; x_wconf 91' lang='lat' dir='ltr'><strong>in</strong></span> <span class='ocrx_word' id='word_1_286' title='bbox 3357 1444 3526 1496; x_wconf 87' lang='lat' dir='ltr'><strong>terra.</strong></span> <span class='ocrx_word' id='word_1_287' title='bbox 3561 1442 3774 1497; x_wconf 88' lang='lat' dir='ltr'><strong>Euntes</strong></span> 
     </span>
    </p>
   </div>
   <div class='ocr_carea' id='block_1_45' title="bbox 2143 1534 3777 1607">
    <p class='ocr_par' dir='ltr' id='par_1_45' title="bbox 2143 1534 3777 1607">
     <span class='ocr_line' id='line_1_45' title="bbox 2143 1534 3777 1607; baseline 0 -17"><span class='ocrx_word' id='word_1_288' title='bbox 2143 1552 2280 1607; x_wconf 91' lang='lat' dir='ltr'><strong>ergo</strong></span> <span class='ocrx_word' id='word_1_289' title='bbox 2301 1536 2504 1589; x_wconf 86' lang='lat' dir='ltr'><strong>docete</strong></span> <span class='ocrx_word' id='word_1_290' title='bbox 2533 1551 2738 1590; x_wconf 89' lang='lat' dir='ltr'><strong>omnes</strong></span> <span class='ocrx_word' id='word_1_291' title='bbox 2763 1538 2984 1605; x_wconf 88' lang='lat' dir='ltr'><strong>gentes,</strong></span> <span class='ocrx_word' id='word_1_292' title='bbox 3031 1534 3390 1606; x_wconf 89' lang='lat' dir='ltr'><strong>baptizantes</strong></span> <span class='ocrx_word' id='word_1_293' title='bbox 3432 1551 3531 1590; x_wconf 89' lang='lat' dir='ltr'><strong>eos</strong></span> <span class='ocrx_word' id='word_1_294' title='bbox 3574 1535 3637 1589; x_wconf 90' lang='lat' dir='ltr'><strong>in</strong></span> <span class='ocrx_word' id='word_1_295' title='bbox 3678 1550 3777 1590; x_wconf 90' lang='lat' dir='ltr'><strong>no-</strong></span> 
     </span>
    </p>
   </div>
   <div class='ocr_carea' id='block_1_46' title="bbox 2143 1627 3778 1700">
    <p class='ocr_par' dir='ltr' id='par_1_46' title="bbox 2143 1627 3778 1700">
     <span class='ocr_line' id='line_1_46' title="bbox 2143 1627 3778 1700; baseline 0 -17"><span class='ocrx_word' id='word_1_296' title='bbox 2143 1629 2302 1683; x_wconf 91' lang='lat' dir='ltr'><strong>mine</strong></span> <span class='ocrx_word' id='word_1_297' title='bbox 2331 1630 2514 1684; x_wconf 88' lang='lat' dir='ltr'><strong>Patris</strong></span> <span class='ocrx_word' id='word_1_298' title='bbox 2534 1634 2593 1684; x_wconf 93' lang='lat' dir='ltr'><strong>et</strong></span> <span class='ocrx_word' id='word_1_299' title='bbox 2618 1629 2738 1684; x_wconf 89' lang='lat' dir='ltr'><strong>Filii</strong></span> <span class='ocrx_word' id='word_1_300' title='bbox 2767 1633 2824 1684; x_wconf 89' lang='lat' dir='ltr'><strong>et</strong></span> <span class='ocrx_word' id='word_1_301' title='bbox 2855 1628 3096 1700; x_wconf 90' lang='lat' dir='ltr'><strong>Spiritus</strong></span> <span class='ocrx_word' id='word_1_302' title='bbox 3125 1629 3327 1697; x_wconf 88' lang='lat' dir='ltr'><strong>sancti,</strong></span> <span class='ocrx_word' id='word_1_303' title='bbox 3371 1627 3642 1684; x_wconf 84' lang='lat' dir='ltr'><strong>docentes</strong></span> <span class='ocrx_word' id='word_1_304' title='bbox 3677 1644 3778 1684; x_wconf 83' lang='lat' dir='ltr'><strong>eos</strong></span> 
     </span>
    </p>
   </div>
   <div class='ocr_carea' id='block_1_47' title="bbox 2143 1713 3780 1794">
    <p class='ocr_par' dir='ltr' id='par_1_47' title="bbox 2143 1713 3780 1794">
     <span class='ocr_line' id='line_1_47' title="bbox 2143 1713 3780 1794; baseline 0.001 -18"><span class='ocrx_word' id='word_1_305' title='bbox 2143 1739 2366 1778; x_wconf 89' lang='lat' dir='ltr'><strong>servare</strong></span> <span class='ocrx_word' id='word_1_306' title='bbox 2399 1723 2598 1779; x_wconf 91' lang='lat' dir='ltr'><strong>omnia</strong></span> <span class='ocrx_word' id='word_1_307' title='bbox 2623 1713 3002 1794; x_wconf 84' lang='lat' dir='ltr'><strong>quacumque</strong></span> <span class='ocrx_word' id='word_1_308' title='bbox 3033 1722 3306 1777; x_wconf 88' lang='lat' dir='ltr'><strong>mandavi</strong></span> <span class='ocrx_word' id='word_1_309' title='bbox 3335 1722 3512 1777; x_wconf 90' lang='lat' dir='ltr'><strong>vobis.</strong></span> <span class='ocrx_word' id='word_1_310' title='bbox 3545 1723 3615 1776; x_wconf 89' lang='lat' dir='ltr'><strong>Et</strong></span> <span class='ocrx_word' id='word_1_311' title='bbox 3643 1737 3780 1778; x_wconf 86' lang='lat' dir='ltr'><strong>ecce</strong></span> 
     </span>
    </p>
   </div>
   <div class='ocr_carea' id='block_1_48' title="bbox 2060 1791 3782 1888">
    <p class='ocr_par' dir='ltr' id='par_1_48' title="bbox 2060 1791 3782 1888">
     <span class='ocr_line' id='line_1_48' title="bbox 2060 1791 3782 1888; baseline -0.001 -16"><span class='ocrx_word' id='word_1_312' title='bbox 2060 1791 2118 1864; x_wconf 84' lang='lat' dir='ltr'><strong>B</strong></span> <span class='ocrx_word' id='word_1_313' title='bbox 2143 1833 2251 1888; x_wconf 87' lang='lat' dir='ltr'><strong>ego</strong></span> <span class='ocrx_word' id='word_1_314' title='bbox 2282 1817 2573 1871; x_wconf 88' lang='lat' dir='ltr'><strong>vobiscum</strong></span> <span class='ocrx_word' id='word_1_315' title='bbox 2603 1833 2730 1871; x_wconf 92' lang='lat' dir='ltr'><strong>sum</strong></span> <span class='ocrx_word' id='word_1_316' title='bbox 2765 1817 3034 1872; x_wconf 91' lang='lat' dir='ltr'><strong>omnibus</strong></span> <span class='ocrx_word' id='word_1_317' title='bbox 3070 1816 3272 1871; x_wconf 88' lang='lat' dir='ltr'><strong>diebus</strong></span> <span class='ocrx_word' id='word_1_318' title='bbox 3309 1832 3490 1887; x_wconf 92' lang='lat' dir='ltr'><strong>usque</strong></span> <span class='ocrx_word' id='word_1_319' title='bbox 3531 1815 3608 1870; x_wconf 92' lang='lat' dir='ltr'><strong>ad</strong></span> <span class='ocrx_word' id='word_1_320' title='bbox 3645 1830 3782 1870; x_wconf 81' lang='lat' dir='ltr'><strong>con-</strong></span> 
     </span>
    </p>
   </div>
   <div class='ocr_carea' id='block_1_49' title="bbox 2143 1910 2834 1966">
    <p class='ocr_par' dir='ltr' id='par_1_49' title="bbox 2143 1910 2834 1966">
     <span class='ocr_line' id='line_1_49' title="bbox 2143 1910 2834 1966; baseline -0.001 -2"><span class='ocrx_word' id='word_1_321' title='bbox 2143 1910 2595 1966; x_wconf 90' lang='lat' dir='ltr'><strong>summationem</strong></span> <span class='ocrx_word' id='word_1_322' title='bbox 2623 1911 2834 1966; x_wconf 86' lang='lat' dir='ltr'><strong>saculi.</strong></span> 
     </span>
    </p>
   </div>
   <div class='ocr_carea' id='block_1_50' title="bbox 2755 2054 3170 2095">
    <p class='ocr_par' dir='ltr' id='par_1_50' title="bbox 2755 2054 3170 2095">
     <span class='ocr_line' id='line_1_50' title="bbox 2755 2054 3170 2095; baseline -0.002 0"><span class='ocrx_word' id='word_1_323' title='bbox 2755 2055 2954 2095; x_wconf 82' lang='lat' dir='ltr'><strong>INCIPIT</strong></span> <span class='ocrx_word' id='word_1_324' title='bbox 2992 2054 3170 2095; x_wconf 70' lang='lat' dir='ltr'><strong>HISSA.</strong></span> 
     </span>
    </p>
   </div>
   <div class='ocr_carea' id='block_1_51' title="bbox 2217 2123 3782 2223">
    <p class='ocr_par' dir='ltr' id='par_1_51' title="bbox 2217 2123 3782 2223">
     <span class='ocr_line' id='line_1_51' title="bbox 2217 2123 3782 2223; baseline 0.001 -16"><span class='ocrx_word' id='word_1_325' title='bbox 2217 2151 2598 2222; x_wconf 89' lang='lat' dir='ltr'><strong>Omnipotens</strong></span> <span class='ocrx_word' id='word_1_326' title='bbox 2625 2123 2978 2223; x_wconf 72' lang='lat' dir='ltr'><strong>sempiterno</strong></span> <span class='ocrx_word' id='word_1_327' title='bbox 3009 2151 3178 2218; x_wconf 88' lang='lat' dir='ltr'><strong>Deus,</strong></span> <span class='ocrx_word' id='word_1_328' title='bbox 3210 2151 3308 2222; x_wconf 87' lang='lat' dir='ltr'><strong>qui</strong></span> <span class='ocrx_word' id='word_1_329' title='bbox 3335 2151 3484 2208; x_wconf 86' lang='lat' dir='ltr'><strong>hanc</strong></span> <span class='ocrx_word' id='word_1_330' title='bbox 3510 2151 3782 2208; x_wconf 85' lang='lat' dir='ltr'><strong>sacratis-</strong></span> 
     </span>
    </p>
   </div>
   <div class='ocr_carea' id='block_1_52' title="bbox 2144 2244 3788 2318">
    <p class='ocr_par' dir='ltr' id='par_1_52' title="bbox 2144 2244 3788 2318">
     <span class='ocr_line' id='line_1_52' title="bbox 2144 2244 3788 2318; baseline 0.001 -18"><span class='ocrx_word' id='word_1_331' title='bbox 2144 2245 2352 2301; x_wconf 90' lang='lat' dir='ltr'><strong>simam</strong></span> <span class='ocrx_word' id='word_1_332' title='bbox 2381 2249 2614 2302; x_wconf 90' lang='lat' dir='ltr'><strong>noctem</strong></span> <span class='ocrx_word' id='word_1_333' title='bbox 2650 2263 2753 2316; x_wconf 92' lang='lat' dir='ltr'><strong>per</strong></span> <span class='ocrx_word' id='word_1_334' title='bbox 2777 2245 3043 2300; x_wconf 89' lang='lat' dir='ltr'><strong>universa</strong></span> <span class='ocrx_word' id='word_1_335' title='bbox 3063 2244 3270 2300; x_wconf 89' lang='lat' dir='ltr'><strong>mundi</strong></span> <span class='ocrx_word' id='word_1_336' title='bbox 3299 2245 3484 2317; x_wconf 89' lang='lat' dir='ltr'><strong>spatia</strong></span> <span class='ocrx_word' id='word_1_337' title='bbox 3515 2245 3788 2318; x_wconf 79' lang='lat' dir='ltr'><strong>gloriosas</strong></span> 
     </span>
    </p>
   </div>
   <div class='ocr_carea' id='block_1_53' title="bbox 2145 2338 3785 2406">
    <p class='ocr_par' dir='ltr' id='par_1_53' title="bbox 2145 2338 3785 2406">
     <span class='ocr_line' id='line_1_53' title="bbox 2145 2338 3785 2406; baseline 0 -11"><span class='ocrx_word' id='word_1_338' title='bbox 2145 2339 2458 2396; x_wconf 87' lang='lat' dir='ltr'><strong>Dominica</strong></span> <span class='ocrx_word' id='word_1_339' title='bbox 2475 2339 2912 2394; x_wconf 90' lang='lat' dir='ltr'><strong>resurrectionis</strong></span> <span class='ocrx_word' id='word_1_340' title='bbox 2927 2338 3214 2406; x_wconf 90' lang='lat' dir='ltr'><strong>inlustras,</strong></span> <span class='ocrx_word' id='word_1_341' title='bbox 3242 2355 3515 2394; x_wconf 89' lang='lat' dir='ltr'><strong>conserva</strong></span> <span class='ocrx_word' id='word_1_342' title='bbox 3540 2339 3600 2394; x_wconf 91' lang='lat' dir='ltr'><strong>in</strong></span> <span class='ocrx_word' id='word_1_343' title='bbox 3631 2356 3785 2395; x_wconf 83' lang='lat' dir='ltr'><strong>nova</strong></span> 
     </span>
    </p>
   </div>
   <div class='ocr_carea' id='block_1_54' title="bbox 2146 2433 3782 2505">
    <p class='ocr_par' dir='ltr' id='par_1_54' title="bbox 2146 2433 3782 2505">
     <span class='ocr_line' id='line_1_54' title="bbox 2146 2433 3782 2505; baseline 0.001 -17"><span class='ocrx_word' id='word_1_344' title='bbox 2146 2434 2377 2489; x_wconf 87' lang='lat' dir='ltr'><strong>familia</strong></span> <span class='ocrx_word' id='word_1_345' title='bbox 2395 2437 2508 2489; x_wconf 88' lang='lat' dir='ltr'><strong>tua</strong></span> <span class='ocrx_word' id='word_1_346' title='bbox 2530 2433 2806 2505; x_wconf 85' lang='lat' dir='ltr'><strong>progenie</strong></span> <span class='ocrx_word' id='word_1_347' title='bbox 2828 2433 3295 2489; x_wconf 82' lang='lat' dir='ltr'><strong>sanctificationis</strong></span> <span class='ocrx_word' id='word_1_348' title='bbox 3319 2433 3581 2505; x_wconf 89' lang='lat' dir='ltr'><strong>spiritum</strong></span> <span class='ocrx_word' id='word_1_349' title='bbox 3602 2449 3782 2505; x_wconf 88' lang='lat' dir='ltr'><strong>quem</strong></span> 
     </span>
    </p>
   </div>
   <div class='ocr_carea' id='block_1_55' title="bbox 2147 2526 3782 2599">
    <p class='ocr_par' dir='ltr' id='par_1_55' title="bbox 2147 2526 3782 2599">
     <span class='ocr_line' id='line_1_55' title="bbox 2147 2526 3782 2599; baseline 0 -17"><span class='ocrx_word' id='word_1_350' title='bbox 2147 2527 2375 2598; x_wconf 90' lang='lat' dir='ltr'><strong>dedisti,</strong></span> <span class='ocrx_word' id='word_1_351' title='bbox 2413 2533 2476 2584; x_wconf 93' lang='lat' dir='ltr'><strong>ut</strong></span> <span class='ocrx_word' id='word_1_352' title='bbox 2514 2544 2753 2599; x_wconf 89' lang='lat' dir='ltr'><strong>corpore</strong></span> <span class='ocrx_word' id='word_1_353' title='bbox 2797 2531 2855 2582; x_wconf 91' lang='lat' dir='ltr'><strong>et</strong></span> <span class='ocrx_word' id='word_1_354' title='bbox 2891 2531 3088 2582; x_wconf 90' lang='lat' dir='ltr'><strong>mente</strong></span> <span class='ocrx_word' id='word_1_355' title='bbox 3116 2527 3396 2594; x_wconf 88' lang='lat' dir='ltr'><strong>renovati,</strong></span> <span class='ocrx_word' id='word_1_356' title='bbox 3427 2544 3636 2599; x_wconf 90' lang='lat' dir='ltr'><strong>puram</strong></span> <span class='ocrx_word' id='word_1_357' title='bbox 3673 2526 3782 2582; x_wconf 90' lang='lat' dir='ltr'><strong>tibi</strong></span> 
     </span>
    </p>
   </div>
   <div class='ocr_carea' id='block_1_56' title="bbox 2146 2621 3552 2694">
    <p class='ocr_par' dir='ltr' id='par_1_56' title="bbox 2146 2621 3552 2694">
     <span class='ocr_line' id='line_1_56' title="bbox 2146 2621 3552 2694; baseline 0 -18"><span class='ocrx_word' id='word_1_358' title='bbox 2146 2621 2402 2676; x_wconf 90' lang='lat' dir='ltr'><strong>animam</strong></span> <span class='ocrx_word' id='word_1_359' title='bbox 2434 2625 2492 2676; x_wconf 89' lang='lat' dir='ltr'><strong>et</strong></span> <span class='ocrx_word' id='word_1_360' title='bbox 2517 2638 2725 2693; x_wconf 91' lang='lat' dir='ltr'><strong>purum</strong></span> <span class='ocrx_word' id='word_1_361' title='bbox 2753 2625 2950 2694; x_wconf 86' lang='lat' dir='ltr'><strong>pectus</strong></span> <span class='ocrx_word' id='word_1_362' title='bbox 2971 2638 3203 2693; x_wconf 90' lang='lat' dir='ltr'><strong>semper</strong></span> <span class='ocrx_word' id='word_1_363' title='bbox 3227 2621 3552 2676; x_wconf 81' lang='lat' dir='ltr'><strong>exhibeant.</strong></span> 
     </span>
    </p>
   </div>
   <div class='ocr_carea' id='block_1_57' title="bbox 2823 2740 3093 2792">
    <p class='ocr_par' dir='ltr' id='par_1_57' title="bbox 2823 2740 3093 2792">
     <span class='ocr_line' id='line_1_57' title="bbox 2823 2740 3093 2792; baseline -0.004 -1"><span class='ocrx_word' id='word_1_364' title='bbox 2823 2740 3093 2792; x_wconf 89' lang='lat' dir='ltr'><strong>Collectio.</strong></span> 
     </span>
    </p>
   </div>
   <div class='ocr_carea' id='block_1_58' title="bbox 2216 2837 3791 2912">
    <p class='ocr_par' dir='ltr' id='par_1_58' title="bbox 2216 2837 3791 2912">
     <span class='ocr_line' id='line_1_58' title="bbox 2216 2837 3791 2912; baseline 0.001 -18"><span class='ocrx_word' id='word_1_365' title='bbox 2216 2841 2382 2905; x_wconf 92' lang='lat' dir='ltr'><strong>Deus,</strong></span> <span class='ocrx_word' id='word_1_366' title='bbox 2425 2837 2522 2910; x_wconf 91' lang='lat' dir='ltr'><strong>qui</strong></span> <span class='ocrx_word' id='word_1_367' title='bbox 2553 2838 2702 2894; x_wconf 90' lang='lat' dir='ltr'><strong>hanc</strong></span> <span class='ocrx_word' id='word_1_368' title='bbox 2750 2837 3193 2894; x_wconf 88' lang='lat' dir='ltr'><strong>sacratissimam</strong></span> <span class='ocrx_word' id='word_1_369' title='bbox 3239 2840 3471 2895; x_wconf 89' lang='lat' dir='ltr'><strong>noctem</strong></span> <span class='ocrx_word' id='word_1_370' title='bbox 3515 2837 3791 2912; x_wconf 76' lang='lat' dir='ltr'><strong>gloriosa</strong></span> 
     </span>
    </p>
   </div>
   <div class='ocr_carea' id='block_1_59' title="bbox 2147 2931 3787 3015">
    <p class='ocr_par' dir='ltr' id='par_1_59' title="bbox 2147 2931 3787 3015">
     <span class='ocr_line' id='line_1_59' title="bbox 2147 2931 3787 3015; baseline 0 -26"><span class='ocrx_word' id='word_1_371' title='bbox 2147 2931 2451 2989; x_wconf 87' lang='lat' dir='ltr'><strong>dominica</strong></span> <span class='ocrx_word' id='word_1_372' title='bbox 2481 2931 3232 3015; x_wconf 64' lang='lat' dir='ltr'><strong>resurrectionisinlustras,</strong></span> <span class='ocrx_word' id='word_1_373' title='bbox 3265 2949 3537 2989; x_wconf 90' lang='lat' dir='ltr'><strong>conserva</strong></span> <span class='ocrx_word' id='word_1_374' title='bbox 3571 2933 3628 2988; x_wconf 89' lang='lat' dir='ltr'><strong>in</strong></span> <span class='ocrx_word' id='word_1_375' title='bbox 3677 2949 3787 2990; x_wconf 82' lang='lat' dir='ltr'><strong>no-</strong></span> 
     </span>
    </p>
   </div>
   <div class='ocr_carea' id='block_1_60' title="bbox 2145 3026 3788 3100">
    <p class='ocr_par' dir='ltr' id='par_1_60' title="bbox 2145 3026 3788 3100">
     <span class='ocr_line' id='line_1_60' title="bbox 2145 3026 3788 3100; baseline 0.001 -19"><span class='ocrx_word' id='word_1_376' title='bbox 2145 3045 2215 3083; x_wconf 91' lang='lat' dir='ltr'><strong>va</strong></span> <span class='ocrx_word' id='word_1_377' title='bbox 2244 3027 2480 3082; x_wconf 89' lang='lat' dir='ltr'><strong>familia</strong></span> <span class='ocrx_word' id='word_1_378' title='bbox 2502 3029 2616 3082; x_wconf 87' lang='lat' dir='ltr'><strong>tua</strong></span> <span class='ocrx_word' id='word_1_379' title='bbox 2645 3027 2923 3098; x_wconf 91' lang='lat' dir='ltr'><strong>progenie</strong></span> <span class='ocrx_word' id='word_1_380' title='bbox 2953 3026 3282 3099; x_wconf 90' lang='lat' dir='ltr'><strong>adoptionis</strong></span> <span class='ocrx_word' id='word_1_381' title='bbox 3304 3027 3568 3100; x_wconf 87' lang='lat' dir='ltr'><strong>spiritum</strong></span> <span class='ocrx_word' id='word_1_382' title='bbox 3602 3044 3788 3099; x_wconf 85' lang='lat' dir='ltr'><strong>quem</strong></span> 
     </span>
    </p>
   </div>
   <div class='ocr_carea' id='block_1_61' title="bbox 483 3120 3794 3242">
    <p class='ocr_par' dir='ltr' id='par_1_61' title="bbox 483 3120 3794 3242">
     <span class='ocr_line' id='line_1_61' title="bbox 483 3120 3794 3242; baseline -0.003 -57"><span class='ocrx_word' id='word_1_383' title='bbox 483 3133 731 3204; x_wconf 81' lang='lat' dir='ltr'><strong>Vespere</strong></span> <span class='ocrx_word' id='word_1_384' title='bbox 776 3133 969 3185; x_wconf 88' lang='lat' dir='ltr'><strong>autem</strong></span> <span class='ocrx_word' id='word_1_385' title='bbox 1012 3129 1255 3196; x_wconf 87' lang='lat' dir='ltr'><strong>sabbati,</strong></span> <span class='ocrx_word' id='word_1_386' title='bbox 1300 3144 1428 3200; x_wconf 87' lang='lat' dir='ltr'><strong>qua</strong></span> <span class='ocrx_word' id='word_1_387' title='bbox 1473 3127 1705 3183; x_wconf 88' lang='lat' dir='ltr'><strong>lucescit</strong></span> <span class='ocrx_word' id='word_1_388' title='bbox 1753 3126 1811 3180; x_wconf 93' lang='lat' dir='ltr'><strong>in</strong></span> <span class='ocrx_word' id='word_1_389' title='bbox 1859 3125 2046 3198; x_wconf 90' lang='lat' dir='ltr'><strong>prima</strong></span> <span class='ocrx_word' id='word_1_390' title='bbox 2067 3167 2121 3242; x_wconf 66' lang='grc' dir='ltr'>Ο</span> <span class='ocrx_word' id='word_1_391' title='bbox 2148 3121 2375 3225; x_wconf 73' lang='lat' dir='ltr'><strong>dedisti,</strong></span> <span class='ocrx_word' id='word_1_392' title='bbox 2407 3124 2467 3175; x_wconf 93' lang='lat' dir='ltr'><strong>ut</strong></span> <span class='ocrx_word' id='word_1_393' title='bbox 2487 3137 2726 3192; x_wconf 89' lang='lat' dir='ltr'><strong>corpore</strong></span> <span class='ocrx_word' id='word_1_394' title='bbox 2761 3123 2816 3174; x_wconf 89' lang='lat' dir='ltr'><strong>et</strong></span> <span class='ocrx_word' id='word_1_395' title='bbox 2846 3123 3044 3176; x_wconf 89' lang='lat' dir='ltr'><strong>mente</strong></span> <span class='ocrx_word' id='word_1_396' title='bbox 3076 3137 3282 3193; x_wconf 88' lang='lat' dir='ltr'><strong>puram</strong></span> <span class='ocrx_word' id='word_1_397' title='bbox 3327 3120 3430 3176; x_wconf 91' lang='lat' dir='ltr'><strong>tibi</strong></span> <span class='ocrx_word' id='word_1_398' title='bbox 3473 3121 3794 3177; x_wconf 81' lang='lat' dir='ltr'><strong>exhibeant</strong></span> 
     </span>
    </p>
   </div>
   <div class='ocr_carea' id='block_1_62' title="bbox 414 3219 2044 3294">
    <p class='ocr_par' dir='ltr' id='par_1_62' title="bbox 414 3219 2044 3294">
     <span class='ocr_line' id='line_1_62' title="bbox 414 3219 2044 3294; baseline -0.006 -12"><span class='ocrx_word' id='word_1_399' title='bbox 414 3225 656 3293; x_wconf 86' lang='lat' dir='ltr'><strong>sabbati,</strong></span> <span class='ocrx_word' id='word_1_400' title='bbox 682 3224 842 3279; x_wconf 88' lang='lat' dir='ltr'><strong>venit</strong></span> <span class='ocrx_word' id='word_1_401' title='bbox 866 3224 1041 3279; x_wconf 82' lang='lat' dir='ltr'><strong>Maria</strong></span> <span class='ocrx_word' id='word_1_402' title='bbox 1070 3223 1427 3294; x_wconf 84' lang='lat' dir='ltr'><strong>Magdalene,</strong></span> <span class='ocrx_word' id='word_1_403' title='bbox 1461 3224 1518 3276; x_wconf 88' lang='lat' dir='ltr'><strong>et</strong></span> <span class='ocrx_word' id='word_1_404' title='bbox 1545 3222 1726 3276; x_wconf 90' lang='lat' dir='ltr'><strong>altera</strong></span> <span class='ocrx_word' id='word_1_405' title='bbox 1759 3220 1932 3276; x_wconf 85' lang='lat' dir='ltr'><strong>Maria</strong></span> <span class='ocrx_word' id='word_1_406' title='bbox 1962 3219 2044 3273; x_wconf 88' lang='lat' dir='ltr'><strong>vi-</strong></span> 
     </span>
    </p>
   </div>
   <div class='ocr_carea' id='block_1_63' title="bbox 415 3315 2042 3392">
    <p class='ocr_par' dir='ltr' id='par_1_63' title="bbox 415 3315 2042 3392">
     <span class='ocr_line' id='line_1_63' title="bbox 415 3315 2042 3392; baseline -0.006 -15"><span class='ocrx_word' id='word_1_407' title='bbox 415 3321 553 3378; x_wconf 91' lang='lat' dir='ltr'><strong>dere</strong></span> <span class='ocrx_word' id='word_1_408' title='bbox 572 3321 917 3392; x_wconf 90' lang='lat' dir='ltr'><strong>sepulcrum.</strong></span> <span class='ocrx_word' id='word_1_409' title='bbox 933 3319 1075 3372; x_wconf 86' lang='lat' dir='ltr'><strong>Ecce</strong></span> <span class='ocrx_word' id='word_1_410' title='bbox 1095 3321 1262 3373; x_wconf 86' lang='lat' dir='ltr'><strong>terra</strong></span> <span class='ocrx_word' id='word_1_411' title='bbox 1276 3319 1466 3371; x_wconf 90' lang='lat' dir='ltr'><strong>motus</strong></span> <span class='ocrx_word' id='word_1_412' title='bbox 1479 3315 1662 3370; x_wconf 88' lang='lat' dir='ltr'><strong>factus</strong></span> <span class='ocrx_word' id='word_1_413' title='bbox 1682 3319 2042 3385; x_wconf 90' lang='lat' dir='ltr'><strong>estmagnus.</strong></span> 
     </span>
    </p>
   </div>
   <div class='ocr_carea' id='block_1_64' title="bbox 412 3409 2047 3486">
    <p class='ocr_par' dir='ltr' id='par_1_64' title="bbox 412 3409 2047 3486">
     <span class='ocr_line' id='line_1_64' title="bbox 412 3409 2047 3486; baseline -0.005 -16"><span class='ocrx_word' id='word_1_414' title='bbox 412 3416 667 3486; x_wconf 78' lang='lat' dir='ltr'><strong>Angelus</strong></span> <span class='ocrx_word' id='word_1_415' title='bbox 681 3413 840 3469; x_wconf 89' lang='lat' dir='ltr'><strong>enim</strong></span> <span class='ocrx_word' id='word_1_416' title='bbox 862 3411 1094 3469; x_wconf 91' lang='lat' dir='ltr'><strong>Domini</strong></span> <span class='ocrx_word' id='word_1_417' title='bbox 1107 3410 1402 3467; x_wconf 88' lang='lat' dir='ltr'><strong>descendit</strong></span> <span class='ocrx_word' id='word_1_418' title='bbox 1418 3410 1489 3465; x_wconf 93' lang='lat' dir='ltr'><strong>de</strong></span> <span class='ocrx_word' id='word_1_419' title='bbox 1507 3411 1666 3477; x_wconf 82' lang='lat' dir='ltr'><strong>calo,</strong></span> <span class='ocrx_word' id='word_1_420' title='bbox 1695 3413 1752 3464; x_wconf 90' lang='lat' dir='ltr'><strong>et</strong></span> <span class='ocrx_word' id='word_1_421' title='bbox 1769 3409 2047 3463; x_wconf 91' lang='lat' dir='ltr'><strong>accedens</strong></span> 
     </span>
    </p>
   </div>
   <div class='ocr_carea' id='block_1_65' title="bbox 415 3504 2047 3580">
    <p class='ocr_par' dir='ltr' id='par_1_65' title="bbox 415 3504 2047 3580">
     <span class='ocr_line' id='line_1_65' title="bbox 415 3504 2047 3580; baseline -0.005 -16"><span class='ocrx_word' id='word_1_422' title='bbox 415 3508 652 3565; x_wconf 88' lang='lat' dir='ltr'><strong>revolvit</strong></span> <span class='ocrx_word' id='word_1_423' title='bbox 679 3507 953 3580; x_wconf 91' lang='lat' dir='ltr'><strong>lapidem,</strong></span> <span class='ocrx_word' id='word_1_424' title='bbox 977 3509 1035 3562; x_wconf 91' lang='lat' dir='ltr'><strong>et</strong></span> <span class='ocrx_word' id='word_1_425' title='bbox 1061 3505 1296 3562; x_wconf 89' lang='lat' dir='ltr'><strong>sedebat</strong></span> <span class='ocrx_word' id='word_1_426' title='bbox 1322 3521 1494 3576; x_wconf 88' lang='lat' dir='ltr'><strong>super</strong></span> <span class='ocrx_word' id='word_1_427' title='bbox 1515 3521 1668 3559; x_wconf 92' lang='lat' dir='ltr'><strong>eum.</strong></span> <span class='ocrx_word' id='word_1_428' title='bbox 1691 3504 1828 3558; x_wconf 88' lang='lat' dir='ltr'><strong>Erat</strong></span> <span class='ocrx_word' id='word_1_429' title='bbox 1851 3507 2047 3557; x_wconf 90' lang='lat' dir='ltr'><strong>autem</strong></span> 
     </span>
    </p>
   </div>
   <div class='ocr_carea' id='block_1_66' title="bbox 416 3596 2050 3676">
    <p class='ocr_par' dir='ltr' id='par_1_66' title="bbox 416 3596 2050 3676">
     <span class='ocr_line' id='line_1_66' title="bbox 416 3596 2050 3676; baseline -0.006 -16"><span class='ocrx_word' id='word_1_430' title='bbox 416 3606 678 3676; x_wconf 86' lang='lat' dir='ltr'><strong>aspectus</strong></span> <span class='ocrx_word' id='word_1_431' title='bbox 699 3602 821 3673; x_wconf 90' lang='lat' dir='ltr'><strong>ejus</strong></span> <span class='ocrx_word' id='word_1_432' title='bbox 847 3601 991 3656; x_wconf 90' lang='lat' dir='ltr'><strong>sicut</strong></span> <span class='ocrx_word' id='word_1_433' title='bbox 1010 3601 1222 3672; x_wconf 89' lang='lat' dir='ltr'><strong>fulgur,</strong></span> <span class='ocrx_word' id='word_1_434' title='bbox 1253 3603 1312 3657; x_wconf 78' lang='lat' dir='ltr'><strong>et</strong></span> <span class='ocrx_word' id='word_1_435' title='bbox 1331 3597 1736 3654; x_wconf 85' lang='lat' dir='ltr'><strong>vestimentum</strong></span> <span class='ocrx_word' id='word_1_436' title='bbox 1761 3597 1810 3668; x_wconf 89' lang='lat' dir='ltr'><strong>ej</strong></span> <span class='ocrx_word' id='word_1_437' title='bbox 1821 3615 1884 3651; x_wconf 88' lang='lat' dir='ltr'><strong>us</strong></span> <span class='ocrx_word' id='word_1_438' title='bbox 1906 3596 2050 3651; x_wconf 90' lang='lat' dir='ltr'><strong>sicut</strong></span> 
     </span>
    </p>
   </div>
   <div class='ocr_carea' id='block_1_67' title="bbox 420 3691 2046 3764">
    <p class='ocr_par' dir='ltr' id='par_1_67' title="bbox 420 3691 2046 3764">
     <span class='ocr_line' id='line_1_67' title="bbox 420 3691 2046 3764; baseline -0.005 -12"><span class='ocrx_word' id='word_1_439' title='bbox 420 3696 532 3753; x_wconf 85' lang='lat' dir='ltr'><strong>nix.</strong></span> <span class='ocrx_word' id='word_1_440' title='bbox 560 3698 680 3752; x_wconf 87' lang='lat' dir='ltr'><strong>Pra</strong></span> <span class='ocrx_word' id='word_1_441' title='bbox 703 3695 914 3751; x_wconf 90' lang='lat' dir='ltr'><strong>timore</strong></span> <span class='ocrx_word' id='word_1_442' title='bbox 941 3697 1137 3750; x_wconf 89' lang='lat' dir='ltr'><strong>autem</strong></span> <span class='ocrx_word' id='word_1_443' title='bbox 1167 3694 1291 3764; x_wconf 89' lang='lat' dir='ltr'><strong>ejus</strong></span> <span class='ocrx_word' id='word_1_444' title='bbox 1319 3691 1573 3748; x_wconf 81' lang='lat' dir='ltr'><strong>exterriti</strong></span> <span class='ocrx_word' id='word_1_445' title='bbox 1600 3695 1732 3746; x_wconf 92' lang='lat' dir='ltr'><strong>sunt</strong></span> <span class='ocrx_word' id='word_1_446' title='bbox 1763 3691 2046 3759; x_wconf 88' lang='lat' dir='ltr'><strong>custodes,</strong></span> 
     </span>
    </p>
   </div>
   <div class='ocr_carea' id='block_1_68' title="bbox 418 3785 2050 3857">
    <p class='ocr_par' dir='ltr' id='par_1_68' title="bbox 418 3785 2050 3857">
     <span class='ocr_line' id='line_1_68' title="bbox 418 3785 2050 3857; baseline -0.005 -11"><span class='ocrx_word' id='word_1_447' title='bbox 418 3794 477 3846; x_wconf 91' lang='lat' dir='ltr'><strong>et</strong></span> <span class='ocrx_word' id='word_1_448' title='bbox 487 3789 624 3845; x_wconf 84' lang='lat' dir='ltr'><strong>facti</strong></span> <span class='ocrx_word' id='word_1_449' title='bbox 645 3789 941 3843; x_wconf 86' lang='lat' dir='ltr'><strong>suntvelut</strong></span> <span class='ocrx_word' id='word_1_450' title='bbox 952 3787 1186 3842; x_wconf 86' lang='lat' dir='ltr'><strong>mortui.</strong></span> <span class='ocrx_word' id='word_1_451' title='bbox 1207 3786 1584 3857; x_wconf 82' lang='lat' dir='ltr'><strong>Respondens</strong></span> <span class='ocrx_word' id='word_1_452' title='bbox 1598 3790 1794 3841; x_wconf 86' lang='lat' dir='ltr'><strong>autem</strong></span> <span class='ocrx_word' id='word_1_453' title='bbox 1807 3785 2050 3856; x_wconf 86' lang='lat' dir='ltr'><strong>angelus</strong></span> 
     </span>
    </p>
   </div>
   <div class='ocr_carea' id='block_1_69' title="bbox 420 3878 2049 3950">
    <p class='ocr_par' dir='ltr' id='par_1_69' title="bbox 420 3878 2049 3950">
     <span class='ocr_line' id='line_1_69' title="bbox 420 3878 2049 3950; baseline -0.003 -12"><span class='ocrx_word' id='word_1_454' title='bbox 420 3882 560 3939; x_wconf 81' lang='lat' dir='ltr'><strong>dixit</strong></span> <span class='ocrx_word' id='word_1_455' title='bbox 583 3881 956 3937; x_wconf 89' lang='lat' dir='ltr'><strong>mulieribus:</strong></span> <span class='ocrx_word' id='word_1_456' title='bbox 981 3880 1163 3936; x_wconf 88' lang='lat' dir='ltr'><strong>Nolite</strong></span> <span class='ocrx_word' id='word_1_457' title='bbox 1187 3880 1391 3935; x_wconf 89' lang='lat' dir='ltr'><strong>timere</strong></span> <span class='ocrx_word' id='word_1_458' title='bbox 1407 3897 1524 3934; x_wconf 90' lang='lat' dir='ltr'><strong>vos.</strong></span> <span class='ocrx_word' id='word_1_459' title='bbox 1554 3879 1678 3935; x_wconf 93' lang='lat' dir='ltr'><strong>Scio</strong></span> <span class='ocrx_word' id='word_1_460' title='bbox 1707 3878 1863 3938; x_wconf 91' lang='lat' dir='ltr'><strong>enim</strong></span> <span class='ocrx_word' id='word_1_461' title='bbox 1893 3878 2049 3950; x_wconf 89' lang='lat' dir='ltr'><strong>quod</strong></span> 
     </span>
    </p>
   </div>
   <div class='ocr_carea' id='block_1_70' title="bbox 421 3973 2049 4049">
    <p class='ocr_par' dir='ltr' id='par_1_70' title="bbox 421 3973 2049 4049">
     <span class='ocr_line' id='line_1_70' title="bbox 421 3973 2049 4049; baseline -0.004 -17"><span class='ocrx_word' id='word_1_462' title='bbox 421 3976 520 4049; x_wconf 91' lang='lat' dir='ltr'><strong>qui</strong></span> <span class='ocrx_word' id='word_1_463' title='bbox 538 3978 734 4033; x_wconf 87' lang='lat' dir='ltr'><strong>Jesum</strong></span> <span class='ocrx_word' id='word_1_464' title='bbox 759 3975 1056 4030; x_wconf 81' lang='lat' dir='ltr'><strong>cruciﬁxus</strong></span> <span class='ocrx_word' id='word_1_465' title='bbox 1087 3977 1173 4028; x_wconf 89' lang='lat' dir='ltr'><strong>est</strong></span> <span class='ocrx_word' id='word_1_466' title='bbox 1197 3973 1470 4045; x_wconf 88' lang='lat' dir='ltr'><strong>quaritis.</strong></span> <span class='ocrx_word' id='word_1_467' title='bbox 1503 3975 1627 4028; x_wconf 86' lang='lat' dir='ltr'><strong>Non</strong></span> <span class='ocrx_word' id='word_1_468' title='bbox 1674 3976 1760 4028; x_wconf 90' lang='lat' dir='ltr'><strong>est</strong></span> <span class='ocrx_word' id='word_1_469' title='bbox 1797 3973 2049 4039; x_wconf 88' lang='lat' dir='ltr'><strong>hic,sur-</strong></span> 
     </span>
    </p>
   </div>
   <div class='ocr_carea' id='block_1_71' title="bbox 417 4065 2051 4138">
    <p class='ocr_par' dir='ltr' id='par_1_71' title="bbox 417 4065 2051 4138">
     <span class='ocr_line' id='line_1_71' title="bbox 417 4065 2051 4138; baseline -0.003 -12"><span class='ocrx_word' id='word_1_470' title='bbox 417 4070 563 4126; x_wconf 86' lang='lat' dir='ltr'><strong>rexit</strong></span> <span class='ocrx_word' id='word_1_471' title='bbox 587 4069 734 4125; x_wconf 90' lang='lat' dir='ltr'><strong>sicut</strong></span> <span class='ocrx_word' id='word_1_472' title='bbox 758 4068 898 4124; x_wconf 86' lang='lat' dir='ltr'><strong>dixit</strong></span> <span class='ocrx_word' id='word_1_473' title='bbox 925 4067 1161 4124; x_wconf 84' lang='lat' dir='ltr'><strong>:Venite</strong></span> <span class='ocrx_word' id='word_1_474' title='bbox 1189 4071 1248 4122; x_wconf 93' lang='lat' dir='ltr'><strong>et</strong></span> <span class='ocrx_word' id='word_1_475' title='bbox 1271 4067 1459 4122; x_wconf 89' lang='lat' dir='ltr'><strong>videte</strong></span> <span class='ocrx_word' id='word_1_476' title='bbox 1493 4068 1684 4122; x_wconf 90' lang='lat' dir='ltr'><strong>locum</strong></span> <span class='ocrx_word' id='word_1_477' title='bbox 1713 4065 1808 4120; x_wconf 92' lang='lat' dir='ltr'><strong>ubi</strong></span> <span class='ocrx_word' id='word_1_478' title='bbox 1834 4066 2051 4138; x_wconf 89' lang='lat' dir='ltr'><strong>positus</strong></span> 
     </span>
    </p>
   </div>
   <div class='ocr_carea' id='block_1_72' title="bbox 421 4159 2048 4232">
    <p class='ocr_par' dir='ltr' id='par_1_72' title="bbox 421 4159 2048 4232">
     <span class='ocr_line' id='line_1_72' title="bbox 421 4159 2048 4232; baseline -0.004 -11"><span class='ocrx_word' id='word_1_479' title='bbox 421 4169 545 4221; x_wconf 88' lang='lat' dir='ltr'><strong>erat</strong></span> <span class='ocrx_word' id='word_1_480' title='bbox 583 4163 889 4230; x_wconf 89' lang='lat' dir='ltr'><strong>Dominus;</strong></span> <span class='ocrx_word' id='word_1_481' title='bbox 931 4167 988 4218; x_wconf 93' lang='lat' dir='ltr'><strong>et</strong></span> <span class='ocrx_word' id='word_1_482' title='bbox 1024 4161 1135 4218; x_wconf 91' lang='lat' dir='ltr'><strong>cito</strong></span> <span class='ocrx_word' id='word_1_483' title='bbox 1165 4163 1366 4217; x_wconf 91' lang='lat' dir='ltr'><strong>euntes</strong></span> <span class='ocrx_word' id='word_1_484' title='bbox 1390 4161 1561 4216; x_wconf 90' lang='lat' dir='ltr'><strong>dicite</strong></span> <span class='ocrx_word' id='word_1_485' title='bbox 1589 4159 1878 4232; x_wconf 89' lang='lat' dir='ltr'><strong>discipulis</strong></span> <span class='ocrx_word' id='word_1_486' title='bbox 1906 4160 2048 4230; x_wconf 89' lang='lat' dir='ltr'><strong>ejus,</strong></span> 
     </span>
    </p>
   </div>
   <div class='ocr_carea' id='block_1_73' title="bbox 421 4253 2047 4334">
    <p class='ocr_par' dir='ltr' id='par_1_73' title="bbox 421 4253 2047 4334">
     <span class='ocr_line' id='line_1_73' title="bbox 421 4253 2047 4334; baseline -0.005 -18"><span class='ocrx_word' id='word_1_487' title='bbox 421 4260 556 4334; x_wconf 91' lang='lat' dir='ltr'><strong>quia</strong></span> <span class='ocrx_word' id='word_1_488' title='bbox 578 4259 824 4315; x_wconf 83' lang='lat' dir='ltr'><strong>surrexit</strong></span> <span class='ocrx_word' id='word_1_489' title='bbox 848 4261 905 4312; x_wconf 85' lang='lat' dir='ltr'><strong>et</strong></span> <span class='ocrx_word' id='word_1_490' title='bbox 925 4256 1201 4330; x_wconf 85' lang='lat' dir='ltr'><strong>pracedit</strong></span> <span class='ocrx_word' id='word_1_491' title='bbox 1225 4263 1324 4310; x_wconf 84' lang='lat' dir='ltr'><strong>vo‘s</strong></span> <span class='ocrx_word' id='word_1_492' title='bbox 1353 4255 1412 4310; x_wconf 92' lang='lat' dir='ltr'><strong>in</strong></span> <span class='ocrx_word' id='word_1_493' title='bbox 1431 4255 1669 4322; x_wconf 90' lang='lat' dir='ltr'><strong>Galilea,</strong></span> <span class='ocrx_word' id='word_1_494' title='bbox 1700 4253 1777 4308; x_wconf 91' lang='lat' dir='ltr'><strong>ibi</strong></span> <span class='ocrx_word' id='word_1_495' title='bbox 1809 4270 1940 4308; x_wconf 92' lang='lat' dir='ltr'><strong>eum</strong></span> <span class='ocrx_word' id='word_1_496' title='bbox 1966 4253 2047 4308; x_wconf 90' lang='lat' dir='ltr'><strong>vi-</strong></span> 
     </span>
    </p>
   </div>
   <div class='ocr_carea' id='block_1_74' title="bbox 418 4348 2049 4412">
    <p class='ocr_par' dir='ltr' id='par_1_74' title="bbox 418 4348 2049 4412">
     <span class='ocr_line' id='line_1_74' title="bbox 418 4348 2049 4412; baseline -0.006 0"><span class='ocrx_word' id='word_1_497' title='bbox 418 4354 644 4412; x_wconf 90' lang='lat' dir='ltr'><strong>debitis.</strong></span> <span class='ocrx_word' id='word_1_498' title='bbox 679 4355 820 4409; x_wconf 89' lang='lat' dir='ltr'><strong>Ecce</strong></span> <span class='ocrx_word' id='word_1_499' title='bbox 842 4351 958 4408; x_wconf 87' lang='lat' dir='ltr'><strong>dixi</strong></span> <span class='ocrx_word' id='word_1_500' title='bbox 980 4351 1159 4407; x_wconf 89' lang='lat' dir='ltr'><strong>vobis.</strong></span> <span class='ocrx_word' id='word_1_501' title='bbox 1188 4351 1257 4406; x_wconf 88' lang='lat' dir='ltr'><strong>Et</strong></span> <span class='ocrx_word' id='word_1_502' title='bbox 1282 4349 1544 4404; x_wconf 89' lang='lat' dir='ltr'><strong>exierunt</strong></span> <span class='ocrx_word' id='word_1_503' title='bbox 1583 4348 1696 4403; x_wconf 89' lang='lat' dir='ltr'><strong>cito</strong></span> <span class='ocrx_word' id='word_1_504' title='bbox 1726 4348 1796 4402; x_wconf 93' lang='lat' dir='ltr'><strong>de</strong></span> <span class='ocrx_word' id='word_1_505' title='bbox 1845 4363 2049 4403; x_wconf 90' lang='lat' dir='ltr'><strong>monu-</strong></span> 
     </span>
    </p>
   </div>
   <div class='ocr_carea' id='block_1_75' title="bbox 418 4442 2052 4518">
    <p class='ocr_par' dir='ltr' id='par_1_75' title="bbox 418 4442 2052 4518">
     <span class='ocr_line' id='line_1_75' title="bbox 418 4442 2052 4518; baseline -0.007 -10"><span class='ocrx_word' id='word_1_506' title='bbox 418 4453 618 4508; x_wconf 89' lang='lat' dir='ltr'><strong>mento</strong></span> <span class='ocrx_word' id='word_1_507' title='bbox 639 4465 771 4504; x_wconf 89' lang='lat' dir='ltr'><strong>cum</strong></span> <span class='ocrx_word' id='word_1_508' title='bbox 789 4447 998 4503; x_wconf 91' lang='lat' dir='ltr'><strong>timore</strong></span> <span class='ocrx_word' id='word_1_509' title='bbox 1017 4447 1074 4501; x_wconf 89' lang='lat' dir='ltr'><strong>et</strong></span> <span class='ocrx_word' id='word_1_510' title='bbox 1094 4460 1310 4517; x_wconf 90' lang='lat' dir='ltr'><strong>magno</strong></span> <span class='ocrx_word' id='word_1_511' title='bbox 1329 4442 1562 4518; x_wconf 91' lang='lat' dir='ltr'><strong>gaudio,</strong></span> <span class='ocrx_word' id='word_1_512' title='bbox 1587 4445 1880 4498; x_wconf 90' lang='lat' dir='ltr'><strong>currentes</strong></span> <span class='ocrx_word' id='word_1_513' title='bbox 1907 4459 2052 4498; x_wconf 89' lang='lat' dir='ltr'><strong>nun-</strong></span> 
     </span>
    </p>
   </div>
   <div class='ocr_carea' id='block_1_76' title="bbox 2148 3215 2502 3269">
    <p class='ocr_par' dir='ltr' id='par_1_76' title="bbox 2148 3215 2502 3269">
     <span class='ocr_line' id='line_1_76' title="bbox 2148 3215 2502 3269; baseline 0 0"><span class='ocrx_word' id='word_1_514' title='bbox 2148 3215 2502 3269; x_wconf 87' lang='lat' dir='ltr'><strong>servitutem.</strong></span> 
     </span>
    </p>
   </div>
   <div class='ocr_carea' id='block_1_77' title="bbox 2767 3285 3146 3336">
    <p class='ocr_par' dir='ltr' id='par_1_77' title="bbox 2767 3285 3146 3336">
     <span class='ocr_line' id='line_1_77' title="bbox 2767 3285 3146 3336; baseline 0 -2"><span class='ocrx_word' id='word_1_515' title='bbox 2767 3285 2887 3335; x_wconf 83' lang='lat' dir='ltr'><strong>Post</strong></span> <span class='ocrx_word' id='word_1_516' title='bbox 2913 3285 3146 3336; x_wconf 79' lang='lat' dir='ltr'><strong>nomine.</strong></span> 
     </span>
    </p>
   </div>
   <div class='ocr_carea' id='block_1_78' title="bbox 2219 3379 3794 3453">
    <p class='ocr_par' dir='ltr' id='par_1_78' title="bbox 2219 3379 3794 3453">
     <span class='ocr_line' id='line_1_78' title="bbox 2219 3379 3794 3453; baseline 0.001 -18"><span class='ocrx_word' id='word_1_517' title='bbox 2219 3381 2386 3448; x_wconf 91' lang='lat' dir='ltr'><strong>Deus,</strong></span> <span class='ocrx_word' id='word_1_518' title='bbox 2427 3381 2586 3451; x_wconf 90' lang='lat' dir='ltr'><strong>cujus</strong></span> <span class='ocrx_word' id='word_1_519' title='bbox 2619 3397 2862 3436; x_wconf 92' lang='lat' dir='ltr'><strong>munere</strong></span> <span class='ocrx_word' id='word_1_520' title='bbox 2907 3380 3203 3436; x_wconf 88' lang='lat' dir='ltr'><strong>adoranda</strong></span> <span class='ocrx_word' id='word_1_521' title='bbox 3244 3379 3608 3453; x_wconf 87' lang='lat' dir='ltr'><strong>baptismatis</strong></span> <span class='ocrx_word' id='word_1_522' title='bbox 3651 3386 3794 3437; x_wconf 89' lang='lat' dir='ltr'><strong>sunt</strong></span> 
     </span>
    </p>
   </div>
   <div class='ocr_carea' id='block_1_79' title="bbox 2149 3473 3792 3546">
    <p class='ocr_par' dir='ltr' id='par_1_79' title="bbox 2149 3473 3792 3546">
     <span class='ocr_line' id='line_1_79' title="bbox 2149 3473 3792 3546; baseline 0.001 -18"><span class='ocrx_word' id='word_1_523' title='bbox 2149 3475 2465 3546; x_wconf 91' lang='lat' dir='ltr'><strong>adimpleta</strong></span> <span class='ocrx_word' id='word_1_524' title='bbox 2489 3475 2786 3546; x_wconf 76' lang='lat' dir='ltr'><strong>mysteria,</strong></span> <span class='ocrx_word' id='word_1_525' title='bbox 2810 3475 3062 3530; x_wconf 90' lang='lat' dir='ltr'><strong>concede</strong></span> <span class='ocrx_word' id='word_1_526' title='bbox 3089 3476 3302 3546; x_wconf 92' lang='lat' dir='ltr'><strong>populo</strong></span> <span class='ocrx_word' id='word_1_527' title='bbox 3331 3479 3430 3530; x_wconf 92' lang='lat' dir='ltr'><strong>tuo</strong></span> <span class='ocrx_word' id='word_1_528' title='bbox 3486 3473 3792 3546; x_wconf 83' lang='lat' dir='ltr'><strong>originalis</strong></span> 
     </span>
    </p>
   </div>
   <div class='ocr_carea' id='block_1_80' title="bbox 2149 3568 3782 3640">
    <p class='ocr_par' dir='ltr' id='par_1_80' title="bbox 2149 3568 3782 3640">
     <span class='ocr_line' id='line_1_80' title="bbox 2149 3568 3782 3640; baseline 0.001 -17"><span class='ocrx_word' id='word_1_529' title='bbox 2149 3568 2342 3623; x_wconf 90' lang='lat' dir='ltr'><strong>delicti</strong></span> <span class='ocrx_word' id='word_1_530' title='bbox 2361 3585 2555 3624; x_wconf 92' lang='lat' dir='ltr'><strong>errore</strong></span> <span class='ocrx_word' id='word_1_531' title='bbox 2571 3569 2874 3635; x_wconf 91' lang='lat' dir='ltr'><strong>mundato,</strong></span> <span class='ocrx_word' id='word_1_532' title='bbox 2905 3571 3034 3640; x_wconf 91' lang='lat' dir='ltr'><strong>post</strong></span> <span class='ocrx_word' id='word_1_533' title='bbox 3059 3568 3512 3624; x_wconf 89' lang='lat' dir='ltr'><strong>sacratissimum</strong></span> <span class='ocrx_word' id='word_1_534' title='bbox 3536 3570 3782 3636; x_wconf 86' lang='lat' dir='ltr'><strong>fontem,</strong></span> 
     </span>
    </p>
   </div>
   <div class='ocr_carea' id='block_1_81' title="bbox 2148 3662 3777 3743">
    <p class='ocr_par' dir='ltr' id='par_1_81' title="bbox 2148 3662 3777 3743">
     <span class='ocr_line' id='line_1_81' title="bbox 2148 3662 3777 3743; baseline 0 -26"><span class='ocrx_word' id='word_1_535' title='bbox 2148 3667 2364 3718; x_wconf 90' lang='lat' dir='ltr'><strong>terram</strong></span> <span class='ocrx_word' id='word_1_536' title='bbox 2405 3666 2517 3718; x_wconf 90' lang='lat' dir='ltr'><strong>tua</strong></span> <span class='ocrx_word' id='word_1_537' title='bbox 2548 3662 2946 3734; x_wconf 89' lang='lat' dir='ltr'><strong>promissionis</strong></span> <span class='ocrx_word' id='word_1_538' title='bbox 2987 3663 3224 3743; x_wconf 75' lang='lat' dir='ltr'><strong>intrare,</strong></span> <span class='ocrx_word' id='word_1_539' title='bbox 3268 3666 3330 3717; x_wconf 90' lang='lat' dir='ltr'><strong>ut</strong></span> <span class='ocrx_word' id='word_1_540' title='bbox 3375 3663 3564 3743; x_wconf 74' lang='lat' dir='ltr'><strong>dulcia</strong></span> <span class='ocrx_word' id='word_1_541' title='bbox 3593 3679 3777 3719; x_wconf 86' lang='lat' dir='ltr'><strong>sacra-</strong></span> 
     </span>
    </p>
   </div>
   <div class='ocr_carea' id='block_1_82' title="bbox 2150 3737 3414 3828">
    <p class='ocr_par' dir='ltr' id='par_1_82' title="bbox 2150 3737 3414 3828">
     <span class='ocr_line' id='line_1_82' title="bbox 2150 3737 3414 3828; baseline 0 -17"><span class='ocrx_word' id='word_1_542' title='bbox 2150 3759 2482 3812; x_wconf 90' lang='lat' dir='ltr'><strong>mentorum</strong></span> <span class='ocrx_word' id='word_1_543' title='bbox 2513 3759 2745 3812; x_wconf 91' lang='lat' dir='ltr'><strong>tuorum</strong></span> <span class='ocrx_word' id='word_1_544' title='bbox 2774 3737 3414 3828; x_wconf 53' lang='lat' dir='ltr'><strong>alimentapercipianh</strong></span> 
     </span>
    </p>
   </div>
   <div class='ocr_carea' id='block_1_83' title="bbox 2816 3865 3124 3931">
    <p class='ocr_par' dir='ltr' id='par_1_83' title="bbox 2816 3865 3124 3931">
     <span class='ocr_line' id='line_1_83' title="bbox 2816 3865 3124 3931; baseline -0.01 -13"><span class='ocrx_word' id='word_1_545' title='bbox 2816 3865 2894 3918; x_wconf 77' lang='lat' dir='ltr'><strong>Ad</strong></span> <span class='ocrx_word' id='word_1_546' title='bbox 2919 3880 3124 3931; x_wconf 89' lang='lat' dir='ltr'><strong>pacem.</strong></span> 
     </span>
    </p>
   </div>
   <div class='ocr_carea' id='block_1_84' title="bbox 2222 3960 3793 4034">
    <p class='ocr_par' dir='ltr' id='par_1_84' title="bbox 2222 3960 3793 4034">
     <span class='ocr_line' id='line_1_84' title="bbox 2222 3960 3793 4034; baseline 0.002 -18"><span class='ocrx_word' id='word_1_547' title='bbox 2222 3960 2475 4034; x_wconf 89' lang='lat' dir='ltr'><strong>Suscipe,</strong></span> <span class='ocrx_word' id='word_1_548' title='bbox 2505 3962 2770 4029; x_wconf 91' lang='lat' dir='ltr'><strong>Domine,</strong></span> <span class='ocrx_word' id='word_1_549' title='bbox 2804 3978 3004 4034; x_wconf 90' lang='lat' dir='ltr'><strong>preces</strong></span> <span class='ocrx_word' id='word_1_550' title='bbox 3033 3961 3231 4033; x_wconf 89' lang='lat' dir='ltr'><strong>populi</strong></span> <span class='ocrx_word' id='word_1_551' title='bbox 3262 3961 3345 4016; x_wconf 91' lang='lat' dir='ltr'><strong>tui</strong></span> <span class='ocrx_word' id='word_1_552' title='bbox 3379 3977 3510 4017; x_wconf 90' lang='lat' dir='ltr'><strong>cum</strong></span> <span class='ocrx_word' id='word_1_553' title='bbox 3546 3961 3793 4019; x_wconf 85' lang='lat' dir='ltr'><strong>oblatio-</strong></span> 
     </span>
    </p>
   </div>
   <div class='ocr_carea' id='block_1_85' title="bbox 2153 4053 3789 4128">
    <p class='ocr_par' dir='ltr' id='par_1_85' title="bbox 2153 4053 3789 4128">
     <span class='ocr_line' id='line_1_85' title="bbox 2153 4053 3789 4128; baseline 0.002 -20"><span class='ocrx_word' id='word_1_554' title='bbox 2153 4053 2319 4109; x_wconf 91' lang='lat' dir='ltr'><strong>nibus</strong></span> <span class='ocrx_word' id='word_1_555' title='bbox 2355 4056 2674 4110; x_wconf 89' lang='lat' dir='ltr'><strong>hostiarum</strong></span> <span class='ocrx_word' id='word_1_556' title='bbox 2706 4060 2768 4110; x_wconf 91' lang='lat' dir='ltr'><strong>ut</strong></span> <span class='ocrx_word' id='word_1_557' title='bbox 2806 4055 3173 4111; x_wconf 89' lang='lat' dir='ltr'><strong>Paschalibus</strong></span> <span class='ocrx_word' id='word_1_558' title='bbox 3207 4055 3430 4110; x_wconf 88' lang='lat' dir='ltr'><strong>initiata</strong></span> <span class='ocrx_word' id='word_1_559' title='bbox 3476 4056 3789 4128; x_wconf 80' lang='lat' dir='ltr'><strong>mysteriis,</strong></span> 
     </span>
    </p>
   </div>
   <div class='ocr_carea' id='block_1_86' title="bbox 2152 4147 3785 4222">
    <p class='ocr_par' dir='ltr' id='par_1_86' title="bbox 2152 4147 3785 4222">
     <span class='ocr_line' id='line_1_86' title="bbox 2152 4147 3785 4222; baseline 0.002 -21"><span class='ocrx_word' id='word_1_560' title='bbox 2152 4147 2226 4202; x_wconf 89' lang='lat' dir='ltr'><strong>ad</strong></span> <span class='ocrx_word' id='word_1_561' title='bbox 2237 4150 2575 4205; x_wconf 88' lang='lat' dir='ltr'><strong>aternitatis</strong></span> <span class='ocrx_word' id='word_1_562' title='bbox 2593 4149 2760 4205; x_wconf 89' lang='lat' dir='ltr'><strong>nobis</strong></span> <span class='ocrx_word' id='word_1_563' title='bbox 2770 4149 3067 4204; x_wconf 90' lang='lat' dir='ltr'><strong>medillam</strong></span> <span class='ocrx_word' id='word_1_564' title='bbox 3081 4153 3137 4203; x_wconf 92' lang='lat' dir='ltr'><strong>te</strong></span> <span class='ocrx_word' id='word_1_565' title='bbox 3156 4153 3435 4221; x_wconf 91' lang='lat' dir='ltr'><strong>operante</strong></span> <span class='ocrx_word' id='word_1_566' title='bbox 3457 4149 3785 4222; x_wconf 84' lang='lat' dir='ltr'><strong>proﬁciant.</strong></span> 
     </span>
    </p>
   </div>
   <div class='ocr_carea' id='block_1_87' title="bbox 2797 4260 3134 4311">
    <p class='ocr_par' dir='ltr' id='par_1_87' title="bbox 2797 4260 3134 4311">
     <span class='ocr_line' id='line_1_87' title="bbox 2797 4260 3134 4311; baseline -0.003 -1"><span class='ocrx_word' id='word_1_567' title='bbox 2797 4260 3134 4311; x_wconf 87' lang='lat' dir='ltr'><strong>Contestatio.</strong></span> 
     </span>
    </p>
   </div>
   <div class='ocr_carea' id='block_1_88' title="bbox 2222 4317 3788 4429">
    <p class='ocr_par' dir='ltr' id='par_1_88' title="bbox 2222 4317 3788 4429">
     <span class='ocr_line' id='line_1_88' title="bbox 2222 4317 3788 4429; baseline 0.003 -21"><span class='ocrx_word' id='word_1_568' title='bbox 2222 4317 2364 4409; x_wconf 80' lang='lat' dir='ltr'><strong>vere</strong></span> <span class='ocrx_word' id='word_1_569' title='bbox 2395 4353 2636 4426; x_wconf 90' lang='lat' dir='ltr'><strong>dignum</strong></span> <span class='ocrx_word' id='word_1_570' title='bbox 2662 4358 2719 4409; x_wconf 92' lang='lat' dir='ltr'><strong>et</strong></span> <span class='ocrx_word' id='word_1_571' title='bbox 2736 4355 2957 4426; x_wconf 87' lang='lat' dir='ltr'><strong>justum</strong></span> <span class='ocrx_word' id='word_1_572' title='bbox 2986 4359 3090 4423; x_wconf 90' lang='lat' dir='ltr'><strong>est,</strong></span> <span class='ocrx_word' id='word_1_573' title='bbox 3128 4356 3498 4429; x_wconf 88' lang='lat' dir='ltr'><strong>omnipotens</strong></span> <span class='ocrx_word' id='word_1_574' title='bbox 3529 4358 3702 4424; x_wconf 92' lang='lat' dir='ltr'><strong>Deus,</strong></span> <span class='ocrx_word' id='word_1_575' title='bbox 3729 4362 3788 4413; x_wconf 91' lang='lat' dir='ltr'><strong>te</strong></span> 
     </span>
    </p>
   </div>
   <div class='ocr_carea' id='block_1_89' title="bbox 2155 4445 3786 4522">
    <p class='ocr_par' dir='ltr' id='par_1_89' title="bbox 2155 4445 3786 4522">
     <span class='ocr_line' id='line_1_89' title="bbox 2155 4445 3786 4522; baseline 0.004 -21"><span class='ocrx_word' id='word_1_576' title='bbox 2155 4445 2390 4518; x_wconf 89' lang='lat' dir='ltr'><strong>quidem</strong></span> <span class='ocrx_word' id='word_1_577' title='bbox 2414 4447 2876 4520; x_wconf 83' lang='lat' dir='ltr'><strong>omnitempore,</strong></span> <span class='ocrx_word' id='word_1_578' title='bbox 2891 4449 2991 4504; x_wconf 91' lang='lat' dir='ltr'><strong>sed</strong></span> <span class='ocrx_word' id='word_1_579' title='bbox 3012 4449 3071 4504; x_wconf 91' lang='lat' dir='ltr'><strong>in</strong></span> <span class='ocrx_word' id='word_1_580' title='bbox 3094 4450 3201 4505; x_wconf 91' lang='lat' dir='ltr'><strong>hac</strong></span> <span class='ocrx_word' id='word_1_581' title='bbox 3213 4450 3576 4522; x_wconf 90' lang='lat' dir='ltr'><strong>potissimum</strong></span> <span class='ocrx_word' id='word_1_582' title='bbox 3591 4455 3786 4520; x_wconf 89' lang='lat' dir='ltr'><strong>nocte,</strong></span> 
     </span>
    </p>
   </div>
   <div class='ocr_carea' id='block_1_90' title="bbox 417 4535 3792 4620">
    <p class='ocr_par' dir='ltr' id='par_1_90' title="bbox 417 4535 3792 4620">
     <span class='ocr_line' id='line_1_90' title="bbox 417 4535 3792 4620; baseline 0.001 -22"><span class='ocrx_word' id='word_1_583' title='bbox 417 4543 570 4598; x_wconf 93' lang='lat' dir='ltr'><strong>ciare</strong></span> <span class='ocrx_word' id='word_1_584' title='bbox 593 4541 883 4614; x_wconf 91' lang='lat' dir='ltr'><strong>discipulis</strong></span> <span class='ocrx_word' id='word_1_585' title='bbox 905 4541 1046 4612; x_wconf 90' lang='lat' dir='ltr'><strong>ejus.</strong></span> <span class='ocrx_word' id='word_1_586' title='bbox 1069 4541 1138 4594; x_wconf 91' lang='lat' dir='ltr'><strong>Et</strong></span> <span class='ocrx_word' id='word_1_587' title='bbox 1158 4555 1288 4594; x_wconf 91' lang='lat' dir='ltr'><strong>ecce</strong></span> <span class='ocrx_word' id='word_1_588' title='bbox 1318 4537 1596 4594; x_wconf 89' lang='lat' dir='ltr'><strong>Dominus</strong></span> <span class='ocrx_word' id='word_1_589' title='bbox 1619 4539 1778 4593; x_wconf 89' lang='lat' dir='ltr'><strong>Jesus</strong></span> <span class='ocrx_word' id='word_1_590' title='bbox 1808 4535 2053 4592; x_wconf 89' lang='lat' dir='ltr'><strong>occurrit</strong></span> <span class='ocrx_word' id='word_1_591' title='bbox 2069 4547 2129 4620; x_wconf 85' lang='lat' dir='ltr'><strong>D</strong></span> <span class='ocrx_word' id='word_1_592' title='bbox 2154 4540 2456 4612; x_wconf 90' lang='lat' dir='ltr'><strong>gloriosius</strong></span> <span class='ocrx_word' id='word_1_593' title='bbox 2467 4541 2937 4612; x_wconf 90' lang='lat' dir='ltr'><strong>pradicare,cum</strong></span> <span class='ocrx_word' id='word_1_594' title='bbox 2948 4543 3164 4598; x_wconf 89' lang='lat' dir='ltr'><strong>Pascha</strong></span> <span class='ocrx_word' id='word_1_595' title='bbox 3178 4546 3438 4599; x_wconf 86' lang='lat' dir='ltr'><strong>nostrum</strong></span> <span class='ocrx_word' id='word_1_596' title='bbox 3453 4543 3792 4600; x_wconf 88' lang='lat' dir='ltr'><strong>immolatus</strong></span> 
     </span>
    </p>
   </div>
   <div class='ocr_carea' id='block_1_91' title="bbox 418 4634 2054 4694">
    <p class='ocr_par' dir='ltr' id='par_1_91' title="bbox 418 4634 2054 4694">
     <span class='ocr_line' id='line_1_91' title="bbox 418 4634 2054 4694; baseline -0.005 -1"><span class='ocrx_word' id='word_1_597' title='bbox 418 4637 528 4694; x_wconf 90' lang='lat' dir='ltr'><strong>illis</strong></span> <span class='ocrx_word' id='word_1_598' title='bbox 542 4635 1078 4691; x_wconf 87' lang='lat' dir='ltr'><strong>dicens:Avete.llla</strong></span> <span class='ocrx_word' id='word_1_599' title='bbox 1090 4637 1286 4689; x_wconf 90' lang='lat' dir='ltr'><strong>autem</strong></span> <span class='ocrx_word' id='word_1_600' title='bbox 1303 4635 1662 4688; x_wconf 88' lang='lat' dir='ltr'><strong>accesserunt</strong></span> <span class='ocrx_word' id='word_1_601' title='bbox 1675 4635 1732 4686; x_wconf 92' lang='lat' dir='ltr'><strong>et</strong></span> <span class='ocrx_word' id='word_1_602' title='bbox 1743 4634 2054 4686; x_wconf 88' lang='lat' dir='ltr'><strong>tenuerunt</strong></span> 
     </span>
    </p>
   </div>
   <div class='ocr_carea' id='block_1_92' title="bbox 419 4725 2054 4802">
    <p class='ocr_par' dir='ltr' id='par_1_92' title="bbox 419 4725 2054 4802">
     <span class='ocr_line' id='line_1_92' title="bbox 419 4725 2054 4802; baseline -0.004 -17"><span class='ocrx_word' id='word_1_603' title='bbox 419 4729 598 4802; x_wconf 91' lang='lat' dir='ltr'><strong>pedes</strong></span> <span class='ocrx_word' id='word_1_604' title='bbox 635 4729 778 4800; x_wconf 89' lang='lat' dir='ltr'><strong>ejus,</strong></span> <span class='ocrx_word' id='word_1_605' title='bbox 818 4731 875 4782; x_wconf 90' lang='lat' dir='ltr'><strong>et</strong></span> <span class='ocrx_word' id='word_1_606' title='bbox 911 4728 1318 4782; x_wconf 87' lang='lat' dir='ltr'><strong>adoraverunt.</strong></span> <span class='ocrx_word' id='word_1_607' title='bbox 1353 4729 1510 4782; x_wconf 91' lang='lat' dir='ltr'><strong>Tunc</strong></span> <span class='ocrx_word' id='word_1_608' title='bbox 1534 4726 1615 4781; x_wconf 88' lang='lat' dir='ltr'><strong>ait</strong></span> <span class='ocrx_word' id='word_1_609' title='bbox 1638 4725 1750 4780; x_wconf 91' lang='lat' dir='ltr'><strong>illis</strong></span> <span class='ocrx_word' id='word_1_610' title='bbox 1777 4725 2054 4780; x_wconf 90' lang='lat' dir='ltr'><strong>Dominus</strong></span> 
     </span>
    </p>
   </div>
   <div class='ocr_carea' id='block_1_93' title="bbox 416 4819 2054 4886">
    <p class='ocr_par' dir='ltr' id='par_1_93' title="bbox 416 4819 2054 4886">
     <span class='ocr_line' id='line_1_93' title="bbox 416 4819 2054 4886; baseline -0.004 -6"><span class='ocrx_word' id='word_1_611' title='bbox 416 4825 614 4880; x_wconf 85' lang='lat' dir='ltr'><strong>Jesus:</strong></span> <span class='ocrx_word' id='word_1_612' title='bbox 643 4821 827 4878; x_wconf 89' lang='lat' dir='ltr'><strong>Nolite</strong></span> <span class='ocrx_word' id='word_1_613' title='bbox 857 4821 1083 4886; x_wconf 92' lang='lat' dir='ltr'><strong>timere,</strong></span> <span class='ocrx_word' id='word_1_614' title='bbox 1113 4821 1188 4874; x_wconf 92' lang='lat' dir='ltr'><strong>ite</strong></span> <span class='ocrx_word' id='word_1_615' title='bbox 1217 4820 1487 4875; x_wconf 91' lang='lat' dir='ltr'><strong>nunciate</strong></span> <span class='ocrx_word' id='word_1_616' title='bbox 1513 4820 1786 4874; x_wconf 88' lang='lat' dir='ltr'><strong>fratribus</strong></span> <span class='ocrx_word' id='word_1_617' title='bbox 1815 4819 1962 4874; x_wconf 91' lang='lat' dir='ltr'><strong>meis</strong></span> <span class='ocrx_word' id='word_1_618' title='bbox 1991 4823 2054 4874; x_wconf 89' lang='lat' dir='ltr'><strong>ut</strong></span> 
     </span>
    </p>
   </div>
   <div class='ocr_carea' id='block_1_94' title="bbox 419 4913 2049 4983">
    <p class='ocr_par' dir='ltr' id='par_1_94' title="bbox 419 4913 2049 4983">
     <span class='ocr_line' id='line_1_94' title="bbox 419 4913 2049 4983; baseline -0.002 -10"><span class='ocrx_word' id='word_1_619' title='bbox 419 4922 556 4976; x_wconf 88' lang='lat' dir='ltr'><strong>eant</strong></span> <span class='ocrx_word' id='word_1_620' title='bbox 575 4918 635 4973; x_wconf 91' lang='lat' dir='ltr'><strong>in</strong></span> <span class='ocrx_word' id='word_1_621' title='bbox 655 4915 908 4982; x_wconf 85' lang='lat' dir='ltr'><strong>Galilaa;</strong></span> <span class='ocrx_word' id='word_1_622' title='bbox 923 4913 1001 4970; x_wconf 90' lang='lat' dir='ltr'><strong>ibi</strong></span> <span class='ocrx_word' id='word_1_623' title='bbox 1017 4931 1109 4968; x_wconf 93' lang='lat' dir='ltr'><strong>me</strong></span> <span class='ocrx_word' id='word_1_624' title='bbox 1131 4913 1423 4968; x_wconf 91' lang='lat' dir='ltr'><strong>videbunt.</strong></span> <span class='ocrx_word' id='word_1_625' title='bbox 1448 4913 1586 4978; x_wconf 85' lang='lat' dir='ltr'><strong>Qua</strong></span> <span class='ocrx_word' id='word_1_626' title='bbox 1607 4930 1738 4968; x_wconf 89' lang='lat' dir='ltr'><strong>cum</strong></span> <span class='ocrx_word' id='word_1_627' title='bbox 1757 4913 2049 4983; x_wconf 88' lang='lat' dir='ltr'><strong>abiissent,</strong></span> 
     </span>
    </p>
   </div>
   <div class='ocr_carea' id='block_1_95' title="bbox 419 5007 2054 5086">
    <p class='ocr_par' dir='ltr' id='par_1_95' title="bbox 419 5007 2054 5086">
     <span class='ocr_line' id='line_1_95' title="bbox 419 5007 2054 5086; baseline -0.004 -18"><span class='ocrx_word' id='word_1_628' title='bbox 419 5028 548 5067; x_wconf 91' lang='lat' dir='ltr'><strong>ecce</strong></span> <span class='ocrx_word' id='word_1_629' title='bbox 571 5011 807 5086; x_wconf 88' lang='lat' dir='ltr'><strong>quidam</strong></span> <span class='ocrx_word' id='word_1_630' title='bbox 830 5010 901 5066; x_wconf 94' lang='lat' dir='ltr'><strong>de</strong></span> <span class='ocrx_word' id='word_1_631' title='bbox 931 5007 1262 5064; x_wconf 90' lang='lat' dir='ltr'><strong>custodibus</strong></span> <span class='ocrx_word' id='word_1_632' title='bbox 1282 5011 1567 5061; x_wconf 84' lang='lat' dir='ltr'><strong>venerunt</strong></span> <span class='ocrx_word' id='word_1_633' title='bbox 1585 5007 1642 5061; x_wconf 92' lang='lat' dir='ltr'><strong>in</strong></span> <span class='ocrx_word' id='word_1_634' title='bbox 1665 5007 1975 5076; x_wconf 87' lang='lat' dir='ltr'><strong>civitatem,</strong></span> <span class='ocrx_word' id='word_1_635' title='bbox 1996 5011 2054 5063; x_wconf 88' lang='lat' dir='ltr'><strong>et</strong></span> 
     </span>
    </p>
   </div>
   <div class='ocr_carea' id='block_1_96' title="bbox 417 5099 2050 5176">
    <p class='ocr_par' dir='ltr' id='par_1_96' title="bbox 417 5099 2050 5176">
     <span class='ocr_line' id='line_1_96' title="bbox 417 5099 2050 5176; baseline -0.001 -18"><span class='ocrx_word' id='word_1_636' title='bbox 417 5105 836 5160; x_wconf 88' lang='lat' dir='ltr'><strong>nunciaverunt</strong></span> <span class='ocrx_word' id='word_1_637' title='bbox 864 5102 1218 5176; x_wconf 89' lang='lat' dir='ltr'><strong>principibus</strong></span> <span class='ocrx_word' id='word_1_638' title='bbox 1261 5099 1624 5156; x_wconf 91' lang='lat' dir='ltr'><strong>sacerdotum</strong></span> <span class='ocrx_word' id='word_1_639' title='bbox 1669 5101 1864 5156; x_wconf 90' lang='lat' dir='ltr'><strong>omnia</strong></span> <span class='ocrx_word' id='word_1_640' title='bbox 1894 5119 2050 5174; x_wconf 89' lang='lat' dir='ltr'><strong>qua-</strong></span> 
     </span>
    </p>
   </div>
   <div class='ocr_carea' id='block_1_97' title="bbox 419 5192 2050 5269">
    <p class='ocr_par' dir='ltr' id='par_1_97' title="bbox 419 5192 2050 5269">
     <span class='ocr_line' id='line_1_97' title="bbox 419 5192 2050 5269; baseline -0.002 -16"><span class='ocrx_word' id='word_1_641' title='bbox 419 5214 664 5269; x_wconf 90' lang='lat' dir='ltr'><strong>cumque</strong></span> <span class='ocrx_word' id='word_1_642' title='bbox 678 5200 831 5254; x_wconf 86' lang='lat' dir='ltr'><strong>facta</strong></span> <span class='ocrx_word' id='word_1_643' title='bbox 847 5199 1098 5254; x_wconf 88' lang='lat' dir='ltr'><strong>fuerant.</strong></span> <span class='ocrx_word' id='word_1_644' title='bbox 1117 5198 1186 5252; x_wconf 89' lang='lat' dir='ltr'><strong>Et</strong></span> <span class='ocrx_word' id='word_1_645' title='bbox 1202 5192 1541 5268; x_wconf 88' lang='lat' dir='ltr'><strong>congregati</strong></span> <span class='ocrx_word' id='word_1_646' title='bbox 1557 5211 1688 5248; x_wconf 89' lang='lat' dir='ltr'><strong>cum</strong></span> <span class='ocrx_word' id='word_1_647' title='bbox 1708 5194 2050 5264; x_wconf 91' lang='lat' dir='ltr'><strong>senioribus,</strong></span> 
     </span>
    </p>
   </div>
   <div class='ocr_carea' id='block_1_98' title="bbox 417 5355 2050 5425">
    <p class='ocr_par' dir='ltr' id='par_1_98' title="bbox 417 5355 2050 5425">
     <span class='ocr_line' id='line_1_98' title="bbox 417 5355 2050 5425; baseline 0 -12"><span class='ocrx_word' id='word_1_648' title='bbox 417 5359 663 5424; x_wconf 91' lang='lat' dir='ltr'><strong>tionem,</strong></span> <span class='ocrx_word' id='word_1_649' title='bbox 693 5359 910 5414; x_wconf 91' lang='lat' dir='ltr'><strong>mentio</strong></span> <span class='ocrx_word' id='word_1_650' title='bbox 929 5362 1016 5413; x_wconf 89' lang='lat' dir='ltr'><strong>est</strong></span> <span class='ocrx_word' id='word_1_651' title='bbox 1029 5359 1083 5412; x_wconf 92' lang='lat' dir='ltr'><strong>in</strong></span> <span class='ocrx_word' id='word_1_652' title='bbox 1100 5357 1305 5412; x_wconf 82' lang='lat' dir='ltr'><strong>Missali</strong></span> <span class='ocrx_word' id='word_1_653' title='bbox 1323 5357 1562 5414; x_wconf 89' lang='lat' dir='ltr'><strong>Gothico</strong></span> <span class='ocrx_word' id='word_1_654' title='bbox 1581 5361 1638 5412; x_wconf 92' lang='lat' dir='ltr'><strong>et</strong></span> <span class='ocrx_word' id='word_1_655' title='bbox 1658 5356 1717 5411; x_wconf 91' lang='lat' dir='ltr'><strong>in</strong></span> <span class='ocrx_word' id='word_1_656' title='bbox 1732 5355 2050 5425; x_wconf 87' lang='lat' dir='ltr'><strong>Gallicano;</strong></span> 
     </span>
    </p>
   </div>
   <div class='ocr_carea' id='block_1_99' title="bbox 416 5428 2053 5500">
    <p class='ocr_par' dir='ltr' id='par_1_99' title="bbox 416 5428 2053 5500">
     <span class='ocr_line' id='line_1_99' title="bbox 416 5428 2053 5500; baseline -0.002 -14"><span class='ocrx_word' id='word_1_657' title='bbox 416 5447 524 5487; x_wconf 89' lang='lat' dir='ltr'><strong>nec</strong></span> <span class='ocrx_word' id='word_1_658' title='bbox 547 5446 664 5484; x_wconf 91' lang='lat' dir='ltr'><strong>non</strong></span> <span class='ocrx_word' id='word_1_659' title='bbox 695 5429 756 5484; x_wconf 91' lang='lat' dir='ltr'><strong>in</strong></span> <span class='ocrx_word' id='word_1_660' title='bbox 785 5429 1006 5500; x_wconf 88' lang='lat' dir='ltr'><strong>duobus</strong></span> <span class='ocrx_word' id='word_1_661' title='bbox 1032 5430 1259 5484; x_wconf 85' lang='lat' dir='ltr'><strong>Casarii</strong></span> <span class='ocrx_word' id='word_1_662' title='bbox 1289 5428 1540 5500; x_wconf 91' lang='lat' dir='ltr'><strong>episcopi</strong></span> <span class='ocrx_word' id='word_1_663' title='bbox 1562 5428 2053 5500; x_wconf 43' lang='lat' dir='ltr'><strong>Arelatensislser-</strong></span> 
     </span>
    </p>
   </div>
   <div class='ocr_carea' id='block_1_100' title="bbox 416 5493 2053 5582">
    <p class='ocr_par' dir='ltr' id='par_1_100' title="bbox 416 5493 2053 5582">
     <span class='ocr_line' id='line_1_100' title="bbox 416 5493 2053 5582; baseline -0.002 -24"><span class='ocrx_word' id='word_1_664' title='bbox 416 5501 710 5582; x_wconf 73' lang='lat' dir='ltr'><strong>monibus,</strong></span> <span class='ocrx_word' id='word_1_665' title='bbox 739 5499 839 5582; x_wconf 76' lang='lat' dir='ltr'><strong>qui</strong></span> <span class='ocrx_word' id='word_1_666' title='bbox 869 5493 1508 5582; x_wconf 39' lang='lat' dir='ltr'><strong>inAappeAndicetomiv</strong></span> <span class='ocrx_word' id='word_1_667' title='bbox 1527 5493 2053 5582; x_wconf 42' lang='lat' dir='ltr'><strong>Augustiniani&#39;ha-</strong></span> 
     </span>
    </p>
   </div>
   <div class='ocr_carea' id='block_1_101' title="bbox 415 5571 2054 5642">
    <p class='ocr_par' dir='ltr' id='par_1_101' title="bbox 415 5571 2054 5642">
     <span class='ocr_line' id='line_1_101' title="bbox 415 5571 2054 5642; baseline -0.002 -13"><span class='ocrx_word' id='word_1_668' title='bbox 415 5575 630 5629; x_wconf 88' lang='lat' dir='ltr'><strong>bentur</strong></span> <span class='ocrx_word' id='word_1_669' title='bbox 657 5571 859 5628; x_wconf 89' lang='lat' dir='ltr'><strong>ordine</strong></span> <span class='ocrx_word' id='word_1_670' title='bbox 889 5574 989 5627; x_wconf 77' lang='lat'><strong>168</strong></span> <span class='ocrx_word' id='word_1_671' title='bbox 1012 5574 1070 5624; x_wconf 90' lang='lat' dir='ltr'><strong>et</strong></span> <span class='ocrx_word' id='word_1_672' title='bbox 1087 5575 1213 5642; x_wconf 17' lang='lat' dir='ltr'><strong>257A,</strong></span> <span class='ocrx_word' id='word_1_673' title='bbox 1237 5575 1408 5642; x_wconf 92' lang='lat' dir='ltr'><strong>atque</strong></span> <span class='ocrx_word' id='word_1_674' title='bbox 1440 5572 1498 5626; x_wconf 91' lang='lat' dir='ltr'><strong>in</strong></span> <span class='ocrx_word' id='word_1_675' title='bbox 1529 5571 1795 5627; x_wconf 86' lang='lat' dir='ltr'><strong>sermone</strong></span> <span class='ocrx_word' id='word_1_676' title='bbox 1819 5571 1892 5626; x_wconf 91' lang='lat' dir='ltr'><strong>ad</strong></span> <span class='ocrx_word' id='word_1_677' title='bbox 1913 5571 2054 5626; x_wconf 83' lang='lat' dir='ltr'><strong>Neo-</strong></span> 
     </span>
    </p>
   </div>
   <div class='ocr_carea' id='block_1_102' title="bbox 459 5640 2051 5729">
    <p class='ocr_par' dir='ltr' id='par_1_102' title="bbox 459 5640 2051 5729">
     <span class='ocr_line' id='line_1_102' title="bbox 459 5640 2051 5729; baseline -0.001 -29"><span class='ocrx_word' id='word_1_678' title='bbox 459 5647 641 5729; x_wconf 69' lang='lat' dir='ltr'><strong>hytos,</strong></span> <span class='ocrx_word' id='word_1_679' title='bbox 665 5645 848 5729; x_wconf 63' lang='lat' dir='ltr'><strong>relato</strong></span> <span class='ocrx_word' id='word_1_680' title='bbox 869 5643 926 5697; x_wconf 92' lang='lat' dir='ltr'><strong>in</strong></span> <span class='ocrx_word' id='word_1_681' title='bbox 951 5640 1336 5729; x_wconf 54' lang='lat' dir='ltr'><strong>appendicem—</strong></span> <span class='ocrx_word' id='word_1_682' title='bbox 1365 5643 1506 5729; x_wconf 70' lang='lat' dir='ltr'><strong>torni</strong></span> <span class='ocrx_word' id='word_1_683' title='bbox 1526 5644 1616 5724; x_wconf 58' lang='lat' dir='ltr'><strong>Y1,</strong></span> <span class='ocrx_word' id='word_1_684' title='bbox 1640 5644 2051 5729; x_wconf 43' lang='lat' dir='ltr'><strong>col..g9l;‘llnac</strong></span> 
     </span>
    </p>
   </div>
   <div class='ocr_carea' id='block_1_103' title="bbox 417 5663 2054 5790">
    <p class='ocr_par' dir='ltr' id='par_1_103' title="bbox 417 5663 2054 5790">
     <span class='ocr_line' id='line_1_103' title="bbox 417 5663 2051 5772; baseline -0.001 -72"><span class='ocrx_word' id='word_1_685' title='bbox 417 5663 641 5772; x_wconf 65' lang='lat' dir='ltr'><strong>pnytos,</strong></span> <span class='ocrx_word' id='word_1_686' title='bbox 665 5663 848 5726; x_wconf 61' lang='grc' dir='ltr'><strong>Γθιᾶῐρς)</strong></span> <span class='ocrx_word' id='word_1_687' title='bbox 869 5663 926 5697; x_wconf 86' lang='lat' dir='ltr'><strong>lIl</strong></span> <span class='ocrx_word' id='word_1_688' title='bbox 951 5663 1330 5714; x_wconf 79' lang='lat' dir='ltr'><strong>appenuicem</strong></span> <span class='ocrx_word' id='word_1_689' title='bbox 1365 5663 1506 5724; x_wconf 67' lang='grc' dir='ltr'>ιοῐῃι</span> <span class='ocrx_word' id='word_1_690' title='bbox 1526 5663 1616 5724; x_wconf 52' lang='lat' dir='ltr'><strong>.VI,</strong></span> <span class='ocrx_word' id='word_1_691' title='bbox 1640 5663 1746 5699; x_wconf 82' lang='lat' dir='ltr'><strong>COl.</strong></span> <span class='ocrx_word' id='word_1_692' title='bbox 1775 5663 1896 5725; x_wconf 52' lang='lat'><strong>2&#39;91.</strong></span> <span class='ocrx_word' id='word_1_693' title='bbox 1921 5663 2051 5698; x_wconf 70' lang='grc' dir='ltr'><strong>11ωο</strong></span> 
     </span>
     <span class='ocr_line' id='line_1_104' title="bbox 440 5713 2054 5790; baseline -0.002 -17"><span class='ocrx_word' id='word_1_694' title='bbox 440 5721 557 5790; x_wconf 79' lang='lat' dir='ltr'><strong>otio</strong></span> <span class='ocrx_word' id='word_1_695' title='bbox 591 5715 746 5790; x_wconf 91' lang='lat' dir='ltr'><strong>apud</strong></span> <span class='ocrx_word' id='word_1_696' title='bbox 774 5716 1053 5790; x_wconf 63' lang='lat' dir='ltr'><strong>Hispanos</strong></span> <span class='ocrx_word' id='word_1_697' title='bbox 1079 5713 1360 5790; x_wconf 80' lang='lat' dir='ltr'><strong>abrogata</strong></span> <span class='ocrx_word' id='word_1_698' title='bbox 1389 5714 1499 5790; x_wconf 79' lang='lat' dir='ltr'><strong>f_uit</strong></span> <span class='ocrx_word' id='word_1_699' title='bbox 1523 5730 1584 5768; x_wconf 82' lang='lat' dir='ltr'><strong>in</strong></span> <span class='ocrx_word' id='word_1_700' title='bbox 1611 5714 1850 5790; x_wconf 79' lang='lat' dir='ltr'><strong>concilio</strong></span> <span class='ocrx_word' id='word_1_701' title='bbox 1871 5715 2054 5770; x_wconf 85' lang='lat' dir='ltr'><strong>Elibe-</strong></span> 
     </span>
    </p>
   </div>
   <div class='ocr_carea' id='block_1_104' title="bbox 414 5784 2051 5867">
    <p class='ocr_par' dir='ltr' id='par_1_104' title="bbox 414 5784 2051 5867">
     <span class='ocr_line' id='line_1_105' title="bbox 414 5784 2051 5867; baseline -0.002 -24"><span class='ocrx_word' id='word_1_702' title='bbox 414 5784 644 5867; x_wconf 60' lang='lat' dir='ltr'><strong>ritanoi</strong></span> <span class='ocrx_word' id='word_1_703' title='bbox 672 5804 786 5867; x_wconf 69' lang='lat' dir='ltr'><strong>nec</strong></span> <span class='ocrx_word' id='word_1_704' title='bbox 817 5784 995 5844; x_wconf 82' lang='lat' dir='ltr'><strong>fiebat</strong></span> <span class='ocrx_word' id='word_1_705' title='bbox 1028 5784 1366 5867; x_wconf 42' lang='lat' dir='ltr'><strong>in.ecclesi‘a</strong></span> <span class='ocrx_word' id='word_1_706' title='bbox 1395 5785 1660 5867; x_wconf 70' lang='lat' dir='ltr'><strong>Romana</strong></span> <span class='ocrx_word' id='word_1_707' title='bbox 1687 5789 1748 5840; x_wconf 93' lang='lat' dir='ltr'><strong>ut</strong></span> <span class='ocrx_word' id='word_1_708' title='bbox 1783 5789 1944 5867; x_wconf 76' lang='lat' dir='ltr'><strong>patet</strong></span> <span class='ocrx_word' id='word_1_709' title='bbox 1983 5803 2051 5867; x_wconf 78' lang='lat' dir='ltr'><strong>ex</strong></span> 
     </span>
    </p>
   </div>
   <div class='ocr_carea' id='block_1_105' title="bbox 417 5854 2046 5930">
    <p class='ocr_par' dir='ltr' id='par_1_105' title="bbox 417 5854 2046 5930">
     <span class='ocr_line' id='line_1_106' title="bbox 417 5854 2046 5930; baseline 0 -18"><span class='ocrx_word' id='word_1_710' title='bbox 417 5857 563 5914; x_wconf 85' lang='lat' dir='ltr'><strong>libro</strong></span> <span class='ocrx_word' id='word_1_711' title='bbox 585 5854 646 5917; x_wconf 76' lang='lat' dir='ltr'><strong>ni</strong></span> <span class='ocrx_word' id='word_1_712' title='bbox 665 5859 738 5916; x_wconf 88' lang='lat' dir='ltr'><strong>de</strong></span> <span class='ocrx_word' id='word_1_713' title='bbox 754 5856 1164 5929; x_wconf 82' lang='lat' dir='ltr'><strong>Sacramentis,</strong></span> <span class='ocrx_word' id='word_1_714' title='bbox 1193 5855 1350 5930; x_wconf 89' lang='lat' dir='ltr'><strong>quod</strong></span> <span class='ocrx_word' id='word_1_715' title='bbox 1375 5871 1519 5930; x_wconf 89' lang='lat' dir='ltr'><strong>opus</strong></span> <span class='ocrx_word' id='word_1_716' title='bbox 1533 5854 1836 5912; x_wconf 79' lang='lat' dir='ltr'><strong>Ambrosio</strong></span> <span class='ocrx_word' id='word_1_717' title='bbox 1847 5856 2046 5913; x_wconf 84' lang='lat' dir='ltr'><strong>tribui-</strong></span> 
     </span>
    </p>
   </div>
   <div class='ocr_carea' id='block_1_106' title="bbox 2155 4635 3794 4710">
    <p class='ocr_par' dir='ltr' id='par_1_106' title="bbox 2155 4635 3794 4710">
     <span class='ocr_line' id='line_1_107' title="bbox 2155 4635 3794 4710; baseline 0.003 -22"><span class='ocrx_word' id='word_1_718' title='bbox 2155 4639 2240 4690; x_wconf 91' lang='lat' dir='ltr'><strong>est</strong></span> <span class='ocrx_word' id='word_1_719' title='bbox 2265 4635 2551 4691; x_wconf 86' lang='lat' dir='ltr'><strong>Christus:</strong></span> <span class='ocrx_word' id='word_1_720' title='bbox 2576 4635 2696 4706; x_wconf 91' lang='lat' dir='ltr'><strong>ipse</strong></span> <span class='ocrx_word' id='word_1_721' title='bbox 2726 4636 2884 4691; x_wconf 91' lang='lat' dir='ltr'><strong>enim</strong></span> <span class='ocrx_word' id='word_1_722' title='bbox 2901 4653 3068 4692; x_wconf 88' lang='lat' dir='ltr'><strong>verus</strong></span> <span class='ocrx_word' id='word_1_723' title='bbox 3081 4641 3164 4691; x_wconf 92' lang='lat' dir='ltr'><strong>est</strong></span> <span class='ocrx_word' id='word_1_724' title='bbox 3183 4639 3400 4709; x_wconf 85' lang='lat' dir='ltr'><strong>Agnus,</strong></span> <span class='ocrx_word' id='word_1_725' title='bbox 3427 4639 3525 4710; x_wconf 88' lang='lat' dir='ltr'><strong>qui</strong></span> <span class='ocrx_word' id='word_1_726' title='bbox 3553 4638 3794 4694; x_wconf 86' lang='lat' dir='ltr'><strong>abstulit</strong></span> 
     </span>
    </p>
   </div>
   <div class='ocr_carea' id='block_1_107' title="bbox 2154 4728 3795 4800">
    <p class='ocr_par' dir='ltr' id='par_1_107' title="bbox 2154 4728 3795 4800">
     <span class='ocr_line' id='line_1_108' title="bbox 2154 4728 3795 4800; baseline 0.004 -18"><span class='ocrx_word' id='word_1_727' title='bbox 2154 4731 2389 4799; x_wconf 89' lang='lat' dir='ltr'><strong>peccata</strong></span> <span class='ocrx_word' id='word_1_728' title='bbox 2420 4728 2642 4796; x_wconf 91' lang='lat' dir='ltr'><strong>mundi,</strong></span> <span class='ocrx_word' id='word_1_729' title='bbox 2673 4729 2770 4800; x_wconf 92' lang='lat' dir='ltr'><strong>qui</strong></span> <span class='ocrx_word' id='word_1_730' title='bbox 2799 4734 3051 4785; x_wconf 90' lang='lat' dir='ltr'><strong>mortem</strong></span> <span class='ocrx_word' id='word_1_731' title='bbox 3077 4735 3336 4786; x_wconf 92' lang='lat' dir='ltr'><strong>nostram</strong></span> <span class='ocrx_word' id='word_1_732' title='bbox 3363 4731 3671 4788; x_wconf 90' lang='lat' dir='ltr'><strong>moriendo</strong></span> <span class='ocrx_word' id='word_1_733' title='bbox 3696 4731 3795 4788; x_wconf 86' lang='lat' dir='ltr'><strong>de-</strong></span> 
     </span>
    </p>
   </div>
   <div class='ocr_carea' id='block_1_108' title="bbox 2155 4821 3792 4898">
    <p class='ocr_par' dir='ltr' id='par_1_108' title="bbox 2155 4821 3792 4898">
     <span class='ocr_line' id='line_1_109' title="bbox 2155 4821 3792 4898; baseline 0.004 -23"><span class='ocrx_word' id='word_1_734' title='bbox 2155 4821 2375 4890; x_wconf 80' lang='lat' dir='ltr'><strong>struxit,</strong></span> <span class='ocrx_word' id='word_1_735' title='bbox 2409 4826 2466 4877; x_wconf 94' lang='lat' dir='ltr'><strong>et</strong></span> <span class='ocrx_word' id='word_1_736' title='bbox 2503 4822 2678 4878; x_wconf 86' lang='lat' dir='ltr'><strong>vitam</strong></span> <span class='ocrx_word' id='word_1_737' title='bbox 2726 4825 3084 4896; x_wconf 89' lang='lat' dir='ltr'><strong>resurgendo</strong></span> <span class='ocrx_word' id='word_1_738' title='bbox 3122 4825 3428 4897; x_wconf 91' lang='lat' dir='ltr'><strong>reparavit.</strong></span> <span class='ocrx_word' id='word_1_739' title='bbox 3473 4827 3792 4898; x_wconf 89' lang='lat' dir='ltr'><strong>Propterea</strong></span> 
     </span>
    </p>
   </div>
   <div class='ocr_carea' id='block_1_109' title="bbox 2153 4914 3854 4990">
    <p class='ocr_par' dir='ltr' id='par_1_109' title="bbox 2153 4914 3854 4990">
     <span class='ocr_line' id='line_1_110' title="bbox 2153 4914 3854 4990; baseline 0.004 -21"><span class='ocrx_word' id='word_1_740' title='bbox 2153 4914 2400 4988; x_wconf 87' lang='lat' dir='ltr'><strong>profusis</strong></span> <span class='ocrx_word' id='word_1_741' title='bbox 2428 4916 2790 4986; x_wconf 85' lang='lat' dir='ltr'><strong>paschalibus</strong></span> <span class='ocrx_word' id='word_1_742' title='bbox 2820 4917 3046 4990; x_wconf 86' lang='lat' dir='ltr'><strong>gaudiis</strong></span> <span class='ocrx_word' id='word_1_743' title='bbox 3066 4921 3220 4974; x_wconf 86' lang='lat' dir='ltr'><strong>totus</strong></span> <span class='ocrx_word' id='word_1_744' title='bbox 3247 4920 3308 4974; x_wconf 90' lang='lat' dir='ltr'><strong>in</strong></span> <span class='ocrx_word' id='word_1_745' title='bbox 3333 4919 3471 4975; x_wconf 90' lang='lat' dir='ltr'><strong>orbe</strong></span> <span class='ocrx_word' id='word_1_746' title='bbox 3495 4923 3790 4976; x_wconf 89' lang='lat' dir='ltr'><strong>terrarum</strong></span> <span class='ocrx_word' id='word_1_747' title='bbox 3849 4925 3854 4929; x_wconf 86' lang='grc'><em>’</em></span> 
     </span>
    </p>
   </div>
   <div class='ocr_carea' id='block_1_110' title="bbox 2155 5009 3791 5086">
    <p class='ocr_par' dir='ltr' id='par_1_110' title="bbox 2155 5009 3791 5086">
     <span class='ocr_line' id='line_1_111' title="bbox 2155 5009 3791 5086; baseline 0.004 -23"><span class='ocrx_word' id='word_1_748' title='bbox 2155 5009 2406 5064; x_wconf 90' lang='lat' dir='ltr'><strong>mundus</strong></span> <span class='ocrx_word' id='word_1_749' title='bbox 2425 5011 2658 5066; x_wconf 90' lang='lat' dir='ltr'><strong>exultat.</strong></span> <span class='ocrx_word' id='word_1_750' title='bbox 2683 5011 2797 5067; x_wconf 92' lang='lat' dir='ltr'><strong>Sed</strong></span> <span class='ocrx_word' id='word_1_751' title='bbox 2827 5015 2884 5067; x_wconf 93' lang='lat' dir='ltr'><strong>et</strong></span> <span class='ocrx_word' id='word_1_752' title='bbox 2909 5030 3174 5086; x_wconf 86' lang='lat' dir='ltr'><strong>superna</strong></span> <span class='ocrx_word' id='word_1_753' title='bbox 3200 5014 3436 5068; x_wconf 89' lang='lat' dir='ltr'><strong>virtutes</strong></span> <span class='ocrx_word' id='word_1_754' title='bbox 3467 5017 3642 5085; x_wconf 92' lang='lat' dir='ltr'><strong>atque</strong></span> <span class='ocrx_word' id='word_1_755' title='bbox 3681 5031 3791 5070; x_wconf 88' lang='lat' dir='ltr'><strong>an-</strong></span> 
     </span>
    </p>
   </div>
   <div class='ocr_carea' id='block_1_111' title="bbox 2154 5103 3790 5179">
    <p class='ocr_par' dir='ltr' id='par_1_111' title="bbox 2154 5103 3790 5179">
     <span class='ocr_line' id='line_1_112' title="bbox 2154 5103 3790 5179; baseline 0.003 -22"><span class='ocrx_word' id='word_1_756' title='bbox 2154 5104 2352 5176; x_wconf 86' lang='lat' dir='ltr'><strong>gelica</strong></span> <span class='ocrx_word' id='word_1_757' title='bbox 2391 5103 2702 5159; x_wconf 91' lang='lat' dir='ltr'><strong>concinunt</strong></span> <span class='ocrx_word' id='word_1_758' title='bbox 2741 5109 3074 5177; x_wconf 91' lang='lat' dir='ltr'><strong>potestates,</strong></span> <span class='ocrx_word' id='word_1_759' title='bbox 3122 5107 3406 5179; x_wconf 84' lang='lat' dir='ltr'><strong>hymnum</strong></span> <span class='ocrx_word' id='word_1_760' title='bbox 3433 5107 3630 5178; x_wconf 83' lang='lat' dir='ltr'><strong>gloria</strong></span> <span class='ocrx_word' id='word_1_761' title='bbox 3662 5108 3790 5163; x_wconf 87' lang='lat' dir='ltr'><strong>sine</strong></span> 
     </span>
    </p>
   </div>
   <div class='ocr_carea' id='block_1_112' title="bbox 2154 5197 2773 5254">
    <p class='ocr_par' dir='ltr' id='par_1_112' title="bbox 2154 5197 2773 5254">
     <span class='ocr_line' id='line_1_113' title="bbox 2154 5197 2773 5254; baseline -0.002 0"><span class='ocrx_word' id='word_1_762' title='bbox 2154 5197 2472 5254; x_wconf 87' lang='lat' dir='ltr'><strong>cessatione</strong></span> <span class='ocrx_word' id='word_1_763' title='bbox 2499 5198 2773 5253; x_wconf 91' lang='lat' dir='ltr'><strong>dicentes.</strong></span> 
     </span>
    </p>
   </div>
   <div class='ocr_carea' id='block_1_113' title="bbox 2151 5359 3797 5435">
    <p class='ocr_par' dir='ltr' id='par_1_113' title="bbox 2151 5359 3797 5435">
     <span class='ocr_line' id='line_1_114' title="bbox 2151 5359 3797 5435; baseline 0.004 -21"><span class='ocrx_word' id='word_1_764' title='bbox 2151 5363 2274 5435; x_wconf 81' lang='lat' dir='ltr'><strong>tur:</strong></span> <span class='ocrx_word' id='word_1_765' title='bbox 2301 5359 2654 5435; x_wconf 26' lang='lat' dir='ltr'><strong>inAAfricana</strong></span> <span class='ocrx_word' id='word_1_766' title='bbox 2685 5361 3016 5435; x_wconf 9' lang='lat' dir='ltr'><strong>veroqfiebat</strong></span> <span class='ocrx_word' id='word_1_767' title='bbox 3043 5362 3133 5435; x_wconf 84' lang='lat' dir='ltr'><strong>die</strong></span> <span class='ocrx_word' id='word_1_768' title='bbox 3154 5363 3359 5431; x_wconf 82' lang='lat' dir='ltr'><strong>Cana,</strong></span> <span class='ocrx_word' id='word_1_769' title='bbox 3384 5381 3448 5418; x_wconf 83' lang='lat' dir='ltr'><strong>ex</strong></span> <span class='ocrx_word' id='word_1_770' title='bbox 3480 5366 3797 5435; x_wconf 83' lang='lat' dir='ltr'><strong>Augustini</strong></span> 
     </span>
    </p>
   </div>
   <div class='ocr_carea' id='block_1_114' title="bbox 2155 5431 3797 5502">
    <p class='ocr_par' dir='ltr' id='par_1_114' title="bbox 2155 5431 3797 5502">
     <span class='ocr_line' id='line_1_115' title="bbox 2155 5431 3797 5502; baseline 0.004 -16"><span class='ocrx_word' id='word_1_771' title='bbox 2155 5431 2408 5502; x_wconf 89' lang='lat' dir='ltr'><strong>epistolis</strong></span> <span class='ocrx_word' id='word_1_772' title='bbox 2433 5432 2500 5484; x_wconf 75' lang='grc'><strong>54</strong></span> <span class='ocrx_word' id='word_1_773' title='bbox 2529 5435 2587 5484; x_wconf 90' lang='lat' dir='ltr'><strong>et</strong></span> <span class='ocrx_word' id='word_1_774' title='bbox 2617 5435 2701 5485; x_wconf 77' lang='lat'><strong>55.</strong></span> <span class='ocrx_word' id='word_1_775' title='bbox 2717 5433 2966 5487; x_wconf 88' lang='lat' dir='ltr'><strong>Ecclesia</strong></span> <span class='ocrx_word' id='word_1_776' title='bbox 2987 5433 3279 5489; x_wconf 86' lang='lat' dir='ltr'><strong>Gallicana</strong></span> <span class='ocrx_word' id='word_1_777' title='bbox 3304 5435 3413 5490; x_wconf 88' lang='lat' dir='ltr'><strong>hoc</strong></span> <span class='ocrx_word' id='word_1_778' title='bbox 3442 5435 3501 5490; x_wconf 92' lang='lat' dir='ltr'><strong>in</strong></span> <span class='ocrx_word' id='word_1_779' title='bbox 3523 5431 3636 5490; x_wconf 77' lang='lat' dir='ltr'><strong>ritu</strong></span> <span class='ocrx_word' id='word_1_780' title='bbox 3653 5453 3797 5492; x_wconf 86' lang='lat' dir='ltr'><strong>con-</strong></span> 
     </span>
    </p>
   </div>
   <div class='ocr_carea' id='block_1_115' title="bbox 2155 5502 3794 5576">
    <p class='ocr_par' dir='ltr' id='par_1_115' title="bbox 2155 5502 3794 5576">
     <span class='ocr_line' id='line_1_116' title="bbox 2155 5502 3794 5576; baseline 0.003 -18"><span class='ocrx_word' id='word_1_781' title='bbox 2155 5503 2420 5576; x_wconf 74' lang='lat' dir='ltr'><strong>veniebat</strong></span> <span class='ocrx_word' id='word_1_782' title='bbox 2433 5519 2560 5576; x_wconf 82' lang='lat' dir='ltr'><strong>cum</strong></span> <span class='ocrx_word' id='word_1_783' title='bbox 2581 5502 3008 5576; x_wconf 82' lang='lat' dir='ltr'><strong>Mediolanensi,</strong></span> <span class='ocrx_word' id='word_1_784' title='bbox 3027 5504 3096 5559; x_wconf 93' lang='lat' dir='ltr'><strong>de</strong></span> <span class='ocrx_word' id='word_1_785' title='bbox 3119 5521 3230 5576; x_wconf 88' lang='lat' dir='ltr'><strong>qua</strong></span> <span class='ocrx_word' id='word_1_786' title='bbox 3248 5505 3377 5562; x_wconf 89' lang='lat' dir='ltr'><strong>vide</strong></span> <span class='ocrx_word' id='word_1_787' title='bbox 3413 5507 3794 5563; x_wconf 81' lang='lat' dir='ltr'><strong>Ambrosium</strong></span> 
     </span>
    </p>
   </div>
   <div class='ocr_carea' id='block_1_116' title="bbox 2155 5573 2975 5646">
    <p class='ocr_par' dir='ltr' id='par_1_116' title="bbox 2155 5573 2975 5646">
     <span class='ocr_line' id='line_1_117' title="bbox 2155 5573 2975 5646; baseline 0.002 -18"><span class='ocrx_word' id='word_1_788' title='bbox 2155 5575 2213 5628; x_wconf 94' lang='lat' dir='ltr'><strong>in</strong></span> <span class='ocrx_word' id='word_1_789' title='bbox 2231 5574 2334 5646; x_wconf 84' lang='lat' dir='ltr'><strong>lib.</strong></span> <span class='ocrx_word' id='word_1_790' title='bbox 2371 5575 2442 5630; x_wconf 93' lang='lat' dir='ltr'><strong>de</strong></span> <span class='ocrx_word' id='word_1_791' title='bbox 2470 5573 2745 5646; x_wconf 83' lang='lat' dir='ltr'><strong>Mysteriis</strong></span> <span class='ocrx_word' id='word_1_792' title='bbox 2774 5592 2897 5646; x_wconf 89' lang='lat' dir='ltr'><strong>cap.</strong></span> <span class='ocrx_word' id='word_1_793' title='bbox 2924 5579 2975 5630; x_wconf 91' lang='lat'><strong>6.</strong></span> 
     </span>
    </p>
   </div>
   <div class='ocr_carea' id='block_1_117' title="bbox 2223 5645 3540 5722">
    <p class='ocr_par' dir='ltr' id='par_1_117' title="bbox 2223 5645 3540 5722">
     <span class='ocr_line' id='line_1_118' title="bbox 2223 5645 3540 5722; baseline 0.005 -23"><span class='ocrx_word' id='word_1_794' title='bbox 2223 5645 2248 5722; x_wconf 76' lang='lat'><strong>_‘</strong></span> <span class='ocrx_word' id='word_1_795' title='bbox 2279 5647 2338 5722; x_wconf 70' lang='lat' dir='ltr'><strong>In</strong></span> <span class='ocrx_word' id='word_1_796' title='bbox 2367 5645 2678 5722; x_wconf 76' lang='lat' dir='ltr'><strong>exemplari</strong></span> <span class='ocrx_word' id='word_1_797' title='bbox 2695 5645 3028 5722; x_wconf 80' lang='lat' dir='ltr'><strong>constanter</strong></span> <span class='ocrx_word' id='word_1_798' title='bbox 3056 5647 3330 5722; x_wconf 82' lang='lat' dir='ltr'><strong>scriptum</strong></span> <span class='ocrx_word' id='word_1_799' title='bbox 3353 5652 3540 5707; x_wconf 81' lang='lat' dir='ltr'><strong>Ienteo.</strong></span> 
     </span>
    </p>
   </div>
   <div class='ocr_carea' id='block_1_118' title="bbox 2150 5714 3796 5844">
    <p class='ocr_par' dir='ltr' id='par_1_118' title="bbox 2150 5714 3796 5844">
     <span class='ocr_line' id='line_1_119' title="bbox 2150 5714 3796 5844; baseline 0.005 -76"><span class='ocrx_word' id='word_1_800' title='bbox 2150 5714 2381 5844; x_wconf 40' lang='lat' dir='ltr'><strong>palla:</strong></span> <span class='ocrx_word' id='word_1_801' title='bbox 2406 5714 2680 5774; x_wconf 81' lang='lat' dir='ltr'><strong>lectiones</strong></span> <span class='ocrx_word' id='word_1_802' title='bbox 2699 5721 2832 5774; x_wconf 89' lang='lat' dir='ltr'><strong>sunt</strong></span> <span class='ocrx_word' id='word_1_803' title='bbox 2854 5735 2959 5791; x_wconf 92' lang='lat' dir='ltr'><strong>pro</strong></span> <span class='ocrx_word' id='word_1_804' title='bbox 2992 5714 3461 5794; x_wconf 43' lang='lat' dir='ltr'><strong>missa‘sequente</strong></span> <span class='ocrx_word' id='word_1_805' title='bbox 3489 5722 3561 5779; x_wconf 91' lang='lat' dir='ltr'><strong>de</strong></span> <span class='ocrx_word' id='word_1_806' title='bbox 3582 5720 3796 5794; x_wconf 84' lang='lat' dir='ltr'><strong>Vigilia</strong></span> 
     </span>
    </p>
   </div>
  </div>
