4036 6188
217 309 305 366 505
679 303 1294 362 SACRAMENTARIUM
1331 305 1779 363 GALLICANUM.
1817 335 1886 348 -—
1926 273 2292 366 DECTIONES
2326 310 2419 366 DE
2453 311 2766 368 ADVENTU
2808 313 3056 369 DOMINI.

617 426 777 469 MISSA
813 423 982 469 PRIHA
1019 429 1107 469 DIE
1145 427 1380 470 PASCHE.

365 502 536 556 Lectio
553 503 859 567 Apocalysis
885 503 1049 554 sancti
1069 504 1320 556 Johannis
1345 502 1578 568 Apostoli
1595 503 1642 554 '.

265 585 550 643 Revelatio
573 586 708 642 Iesu
725 584 932 641 Christi
951 601 1128 657 quam
1151 585 1311 640 dedit
1340 585 1422 641 illi
1449 585 1598 640 Deus
1622 585 1818 658 palam

201 685 376 740 facere
402 681 577 736 servis
605 681 738 748 suis,
773 696 902 752 quae
935 683 1164 752 oportet
1192 679 1314 734 fieri
1345 679 1479 748 cito,
1509 683 1569 734 et
1595 679 1812 751 signifi-

202 777 336 834 cavit
359 775 593 830 mittens
617 790 722 846 per
743 775 1019 845 angelum
1047 790 1213 828 suum
1239 790 1402 829 servo
1430 773 1814 841 squohanni,

201 871 288 945 qui
299 868 696 926 testimonium
709 867 1002 940 perhibuit
1019 867 1194 923 verbo
1207 868 1328 935 Dei,
1345 871 1400 922 et
1416 868 1816 923 testimonium

197 968 314 1022 Iesu
337 963 544 1020 Christi
563 979 941 1036 quaecumque
969 961 1128 1017 vidit.
1171 963 1378 1018 Beatus
1417 961 1516 1034 qui
1551 961 1710 1033 legit,
1761 965 1819 1016 et

198 1059 287 1133 qui
309 1059 472 1114 audit
496 1057 669 1112 verba
691 1057 1030 1128 prophetiae,
1063 1060 1122 1110 et
1157 1058 1344 1110 serv’at
1370 1071 1439 1110 ea
1477 1072 1612 1128 quae
1651 1055 1712 1110 in
1746 1072 1816 1110 ea

197 1154 392 1225 scripta
423 1156 576 1206 sunt.
602 1153 854 1223 Tempus
883 1151 1042 1206 enim
1068 1166 1250 1222 prope
1283 1153 1386 1204 est.
1412 1149 1705 1205 Iohannes
1731 1167 1816 1204 se-

196 1251 343 1321 ptem
363 1245 630 1301 Ecclesiis
651 1261 780 1318 quae
791 1245 996 1300 suntin
1024 1243 1158 1298 Asia
1186 1261 1200 1298 :
1235 1241 1423 1315 gratia
1449 1242 1605 1298 vobis
1635 1247 1692 1298 et
1707 1261 1815 1316 pax

197 1357 224 1399 a
247 1342 362 1397 Deo
383 1340 483 1412 qui
509 1343 617 1402 est,
639 1343 699 1394 et
723 1339 822 1410 qui
850 1341 973 1392 erat
995 1341 1054 1392 et
1065 1337 1164 1409 qui
1175 1339 1448 1392 venturus
1475 1339 1579 1404 est,
1611 1339 1714 1392 eta
1734 1355 1816 1393 se-

195 1440 339 1510 ptem
368 1433 682 1507 spiritibus,
698 1433 797 1506 qui
817 1431 876 1487 in
892 1435 1204 1503 conspectu
1220 1429 1553 1502 throniejus
1581 1434 1734 1499 sunt,
1757 1436 1816 1487 et

195 1531 369 1585 alesu
398 1527 648 1595 Christo,
679 1527 778 1599 qui
819 1529 905 1581 est
947 1525 1109 1580 testis
1148 1524 1353 1594 ﬁdelis,
1393 1525 1815 1598 primogenitus

196 1625 570 1692 mortuorum,
605 1624 662 1676 et
689 1620 957 1694 princeps
1000 1636 1208 1691 regum
1240 1621 1429 1688 terrae,
1475 1619 1571 1691 qui
1617 1619 1816 1674 dilexit

197 1733 305 1785 nos,
327 1720 385 1771 et
409 1715 554 1770 lavit
581 1731 686 1770 nos
707 1731 740 1770 a
760 1713 1012 1786 peccatis
1041 1712 1250 1769 nostris
1281 1713 1341 1768 in
1371 1713 1654 1785 sanguine
1687 1731 1809 1782 suo,

3452 317 3552 374 506

1839 428 1900 502 Α
1920 418 2144 474 hannes
2174 418 2413 492 quidem
2443 419 2754 492 baptizavit
2789 437 2960 493 aqua,
2992 437 3094 477 vos
3125 425 3320 480 autem
3361 421 3548 497 bapti-

1917 513 2188 568 zabimini
2242 514 2459 586 Spiritu
2498 518 2697 570 sancto
2733 531 2850 570 non
2877 519 3006 587 post
3029 518 3241 574 multos
3270 518 3376 574 hos
3405 518 3546 576 dies.

1916 607 2097 678 Igitur
2113 607 2210 680 qui
2223 613 2637 678 convenerant,
2653 609 3089 682 interrogabant
3103 627 3256 680 eum,
3271 612 3546 670 dicentes:

1917 701 2182 771 Domine,
2213 703 2257 757 si
2272 703 2330 757 in
2351 707 2619 776 tempore
2647 704 2755 760 hoc
2772 705 3040 760 restitues
3059 722 3303 778 regnum
3332 707 3548 764 Israel?

1917 795 2067 850 Dixit
2109 798 2306 851 autem
2348 797 2469 852 eis:
2513 799 2636 852 Non
2675 801 2761 852 est
2797 803 3050 854 vestrum
3088 816 3254 855 nosse
3284 804 3550 873 tempora

1917 891 2000 944 vel
2030 894 2331 946 momenta
2375 907 2502 962 quae
2539 892 2709 946 Pater
2744 893 2938 964 posuit
2975 894 3036 948 in
3075 911 3176 949 sua
3215 898 3497 966 potestate
3533 913 3546 952 :

1917 984 2018 1039 sed
2057 985 2348 1056 accipietis
2376 984 2647 1040 virtutem
2683 987 3187 1058 supervenientem
3234 988 3294 1044 in
3334 1006 3451 1056 vos,
3491 993 3552 1046 et

1917 1077 2076 1132 eritis
2103 1079 2243 1134 mihi
2272 1082 2447 1134 testes
2475 1078 2535 1134 in
2561 1079 2939 1150 Hierusalem,
2973 1085 3032 1136 et
3059 1083 3220 1138 omni
3238 1083 3456 1152 Iudaea,
3491 1088 3550 1139 et

1916 1172 2196 1240 Samaria,
2227 1177 2282 1228 et
2304 1190 2485 1245 usque
2517 1173 2591 1228 ad
2615 1173 2880 1230 ultimum
2911 1179 3098 1232 terrae.

2102 1266 2276 1316 Lectio
2301 1267 2466 1317 sancti
2487 1267 2760 1332 Evangelii
2785 1269 3076 1319 secundum
3107 1271 3294 1320 Lucam
3314 1296 3354 1326 ο.

1985 1343 2268 1414 Tempore
2303 1343 2422 1411 illo,
2458 1360 2572 1398 una
2602 1343 2844 1412 sabbati,
2877 1345 3045 1400 valde
3070 1345 3340 1414 diluculo,
3381 1363 3550 1406 vene-

1915 1440 2050 1492 runt
2077 1437 2150 1492 ad
2184 1441 2652 1506 monumentum,
2703 1441 3001 1510 portantes
3043 1456 3174 1512 quas
3204 1447 3550 1512 paraverant

1915 1533 2206 1587 aromata:
2224 1534 2282 1586 et
2299 1531 2647 1586 invenerunt
2665 1531 2922 1604 lapidem
2941 1535 3263 1590 revolutum
3279 1553 3313 1591 a
3339 1553 3549 1592 monu-

1912 1628 2111 1680 mento
2135 1642 2148 1692 ;
2176 1628 2234 1680 et
2259 1625 2535 1696 ingressae
2563 1643 2680 1682 non
2703 1626 3050 1684 invenerunt
3074 1645 3280 1702 corpus
3318 1629 3550 1686 Domini

1911 1721 2062 1775 Jesu.
2096 1719 2164 1774 Et
2188 1719 2406 1774 factum
2438 1723 2524 1774 est
2551 1720 2690 1775 dum
2719 1725 2916 1776 mente
2944 1726 3328 1780 consternata:
3358 1727 3551 1780 essent

197 1815 244 1866 et
259 1811 667 1866 fecitnostrum
681 1824 932 1880 regnum
949 1808 1278 1864 sacerdotes
1297 1807 1416 1864 Deo
1433 1806 1662 1862 etPatri
1681 1823 1810 1862 suo:
1833 1801 1890 1875 B
1915 1813 1988 1868 de
2018 1813 2147 1881 isto,
2177 1829 2307 1868 ecce
2330 1813 2444 1868 duo
2471 1813 2575 1868 viri
2608 1817 2893 1870 steterunt
2923 1816 3086 1888 juxta
3127 1816 3252 1873 illas
3297 1819 3358 1874 in
3391 1822 3550 1875 veste

196 1905 286 1977 ipsi
313 1904 500 1976 gloria
532 1906 590 1958 et
616 1902 928 1974 imperium
957 1901 1017 1957 in
1044 1903 1253 1957 saecula
1279 1903 1642 1958 saeculorum.
1675 1902 1814 1957 Ecce

195 1999 368 2055 veniet
391 1998 456 2052 in
489 1997 761 2065 nubibus,
790 1999 847 2052 et
871 1996 1090 2052 videbit
1112 2013 1248 2051 eum
1277 1995 1468 2052 omnis
1501 1997 1718 2063 oculus,
1759 1999 1818 2050 et

197 2093 280 2166 qui
299 2108 430 2148 eum
455 2094 859 2163 pupugerunt:
892 2093 951 2145 et
964 2091 1245 2163 plangent
1269 2106 1441 2162 super
1456 2106 1592 2145 eum
1613 2105 1816 2146 omnes

196 2186 356 2243 tribus
381 2191 580 2252 terrae,
614 2184 790 2240 etiam
817 2200 1012 2240 amen.
1042 2185 1164 2256 Ego
1193 2202 1319 2240 sum
1345 2185 1476 2240 Alta
1503 2183 1811 2256 etOmega,

195 2280 524 2354 principium
549 2281 610 2334 et
637 2278 786 2346 linis,
827 2277 966 2334 dicit
999 2278 1276 2334 Dominus
1314 2278 1414 2351 qui
1463 2279 1567 2346 est,
1613 2281 1672 2332 et
1715 2277 1814 2348 qui

196 2379 320 2443 erat,
346 2378 404 2430 et
429 2373 534 2448 qui
556 2377 830 2429 venturus
856 2375 942 2428 est
971 2373 1494 2444 omnipotens.Ego
1522 2371 1815 2427 Johannes

194 2469 350 2525 frater
373 2473 570 2524 vester
595 2471 653 2522 et
677 2467 963 2540 particeps
983 2465 1043 2520 in
1067 2465 1437 2521 tribulatione
1453 2469 1511 2520 et
1537 2481 1718 2536 regno
1758 2468 1816 2520 et

197 2563 451 2634 patientia
467 2564 634 2628 Iesu;
657 2562 744 2616 fui
769 2561 828 2616 in
851 2561 1038 2615 insula
1051 2577 1176 2631 quae
1195 2559 1518 2632 appellatur
1539 2560 1815 2615 Pathmos

199 2661 410 2729 pr0pter
429 2657 675 2711 verbum
693 2654 793 2711 Dei
821 2658 879 2710 et
905 2653 1302 2710 testimonium
1322 2655 1485 2720 Iesu;
1519 2652 1600 2707 fui
1619 2652 1678 2707 in
1699 2652 1811 2724 spi-

199 2751 293 2806 ritu
317 2751 373 2805 in
396 2749 706 2806 Dominico
734 2749 849 2816 die,
879 2751 937 2803 et
959 2746 1147 2803 audivi
1173 2750 1303 2818 post
1325 2763 1418 2800 me
1445 2763 1644 2802 vocem
1664 2745 1814 2818 Agni
1850 2827 1854 2830 i

197 2847 476 2918 tamquam
490 2844 645 2898 tubae
667 2843 911 2897 dicentis
935 2858 948 2897 :
984 2841 1146 2906 Quod
1165 2840 1324 2896 vides
1345 2839 1548 2910 scribe,
1571 2844 1630 2895 et
1649 2839 1812 2895 mitte

198 2943 396 3012 septem
421 2937 700 3005 ecclesiis,
733 2937 794 2992 id
811 2940 898 2992 est
917 2937 1226 3008 Ephesum,
1257 2935 1568 3003 Zmirnam,
1591 2938 1648 2990 et
1677 2935 1810 2990 Per-

199 3049 432 3105 gamum,
469 3036 532 3087 et
553 3031 863 3098 Tiathirise,
893 3033 949 3084 et
966 3029 1180 3096 Sardis,
1197 3033 1256 3083 et
1272 3029 1574 3097 Fiadelfiaa,
1590 3030 1648 3083 et
1668 3029 1809 3084 Lau-

1912 1906 2177 1978 fulgenti.
2202 1907 2345 1964 Cum
2362 1906 2641 1963 timerent
2652 1911 2867 1976 autem,
2883 1912 2941 1964 et
2957 1909 3312 1967 declinarent
3331 1913 3550 1969 vultum

1913 2001 1973 2056 in
2004 2005 2178 2069 terra,
2209 2001 2476 2056 dixerunt
2493 2001 2570 2056 ad
2595 2001 2722 2057 illas
2749 2020 2763 2058 :
2788 2002 2938 2067 Quid
2969 2003 3222 2074 quaeritis
3258 2005 3548 2063 viventem

1913 2112 2046 2151 cum
2068 2095 2311 2152 mortuis
2335 2095 2362 2150 ?
2395 2096 2521 2150 Non
2561 2099 2648 2150 est
2684 2096 2796 2164 hic,
2835 2097 2938 2151 sed
2967 2097 3229 2153 surrexit.
3269 2099 3550 2156 Recorda-

1915 2189 2060 2244 mini
2085 2189 2331 2260 qualiter
2357 2189 2581 2244 locutus
2607 2193 2694 2244 est
2715 2189 2894 2257 vobis,
2926 2205 3058 2245 cum
3086 2191 3276 2248 adhuc
3304 2191 3366 2247 in
3396 2192 3548 2250 Gali-

1914 2283 2022 2337 laea
2050 2285 2218 2350 esset,
2248 2282 2465 2346 dicens,
2497 2283 2632 2354 quia
2653 2287 2882 2354 oportet
2908 2283 3093 2340 tilium
3119 2286 3372 2343 hominis
3396 2287 3548 2344 tradi

1914 2375 1974 2430 in
2000 2393 2210 2430 manus
2239 2376 2544 2432 hominum
2563 2380 2954 2448 peccatorum,
2969 2382 3028 2434 et
3050 2380 3325 2452 cruciﬁgi,
3357 2384 3415 2437 et
3438 2383 3550 2437 ter-

1915 2469 1995 2524 tia
2021 2469 2113 2524 die
2131 2486 2452 2540 resurgere.
2476 2471 2546 2525 Et
2561 2471 2880 2527 recordata:
2900 2475 3034 2526 sunt
3061 2474 3370 2530 verborum
3401 2475 3550 2547 ejus,

1915 2566 1973 2618 et
2013 2579 2258 2634 egressae
2289 2567 2423 2618 sunt
2457 2580 2490 2619 a
2520 2563 2927 2635 monuménto,
2970 2567 3388 2623 nunciaverunt
3423 2569 3547 2632 haec

1915 2655 2114 2710 omnia
2133 2655 2242 2710 illis
2265 2657 2539 2712 undecim
2569 2660 2626 2714 et
2646 2659 2848 2714 ceteris
2875 2660 3162 2716 omnibus.
3195 2662 3344 2717 Eur
3366 2679 3546 2720 mrsu

1911 2749 2086 2805 Maria
2109 2749 2466 2820 Magdalene,
2501 2755 2559 2806 et
2597 2753 2883 2821 Johanna,
2924 2757 2984 2807 et
3017 2754 3193 2809 Maria
3233 2755 3447 2824 Jacobi,
3489 2759 3549 2810 et

1914 2847 2137 2910 ceterae,
2173 2859 2300 2915 qum
2330 2861 2461 2898 cum
2493 2845 2576 2899 eis
2601 2849 2786 2914 erant,
2815 2863 2944 2918 quae
2973 2846 3244 2902 dicebant
3287 2848 3361 2903 ad
3401 2851 3549 2921 Apo-

1915 2938 2090 2992 stolos
2120 2937 2276 3005 hmc;
2309 2941 2368 2992 et
2390 2938 2511 2994 visa
2541 2942 2675 2994 sunt
2704 2943 2839 2995 ante
2861 2939 2990 2996 illos
3019 2941 3163 2996 sicut
3191 2941 3542 3000 deliramen-

1914 3035 2041 3086 tum
2075 3031 2250 3087 verba
2279 3032 2424 3100 ista;
2459 3037 2516 3088 et
2544 3049 2660 3089 non
2691 3034 3007 3090 credebant
3041 3035 3170 3090 illis.
3203 3037 3405 3092 Petrus
3443 3054 3543 3093 au-

198 3126 359 3181 dicise.
383 3127 452 3181 Et
481 3125 740 3180 converti
759 3141 855 3179 me
877 3127 938 3178 ut
952 3123 1211 3178 viderem
1223 3139 1424 3178 vocem
1437 3139 1565 3195 quas
1581 3138 1813 3178 mecum
1836 3177 1885 3202 η
1913 3129 2032 3180 tem
2061 3142 2302 3196 surgens
2326 3126 2575 3182 cucurrit
2597 3127 2673 3182 ad
2697 3132 3166 3197 monumentum,
3200 3133 3258 3185 et
3281 3147 3546 3202 procum-

205 3177 358 3181 ψη--
383 3177 449 3181 __
490 3177 613 3180 __-_.
990 3177 1133 3178 7
1272 3177 1281 3178 7
1344 3177 1347 3178 7
1394 3177 1421 3178 77
1452 3177 1509 3195 ιη
1550 3177 1553 3178 7
1696 3177 1701 3178 7
2331 3177 2573 3182 -η-------
2601 3177 2673 3182 π-
2697 3177 3166 3197 __-----------_---,
3203 3177 3257 3185 ν-
3281 3177 3522 3202 την-κ-

196 3219 542 3292 loquebatur.
557 3217 997 3274 Conversusvidi
1013 3221 1236 3288 septem
1251 3217 1599 3271 candelabra
1614 3233 1810 3284 aurea,
1833 3177 1888 3252 Ο
1912 3220 2055 3274 bens
2079 3219 2578 3277 viditlinteamina
2593 3222 2800 3294 posita,
2830 3227 2889 3278 et
2913 3223 3072 3292 abiit,
3101 3235 3296 3280 secum
3323 3225 3544 3282 mirans

197 3317 247 3367 et
266 3313 319 3368 in
345 3313 546 3368 medio
575 3311 1055 3368 candelabrorum
1085 3309 1340 3364 similem
1375 3309 1512 3364 Filio
1535 3309 1810 3378 hominis,

199 3407 441 3463 vestitum
485 3405 742 3461 tunicam
778 3406 1042 3474 talarem,
1092 3408 1150 3460 et
1185 3403 1524 3476 praecinctus
1563 3407 1688 3458 erat
1739 3403 1814 3459 ad

201 3501 354 3556 ubera
381 3517 594 3557 zonam
619 3515 876 3555 auream.
907 3489 1311 3570 Caput'autem
1357 3497 1480 3568 ejus
1519 3499 1577 3552 et
1623 3497 1812 3569 capilli

200 3594 296 3650 albi
329 3600 633 3666 tamquam
667 3593 781 3661 nix,
823 3597 882 3647 et
921 3592 1064 3648 oculi
1107 3591 1230 3663 ejus
1263 3594 1326 3646 ut
1349 3591 1591 3646 ﬂamma
1615 3590 1766 3663 ignis
1794 3608 1809 3647 :

196 3689 354 3760 pedes
379 3690 509 3762 ejus
539 3689 682 3744 sicut
706 3686 953 3742 uricalco
983 3685 1197 3753 turino,
1219 3685 1474 3757 projecto
1493 3685 1562 3740 de
1581 3684 1810 3741 camino

197 3781 348 3854 ignis.
373 3785 497 3839 Vox
519 3782 644 3854 ejus
660 3781 804 3836 sicut
815 3797 920 3836 vox
939 3795 1223 3851 aquarum
1255 3779 1590 3846 multarum,
1620 3782 1680 3833 et
1707 3779 1809 3834 ha-

197 3874 351 3932 bebat
377 3877 435 3932 in
472 3876 706 3931 dextera
734 3891 911 3930 manu
939 3873 1118 3929 stillas
1137 3875 1380 3944 septem,
1400 3875 1458 3927 et
1478 3871 1549 3927 de
1568 3888 1668 3928 ore
1689 3872 1812 3943 ejus

198 3969 401 4040 gladius
427 3987 498 4024 ex
529 3971 773 4040 utraque
790 3970 953 4040 parte
972 3970 1170 4024 acutus
1191 3967 1541 4038 procedens;
1565 3969 1623 4021 et
1637 3965 1812 4021 facies

198 4063 305 4134 ejus
327 4065 478 4120 sicut
504 4065 588 4118 sol
612 4065 764 4118 lucet
790 4063 850 4118 in
877 4061 1086 4116 virtute
1117 4064 1237 4117 su‘a.
1265 4062 1333 4115 Et
1361 4064 1423 4115 ut
1468 4060 1582 4116 vidi
1625 4060 1808 4130 illum,

197 4159 357 4214 cecidi
386 4159 467 4216 ad
496 4157 672 4229 pedes
684 4157 806 4228 ejus
824 4160 1124 4228 tamquam
1149 4157 1430 4224 mortuus,
1446 4158 1505 4210 et
1517 4155 1708 4227 posuit
1726 4171 1812 4210 su-

198 4267 287 4321 per
297 4269 384 4308 me
402 4269 650 4308 manum
671 4267 835 4306 suam
858 4251 1157 4305 dexteram
1182 4249 1378 4304 dicens
1405 4266 1418 4304 :
1443 4249 1569 4304 Noli
1584 4249 1810 4317 timere,

199 4359 292 4416 ego
320 4363 447 4402 sum
478 4345 699 4417 primus
725 4347 783 4399 et
823 4342 1182 4411 novissimus,
1225 4359 1334 4414 ego
1379 4358 1507 4397 sum
1550 4341 1650 4414 qui
1686 4341 1810 4398 vivo

198 4454 428 4511 semper,
467 4439 563 4512 qui
587 4439 672 4494 fui
691 4441 972 4506 mortuus,
1003 4439 1062 4491 et
1089 4453 1220 4492 ecce
1248 4435 1443 4492 vivens
1463 4452 1592 4490 sum
1625 4435 1684 4490 in
1705 4452 1808 4490 saa-

198 4532 310 4588 cula
333 4534 698 4601 smculorum,
732 4548 925 4588 amen.

555 4621 730 4672 Lectio
753 4622 978 4672 Actuum
1009 4618 1363 4686 apostolorum
1384 4618 1431 4666 b.

258 4696 511 4752 Primum
557 4695 795 4768 quidem
835 4709 1167 4750 sermonem
1208 4693 1317 4748 feci
1355 4692 1426 4748 de
1455 4691 1742 4760 omnibus,
1778 4709 1812 4747 ο

196 4788 450 4860 Theoﬁle,
486 4807 614 4862 quae
627 4788 797 4860 coepit
829 4790 991 4844 Iesus
1015 4787 1204 4843 facere
1233 4791 1292 4842 et
1314 4786 1521 4842 docere
1544 4802 1725 4858 usque
1750 4785 1811 4841 in

195 4881 350 4951 diem,
391 4899 508 4956 qua
539 4881 879 4956 prmcipiens
910 4881 1184 4954 apostolis
1227 4897 1332 4952 per
1366 4879 1643 4952 Spiritum
1678 4897 1808 4935 san-

195 4979 357 5044 ctum,
389 4994 535 5050 quos
555 4976 751 5048 elegit,
782 4976 1120 5048 adsumptus
1157 4977 1260 5028 est.
1313 4973 1529 5040 Quibus
1569 4973 1814 5046 praebuit

195 5069 430 5141 seipsum
459 5071 648 5126 vivum
661 5073 791 5143 post
814 5069 1142 5142 passionem
1163 5084 1328 5123 suam
1349 5067 1408 5122 in
1428 5068 1626 5123 multis
1637 5084 1810 5140 argu-

195 5164 410 5233 mentis,
427 5182 530 5237 per
541 5165 665 5220 dies
676 5163 1060 5236 quadraginta
1073 5179 1359 5235 apparens
1376 5161 1476 5229 eis,
1495 5165 1552 5216 et
1568 5163 1811 5233 loquens

197 5256 257 5311 de
284 5275 464 5330 regno
490 5258 611 5314 Dei.
633 5259 701 5314 Et
729 5273 1075 5313 convescens
1103 5255 1378 5329 praecepit
1405 5255 1489 5310 eis
1510 5255 1581 5311 ab
1619 5253 1813 5309 Hieru-

196 5351 419 5423 solymis
442 5370 515 5408 ne
547 5352 928 5420 discederent,
958 5350 1059 5406 sed
1085 5352 1453 5423 expectarent
1477 5347 1808 5422 promissio-

198 5461 318 5500 nem
347 5447 548 5515 Patris,
581 5462 756 5518 quam
783 5445 1018 5502 audistis
1049 5461 1154 5518 per
1181 5461 1245 5501 os
1267 5461 1466 5499 meum
1499 5460 1512 5498 :
1545 5442 1682 5514 quia
1715 5443 1808 5497 Jo-

257 5583 280 5613 ¹
321 5581 420 5652 Hae
458 5581 755 5637 Lectiones
797 5580 937 5636 item
980 5596 1084 5652 pro
1122 5579 1297 5652 missa
1336 5580 1632 5652 sequente.
1664 5577 1810 5634 Nam

197 5651 480 5725 Lectiones
499 5670 566 5708 ex
594 5652 938 5725 Apocalypsi
965 5650 1024 5708 et
1056 5669 1123 5708 ex
1143 5651 1298 5708 Actis
1331 5650 1736 5722 Apostolorum
1777 5667 1811 5706 a

201 5721 283 5796 die
307 5723 533 5780 Pascha:
561 5721 934 5796 incipiebant.

260 5792 763 5877 beatissimus"!!!
789 5811 1056 5877 ξθιῑωίῑιμθ
1081 5795 1116 5850 ά
1145 5793 1517 5877 ἀεξ.ιῖξεειιείθ
1537 5809 1560 5876 ,τ
1593 5813 1622 5864 εί
1645 5792 1810 5877 Medo

202 5863 389 5940 incipit
403 5861 550 5928 liber
574 5861 682 5927 iste
701 5867 846 5942 legi;
874 5865 1048 5926 hodie
1075 5864 1244 5940 coepit
1261 5863 1428 5940 liber,
1453 5863 1553 5940 qui
1577 5861 1811 5924 vocatur

1831 4555 1891 4627 D

1915 3313 2069 3385 quod
2103 3313 2318 3368 factum
2346 3315 2554 3370 fuerat.

2521 3413 2721 3454 INCIPIT
2759 3415 2938 3456 MISSA.

1983 3479 2162 3531 Deum
2183 3493 2248 3532 ac
2264 3477 2579 3533 Dominum
2606 3483 2868 3534 nostrum
2892 3483 2920 3536 J
2925 3497 3087 3536 esum
3105 3481 3410 3549 Christum,
3433 3483 3546 3538 fra-

1912 3575 2030 3625 tres
2072 3570 2369 3640 carissimi,
2413 3571 2747 3643 suppliciter
2771 3590 3094 3642 exoremus,
3125 3575 3220 3647 qui
3249 3575 3420 3632 tertia
3450 3575 3544 3632 die

1913 3663 2051 3719 dum
2079 3664 2389 3719 resurrexit
2403 3681 2439 3720 a
2457 3665 2724 3734 mortuis,
2738 3667 3053 3724 multorum
3073 3672 3404 3724 sanctorum
3424 3687 3544 3726 cor-

1912 3774 2055 3830 pora
2083 3757 2372 3814 suscitavit
2397 3759 2470 3814 de
2494 3760 2756 3830 sepulcro
2791 3777 2805 3816 :
2839 3778 3014 3834 quem
3052 3779 3185 3819 cum
3213 3762 3388 3820 Maria
3418 3764 3544 3836 plo-

1912 3869 2047 3907 rans
2076 3856 2360 3924 quaareret
2381 3853 2454 3907 ad
2483 3858 2956 3924 monumentum,
2981 3856 3252 3913 diciturei
3278 3857 3350 3912 ab
3371 3874 3544 3931 ange-

1912 3945 2000 4014 lis,
2028 3945 2184 4018 quod
2206 3946 2331 4018 jam
2359 3948 2696 4003 surrexisset
2717 3966 2752 4004 a
2769 3951 3032 4006 mortuis.
3055 3951 3357 4007 Fundebat
3369 3951 3544 4008 Maria

1910 4055 2016 4110 pro
2046 4039 2254 4095 affectu
2279 4039 2526 4097 ﬂumina
2543 4041 2912 4099 lacrimarum
2935 4061 2949 4112 ;
2977 4061 3048 4100 eo
3069 4045 3226 4117 quod
3247 4061 3364 4101 non
3383 4044 3540 4102 inve-

1911 4133 2089 4188 nisset
2112 4133 2173 4188 in
2205 4138 2586 4190 monumento
2611 4135 2938 4192 Dominum.
2967 4138 3284 4209 Plangebat
3297 4137 3356 4192 in
3374 4137 3542 4194 horto

1913 4227 2220 4282 dominicae
2251 4227 2719 4298 resurrectionis;
2752 4230 2972 4285 invenit
2997 4231 3321 4302 sepulcrum
3337 4233 3540 4302 paten-

1911 4324 2053 4388 tem,
2077 4323 2136 4374 et
2155 4321 2398 4392 expavit.
2423 4321 2540 4376 Illic
2561 4321 2720 4377 enim
2739 4323 2990 4378 excubiae
3009 4323 3352 4394 angelorum
3371 4339 3545 4394 super

1911 4413 2165 4486 lapidem
2175 4415 2500 4470 revolutum
2513 4415 2826 4470 cantabant
2837 4415 2908 4470 de
2929 4415 3346 4471 resurrectione
3364 4416 3544 4472 domi-

1913 4507 2043 4562 nica
2067 4507 2350 4578 hymnum
2377 4523 2612 4574 novum,
2639 4509 2917 4578 praeclara
2959 4507 3112 4580 legio
3152 4509 3493 4580 angelorum
3524 4527 3540 4568 :

1913 4600 2010 4655 illa
2035 4599 2319 4656 fundebat
2353 4599 2661 4672 [lacrimas]
2693 4603 2828 4656 ante
2871 4602 3216 4674 sepulcrum.
3244 4602 3462 4660 Dicitur
3489 4604 3545 4661 ei

1913 4694 1986 4748 ab
2013 4683 2235 4766 angelis
2261 4693 2417 4765 quod
2441 4693 2566 4765 jam
2589 4695 2992 4751 resurrexisset
3025 4713 3060 4752 a
3094 4697 3354 4753 mortuis.
3395 4699 3543 4754 Dum

1911 4786 2021 4843 ista
2045 4787 2224 4855 audit,
2255 4787 2503 4842 efficitur
2531 4804 2707 4859 quem
2735 4789 3032 4861 quaerebat
3075 4807 3280 4863 corpus
3315 4791 3544 4847 Domini

1913 4881 2239 4937 Salvatoris.
2269 4881 2568 4937 Clamabat
2585 4881 2708 4953 jam
2737 4884 2997 4955 gaudens
3031 4901 3044 4940 :
3074 4885 3154 4940 Tu
3179 4901 3239 4939 es
3266 4885 3544 4941 Dominus

1911 4991 2094 5042 meus,
2112 4973 2209 5046 qui
2242 4974 2300 5028 in
2320 4975 2480 5047 ligno
2495 4977 2915 5048 pependisti,et
2933 4979 2992 5032 in
3019 4979 3278 5048 sepulcro
3291 4995 3396 5049 pro
3419 4981 3542 5036 toto

1913 5068 2132 5124 mundo
2147 5067 2396 5140 jacuisti.
2432 5069 2559 5126 Noli
2585 5071 2728 5126 mihi
2757 5069 3091 5142 indignari:
3137 5071 3244 5126 etsi
3285 5072 3543 5130 hortula-

1913 5179 2052 5217 num
2081 5163 2296 5234 putavi,
2319 5166 2519 5219 tamen
2541 5164 2638 5220 Dei
2667 5163 2870 5218 Filium
2901 5180 3021 5220 non
3048 5163 3274 5236 negavi.
3306 5166 3544 5224 Plorans

1910 5256 2128 5328 ploravi
2154 5257 2228 5312 ad
2253 5261 2310 5312 te
2342 5261 2476 5312 ante
2505 5258 2852 5329 sepulcrum,
2885 5260 2944 5312 et
2967 5257 3047 5313 ibi
3088 5257 3206 5314 vidi
3249 5259 3544 5316 sudarium

1911 5352 2096 5405 vultus
2117 5351 2202 5406 tui
2232 5351 2335 5422 [in]
2358 5351 2624 5405 salutem.
2649 5351 2957 5423 Sepultura
2973 5351 3132 5407 enim
3150 5369 3266 5408 non
3289 5354 3400 5409 tuis
3419 5370 3540 5408 me-

1911 5444 2053 5513 ritis,
2083 5445 2182 5500 sed
2223 5444 2433 5498 nostris
2469 5445 2718 5516 peccatis
2754 5445 3140 5518 [debebatur,]
3179 5447 3330 5504 unde
3369 5446 3543 5503 Maria

1910 5579 2082 5634 Actus
2103 5579 2492 5648 apostolorum.
2523 5601 2551 5628 »

1981 5663 2004 5690 ο
2021 5647 2198 5733 .ldejn
2230 5649 2606 5733 Evangelium
2637 5651 2711 5733 ad
2739 5651 2976 5733 missam
2995 5651 3225 5733 Pascha:
3237 5647 3540 5733 in'lfectio-

1913 5719 2075 5776 nario
2123 5719 2479 5792 Luxoviensi,
2527 5723 2606 5780 ita
2657 5722 2986 5796 incipiens:
3039 5722 3236 5777 Diebus
3273 5719 3387 5774 illis
3431 5734 3547 5776 una

1912 5788 2158 5858 Sabbati,
2193 5795 2298 5849 etc.
