3982 6190
425 337 525 392 507

1297 335 1630 392 APPENDIX
1663 333 1754 391 AD
1789 333 2012 393 OPERA
2047 335 2101 393 S.
2141 335 2440 394 GERMANI
2477 335 2905 394 PARISIENSIS.

3683 339 3792 398 608

431 445 690 517 tergeret
719 443 910 500 oculos
938 441 1140 498 luctus.
1171 441 1286 499 Sub
1309 441 1450 498 illud
1483 443 1638 498 enim
1665 442 2055 512 sudarium,id
2077 457 2134 531 Α
2154 445 2260 502 bus
2287 461 2490 502 eorum
2516 461 2760 502 coronas
2789 461 3012 504 aureas.
3043 445 3112 502 Et
3143 445 3214 502 de
3231 445 3443 504 throno
3464 445 3792 520 procedunt

426 541 512 594 est
533 539 592 593 in
615 539 896 610 sepulcro,
925 537 1258 609 reliquerat,
1281 541 1342 592 ut
1371 537 1766 594 testimonium
1786 538 2052 611 perhibe-

423 636 512 690 ret
535 633 608 688 de
633 631 1072 688 resurrectione.

1101 702 1370 752 Collectio.

495 787 662 852 Deus,
695 783 790 855 qui
817 800 918 854 per
947 783 1318 854 Unigcnitum
1351 787 1512 839 tuum
1537 783 1872 839 aeternitatis
1897 783 2060 838 nobis

425 879 644 936 aditum
669 877 888 932 devicta
911 881 1098 932 morte
1113 877 1402 944 reserasti,
1423 877 1494 933 da
1509 877 1692 946 nobis,
1709 895 2056 950 quaesumus,

423 977 484 1028 ut
515 973 613 1044 qui
646 972 793 1043 [nos]
819 971 1256 1026 resurrectionis
1285 971 1588 1026 dominicae
1617 989 1810 1026 annua
1824 973 2053 1026 sollem-

423 1065 602 1122 nitate
639 1065 912 1132 laztificas,
952 1065 1203 1120 concede
1251 1065 1550 1136 propitius,
1601 1071 1662 1122 ut
1697 1083 1801 1138 per
1834 1069 2056 1138 tempo-

423 1159 566 1214 ralia
592 1177 719 1231 quaa
747 1159 990 1230 agimus,
1024 1159 1324 1230 pervenire
1353 1159 1426 1213 ad
1447 1159 1661 1230 gaudia
1689 1163 1906 1214 (eterna
1935 1176 2056 1214 me-

427 1269 681 1310 reamur.

1055 1325 1178 1374 Post
1199 1323 1430 1374 nomina.

501 1403 880 1476 Omnipotens
917 1405 1270 1476 sempiterne
1317 1407 1486 1472 Deus,
1533 1377 1650 1476 qui.
1675 1420 1983 1476 resurgens
2030 1421 2062 1457 a

429 1499 692 1566 mortuis,
725 1498 989 1570 passione
1012 1501 1250 1566 cassata,
1271 1499 1744 1570 potentiorem'te
1771 1498 1882 1552 tuis
1903 1497 2063 1552 disci-

425 1593 575 1665 pulis
595 1591 896 1646 reddidisti
931 1609 943 1647 :
975 1591 1226 1648 concede
1255 1591 1562 1664 propicius,
1597 1595 1658 1645 ut
1693 1608 1798 1646 nos
1831 1607 2060 1662 quoque

429 1685 580 1758 apud
611 1685 966 1756 Majestatem
998 1689 1152 1740 tuam
1183 1685 1240 1739 in
1267 1687 1374 1740 hoc
1409 1685 1664 1756 paschali
1695 1684 1971 1740 sacrificio
2001 1683 2060 1738 in

425 1779 593 1836 bonis
617 1779 884 1851 operibus
924 1779 1134 1834 efﬁciat
1159 1779 1566 1852 promptiores,
1602 1783 1658 1834 et
1706 1779 1906 1850 gratias
1949 1781 2062 1832 tuae

427 1873 658 1944 pietatis
686 1873 973 1944 adquirat.

1093 1944 1168 1995 Ad
1197 1957 1401 2007 pacem.

501 2027 647 2081 Deus
675 2023 1062 2096 omnipotens,
1101 2025 1196 2096 qui
1221 2029 1278 2080 et
1303 2025 1430 2078 vitae
1461 2027 1672 2080 nostra:
1701 2027 1902 2078 auctor
1922 2039 1982 2076 es
2009 2025 2066 2076 et

429 2119 644 2184 salutis,
675 2119 880 2173 exaudi
903 2119 1226 2190 supplicum
1259 2135 1443 2184 voces,
1469 2121 1640 2189 atque
1657 2135 1754 2172 eos
1769 2133 1912 2187 quos
1933 2133 2062 2171 san-

429 2213 620 2284 guinis
639 2212 722 2266 tui
748 2212 1028 2268 effusione
1051 2212 1366 2279 redemisti,
1393 2215 1622 2282 praesta,
1642 2215 1698 2264 et
1718 2227 1824 2282 per
1841 2213 1898 2264 te
1923 2209 2068 2264 vive-

429 2323 512 2374 re,
529 2311 586 2362 et
607 2311 886 2378 perpetua
899 2306 1074 2360 facias
1089 2323 1360 2360 sensuum
1375 2304 1768 2360 incolomitate
1789 2304 2062 2374 gaudere.

1077 2403 1414 2453 Contestatio.

501 2485 644 2539 Vere
677 2483 918 2555 dignum
948 2487 1004 2538 et
1041 2485 1262 2554 justum
1293 2487 1378 2538 est
1405 2483 1771 2554 omnipotens
1803 2483 1970 2548 Deus,
2010 2485 2066 2536 te

434 2577 670 2650 quidem
689 2577 747 2632 in
773 2577 932 2633 omni
951 2581 1234 2650 tempore,
1258 2579 1358 2632 sed
1379 2578 1664 2649 praecipue
1697 2576 1812 2642 die,
1838 2592 1951 2646 quo
1969 2579 2066 2629 tua

434 2671 774 2728 resurrectio
803 2673 1142 2740 celebratur,
1157 2673 1320 2728 omni
1351 2671 1656 2726 festivitate
1673 2670 1930 2737 laudare,
1963 2669 2062 2722 be-

431 2765 698 2822 nedicere
721 2769 780 2820 et
795 2766 1130 2838 prtedicare,
1153 2783 1267 2838 quo
1293 2767 1508 2821 Pascha
1528 2768 1788 2820 nostrum
1809 2763 2070 2818 immola-

433 2863 522 2916 tus
543 2863 630 2916 est
656 2860 930 2916 Christus.
955 2862 1062 2914 Per
1083 2877 1254 2932 quem
1283 2863 1534 2932 potestas
1557 2861 1811 2914 tartarea
1839 2857 2066 2923 cecidit,

432 2953 644 3010 inferni
672 2957 804 3009 sunt
823 2955 1046 3009 vincola
1063 2956 1334 3022 resoluta,
1359 2953 1784 3026 cyrograpbum
1813 2955 1900 3006 est
1925 2949 2068 3004 anti-

435 3064 561 3118 quae
593 3048 1076 3118 praevaricationis
1093 3049 1440 3112 extinctum;
1469 3047 1698 3102 aculeus
1729 3044 1934 3099 mortis
1966 3043 2067 3098 ob-

433 3141 632 3206 tritus;
667 3157 770 3196 nos
797 3157 1026 3212 quoque
1055 3141 1126 3194 de
1169 3141 1455 3194 servitutis
1487 3141 1631 3210 jugo
1677 3137 2069 3194 damnationis

433 3235 710 3306 {Egyptiaa
737 3251 842 3306 per
871 3234 1155 3306 spiritales
1191 3251 1370 3306 aquas
1401 3233 1669 3299 educens,
1705 3231 2070 3302 triumphans

435 3327 746 3382 resurrexit
781 3327 838 3381 in
871 3327 1136 3398 gloriam,
1173 3333 1230 3380 et.
1267 3327 1592 3381 libertatem
1645 3325 1810 3380 nobis
1847 3324 2066 3380 miseri-

434 3421 643 3477 cordias
681 3438 796 3476 suae
841 3437 1084 3476 munere
1132 3421 1434 3476 redonavit
1475 3422 1636 3476 Iesus
1679 3419 1934 3474 Christus
1959 3419 2066 3472 Do-

436 3515 630 3570 minus
659 3518 874 3570 noster.
905 3517 1014 3570 Per
1039 3530 1231 3586 quem.

1005 3615 1133 3663 Item
1159 3611 1493 3664 Contestatio.

505 3697 648 3750 Vere
675 3694 918 3764 dignum
941 3697 999 3748 et
1012 3693 1232 3764 justum
1256 3697 1360 3761 est,
1383 3692 1754 3764 omnipotens
1783 3693 1948 3758 Deus,
1969 3707 2072 3762 per

434 3787 726 3844 Christum
755 3787 1058 3842 Dominum
1091 3791 1371 3841 nostrum.
1405 3788 1576 3858 Cujus
1618 3786 1898 3858 sanguine
1945 3786 2070 3839 fuso

439 3897 546 3953 pax
567 3881 626 3935 in
648 3881 784 3935 cmlo
809 3883 1076 3950 terraque
1103 3881 1332 3934 ﬁrmata
1357 3883 1460 3934 est.
1481 3881 1523 3934 Ο
1545 3897 1676 3934 vere
1707 3879 1966 3950 preciosa
1987 3881 2074 3932 est

435 3973 738 4029 conventio
765 3973 938 4044 pacis,
973 3989 1100 4044 qua:
1133 3973 1282 4028 facta
1313 3977 1398 4026 est
1430 3973 1642 4028 oblatio
1695 3973 1875 4026 sancti
1913 3989 2072 4027 cruo-

437 4069 540 4122 ris!
590 4083 706 4122 non
752 4083 912 4134 auro,
960 4083 1148 4137 neque
1197 4069 1468 4137 argento;
1517 4083 1634 4120 non
1681 4065 1928 4137 gemmis
1973 4069 2075 4120 aut

437 4161 786 4234 margaritis,
855 4160 956 4214 sed
1008 4176 1210 4214 cruore
1273 4159 1452 4214 ell'uso
1507 4161 1684 4213 latere
1739 4158 2066 4214 Salvatoris.

436 4256 682 4328 Sanguis
709 4255 924 4310 effusus
951 4253 1154 4309 caelum
1185 4253 1512 4319 lzetificavit,
1555 4255 1772 4307 terram
1821 4253 2066 4306 munda-

433 4349 531 4416 vit,
577 4350 792 4404 inferos
846 4347 1226 4404 conturbavit.
1265 4347 1544 4401 Viderunt
1581 4346 1792 4418 angeli,
1836 4361 2068 4416 accepe-

435 4447 570 4499 runt
615 4443 874 4499 laetitiam
911 4459 924 4496 :
967 4441 1236 4496 viderunt
1287 4440 1574 4510 homines,
1627 4445 1686 4495 et
1723 4441 1846 4494 luce
1893 4438 2072 4511 gavisi

439 4541 572 4592 sunt
601 4555 834 4610 magna.
863 4538 974 4592 Per
1001 4553 1058 4606 q.
1087 4552 1170 4591 m.
1204 4537 1241 4589 l.

915 4663 1040 4703 ITEM
1079 4663 1238 4702 ηειδελ
1279 4661 1594 4704 PASCHALIS.

617 4739 789 4790 Lectio
823 4739 1164 4804 Apocalypsis
1191 4739 1356 4790 sancti
1381 4737 1632 4790 Iohannis
1664 4735 1900 4801 apostoli.

511 4827 630 4898 Ego
657 4826 949 4882 Iohannes
965 4825 1080 4879 vidi
1108 4826 1316 4879 ostium
1336 4827 1600 4896 apertum
1625 4823 1682 4877 in
1710 4823 1870 4890 caelo,
1898 4825 1954 4877 et
1969 4837 2072 4878 vox

439 4920 647 4992 prima,
691 4935 866 4991 quam
907 4917 1116 4986 audivi,
1139 4921 1420 4988 tanquam
1447 4918 1598 4972 tuba
1627 4917 1914 4988 loquentis
1945 4932 2072 4970 me-

441 5031 592 5080 cum,
624 5013 820 5068 dicens
851 5011 1148 5067 :Ascende
1179 5011 1307 5076 huc,
1357 5013 1414 5064 et
1457 5009 1760 5065 ostendam
1797 5009 1896 5064 tibi
1947 5025 2074 5080 quae

442 5109 670 5178 oportet
695 5107 820 5161 fieri
849 5109 977 5177 post
1007 5105 1148 5159 haec.
1183 5103 1388 5160 Statim
1415 5104 1497 5158 fui
1517 5103 1576 5157 in
1605 5102 1826 5174 spiritu,
1855 5105 1912 5156 et
1944 5119 2074 5157 ecce

441 5200 607 5255 sedes
639 5199 821 5271 posita
843 5203 968 5253 erat
993 5199 1052 5252 in
1083 5200 1241 5268 cmlo,
1277 5201 1332 5252 et
1353 5214 1524 5270 supra
1549 5197 1748 5251 sedem
1763 5197 1988 5252 sedens.
2009 5197 2076 5250 Et

441 5294 538 5365 qui
554 5293 804 5360 sedebat,
829 5293 1029 5347 similis
1043 5296 1164 5347 erat
1177 5291 1426 5365 aspectui
1451 5291 1656 5363 lapidis
1681 5289 1954 5360 hiaspidis
1981 5307 1994 5356 ;
2021 5291 2077 5344 et

443 5386 706 5452 sardinis,
739 5389 796 5440 et
813 5387 950 5440 hiris
979 5391 1102 5440 erat
1127 5386 1184 5440 in
1207 5386 1444 5441 circuitu
1473 5384 1624 5440 sedis
1653 5383 1854 5438 similis
1873 5381 2076 5438 visioni

443 5481 830 5553 smaragdime
857 5499 870 5548 ;
895 5484 954 5535 et
969 5481 1027 5534 in
1050 5480 1288 5536 circuitu
1303 5480 1452 5535 sedis
1475 5477 1678 5532 sedilia
1694 5477 1898 5548 viginti
1919 5479 2077 5547 quat-

443 5581 591 5644 tuor,
626 5577 686 5630 et
722 5591 894 5646 super
921 5576 1159 5630 thronos
1185 5573 1384 5644 viginti
1413 5575 1686 5644 quattuor
1705 5571 1964 5626 seniores
1993 5585 2076 5624 se-

441 5669 665 5739 dentes,
695 5669 910 5725 circum
939 5667 1133 5724 amicti
1155 5665 1509 5722 vestimentis
1532 5665 1694 5734 albis,
1719 5668 1776 5721 et
1797 5665 1856 5720 in
1875 5662 2076 5736 capiti-

513 5813 536 5840 ¹
563 5813 659 5882 Hie
701 5811 998 5882 Lectiones
1029 5827 1132 5881 pro
1161 5807 1534 5882 sequentibus
1565 5808 1768 5882 diebus
1793 5807 2072 5882 paschali:

443 5881 550 5934 bus
575 5881 814 5937 diverse
837 5882 908 5938 ab
936 5876 1044 5938 eis'
1064 5897 1192 5954 quae
1237 5876 1604 5954 assignantur
1643 5878 1702 5935 in
1742 5876 2077 5936 Luxoviensi

2155 541 2403 612 fulgora,
2439 543 2496 595 et
2513 556 2700 608 voces,
2727 543 2784 596 et
2809 541 3094 608 tonitrua;
3123 544 3344 614 septem
3372 541 3676 615 lampades
3701 559 3792 599 ar-

2160 633 2361 688 dentes
2387 639 2520 689 ante
2543 635 2818 690 thronum
2837 651 2963 708 quae
2975 635 3346 707 suntspiritus
3364 635 3482 702 Dei;
3503 641 3562 692 et
3577 635 3635 692 in
3647 653 3790 692 con-

2159 729 2516 800 spectusedis
2545 733 2825 800 tanquam
2849 745 3010 784 mare
3035 729 3299 797 vitreum,
3330 729 3516 785 simile
3551 731 3790 803 crystal-

2159 823 2249 888 lo;
2281 825 2338 876 et
2361 822 2420 876 in
2455 822 2647 877 medio
2671 823 2820 877 sedis
2849 825 2906 876 et
2947 822 3005 876 in
3051 823 3285 877 circuitu
3331 823 3482 878 sedis
3520 828 3800 896 quattuor

2161 916 2452 983 animalia,
2483 917 2654 988 plena
2694 917 2870 972 oculis
2893 921 3026 972 ante
3053 921 3110 972 et
3139 921 3313 972 retro.
3343 917 3410 972 Et
3431 917 3646 973 animal
3673 917 3794 990 pri-

2159 1027 2322 1064 mum
2341 1009 2524 1064 simile
2547 1010 2721 1078 leoni,
2742 1013 2800 1064 et
2818 1009 3135 1065 secundum
3154 1011 3366 1066 animal
3385 1012 3570 1067 simile
3593 1011 3794 1080 vitulo,

2163 1107 2220 1157 et
2245 1103 2478 1158 tertium
2514 1105 2728 1159 animal
2755 1104 2974 1159 habens
2997 1103 3203 1159 faciem
3235 1105 3396 1176 quasi
3423 1105 3704 1160 hominis:
3737 1109 3800 1161 et

2162 1201 2432 1269 quartum
2473 1199 2686 1252 animal
2712 1199 2899 1252 simile
2928 1199 3134 1270 aquila:
3156 1199 3391 1254 volanti.
3423 1201 3490 1254 Et
3521 1203 3800 1272 quattuor

2161 1291 2434 1346 animalia
2465 1291 2690 1362 singula
2711 1309 2910 1348 eorum
2937 1293 3232 1348 habebant
3262 1293 3381 1348 alas
3407 1311 3612 1360 senas;
3643 1297 3702 1348 et
3735 1293 3794 1349 in

2161 1384 2396 1439 circuitu
2425 1389 2480 1440 et
2511 1386 2663 1440 intus
2693 1389 2863 1458 plena
2895 1389 3027 1441 sunt
3060 1385 3256 1441 oculis.
3289 1387 3354 1441 Et
3382 1387 3640 1458 requiem
3675 1404 3796 1442 non

2161 1479 2378 1533 habent
2421 1478 2512 1533 die
2571 1483 2628 1534 et
2671 1483 2836 1534 nocte
2880 1480 3170 1535 dicentia:
3214 1481 3472 1548 Sanctus,
3531 1481 3796 1549 Sanctus,

2162 1573 2403 1628 Sanctus
2429 1573 2709 1628 Dominus
2738 1575 2884 1628 Deus
2913 1574 3303 1646 omnipotens,
3323 1575 3418 1646 qui
3440 1579 3584 1642 erat,
3617 1579 3677 1630 et.
3697 1574 3800 1646 qui

2163 1670 2266 1733 est,
2295 1669 2353 1720 et
2383 1667 2480 1738 qui
2509 1669 2782 1722 venturus
2810 1671 2912 1722 est.
2951 1667 3060 1732 Qui
3107 1669 3284 1723 habet
3330 1685 3550 1736 aurem,
3597 1667 3806 1724 audiat

2165 1759 2302 1831 quid
2335 1760 2576 1832 Spiritus
2603 1761 2754 1816 dicat
2778 1763 3060 1817 Ecclesiae.

2537 1858 2710 1908 Lectio
2743 1860 2966 1909 Actuum
2995 1859 3348 1923 apostolorum
3361 1859 3406 1909 ³.

2234 1943 2444 1998 Diebus
2473 1943 2580 1998 illis
2599 1945 2812 1999 reversi
2843 1949 2975 1999 sunt
3003 1946 3246 2017 apostoli
3275 1946 3335 2000 in
3375 1945 3802 2017 Hierusolyma,

2166 2053 2199 2091 a
2215 2041 2411 2092 monte
2435 2037 2530 2109 qui
2545 2041 2779 2093 vocatur
2790 2038 3010 2106 Oliveti,
3027 2039 3123 2111 qui
3145 2043 3231 2094 est
3241 2039 3404 2110 juxta
3419 2040 3802 2107 Hierusalem,

2165 2131 2386 2186 sabbati
2421 2131 2641 2186 habens
2671 2132 2798 2187 iter.
2829 2133 3044 2187 Etcum
3069 2133 3402 2188 introissent
3435 2134 3494 2188 in
3535 2151 3806 2190 caenaco-

2167 2225 2305 2300 lum,
2330 2225 2716 2280 ascenderunt
2733 2226 2826 2280 ubi
2851 2227 3172 2280 manebant
3191 2227 3389 2281 Petrus
3405 2229 3464 2282 et
3481 2229 3806 2294 Iohannes,

2163 2318 2406 2373 Iacobus
2438 2323 2496 2372 et
2523 2319 2802 2386 Andreas,
2831 2319 3124 2390 Philippus
3167 2323 3226 2374 et
3258 2319 3522 2388 Thomas,
3557 2322 3808 2376 Bartho-

2167 2411 2406 2465 lomteus
2428 2415 2486 2465 et
2511 2412 2824 2480 Matthaaus,
2869 2413 3112 2467 Iacobus
3152 2413 3298 2468 Alfei
3347 2417 3404 2468 et
3450 2414 3654 2469 Simon
3699 2417 3806 2470 Ze-

2167 2505 2330 2572 lotes,
2360 2509 2418 2558 et
2440 2505 2614 2560 Iudas
2641 2505 2855 2560 Jacobi.
2879 2505 2965 2560 Hii
2997 2521 3200 2560 omnes
3231 2510 3398 2560 erant
3425 2523 3808 2578 perseveran-

2165 2603 2252 2652 tes
2300 2597 2680 2652 unianimiter
2718 2597 2777 2652 in
2830 2599 3112 2666 oratione,
3167 2616 3298 2654 cum
3350 2601 3692 2656 mulieribus
3745 2607 3814 2656 et

2167 2691 2342 2747 Maria
2367 2696 2552 2746 matre
2579 2693 2730 2760 Iesu,
2763 2695 2822 2746 et
2851 2693 3123 2748 fratribus
3155 2693 3295 2764 ejus.

2355 2789 2528 2838 Lectio
2559 2789 2722 2839 sancti
2749 2789 3018 2853 Evangelii
3042 2789 3328 2840 secundum
3361 2791 3608 2841 Marcum.

2239 2875 2360 2928 Una
2381 2875 2752 2930 sabbatorum
2781 2875 2954 2930 Maria
2977 2875 3312 2947 Magdalene
3337 2881 3393 2931 et
3415 2877 3590 2932 Maria
3606 2879 3818 2934 Jacobi

2169 2967 2332 3021 valde
2365 2969 2612 3022 diluculo
2639 2972 2922 3023 venerunt
2943 2969 3018 3023 ad
3035 2974 3502 3038 monumentum,
3537 2975 3666 3026 orto
3681 2973 3820 3042 jam

2169 3062 2306 3115 sole.
2357 3061 2424 3116 Et
2453 3061 2722 3116 dicebant
2763 3063 2836 3117 ad
2865 3063 3110 3117 invicem
3145 3081 3157 3117 :
3193 3063 3329 3128 Quis
3353 3065 3608 3120 revolvet
3637 3066 3820 3122 nobis

2171 3155 2420 3226 lapidem
2453 3157 2524 3210 ab
2557 3156 2702 3210 ostio
2725 3157 3131 3211 monumenti?
3159 3159 3226 3211 Et
3253 3158 3626 3228 respicientes
3655 3159 3822 3215 vide-

2170 3253 2304 3302 runt
2326 3251 2648 3304 revolutum
2669 3250 2946 3322 lapidem.
2967 3251 3100 3305 Erat
3113 3251 3326 3323 quippe
3346 3267 3596 3324 magnus
3615 3253 3818 3309 valde.

2169 3343 2238 3396 Et
2263 3343 2623 3397 introeuntes
2655 3343 2708 3398 in
2741 3348 3207 3412 monumentum,
3241 3345 3508 3400 viderunt
3527 3346 3820 3416 juvenem

2170 3435 2467 3492 sedentem
2497 3454 2529 3492 a
2555 3437 2788 3505 dextris,
2831 3441 3168 3510 coepertum
3211 3441 3416 3494 stolam
3468 3439 3816 3508 candidam,

2171 3533 2230 3584 et
2259 3530 2676 3602 obstipuerunt.
2708 3531 2812 3596 Qui
2841 3531 2978 3586 dicit
3007 3532 3114 3586 illis
3148 3549 3160 3586 :
3193 3533 3376 3588 Nolite
3405 3549 3814 3604 expavescere,

2168 3625 2360 3678 Iesum
2407 3625 2662 3696 quaeritis
2715 3627 3072 3680 Nazarenum
3125 3625 3476 3683 crucifixum.
3529 3627 3814 3694 Surrexit,

2171 3733 2288 3772 non
2313 3721 2398 3772 est
2427 3718 2534 3772 hic.
2567 3720 2707 3773 Ecce
2738 3720 2894 3774 locus
2921 3720 3014 3773 ubi
3047 3723 3363 3790 posuerunt
3382 3737 3536 3775 eum.
3569 3721 3680 3776 Sed
3707 3722 3814 3789 ite,

2173 3815 2230 3866 et
2259 3811 2426 3866 dicite
2457 3812 2746 3884 discipulis
2779 3813 2901 3884 ejus
2931 3816 2990 3867 et
3017 3815 3206 3880 Petro,
3249 3814 3386 3885 quia
3405 3815 3686 3886 praecedit
3711 3831 3816 3872 vos

2171 3905 2230 3960 in
2264 3905 2514 3960 Galilaea.
2549 3906 2628 3962 lbi
2661 3923 2792 3961 eum
2823 3905 3106 3974 videbitis,
3139 3907 3286 3962 sicut
3311 3907 3452 3962 dixit
3476 3909 3658 3964 vobis.

2775 4025 2974 4064 INCIPIT
3013 4025 3192 4064 MISSA.

2247 4103 2412 4168 Deus,
2448 4101 2547 4172 qui
2573 4101 2939 4172 unigenitum
2966 4102 3172 4156 Filium
3201 4107 3360 4157 tuum
3401 4103 3474 4158 de
3517 4103 3680 4158 caelis
3709 4121 3820 4176 pro

2175 4195 2338 4250 nobis
2375 4193 2599 4261 misisti,
2649 4199 2710 4248 ut
2757 4195 3123 4250 intoleranda
3171 4195 3458 4266 sustinuit,
3511 4197 3824 4254 cruciﬁxus

2173 4288 2348 4360 pendi
2373 4287 2567 4356 voluit,
2599 4291 2658 4342 ut
2689 4305 2794 4344 nos
2825 4306 2858 4344 a
2889 4289 3178 4360 perpetuis
3213 4290 3560 4345 cruciatibus
3599 4291 3820 4348 libera-

2173 4385 2296 4450 ret;
2345 4383 2566 4437 tumulo
2615 4399 2739 4448 suo,
2789 4385 2850 4436 ut
2884 4383 3192 4450 credimus,
3235 4388 3466 4455 peccata
3495 4388 3698 4440 nostra
3723 4403 3818 4441 se-

2174 4476 2387 4546 pelivit,
2427 4491 2626 4530 avaras
2653 4475 2866 4530 inferni
2897 4476 3092 4531 fauces
3125 4477 3400 4532 interiora
3445 4479 3780 4548 penetravit
3807 4497 3820 4546 ;

2089 4585 2148 4656 D
2173 4569 2337 4623 nobis
2365 4584 2594 4640 quoque
2621 4568 2850 4623 famulis
2895 4568 3008 4622 suis
3041 4569 3244 4640 jubeat
3293 4570 3350 4624 in
3405 4571 3594 4641 prima
3629 4589 3824 4628 resur-

2173 4662 2428 4717 rectione
2452 4679 2574 4716 esse
2605 4661 2932 4734 participes.

2858 4753 3125 4806 Collectio.

2245 4839 2409 4906 Deus,
2443 4839 2540 4911 qui
2560 4837 2917 4911 paschalium
2943 4839 3330 4912 [gaudiorum]
3359 4841 3474 4896 nob
3499 4859 3524 4896 s
3549 4843 3828 4900 remedia

2175 4932 2460 4988 contulisti
2485 4951 2497 4998 ;
2531 4934 2807 5005 papulum
2831 4937 2990 4988 tuum
3013 4933 3222 4989 caelesti
3245 4934 3397 4990 dono
3419 4951 3786 5008 prosequere
3811 4957 3826 4994 :

2175 5031 2239 5081 ut
2275 5025 2408 5081 inde
2455 5031 2582 5098 post
2635 5027 2692 5082 in
2743 5031 3088 5099 perpetuum
3138 5027 3408 5100 gaudeat,
3449 5029 3602 5084 unde
3665 5049 3828 5086 nunc

2173 5121 2575 5192 tamporaliter
2601 5122 2834 5176 exultat.

2797 5215 2919 5264 Post
2955 5213 3186 5264 nomina.

2249 5298 2779 5370 Suspicc,Domine,
2809 5299 3096 5372 propicius
3117 5315 3362 5355 munera
3384 5303 3472 5354 eti
3499 5303 3594 5356 ota
3625 5303 3832 5360 famu-

2179 5393 2364 5448 lorum
2399 5411 2412 5448 :
2445 5395 2506 5447 ut
2531 5393 2890 5448 confessione
2917 5395 3000 5450 tui
3023 5395 3272 5450 nominis
3293 5395 3471 5466 etbap
3501 5395 3718 5452 ismate
3733 5415 3836 5454 re-

2179 5487 2392 5554 novati,
2441 5487 2852 5558 sempiternam
2899 5488 3320 5544 beatitudinem
3359 5505 3465 5544 con
3494 5495 3836 5560 .equantur.

2827 5585 2907 5636 Ad
2939 5599 3142 5650 pacem.

2249 5669 2989 5744 Omnipoteuslsempiterne
3001 5672 3268 5740 Deus,cui
3279 5689 3468 5746 resurg
3493 5673 3606 5730 anti
3621 5693 3658 5732 a
3673 5693 3844 5734 mor~

2179 5803 2560 5886 Lectionario,
2593 5805 2691 5886 ubi
2705 5809 2913 5886 _tamen
2943 5807 3328 5866 desumuntur
3351 5809 3466 5866 etia
3493 5827 3532 5866 n
3563 5826 3638 5866 ex
3669 5815 3840 5886 Apo-

2179 5876 2392 5950 calypsi
2418 5881 2474 5938 et
2501 5893 2568 5936 ex
2595 5877 2766 5938 Actis.
