4036 6188
264 331 361 386 509

749 325 1359 385 SACRAMENTARIUM
1397 330 1840 387 GALLICANUM.
1883 359 1951 371 -ο
1989 330 2354 386 LECTIONES
2389 331 2475 386 DE
2513 330 2825 388 ADVENTU
2864 331 3114 388 DOMINI.

3509 336 3610 392 510

254 436 361 492 tuis
382 433 651 493 sacriﬁcia
661 437 1018 508 paschalibus
1038 437 1258 510 gaudiis
1273 437 1652 508 immolamus,
1671 439 1880 511 quibus
1900 451 1960 528 Α
1979 439 2200 510 clausa,
2216 441 2317 496 ubi
2337 445 2497 496 erant
2514 439 2772 512 discipuli
2785 445 3020 513 propter
3033 445 3250 497 metum
3263 439 3607 511 Iudaeorum,

251 530 496 587 Ecclesia
525 533 625 586 tua
650 530 984 588 mirabiliter
1009 537 1067 588 et
1093 532 1422 600 renascitur,
1456 538 1512 590 et
1536 534 1806 590 nutritur.

905 622 1238 672 Contestatio.
1720 662 1725 666 .

323 694 461 748 Vere
492 692 730 764 dignum
759 697 814 749 et
841 693 1063 764 justum
1103 699 1186 750 est
1231 695 1593 766 omnipotens
1630 697 1798 765 Deus,
1828 701 1882 752 te

245 787 485 862 quidem
513 787 667 842 omni
684 793 936 860 tempore
962 789 1207 856 laudare,
1230 789 1579 859 benedicere,
1600 793 1657 845 et
1681 791 1883 862 praedi-

241 898 396 950 care,
424 883 575 954 quod
610 883 821 937 Pascha
847 887 1104 937 nostrum
1132 883 1457 939 immolatus
1478 889 1562 940 est
1597 885 1876 940 Christus.

242 978 354 1032 Per
381 993 551 1048 quem
588 974 681 1049 [in]
709 981 979 1032 aeternam
1007 977 1180 1032 vitam
1206 978 1309 1032 filii
1336 978 1475 1032 lucis
1500 979 1781 1048 oriuntur,
1811 978 1877 1033 fi-

240 1069 471 1126 delibus
496 1071 657 1141 regni
693 1071 926 1126 caelestis
961 1072 1104 1126 atria
1133 1077 1477 1140 reserantur,
1506 1077 1562 1128 et
1581 1073 1729 1128 beati
1755 1073 1880 1145 lege

237 1164 578 1220 commercii
597 1165 798 1220 divinis
813 1165 1059 1220 humana
1070 1169 1385 1222 mutantur.
1406 1167 1544 1232 Quia
1556 1172 1881 1223 nostrorum

236 1261 508 1314 omnium
545 1276 695 1314 mors
735 1242 898 1315 cruce
925 1260 1130 1316 Christi
1157 1261 1451 1332 redempta
1485 1266 1588 1328 est,
1617 1265 1672 1316 et
1701 1261 1760 1317 in
1786 1278 1878 1317 re-

235 1355 598 1410 surrectione
625 1355 747 1425 ejus
777 1355 1034 1409 omnium
1071 1355 1178 1409 vita
1203 1356 1470 1410 surrexit.
1501 1357 1681 1420 Quem
1709 1356 1767 1410 in
1793 1372 1880 1411 su-

237 1449 535 1520 sceptione
562 1449 923 1504 mortalitatis
951 1450 1124 1504 Deum
1163 1449 1468 1519 majestatis
1501 1450 1876 1522 agnoscimus,

236 1547 292 1597 et
331 1543 396 1597 in
427 1543 732 1598 divinitatis
762 1544 1002 1615 gloriam
1030 1544 1206 1598 Deum
1237 1547 1292 1597 et
1323 1545 1612 1599 hominem
1645 1545 1876 1600 conﬁte-

233 1653 400 1692 mur.
427 1638 532 1702 Qui
569 1643 813 1693 mortem
863 1643 1113 1693 nostram
1155 1638 1448 1694 moriendo
1491 1639 1786 1706 destruxit,
1825 1643 1881 1694 et

233 1731 420 1786 vitam
445 1733 794 1804 resurgendo
834 1732 1080 1788 restituit
1121 1734 1279 1788 Jesus
1319 1732 1570 1788 Christus
1611 1733 1878 1788 Dominus

233 1829 461 1880 noster.
487 1826 665 1890 Quem
694 1826 944 1880 laudant.

730 1932 854 1970 ITEM
896 1931 1051 1971 HISSA
1091 1931 1153 1970 PA
1163 1931 1405 1971 SCIIALIS.

547 1997 720 2048 Lectio
751 1997 1086 2061 Apocalypsis
1117 1999 1279 2048 sancti
1305 1997 1570 2048 Johannis.

307 2075 435 2145 Ego
463 2074 747 2128 Iohannes
767 2074 878 2128 vidi
903 2075 1114 2128 nubem
1142 2074 1464 2141 candidam,
1493 2079 1549 2129 et
1574 2091 1743 2146 supra
1767 2089 1876 2128 nu-

232 2168 374 2223 bem
403 2168 694 2223 sedentem
723 2167 967 2222 similem
992 2168 1132 2222 Filio
1159 2167 1422 2237 hominis,
1467 2168 1769 2224 habentem
1819 2166 1878 2220 in

232 2261 426 2333 capite
454 2279 556 2316 suo
582 2279 846 2316 coronam
873 2279 1125 2329 auream,
1154 2268 1209 2318 et
1233 2263 1291 2316 in
1331 2279 1504 2317 manu
1544 2280 1641 2317 sua
1678 2262 1877 2316 falcem

230 2361 495 2412 acutam.
526 2358 592 2411 Et
628 2357 770 2411 alter
795 2357 1033 2428 angelus
1062 2357 1231 2412 exivit
1260 2357 1328 2411 de
1360 2358 1592 2428 templo,
1629 2357 1877 2413 clamans

229 2467 374 2506 voce
403 2467 614 2522 magna
642 2451 711 2505 ad
738 2451 1026 2506 sedentem
1048 2468 1220 2522 super
1236 2452 1449 2507 nubem
1467 2469 1480 2506 :
1499 2451 1647 2507 Mitte
1673 2453 1874 2507 falcem

229 2551 422 2612 tuam,
448 2551 502 2601 et
523 2549 670 2600 mete
691 2562 704 2600 :
727 2545 860 2616 quia
887 2545 1038 2600 venit
1063 2546 1203 2600 hora
1226 2551 1292 2601 ut
1316 2551 1580 2613 metatur,
1610 2547 1877 2618 quoniam

229 2644 472 2696 matura
497 2644 580 2694 est
604 2638 799 2694 messis
823 2643 1011 2694 terrae.
1043 2641 1109 2694 Et
1134 2640 1288 2698 misit
1313 2641 1410 2712 qui
1451 2641 1678 2696 sedebat
1704 2658 1876 2712 supra

229 2735 455 2789 nubem
483 2733 684 2788 falcem
713 2750 873 2787 suam
926 2733 984 2788 in
1025 2739 1261 2803 terram,
1308 2739 1363 2789 et
1389 2751 1568 2789 messa
1599 2739 1680 2789 est
1704 2741 1872 2789 terra.

230 2830 302 2884 Et
333 2828 476 2882 alius
501 2828 734 2899 angelus
760 2827 930 2881 exivit
957 2827 1024 2881 de
1051 2829 1282 2899 templo,
1316 2829 1463 2900 quod
1502 2832 1583 2883 est
1623 2828 1681 2882 in
1718 2829 1874 2897 caelo,

230 2923 461 2977 habens
486 2926 542 2975 et
581 2922 698 2992 ipse
732 2921 934 2976 falcem
973 2927 1216 2976 acutam.
1247 2923 1312 2976 Et
1351 2922 1491 2976 alius
1532 2922 1768 2994 angelus
1809 2923 1877 2978 de

232 3017 427 3084 altari,
456 3015 552 3088 qui
581 3015 750 3070 habet
775 3018 1106 3086 potestatem
1134 3033 1303 3087 supra
1333 3016 1546 3088 ignem,
1583 3019 1639 3071 et
1667 3016 1875 3070 clama-

231 3112 315 3166 vit
341 3126 483 3164 voce
516 3126 740 3181 magna,
785 3109 882 3181 qui
928 3110 1102 3165 habet
1137 3110 1338 3166 falcem
1365 3116 1609 3176 acutam,
1640 3109 1829 3165 dicens
1860 3127 1873 3164 :

230 3207 393 3260 Mitte
420 3203 623 3259 falcem
649 3208 808 3257 tuam
832 3209 1076 3272 acutam,
1095 3209 1150 3259 et
1169 3204 1454 3259 vindemia
1473 3204 1666 3259 botros
1686 3209 1874 3271 terrae,
1899 3208 1954 3282 ς,

233 3299 514 3372 quoniam
541 3302 775 3352 maturae
802 3303 1066 3353 suntusz
1085 3299 1226 3369 ejus.
1247 3300 1314 3353 Et
1336 3298 1489 3353 misit
1515 3299 1754 3369 angelus
1773 3299 1876 3352 fal-

234 3411 364 3450 cem
394 3409 557 3446 suam
583 3393 641 3445 in
671 3396 904 3461 terram,
935 3395 989 3446 et
1019 3393 1382 3448 vindemiavit
1417 3393 1645 3447 vineam
1680 3397 1874 3462 terrae;

234 3499 290 3548 et
314 3491 479 3546 misit
505 3491 562 3545 in
590 3491 774 3545 lacum
820 3491 919 3544 ira:
957 3489 1056 3544 Dei
1097 3508 1392 3562 magnum,
1430 3496 1485 3546 et
1521 3491 1762 3546 calcatus
1797 3496 1881 3548 est

234 3587 396 3642 lacus
425 3589 586 3640 extra
614 3585 914 3651 civitatem,
945 3588 1001 3640 et
1022 3585 1193 3640 exivit
1217 3584 1444 3657 sanguis
1465 3585 1533 3640 de
1553 3585 1677 3641 lacu
1703 3602 1878 3658 usque

234 3684 306 3739 ad
337 3684 535 3738 frenos
563 3699 840 3755 equorum
866 3699 971 3755 per
996 3683 1174 3738 stadia
1194 3683 1350 3738 mille
1379 3688 1662 3739 sexcenta.

658 3775 830 3826 Lectio
857 3778 1074 3826 Actuum
1101 3777 1473 3840 apostolorum.

305 3850 590 3920 Tempore
631 3848 721 3903 illo
757 3849 963 3903 Saulus
1006 3849 1192 3904 adhuc
1230 3849 1449 3920 spirans
1496 3849 1788 3905 minarum
1825 3854 1883 3906 et

233 3942 410 3997 caedis
453 3941 514 3995 in
547 3941 846 4013 discipulos
881 3941 1128 4010 Domini,
1177 3942 1410 3998 accessit
1450 3942 1522 3996 ad
1565 3942 1881 4015 principem

232 4035 620 4102 sacerdotum,
654 4040 710 4090 et
733 4035 898 4107 petiit
925 4035 994 4090 ab
1036 4052 1102 4090 eo
1139 4036 1401 4107 epistolas
1443 4036 1502 4091 in
1550 4037 1882 4092 Damascum

232 4131 302 4185 ad
333 4145 692 4201 synagogas;
722 4134 785 4184 ut
806 4147 950 4201 quos
979 4129 1286 4185 invenisset
1307 4120 1618 4201 hujus'viae
1647 4132 1792 4186 viros
1818 4148 1880 4187 ac

233 4223 533 4290 mulieres,
571 4223 784 4278 vinctos
811 4223 1147 4294 perduceret
1170 4223 1229 4278 in
1255 4223 1620 4280 Hierusalem.
1655 4225 1723 4280 Et
1749 4242 1881 4281 cum

231 4319 347 4373 iter
377 4317 602 4386 faceret,
637 4317 875 4389 contigit
904 4322 966 4372 ut
991 4317 1475 4390 adpropinquaret
1495 4319 1763 4373 Damasco
1787 4336 1800 4374 :
1826 4324 1882 4375 et

233 4411 430 4465 subito
477 4410 847 4466 circumfulsit
892 4427 1024 4466 eum
1064 4413 1160 4466 lux
1199 4411 1267 4467 de
1309 4412 1468 4480 casio,
1502 4416 1558 4466 et
1587 4411 1789 4467 cadens
1819 4412 1879 4468 in

237 4510 481 4572 terram,
508 4504 720 4559 audivit
743 4522 936 4560 vocem
980 4505 1264 4560 dicentem
1300 4505 1405 4560 sibi
1436 4521 1449 4559 :
1481 4505 1663 4574 Saule,
1693 4506 1877 4574 Saule,

239 4598 384 4670 quid
413 4615 506 4652 me
551 4599 946 4670 persequeris?
986 4600 1054 4654 Et
1100 4599 1240 4654 dixit
1273 4617 1286 4654 :
1316 4598 1450 4664 Quis
1484 4615 1564 4666 es,
1607 4585 1962 4657 Domine?D

241 4693 309 4747 Et
336 4691 433 4747 ille
465 4708 478 4745 :
518 4693 634 4762 Ego
675 4709 801 4747 sum
837 4694 1000 4747 Jesus
1038 4709 1210 4763 quem
1251 4697 1315 4747 tu
1356 4693 1734 4764 persequeris.
1779 4694 1886 4749 Sed

236 4801 438 4856 surge,
470 4789 526 4839 et
549 4785 846 4856 ingredere
877 4786 935 4840 in
963 4786 1269 4854 civitatem,
1301 4788 1356 4840 et
1381 4787 1602 4841 dicetur
1619 4787 1721 4842 tibi
1755 4804 1886 4859 quae

238 4885 293 4934 te
323 4882 583 4950 oporteat
601 4880 805 4935 facere.
836 4881 952 4934 Viri
973 4885 1164 4934 autem
1189 4880 1287 4951 qui
1308 4879 1722 4936 comitabantur
1752 4899 1883 4936 cum

238 4990 331 5042 eo,
353 4973 578 5028 stabant
599 4973 911 5044 stupefacti,
926 4974 1219 5029 audientes
1230 4973 1462 5046 quidem
1476 4991 1688 5045 vocem,
1708 4975 1885 5031 nemi-

236 5084 380 5122 nem
405 5071 598 5121 autem
627 5067 897 5132 videntes,
921 5067 1170 5139 Surgens
1194 5073 1384 5122 autem
1406 5069 1602 5124 Saulus
1621 5070 1690 5124 de
1711 5075 1879 5140 terra,

237 5162 570 5235 apertisque
599 5163 773 5216 oculis
799 5162 944 5218 nihil
973 5162 1214 5217 videbat.
1245 5162 1326 5217 Ad
1355 5179 1587 5218 manum
1607 5168 1799 5219 autem
1823 5163 1883 5218 il-

239 5258 362 5311 lum
390 5255 704 5324 trahentes,
731 5256 1072 5311 introierunt
1110 5257 1451 5311 Damascum
1485 5273 1498 5311 :
1527 5261 1583 5312 et
1616 5262 1734 5312 erat
1776 5256 1880 5312 tri-

238 5349 350 5404 bus
377 5349 577 5404 diebus
602 5349 822 5417 Saulus,
855 5355 912 5405 et
937 5366 1052 5405 non
1078 5350 1456 5413 manducavit,
1485 5366 1669 5422 neque
1717 5349 1877 5406 bibit.

397 5445 574 5496 Lectio
602 5449 768 5498 sancti
799 5447 1066 5512 Evangelii
1101 5447 1391 5498 secundum
1419 5447 1728 5498 Johannem.

315 5527 522 5584 Diebus
547 5527 652 5584 illis
681 5535 805 5600 post
828 5529 1320 5600 resurrectionem,
1352 5547 1482 5585 cum
1518 5530 1668 5585 fores
1693 5533 1882 5584 essent

315 5679 341 5710 ⁸
369 5675 481 5729 Hoc
509 5673 874 5746 Evangelium
905 5673 1046 5730 bene
1082 5674 1344 5730 convenit
1383 5678 1576 5746 octavo
1615 5673 1726 5730 diei
1754 5676 1881 5746 post

244 5746 482 5818 Paseha,
513 5745 744 5818 quodie
774 5746 832 5801 in
880 5746 1086 5801 Ordine
1126 5748 1382 5801 Romono
1411 5744 1880 5818 assignatum—Vo-

246 5822 407 5900 catur
431 5817 720 5900 Do'minica
757 5819 815 5871 in
844 5818 984 5900 aliis
1015 5834 1114 5900 seu
1143 5818 1218 5900 ad
1245 5819 1397 5900 albas
1420 5817 1791 5900 depanendas._
1817 5818 1877 5872 In

247 5887 449 5947 Codice
480 5888 833 5947 Vallicellano
873 5888 1104 5949 affertur
1142 5889 1209 5946 ad
1255 5889 1402 5948 hanc
1440 5887 1590 5947 diem
1620 5889 1690 5945 ad
1722 5887 1876 5945 albas

1902 1836 1956 1908 B

1982 537 2138 591 venit
2163 536 2431 590 Dominus
2467 537 2642 605 Jesus,
2686 541 2743 590 et
2777 535 2927 590 stetit
2965 535 3024 590 in
3065 535 3252 590 medio
3297 552 3514 602 eorum,
3555 542 3612 594 et

1983 631 2117 686 dicit
2141 631 2261 686 eis:
2302 633 2414 686 Pax
2450 630 2624 685 vobis.
2673 631 2737 684 Et
2779 630 2887 685 hoc
2925 646 3054 684 cum
3085 630 3336 696 dixisset,
3368 630 3612 688 ostendit

1983 725 2062 780 eis
2092 742 2293 780 manus
2336 729 2394 779 et
2429 725 2596 780 latus.
2638 724 2816 779 Gavisi
2854 727 2987 778 sunt
3022 741 3157 795 ergo
3197 725 3454 797 discipuli
3496 726 3612 782 viso

1983 820 2243 875 Domino.
2276 819 2420 874 Dixit
2445 835 2582 890 ergo
2609 819 2687 874 eis
2724 819 2929 874 iterum
2961 835 2974 874 :
3007 820 3113 872 Pax
3151 819 3459 877 vobiscum.
3491 821 3608 878 Sic-

1981 918 2046 968 ut
2075 914 2229 969 misit
2267 930 2358 967 me
2403 915 2584 980 Pater,
2628 919 2684 968 et
2726 930 2832 984 ego
2869 913 3032 968 mitto
3062 929 3178 968 vos.
3211 915 3318 968 Hoc
3355 931 3486 970 cum
3521 915 3608 971 di-

1983 1008 2172 1073 xisset,
2227 1007 2551 1076 insufﬂavit,
2611 1012 2667 1062 et
2717 1007 2850 1062 dicit
2897 1007 3280 1080 eiszAccipite
3336 1009 3610 1079 Spiritum

1981 1107 2271 1171 sanctum;
2317 1118 2558 1174 quorum
2606 1101 2934 1156 remiseritis
2975 1106 3195 1172 peccata
3244 1103 3612 1159 remittuntur

1981 1195 2082 1265 eis,
2110 1201 2165 1252 et
2189 1213 2434 1267 quorum
2460 1195 2803 1251 retinueritis
2833 1199 3049 1250 retenta
3080 1201 3231 1250 sunt.
3253 1197 3492 1251 Thomas
3516 1213 3612 1253 au-

1980 1294 2094 1345 tem
2133 1307 2282 1344 unus
2324 1307 2392 1345 ex
2425 1289 2739 1357 duodecim,
2783 1289 2880 1360 qui
2919 1289 3128 1344 dicitur
3164 1290 3452 1361 Dydimus,
3494 1307 3608 1348 non

1981 1389 2100 1439 erat
2124 1401 2251 1439 cum
2281 1385 2358 1439 eis
2386 1384 2610 1456 quando
2640 1384 2795 1438 venit
2821 1384 3092 1438 Dominus
3118 1384 3295 1439 Jesus.
3339 1385 3610 1441 Dixerunt

1980 1494 2120 1550 ergo
2141 1479 2193 1534 ei
2211 1479 2308 1533 alii
2334 1478 2592 1550 discipuli
2621 1495 2634 1532 :
2668 1477 2917 1532 Vidimus
2947 1477 3269 1532 Dominum.
3299 1478 3394 1532 llle
3417 1484 3607 1534 autem

1979 1573 2123 1628 dixit
2151 1573 2230 1628 eis
2262 1590 2275 1627 :
2309 1573 2424 1628 Nisi
2449 1573 2640 1627 videro
2667 1571 2724 1626 in
2764 1571 3024 1626 manibus
3055 1572 3178 1643 ejus
3221 1572 3461 1627 fixuram
3491 1573 3607 1626 cla-

1978 1684 2199 1735 vorum,
2232 1671 2288 1723 et
2311 1667 2533 1722 mittam
2571 1683 2809 1722 manum
2850 1683 3034 1721 meam
3062 1666 3121 1720 in
3149 1666 3298 1722 latus
3325 1667 3465 1737 ejus,
3496 1683 3610 1722 non

1979 1762 2225 1817 credam.
2258 1762 2323 1816 Et
2360 1766 2488 1832 post
2532 1761 2649 1816 dies
2691 1765 2857 1815 octo‘l
2901 1760 3111 1814 iterum
3151 1765 3312 1814 erant
3352 1760 3610 1832 discipuli

1980 1856 2101 1926 ejus
2129 1855 2311 1924 intus;
2343 1859 2397 1909 et
2430 1855 2670 1909 Thomas
2701 1870 2829 1907 cum
2872 1853 2970 1908 eis.
3010 1853 3173 1908 Venit
3214 1854 3484 1908 Dominus
3516 1855 3606 1910 Je-

1979 1966 2071 2004 sus
2095 1949 2288 2020 januis
2327 1948 2549 2014 clausis,
2578 1954 2631 2003 et
2675 1947 2824 2002 stetit
2858 1946 2915 2000 in
2957 1947 3166 2016 medio,
3198 1950 3253 2001 et
3281 1947 3422 2002 dixit
3449 1964 3462 2002 :
3494 1949 3610 2003 Pax

1979 2042 2152 2098 vobis.
2199 2042 2406 2098 Deinde
2463 2041 2608 2096 dixit
2653 2042 2882 2096 Thomas
2918 2057 2930 2094 :
2968 2041 3113 2096 lnfer
3156 2040 3400 2111 digitum
3447 2046 3608 2096 tuum

1979 2138 2111 2203 huc,
2141 2141 2196 2192 et
2215 2137 2339 2191 vide
2371 2153 2570 2191 manus
2598 2151 2783 2202 meas;
2815 2139 2870 2190 et
2895 2134 3034 2189 affer
3075 2151 3306 2210 manum
3338 2140 3515 2202 tuam,
3554 2139 3610 2190 et

1977 2231 2138 2286 mitte
2166 2231 2224 2285 in
2251 2231 2394 2285 latus
2417 2247 2636 2299 meum;
2667 2234 2721 2284 et
2750 2230 2865 2284 noli
2901 2245 3019 2284 esse
3061 2228 3381 2284 incredulus
3418 2229 3513 2284 sed
3543 2227 3606 2284 ﬁ-

1979 2324 2136 2380 delis.
2166 2324 2478 2396 Respondit
2502 2324 2742 2378 Thomas
2773 2323 2983 2378 et'dixit
2999 2323 3051 2378 ei
3081 2339 3094 2377 :
3129 2322 3397 2377 Dominus
3424 2338 3606 2389 meus,

1978 2423 2034 2474 et
2077 2420 2218 2473 Deus
2264 2435 2443 2473 meus.
2494 2417 2642 2472 Dixit
2688 2417 2739 2472 ei
2777 2419 2933 2472 Jesus
2963 2433 2976 2471 ε
3008 2416 3148 2481 Quia
3189 2416 3377 2470 vidisti
3413 2432 3524 2486 me,
3554 2420 3612 2471 et

1979 2518 2033 2568 et
2058 2511 2344 2568 credidisti
2374 2511 2552 2567 :beati
2583 2511 2809 2583 quinon
2839 2511 3115 2580 viderunt,
3142 2514 3198 2565 et
3227 2509 3606 2566 crediderunt.

1976 2606 2146 2662 Multa
2171 2606 2403 2678 quidem
2429 2611 2482 2660 et
2517 2605 2622 2660 alia
2668 2604 2829 2677 signa
2872 2604 3003 2658 fecit
3043 2603 3314 2658 Dominus
3350 2605 3509 2658 .Iesus
3552 2603 3610 2658 in

1979 2705 2283 2772 conspectu
2309 2699 2710 2771 discipulorum
2736 2715 2990 2766 suorum,
3027 2698 3125 2769 qui
3153 2715 3267 2752 non
3299 2701 3430 2752 sunt
3470 2697 3607 2752 scri-

1976 2797 2074 2866 pta"
2104 2793 2161 2848 in
2187 2793 2330 2848 libro
2356 2793 2482 2847 hoc.
2517 2794 2641 2847 Haec
2667 2797 2859 2847 autem
2891 2792 3095 2863 scripta
3122 2795 3254 2846 sunt
3282 2795 3347 2846 ut
3375 2790 3612 2846 credatis

1978 2888 2111 2960 quia
2137 2889 2294 2960 Jesus
2324 2891 2405 2942 est
2426 2886 2681 2941 Christus
2701 2887 2870 2940 Filius
2898 2885 3014 2955 Dei,
3047 2889 3102 2940 et
3127 2890 3190 2940 ut
3215 2885 3507 2940 credentes
3533 2883 3612 2938 vi-

1978 2988 2095 3037 tam
2125 2980 2378 3036 habeatis
2406 2980 2465 3036 in
2496 2979 2726 3035 nomine
2756 2981 2896 3051 ejus.

2579 3095 2778 3135 INCIPIT
2819 3095 3000 3134 MISSA.

2051 3163 2422 3236 Omnipotens
2449 3164 2792 3236 sempiterne
2823 3165 2990 3231 Deus,
3016 3162 3115 3235 qui
3142 3162 3418 3235 populum
3445 3166 3611 3218 tuum

1981 3258 2265 3330 Unigeniti
2296 3259 2379 3314 tui
2409 3259 2684 3331 sanguine
2713 3257 3025 3326 redemisti,
3056 3258 3205 3313 solve
3231 3255 3455 3312 vincula
3479 3272 3610 3328 pec-

1980 3357 2232 3407 catorum
2262 3357 2617 3420 nostrorum;
2654 3356 2719 3407 ut
2745 3353 2846 3424 qui
2873 3357 3144 3406 teternam
3170 3351 3344 3406 vitam
3390 3350 3449 3404 in
3477 3365 3610 3405 con-

1978 3446 2216 3501 fessione
2238 3445 2320 3500 tui
2349 3445 2594 3500 nominis
2625 3450 2756 3500 sunt
2783 3445 2994 3516 adepti,
3022 3444 3165 3499 nihil
3192 3443 3431 3500 debeant
3455 3458 3608 3498 mor-

1979 3540 2051 3594 tis
2076 3539 2313 3594 auctori.

2661 3608 2930 3658 Collectio.

2051 3698 2275 3763 Praesta,
2322 3711 2668 3768 quaesumus,
2717 3693 3075 3766 omnipotens
3119 3693 3283 3762 Deus,
3336 3695 3400 3748 ut
3439 3691 3612 3765 hujus

1981 3789 2258 3862 paschalis
2282 3789 2596 3844 festivitatis
2624 3789 2882 3844 mirabile
2926 3791 3346 3844 sacramentum
3383 3791 3440 3842 et
3464 3792 3611 3842 tem-

1980 3884 2233 3955 poralem
2265 3884 2427 3938 nobis
2453 3882 2918 3955 tranquillitatem
2943 3882 3176 3950 tribuat,
3205 3885 3262 3937 et
3292 3881 3470 3938 vitam
3519 3879 3616 3935 tri-

1980 3979 2118 4034 buat
2143 3978 2570 4050 sempiternam.

2605 4068 2729 4116 Post
2759 4065 2990 4116 nomina.

2051 4151 2304 4225 Respice,
2348 4169 2693 4224 quaesumus,
2729 4152 2983 4222 Domine,
3027 4156 3083 4207 et
3121 4155 3481 4224 peccatorum
3515 4167 3614 4207 no-

1981 4249 2230 4302 strorum
2267 4247 2529 4302 tenebras
2573 4251 2764 4302 averte
2809 4264 2822 4300 :
2853 4251 2918 4301 ut
2955 4261 3096 4318 quos
3137 4249 3362 4300 exercet
3395 4244 3615 4300 devotio

1981 4340 2346 4396 solemnitatis
2371 4341 2668 4413 paschalis,
2697 4341 3002 4395 inlustrent
3031 4338 3235 4410 gaudia
3277 4337 3387 4409 piae
3415 4337 3610 4410 cogni-

1978 4433 2146 4488 tionis
2177 4452 2190 4489 :
2218 4438 2273 4489 et
2297 4435 2529 4489 nomina
2558 4450 2685 4506 quae
2713 4433 2943 4488 recitata
2995 4436 3146 4501 sunt,
3181 4431 3238 4486 in
3277 4430 3484 4486 caelesti
3511 4447 3612 4503 pa-

1988 4527 2120 4599 gina
2144 4528 2420 4583 conscribi
2447 4527 2764 4600 praecipias.

2647 4624 2724 4674 Ad
2749 4637 2953 4688 pacem.

2055 4711 2328 4779 Concede,
2375 4726 2721 4784 quesumus,
2767 4709 3124 4782 omnipotens
3165 4710 3330 4779 Deus,
3371 4712 3436 4765 ut
3474 4710 3616 4766 festa

1986 4806 2288 4874 Paschalia,
2319 4822 2446 4878 quas
2473 4805 2768 4862 devotione
2798 4805 3051 4872 colimus,
3071 4804 3322 4860 moribus
3348 4819 3617 4876 exsequa-

1984 4916 2152 4968 mur;
2182 4904 2238 4954 et
2267 4916 2464 4971 pacem
2493 4917 2665 4972 quam
2702 4916 2806 4973 per
2834 4895 3028 4955 omnia
3057 4899 3340 4954 custodire
3375 4897 3610 4968 jussisti,

1984 5010 2098 5048 non
2128 4997 2352 5048 tantum
2383 4994 2622 5065 osculis,
2654 4994 2753 5050 sod
2792 4994 3000 5048 animis
3035 5007 3368 5048 conservare
3397 5007 3498 5046 nos
3518 5001 3610 5064 ju-

1982 5086 2114 5142 beas
2145 5103 2158 5141 :
2189 5093 2251 5142 ut
2278 5087 2625 5159 spiritalibus
2651 5088 2812 5144 donis
2838 5086 3100 5155 instituti,
3127 5085 3427 5158 apostolica
3461 5101 3610 5158 prae-

1984 5185 2145 5252 cepta
2169 5198 2474 5238 servemus.

2627 5251 2958 5304 Contestatio.

2052 5339 2194 5395 Vere
2221 5339 2462 5411 dignum
2487 5343 2544 5394 et
2559 5339 2782 5409 justum
2805 5343 2907 5409 est,
2937 5337 3294 5411 omnipotens
3319 5337 3485 5403 Deus,
3511 5351 3616 5410 per

1981 5433 2266 5489 Christum
2290 5433 2612 5489 Dominum.
2637 5433 2807 5505 Cujus
2829 5449 2982 5488 mors
3003 5433 3274 5488 humana:
3304 5432 3434 5487 vitae
3469 5430 3615 5486 facta

1981 5531 2065 5582 est
2088 5527 2394 5598 reparatio,
2426 5526 2733 5583 destructio
2764 5527 2984 5597 mortis,
3028 5526 3233 5583 ablatio
3257 5523 3490 5599 peccati,
3515 5538 3610 5576 ve-

1980 5671 2339 5742 deponendas
2373 5673 2560 5731 Oratio
2599 5689 2762 5742 quam
2800 5673 2952 5729 debet
2976 5671 3232 5742 sacerdos
3255 5669 3429 5742 dicere
3453 5678 3617 5742 super

1980 5689 2048 5726 ue
2091 5689 2339 5728 onenuas
2373 5689 2560 5731 urano
2599 5689 2762 5742 quam
2800 5689 2952 5729 acuet
2976 5689 3222 5728 sacerdos
3257 5689 3429 5723 awerc
3453 5689 3514 5719 su
3559 5689 3616 5721 er

1977 5689 2238 5810 manus,
2295 5747 2514 5815 quando
2568 5747 2644 5800 eis
2687 5760 2970 5802 scucusare
3021 5745 3160 5808 vult,
3218 5739 3274 5793 id
3326 5739 3410 5791 est
3457 5689 3616 5792 algas

1978 5831 2204 5870 exuere.
