4036 6188
405 315 498 370 5H

1279 306 1610 364 APPENDIX
1648 307 1736 361 AD
1771 305 1992 362 OPERA
2030 307 2084 362 S.
2130 309 2429 364 GERMANI
2468 307 2894 364 PARISIENSIS.

3665 301 3782 366 51-2

400 421 496 478 nia
511 419 754 490 offensis,
779 417 1048 476 redemtio
1070 415 1366 471 hominum
1375 459 1388 485 ,
1402 414 1783 470 reconciliatio
1805 414 2024 486 mundi,
2053 431 2112 504 Α
2129 418 2272 483 Quid
2283 417 2438 473 enim
2451 417 2545 472 illa
2554 433 2716 473 mens
2727 415 2942 489 perﬁda
2953 415 3178 489 poterat
3190 414 3509 490 excogitare
3521 415 3592 472 de
3601 432 3780 475 cruce

405 521 461 572 et
484 521 600 574 tuas
630 518 792 572 Pater
819 513 1043 586 pietatis
1077 512 1220 566 mira
1259 509 1517 582 placatio.
1555 511 1630 566 De
1669 515 1850 565 morte
1877 509 2032 564 enim

405 611 610 668 Christi
639 609 974 666 resurrectio
999 611 1190 661 nostra
1213 605 1367 660 venit
1393 606 1454 660 in
1483 607 1786 675 mundum,
1819 605 1919 676 qui
1967 604 2036 658 si-

404 711 500 762 cut
530 705 646 761 ovis
684 705 754 758 ad
777 702 1116 758 occisionem
1159 718 1262 772 pro
1301 699 1462 755 nobis
1499 700 1699 754 ductus
1737 704 1852 768 est;
1888 702 1944 753 et
1968 702 2037 754 ut

406 817 586 872 agnus
611 814 798 853 coram
825 797 1096 850 tondente
1123 796 1244 851 sine
1272 811 1425 864 voce,
1457 795 1534 848 sic
1563 811 1680 848 non
1726 793 1947 865 aperuit
1975 809 2036 846 os

407 911 591 950 suum.
623 892 719 946 Hic
743 891 894 945 enim
917 896 1000 946 est
1025 907 1206 962 agnus
1227 891 1325 944 Dei
1347 890 1672 960 unigenitus
1695 888 1864 942 Filius
1885 893 2033 957 tuus,

405 989 502 1060 qui
529 987 672 1042 tollit
697 991 924 1058 peccata
950 985 1150 1040 mundi
1181 1003 1194 1040 :
1220 986 1318 1058 qui
1347 1001 1405 1040 se
1433 1001 1536 1056 pro
1567 983 1727 1038 nobis
1752 982 2038 1037 offerendo

405 1099 518 1138 non
555 1081 780 1150 desinit,
819 1097 1036 1152 nosque
1076 1081 1227 1152 apud
1271 1083 1326 1135 te
1359 1083 1637 1150 perpetua
1679 1076 2039 1132 advocatione

403 1175 653 1232 defendit
697 1192 712 1228 :
766 1175 899 1247 quia
933 1191 1252 1246 numquam
1285 1173 1527 1228 moritur
1555 1172 1902 1240 immolatus,
1943 1169 2040 1224 sed

405 1286 629 1342 semper
652 1269 790 1324 vivit
815 1268 1047 1324 occisus.
1077 1269 1257 1333 Quem
1285 1269 1542 1337 laudant,
1575 1271 1682 1321 etc.

847 1365 974 1411 Item
1001 1361 1306 1412 contestatio
1327 1360 1602 1425 paschalis.

429 1463 438 1476 ι
474 1439 614 1492 Vere
639 1437 880 1507 dignum
909 1441 965 1490 et
983 1436 1206 1506 justum
1237 1439 1321 1488 est
1346 1433 1707 1504 omnipotens
1739 1433 1904 1498 Deus,
1949 1447 2040 1486 cu-

398 1533 494 1603 jus
518 1547 551 1585 a
575 1531 776 1585 mundi
797 1529 1016 1601 origine
1045 1527 1450 1583 inaestimabilis
1471 1543 1606 1598 erga
1627 1525 1926 1580 hominum
1949 1542 2040 1597 ge-

405 1641 514 1682 nus
541 1624 761 1680 dilectio
787 1627 1145 1694 perseverat;
1169 1623 1307 1677 dum
1325 1622 1510 1692 justos
1529 1637 1632 1692 per
1655 1620 1804 1674 viam
1829 1624 2040 1674 rectam

409 1719 727 1792 gradientes
753 1718 1036 1772 caelestem
1061 1716 1216 1771 ducit
1239 1717 1307 1770 ad
1329 1715 1594 1787 patriam,
1627 1717 1684 1768 et
1723 1717 2042 1786 peccatores

2132 532 2258 588 quae
2276 516 2396 586 jam
2409 515 2766 587 sacrilegium
2784 511 3214 568 commiseratin
3229 516 3516 567 auctorem
3526 512 3554 568 ?
3575 512 3776 586 Itaque

2133 609 2276 664 sicut
2286 609 2344 664 in
2357 609 2559 664 Christi
2573 607 2982 664 resurrectione
2994 606 3264 662 calliditas
3273 608 3300 662 J
3308 607 3600 662 udaeorum
3615 607 3778 662 dam-

2135 709 2265 759 nata
2277 704 2464 772 est,ita
2476 703 2634 758 estin
2645 701 2827 758 crucis
2839 700 3285 756 manifestatione
3298 699 3519 756 virtutis
3533 701 3774 757 confusa

2841 783 3069 832 Secreta.

2205 849 2380 902 Deum
2417 851 2728 902 creatorem
2753 851 2810 902 et
2843 846 3223 902 redemtorem
3256 847 3534 913 nostrum,
3581 844 3682 916 qui
3709 845 3778 901 in

2137 958 2325 1010 carne,
2357 957 2528 1013 quam
2557 940 2798 1012 sumpsit
2824 940 2893 994 de
2923 938 3176 1009 Virgine,
3207 954 3310 1009 pro
3353 937 3524 992 totius
3567 939 3774 994 mundi

2139 1036 2316 1090 salute
2345 1034 2694 1090 admirabilis
2721 1033 2905 1088 hostia
2929 1032 3257 1087 immolatus
3285 1037 3368 1087 est
3392 1031 3452 1086 in
3481 1032 3661 1087 crucis
3685 1032 3774 1088 al-

2139 1130 2246 1184 tari
2263 1148 2279 1198 ;
2300 1134 2356 1184 et
2367 1133 2602 1200 pr0pter
2625 1128 3023 1199 expellendum
3033 1142 3336 1195 venenum,
3351 1126 3502 1198 quod
3515 1126 3574 1180 in
3593 1126 3778 1182 Adam

2139 1225 2322 1279 fuerat
2341 1223 2598 1278 suasione
2619 1222 2894 1294 serpentis
2917 1213 3192 1286 infusum,
3219 1219 3459 1291 preciosi
3481 1220 3778 1292 sanguinis

2141 1317 2390 1390 porrexit
2431 1317 2772 1383 antidotum,
2817 1321 2879 1370 ut
2913 1314 3168 1370 criminis
3213 1315 3434 1387 antiqui
3479 1319 3776 1385 peccatum

2139 1417 2256 1466 tam
2283 1427 2432 1466 novo
2472 1410 2740 1464 sacriﬁcio
2783 1412 3166 1482 purgaretur;
3205 1413 3262 1462 et
3289 1424 3462 1476 mors,
3491 1425 3620 1479 quae
3649 1424 3776 1480 pro-

2141 1505 2306 1560 cessit
2331 1505 2608 1576 gustando
2637 1505 2705 1559 de
2732 1503 2980 1558 scientiae
3005 1503 3181 1574 ligno,
3215 1507 3534 1558 moreretur
3559 1519 3664 1573 per
3697 1502 3772 1556 li-

2143 1615 2350 1671 gnum;
2385 1599 2663 1670 supplices
2699 1599 3090 1669 deprecamur,
3124 1601 3187 1651 ut
3224 1613 3348 1666 nos,
3385 1612 3524 1668 quos
3563 1595 3776 1668 eripuit

2143 1693 2210 1749 de
2235 1693 2457 1748 inferno
2483 1709 2586 1763 per
2605 1693 2776 1764 hujus
2801 1691 2948 1763 signi
2973 1691 3311 1762 patibulum,
3361 1690 3614 1761 ejusdem
3639 1707 3774 1762 pro-

406 1786 476 1868 ab
492 1811 786 1884 iniquitate
805 1827 1104 1865 conversos
1123 1786 1423 1880 paternam
1443 1813 1693 1880 reportat
1710 1807 1781 1862 ad
1799 1807 2042 1879 gratiam

2143 1786 2384 1842 tectione
2410 1786 2682 1858 perducat
2711 1786 3071 1884 adﬁregnum:

405 1906 543 1962 Hinc
567 1922 702 1976 ergo
729 1909 831 1972 est,
867 1904 1225 1975 omnipotens
1251 1905 1413 1972 Deus,
1456 1902 1608 1974 quod
1633 1901 1905 1956 Dominus
1932 1917 2037 1956 no—

404 2004 518 2054 ster
543 2001 702 2054 Jesus
735 1999 988 2054 Christus
1025 1999 1169 2053 sicut
1207 1997 1463 2068 passione
1509 2013 1610 2052 sua
1645 1995 1918 2068 exspoliat
1947 1995 2036 2050 in-

403 2094 573 2160 feros,
603 2093 684 2148 ita
707 2093 877 2148 etiam
903 2093 1318 2148 resurrectione
1359 2107 1460 2145 sua
1496 2089 1802 2158 manubiis,
1833 2089 2040 2160 quibus

403 2191 650 2243 tartarea
677 2188 856 2242 vincla
889 2187 1216 2252 nudaverat,
1241 2185 1470 2240 vestivit
1503 2183 1888 2255 potentialiter
1929 2199 2038 2237 cae-

411 2283 509 2338 los.
542 2284 649 2338 Per
673 2298 844 2354 quem
877 2281 1224 2352 Majestatem
1253 2284 1431 2334 tuam.

720 2397 878 2437 MISS).
917 2399 972 2436 ΙΝ
1011 2396 1334 2436 INVENTIONE
1373 2393 1589 2434 SANCTE
1617 2389 1720 2451 -ι-ιι

621 2470 852 2534 Epistola
881 2469 1020 2519 Pauli
1047 2467 1268 2532 apostoli
1300 2467 1366 2516 ad
1395 2468 1748 2529 Philippenses
1775 2479 1822 2518 b.

483 2543 720 2610 Fratres,
749 2542 855 2595 hoc
886 2542 1089 2596 sentite
1116 2541 1176 2594 in
1195 2540 1351 2596 vobis
1381 2539 1530 2610 quod
1561 2539 1618 2592 in
1640 2536 1860 2592 Christo
1887 2535 2039 2602 Jesu,

403 2635 520 2708 qui,
554 2652 684 2690 cum
710 2635 770 2689 in
795 2636 980 2690 forma
1001 2635 1095 2690 Dei
1124 2639 1288 2701 esset,
1313 2650 1430 2688 non
1453 2631 1712 2704 rapinam
1740 2629 2043 2684 arbitratus

403 2733 633 2786 estesse
661 2745 718 2790 se
745 2729 1024 2800 aequalem
1069 2730 1202 2796 Deo,
1245 2727 1340 2782 sed
1389 2727 1760 2797 semetipsum
1794 2721 2043 2778 exinani-

403 2823 482 2880 vit
513 2823 760 2878 formam
791 2823 936 2878 servi
963 2823 1261 2894 accipiens,
1293 2822 1352 2876 in
1396 2819 1821 2875 similitudinem
1855 2814 2041 2870 homi-

403 2934 544 2972 num
571 2918 770 2986 factus,
801 2921 856 2973 et
880 2917 1084 2971 habitu
1111 2917 1374 2971 inventus
1405 2921 1465 2970 ut
1491 2915 1682 2969 homo.
1721 2911 2045 2967 Humiliavit

406 3011 790 3081 semetipsum,
821 3011 999 3064 factus
1019 3011 1284 3064 obediens
1309 3025 1486 3080 usque
1511 3008 1580 3062 ad
1607 3010 1872 3072 mortem,
1897 3021 2044 3058 mor-

403 3109 520 3160 tem
547 3108 736 3158 antem
769 3103 968 3158 crucis.
1002 3105 1236 3174 Propter
1265 3103 1415 3174 quod
1443 3105 1498 3156 et
1528 3102 1670 3155 Deus
1695 3099 1861 3154 illum
1885 3097 2038 3153 exal-

403 3197 561 3265 tavit,
580 3201 636 3252 et
661 3196 888 3252 donavit
915 3196 998 3250 illi
1020 3213 1231 3250 nomen
1259 3212 1429 3266 super
1455 3211 1624 3249 omne
1645 3209 1874 3262 nomen,
1898 3195 1964 3246 ut
1982 3191 2041 3246 in
2062 3178 2116 3252 C

405 3289 634 3346 nomine
657 3292 788 3346 Jesu
814 3305 980 3344 omne
1009 3305 1159 3360 genu
1183 3289 1460 3356 flectatur,
1499 3287 1826 3354 caelestium,
1857 3289 2036 3340 terre-

403 3385 603 3440 strium
630 3389 685 3440 et
709 3384 1098 3452 infernorum;
1142 3387 1198 3437 et
1239 3382 1423 3436 omnis
1464 3381 1662 3452 lingua
1702 3380 2039 3434 conﬁteatur

400 3478 534 3551 quia
560 3478 830 3533 Dominus
854 3479 1011 3532 Jesus
1039 3477 1292 3532 Christus
1319 3477 1378 3530 in
1400 3475 1575 3546 gloria
1600 3479 1685 3529 est
1706 3474 1807 3529 Dei
1837 3472 2034 3528 Patris.

557 3571 732 3622 Lectio
756 3573 922 3621 sancti
943 3570 1212 3634 Evangelii
1235 3569 1524 3620 secundum
1551 3568 1862 3618 Matthteum.

473 3657 666 3714 Simile
689 3661 773 3712 est
795 3673 1041 3728 regnum
1061 3658 1330 3711 cmlorum
1351 3656 1616 3710 thesauro
1635 3653 1960 3709 abscondito
1981 3651 2038 3706 in

401 3767 558 3822 agro,
580 3767 753 3820 quem
771 3750 870 3821 qui
897 3750 1112 3806 invenit
1138 3751 1310 3804 homo
1337 3749 1647 3817 abscondit,
1676 3751 1733 3802 et
1753 3763 1870 3818 prae
1897 3763 2030 3818 gau-

403 3842 494 3896 dio
525 3841 673 3897 illius
697 3843 872 3908 vadit,
901 3847 958 3897 et
997 3841 1250 3898 vendidit
1293 3841 1550 3896 universa
1589 3857 1716 3912 qua:
1753 3839 1943 3907 habet,
1983 3842 2040 3894 et

404 3934 545 3990 emit
570 3951 774 4006 agrum
800 3935 983 3990 illum.
1014 3937 1224 3989 Iterum
1261 3935 1442 3990 simile
1472 3939 1556 3989 est
1583 3949 1827 4004 regnum
1871 3933 2036 3986 caelo-

408 4045 536 4083 rum
561 4027 780 4083 homini
807 4027 1150 4100 negotiatori
1178 4028 1457 4098 quaerenti
1481 4027 1655 4082 bonas
1681 4025 2034 4097 margaritas.

409 4124 637 4178 Inventa
656 4125 849 4178 autem
873 4127 990 4176 una
1013 4121 1266 4192 preciosa
1289 4121 1616 4192 margarita,
1641 4119 1799 4188 abiit,
1827 4123 1884 4174 et
1909 4135 2040 4174 ven-

403 4215 548 4272 didit
571 4216 762 4270 omnia
785 4233 914 4288 qua:
941 4213 1164 4280 habuit,
1196 4219 1253 4269 et
1280 4215 1420 4270 emit
1443 4231 1586 4269 eam.
1625 4215 1834 4268 lterum
1859 4211 2040 4266 simile

401 4314 486 4366 est
509 4317 754 4383 regnum
779 4311 1048 4365 caelorum
1073 4325 1298 4381 sagenze
1345 4308 1531 4363 missae
1571 4307 1632 4362 in
1675 4323 1854 4374 mare,
1885 4309 1941 4360 et
1969 4321 2038 4360 ex

400 4405 556 4460 omni
588 4421 794 4476 genere
825 4403 1066 4476 piscium
1103 4402 1473 4474 congreganti
1505 4419 1518 4456 :
1552 4417 1724 4474 quam
1759 4417 1888 4454 cum
1935 4398 2041 4453 im-

401 4498 549 4570 pleta
579 4503 742 4567 esset,
773 4499 1094 4567 educentes,
1125 4498 1420 4570 elegerunt
1445 4497 1622 4551 bonos
1649 4496 1710 4550 in
1733 4511 1882 4563 vasa,
1913 4510 2036 4548 ma-

401 4591 484 4645 los
511 4595 702 4646 autem
729 4591 878 4645 foras
903 4592 1201 4646 miserunt.
1226 4591 1315 4647 Sic
1335 4591 1444 4646 erit
1463 4591 1524 4645 in
1545 4588 2036 4646 consummatione

399 4679 609 4734 smeuli.
637 4679 885 4735 Exibunt
911 4681 1119 4752 angeli,
1159 4685 1214 4735 et
1242 4681 1584 4752 separabunt
1609 4680 1786 4734 malos
1811 4678 1880 4734 de
1915 4694 2036 4732 me-

400 4769 492 4824 dio
511 4768 820 4840 justorum,
855 4772 910 4823 et
935 4770 1163 4823 mittent
1204 4785 1296 4822 eos
1320 4770 1381 4824 in
1409 4770 1696 4824 caminum
1735 4766 1887 4839 ignis
1915 4783 1927 4821 :
1959 4765 2038 4820 ibi

401 4867 508 4922 erit
535 4866 701 4922 ﬂetus
722 4870 779 4921 et
807 4865 1014 4920 stridor
1041 4865 1321 4921 dentium.

1013 4973 1214 5014 INCIPIT
1255 4975 1429 5014 MISSA.

469 5039 861 5096 Venerabilem
905 5041 1022 5093 toto
1059 5038 1272 5092 mundo
1318 5037 1388 5094 de
1449 5037 1772 5093 inventione
1831 5043 2038 5094 sanctae

401 5137 592 5192 Crucis
638 5136 1078 5191 sacratissimum
1117 5136 1267 5191 diem
1302 5135 1651 5190 sollemniter
1687 5137 2034 5192 celebrantes

403 5225 609 5298 gratias
653 5241 888 5296 agamus
940 5225 1146 5280 divinas
1179 5225 1472 5298 potentiae,
1518 5225 1618 5296 qui
1647 5227 1813 5279 tantae
1844 5225 2037 5280 salutis

401 5313 687 5382 vexillum,
716 5315 867 5384 quod
905 5315 1137 5370 Judaica
1183 5315 1345 5370 nobis
1383 5313 1763 5369 abscondehat
1799 5314 2034 5383 malitia,

400 5407 638 5463 caelestis
666 5407 832 5462 hodie
875 5409 1146 5464 revelavit
1189 5409 1508 5465 clementia.
1561 5409 1699 5462 Nam
1752 5408 1854 5462 etsi
1900 5423 2037 5480 gens

401 5497 617 5570 perﬁda
643 5497 953 5552 Dominum
977 5503 1234 5553 nostrum
1263 5498 1322 5553 in
1348 5497 1603 5570 sepulcro
1641 5497 1884 5552 retinere
1921 5514 2036 5552 non

399 5593 602 5665 potuit,
635 5591 722 5648 vel
747 5591 868 5662 ipsa
888 5591 1078 5647 Crucis
1101 5591 1307 5646 indicia
1329 5592 1505 5647 voluit
1530 5593 1632 5646 sub
1659 5591 1807 5647 fossa
1833 5592 2032 5648 celare.

465 5711 493 5743 ⁸
519 5714 766 5770 Habetur
789 5713 928 5769 item
946 5713 1120 5768 missa
1141 5713 1208 5767 de
1231 5728 1296 5767 ea
1322 5712 1382 5766 in
1398 5712 1649 5782 Gothico,
1674 5713 1770 5768 sed
1796 5714 2034 5769 diversa.

401 5783 642 5840 Observa
684 5785 776 5841 hic
819 5785 1004 5841 nullas
1044 5783 1322 5854 assignari
1349 5782 1546 5854 missas
1589 5801 1692 5854 pro
1732 5784 2038 5840 Dominicis

401 5859 526 5923 post
549 5857 774 5927 Pascha,
803 5857 937 5929 quia
956 5853 1244 5930 paschales
1271 5853 1694 5926 repetebantur.

2213 1931 2350 1984 Vere
2368 1928 2606 2000 dignum
2627 1932 2683 1984 et
2701 1865 3430 1999 jugaliitieztsittlgmnipotens
3455 1928 3602 1982 Deus
3633 1943 3647 1982 :
3675 1927 3780 2000 qui

2144 2039 2322 2096 genus
2349 2023 2670 2077 humanum
2693 2020 3156 2093 praevaricatione
3184 2037 3288 2075 sua
3315 2021 3377 2074 in
3403 2020 3582 2092 ipsius
3609 2020 3784 2093 origi-

2141 2118 2230 2172 nis
2249 2117 2434 2172 radice
2455 2116 2818 2171 damnatum:
2837 2132 2942 2188 per
2961 2115 3162 2170 ﬂorem
3172 2115 3464 2186 virginalis
3485 2114 3634 2170 uteri
3655 2115 3782 2170 red-

2142 2212 2274 2266 dere
2303 2211 2568 2282 dignatus
2594 2226 2652 2265 es
2680 2210 3000 2264 absolutum
3028 2229 3044 2264 :
3077 2214 3134 2264 et
3173 2209 3472 2264 hominem
3511 2209 3779 2279 recreari,

2141 2310 2206 2360 ut
2231 2304 2502 2374 diabolus,
2549 2304 2649 2374 qui
2685 2304 2865 2358 Adam
2919 2303 2978 2357 in
3033 2303 3222 2374 fragili
3260 2319 3426 2358 carne
3471 2303 3776 2372 devicerat,

2063 2469 2070 2474 ι
2143 2401 2466 2453 conservata
2483 2397 2702 2468 justitia
2727 2415 2758 2451 a
2787 2399 2898 2452 Deo
2915 2413 3082 2451 carne
3105 2396 3437 2451 redderetur
3449 2397 3774 2468 adsumpta,

2144 2509 2272 2546 cum
2288 2492 2600 2563 perfectum
2615 2491 2916 2546 Dominum
2935 2493 2960 2546 J
2967 2507 3126 2545 esum
3146 2490 3434 2546 Christum
3455 2491 3512 2545 in
3534 2497 3778 2562 utraque

2143 2585 2453 2642 substantia
2479 2585 2652 2640 hostis
2677 2589 2937 2640 temtaret
2977 2584 3279 2653 humilem,
3312 2585 3406 2639 sed
3445 2591 3783 2656 agnosceret

2145 2684 2573 2752 praepotentem.
2602 2680 2740 2734 Nam
2770 2678 3122 2734 adversarius
3141 2683 3332 2732 noster
3351 2695 3456 2734 nec
3475 2696 3508 2732 a
3527 2679 3646 2734 solo
3667 2679 3782 2734 Deo

2143 2774 2342 2830 certari
2369 2777 2606 2845 poterat,
2636 2789 2740 2828 nec
2765 2791 2797 2828 a
2823 2773 2938 2828 solo
2965 2772 3199 2827 homine
3231 2773 3515 2827 debellari.
3541 2773 3650 2828 Sed
3677 2789 3782 2827 cu-

2137 2865 2232 2934 jus
2267 2867 2597 2935 provocatus
2625 2862 2830 2917 visibili
2869 2877 3125 2934 corpore,
3163 2861 3342 2916 victus
3383 2867 3466 2917 est
3509 2862 3782 2918 invisibili

2142 2961 2436 3030 potestate.
2461 2957 2558 3010 Dic
2585 2956 2781 3028 igitur,
2824 2956 3000 3010 hostis
3035 2955 3287 3027 antique,
3315 2973 3426 3027 quo
3473 2959 3576 3010 tua
3603 2955 3784 3024 fraus,

2145 3069 2257 3124 quo
2286 3056 2644 3122 argumenta,
2673 3067 2785 3122 quo
2807 3049 3130 3121 serpentina
3147 3049 3380 3104 consilia
3407 3053 3536 3104 sunt
3558 3051 3782 3106 vorata?

2143 3147 2280 3200 Ecce
2323 3146 2588 3215 deceptor
2626 3145 2891 3215 deceptus
2935 3148 3025 3212 es',
3073 3149 3130 3198 et
3179 3144 3280 3215 qui
3325 3144 3786 3215 triumpharem

2141 3239 2500 3294 conculcaris.
2533 3240 2671 3292 Nam
2700 3255 2847 3306 caro,
2879 3254 3006 3309 quae
3033 3237 3136 3294 tibi
3159 3237 3266 3292 fuit
3297 3237 3356 3292 in
3381 3238 3558 3292 Adam
3597 3238 3784 3308 cibus,

2139 3335 2316 3390 factus
2341 3337 2426 3386 est
2463 3333 2522 3386 in
2564 3331 2782 3386 Christo
2821 3332 3081 3386 interitus
3110 3335 3204 3386 :et
3227 3331 3377 3386 unde
3429 3332 3587 3403 prius
3631 3348 3782 3402 esca,

2139 3427 2268 3482 inde
2312 3411 2575 3481 successit
2621 3427 2881 3498 penuria.
2933 3426 3039 3482 Sed
3081 3425 3368 3480 videamus
3413 3425 3510 3480 ubi
3537 3427 3786 3498 contigit

2139 3538 2323 3593 poena,
2354 3521 2422 3575 de
2454 3537 2565 3592 qua
2591 3525 2848 3575 tenemus
2871 3519 3162 3574 victoriam
3191 3535 3204 3574 :
3235 3523 3291 3574 et
3315 3519 3618 3574 adoremus
3647 3537 3784 3575 cru-

2139 3616 2218 3669 cis
2259 3614 2634 3686 signaculum,
2673 3630 2776 3686 per
2813 3613 2964 3685 quod
2995 3613 3189 3668 salutis
3231 3613 3540 3668 sumsimus
3591 3629 3776 3669 sacra-

2137 3713 2414 3763 mentum.
2441 3709 2577 3762 Ecce
2619 3724 2760 3762 crux
2801 3707 3137 3762 venerabilis
3171 3707 3457 3761 evacuatio
3507 3708 3774 3776 vulneris,

2137 3803 2415 3858 restitutio
2444 3801 2714 3871 sanitatis,
2741 3801 2874 3856 ﬁdei
2902 3801 3215 3870 oraculum,
3263 3801 3382 3872 spei
3414 3800 3775 3873 suffragium,

2137 3896 2386 3951 victoria:
2415 3896 2858 3950 ﬁrmamentum.
2891 3897 2952 3950 In
2987 3895 3092 3949 hac
3123 3895 3396 3949 Dominus
3429 3899 3624 3950 noster
3651 3912 3780 3950 ma-

2137 4007 2245 4044 nus
2293 4007 2475 4046 sacras
2516 3994 2873 4061 pugnaturus
2918 3989 3156 4044 inseruit
3199 4007 3212 4043 :
3245 3988 3306 4043 in
3349 3989 3455 4043 hac
3503 3993 3570 4042 ut
3615 3989 3782 4044 nobis

2137 4083 2388 4156 palmam
2413 4083 2708 4152 tribueret,
2753 4099 2882 4137 suas
2911 4081 3126 4153 palmas
3156 4082 3500 4153 Redemptor
3521 4083 3778 4153 aptavit;

2139 4181 2195 4233 et
2212 4177 2372 4248 quasi
2395 4175 2456 4231 in
2483 4181 2690 4232 statera
2716 4193 2773 4232 se
2799 4177 2986 4248 ipsum
3027 4193 3132 4248 pro
3167 4175 3356 4247 precio
3399 4179 3594 4232 nostro
3633 4192 3780 4248 pen-

2139 4271 2298 4340 savit,
2332 4275 2392 4326 ut
2419 4271 2532 4326 vita
2565 4270 2792 4326 vendita
2817 4269 2978 4325 fieret
3017 4287 3170 4324 mors
3205 4269 3450 4341 captiva.
3487 4271 3546 4323 In
3573 4269 3680 4324 hac
3705 4285 3780 4326 ne

2137 4365 2386 4420 mundus
2423 4381 2654 4437 gravem
2701 4363 2927 4434 lapsum
2989 4367 3262 4434 gemeret,
3321 4367 3546 4417 sanctos
3601 4361 3778 4435 pedes

2137 4459 2389 4514 Christus
2415 4457 2631 4528 adﬁxit,
2660 4461 2716 4513 et
2735 4462 2930 4512 contra
2953 4457 3159 4512 fortem
3185 4457 3382 4511 fortior
3423 4460 3610 4512 totum
3645 4473 3774 4511 cor-

2057 4554 2116 4625 Ι)
2137 4569 2244 4624 pus
2263 4553 2716 4624 triumphaturus
2743 4551 3017 4606 extendit.
3049 4553 3158 4605 Hoc
3185 4555 3378 4606 tamen
3404 4550 3529 4622 plus
3557 4553 3643 4606 est
3663 4551 3774 4606 mi-

2137 4647 2333 4716 rabile,
2388 4647 2522 4718 quia
2564 4645 2716 4718 quod
2757 4649 2876 4700 toto
2915 4645 3130 4700 mundo
3171 4643 3492 4716 profecerit,
3547 4645 3609 4698 in
3655 4659 3774 4699 uno

2137 4744 2288 4795 stans
2315 4741 2504 4812 stipite
2528 4755 2758 4794 cursum
2781 4739 2957 4794 victor
2981 4738 3252 4810 implevit.
3277 4738 3321 4793 Ο
3355 4754 3494 4792 crux
3521 4737 3772 4793 admira-

2136 4833 2235 4888 bili
2263 4834 2468 4888 virtute
2505 4834 2855 4905 praecellens,
2899 4832 3153 4887 muneris
3205 4831 3447 4904 preciosi
3491 4831 3772 4903 largitrix,

2137 4943 2266 5000 qua!
2283 4925 2470 4983 reddis
2496 4928 2644 4982 cives
2669 4927 2737 4982 de
2764 4926 3100 4998 peregrinis,
3131 4925 3310 4980 felicis
3348 4925 3417 4981 de
3457 4925 3771 4998 naufragis,

2137 5021 2339 5076 liberos
2365 5021 2433 5077 de
2472 5021 2735 5091 subditis,
2779 5021 2995 5076 vivaces
3043 5020 3218 5076 efﬁcis
3261 5020 3330 5075 de
3350 5019 3660 5091 peremtis!
3691 5019 3776 5075 Ad

2139 5117 2302 5170 caelos
2332 5115 2493 5171 ducis
2519 5116 2588 5170 de
2623 5115 2871 5185 tartaris,
2901 5115 3111 5170 amicos
3151 5130 3382 5170 revocas
3416 5131 3486 5169 ex
3521 5113 3771 5180 offensis,

2137 5210 2425 5281 adoptivos
2447 5210 2582 5264 facis
2607 5209 2676 5264 de
2695 5209 2947 5280 perditis,
2979 5208 3216 5264 heredes
3235 5207 3485 5264 instituis
3515 5207 3586 5262 de
3611 5208 3772 5263 dam-

2137 5304 2301 5359 natis.
2349 5305 2484 5359 Vere
2526 5302 2763 5358 summis
2808 5303 2980 5375 digna
3024 5303 3318 5375 praeconis,
3366 5317 3497 5373 quae
3541 5301 3774 5356 viduata

2137 5398 2360 5454 inferno
2385 5398 2586 5453 dotasti
2611 5397 2957 5468 paradisum,
2985 5401 3041 5452 et
3068 5397 3244 5452 virtus
3269 5412 3397 5468 quae
3429 5396 3590 5450 illum
3636 5395 3772 5449 sub—

2139 5492 2298 5560 didit,
2341 5492 2492 5546 hunc
2537 5491 2736 5546 erexit.
2776 5493 2856 5546 Tu
2901 5491 3078 5546 nostri
3125 5490 3322 5561 capitis
3369 5490 3545 5562 galea,
3585 5488 3774 5544 lateris

2137 5586 2350 5657 palma,
2380 5583 2620 5656 pectoris
2645 5601 2704 5640 es
2743 5585 2935 5655 lorica,
2979 5591 3036 5640 et
3061 5583 3330 5657 quicquid
3357 5587 3478 5639 tota
3515 5582 3774 5638 membra

2209 5712 2236 5752 δ
2261 5710 2568 5784 Sequentes
2607 5711 2736 5767 dum
2773 5713 3062 5784 Lectiones
3101 5710 3460 5784 subsequenti
3509 5709 3649 5766 festo
3675 5707 3768 5762 in-

2139 5786 2322 5838 ventae
2346 5783 2537 5838 Crucis
2559 5783 2920 5840 conveniunt.
