3982 6190
195 309 271 362 513

634 301 1243 358 SACRAMENTARIUM
1283 301 1727 357 GALLICANUM.
1771 329 1838 338 —
1877 299 2244 356 LECTIONES
2281 301 2369 354 DE
2404 301 2712 355 ADVENTU
2753 299 3009 356 DOMINI.

3407 305 3506 358 514

186 412 526 486 poposcerint,
567 411 680 464 sola
724 411 930 466 sufﬁcis
977 411 1344 483 praemunire.
1391 413 1528 466 Ecce
1559 411 1771 465 factum
1795 423 1854 496 Α
1874 409 2071 480 scipuli
2099 409 2218 479 ejus
2231 409 2476 464 dicentes
2507 428 2520 463 :
2552 410 2816 464 Desertus
2856 414 2941 464 est
2955 410 3128 478 locus,
3153 414 3210 464 et
3233 409 3372 464 hora
3383 411 3504 481 jam

186 511 251 562 est
273 506 420 561 nobis
448 507 670 577 signum
697 505 875 560 crucis
901 505 962 559 in
986 505 1198 560 bonum
1226 522 1329 576 per
1345 505 1631 560 Christum
1660 505 1769 558 Do-

186 601 375 655 minum
401 604 673 654 nostrum.

537 722 692 762 MISSA
730 723 784 762 IN
825 723 1082 763 LETANIAS
1123 723 1374 762 DICENDA.

639 790 702 842 In
719 789 970 842 Letam'as
992 789 1216 856 legenda
1227 785 1274 841 ⁸.

601 867 774 915 Lectio
830 867 982 916 Johel
1031 866 1317 930 prOpbetaa.

237 942 348 996 Hzec
376 940 507 994 dicit
548 940 816 995 Dominus
847 960 860 995 :
895 940 1300 995 Convertimini
1341 940 1411 994 ad
1451 956 1540 994 me
1571 939 1630 993 in
1660 942 1776 993 toto

180 1035 319 1089 corde
344 1038 539 1102 vestro,
569 1035 626 1089 in
645 1035 884 1106 jejunio,
910 1039 966 1088 et
990 1035 1146 1101 ﬂetu,
1174 1040 1230 1089 et
1255 1034 1315 1088 in
1342 1035 1572 1104 planctu
1601 1050 1614 1087 :
1640 1032 1778 1086 scin-

180 1129 274 1184 dite
299 1129 456 1183 corda
483 1133 684 1197 vestra,
719 1134 773 1183 et
803 1146 915 1183 non
946 1130 1282 1184 vestimenta
1311 1133 1529 1196 vestra;
1558 1131 1614 1181 et
1640 1144 1774 1181 con-

179 1222 428 1277 vertimini
444 1223 510 1276 ad
525 1223 831 1277 Dominum
845 1224 1023 1278 Deum
1051 1229 1320 1291 vestrum,
1345 1222 1477 1293 quia
1495 1221 1780 1292 benignus

179 1319 222 1370 et
246 1316 544 1370 misericors
582 1322 683 1371 est.
726 1317 917 1371 Canite
958 1317 1094 1371 tuba
1139 1317 1199 1370 in
1243 1316 1392 1385 Sion,
1437 1315 1780 1369 sanctilicate

174 1408 442 1479 jejunium,
475 1415 670 1465 vocate
694 1416 923 1481 cretum,
956 1415 1297 1482 congregate
1319 1411 1615 1481 populum,
1649 1425 1777 1462 san-

179 1502 381 1557 ctificata
411 1504 724 1574 ecclesiam,
753 1509 947 1560 vocate
976 1521 1135 1559 senes
1166 1509 1223 1558 et
1259 1508 1522 1575 sugentes
1553 1501 1622 1556 ad
1647 1501 1780 1555 ube-

179 1616 246 1654 ra.
271 1603 408 1656 Inter
430 1602 772 1657 vestibulum
814 1609 870 1658 et
906 1603 1084 1657 altare
1123 1603 1424 1674 plorabant
1467 1601 1780 1655 sacerdotes

178 1693 390 1747 ministri
432 1695 680 1762 Domini,
710 1702 768 1751 et
791 1697 980 1752 dicent
1011 1714 1024 1750 :
1055 1699 1248 1766 Parce,
1277 1695 1535 1758 Domine,
1571 1694 1780 1766 populo

179 1794 272 1855 tuo,
297 1793 348 1842 et
371 1805 439 1842 ne
468 1789 569 1843 des
595 1790 965 1844 hereditatem
999 1796 1153 1844 tuam
1198 1790 1257 1844 in
1295 1789 1685 1862 Opprobrium.
1716 1789 1783 1841 Et
1803 1807 1858 1878 B

178 1882 433 1953 respondit
474 1883 765 1952 Dominus,
809 1889 864 1938 et
906 1884 1049 1938 dixit
1078 1885 1288 1955 populo
1327 1900 1427 1937 suo
1461 1901 1473 1937 :
1509 1885 1644 1936 Ecce
1673 1898 1778 1953 ego

179 1976 368 2028 mittam
394 1976 546 2029 vobis
574 1976 948 2047 frumentum,
971 1978 1170 2031 vinum
1201 1983 1256 2031 et
1282 1978 1489 2043 oleum,
1521 1981 1576 2030 et
1602 1975 1779 2046 reple-

179 2065 346 2122 bimini
371 2086 434 2122 eo
463 2075 519 2124 et
569 2087 682 2124 non
727 2071 873 2125 dabo
901 2088 993 2125 vos
1026 2071 1178 2125 ultra
1222 2071 1278 2124 in
1314 2062 1682 2142 opprobrium
1720 2069 1779 2122 in

181 2162 425 2231 gentibus,
455 2163 594 2234 quia
624 2164 750 2218 dedi
777 2165 931 2219 vobis
957 2167 1251 2219 Doctorem
1271 2163 1528 2234 justitiaz,
1557 2168 1613 2217 et
1662 2162 1780 2216 des-

180 2256 379 2310 cendere
405 2257 613 2312 faciam
637 2259 708 2313 ad
727 2276 822 2313 vos
846 2259 1090 2314 imbrem
1119 2258 1467 2313 matutinum
1496 2262 1551 2313 et
1579 2256 1776 2311 seroti-

179 2365 312 2417 num,
339 2352 413 2405 ait
439 2352 716 2406 Dominus
745 2354 911 2408 Deus.

306 2445 470 2494 Lectio
500 2446 671 2495 sancti
700 2445 967 2509 Evangelii
995 2445 1282 2495 secundum
1308 2445 1618 2494 Matthzeum.

237 2525 418 2579 Diebus
448 2526 583 2592 illis,
615 2527 756 2581 dixit
800 2527 1074 2580 Dominus
1113 2528 1270 2580 Jesus
1308 2526 1596 2596 discipulis
1617 2525 1731 2579 suis
1764 2542 1776 2578 :

181 2618 387 2672 Audistis
406 2620 540 2690 quia
572 2621 785 2674 dictum
809 2626 893 2676 est
910 2620 1175 2690 antiquis,
1212 2620 1420 2690 Diliges
1455 2620 1779 2690 proximum

182 2715 333 2782 tuum,
365 2717 419 2768 et
443 2714 580 2768 odio
607 2715 840 2769 habebis
875 2715 1174 2768 inimicum
1200 2719 1386 2768 tuum.
1433 2715 1549 2784 Ego
1591 2718 1780 2767 autem

183 2804 280 2859 dico
300 2807 487 2862 vobis:
517 2808 748 2879 Diligite
787 2809 1048 2863 inimicos
1094 2814 1327 2877 vestros,
1360 2807 1670 2861 benefacite
1695 2806 1782 2860 his

182 2899 259 2970 qui
281 2901 508 2957 oderunt
536 2918 659 2970 vos,
690 2907 844 2957 orate
873 2919 974 2973 pro
999 2902 1464 2974 persequentibus
1494 2909 1548 2956 ct
1566 2901 1779 2955 calum-

182 2993 429 3050 niantibus
454 3013 560 3051 vos
585 3013 597 3050 :
634 3002 695 3050 ut
720 2997 840 3050 sitis
868 2997 969 3050 filii
995 2997 1171 3051 Patris
1193 2996 1364 3050 Vestri
1395 2995 1492 3067 qui
1537 2996 1596 3049 in
1635 2994 1784 3049 caelis

182 3091 264 3155 est,
290 3089 380 3160 qui
404 3091 590 3144 solem
619 3107 785 3145 suum
815 3090 949 3144 oriri
964 3090 1096 3144 facit
1112 3106 1281 3161 super
1306 3089 1483 3143 malos
1509 3093 1564 3142 et
1583 3090 1780 3155 bonos,

183 3186 227 3234 et
247 3183 374 3252 pluit
415 3201 595 3256 super
629 3185 809 3255 justos
851 3190 906 3239 et
941 3185 1195 3255 injustos.
1247 3184 1302 3238 Si
1348 3184 1501 3238 enim
1544 3181 1864 3255 diligatisC

183 3289 275 3344 eos,
301 3277 390 3348 qui
413 3295 509 3333 vos
558 3277 821 3350 diligunt,
862 3295 1033 3350 quam
1079 3278 1403 3333 mercedem
1451 3277 1731 3331 habebitis
1762 3277 1790 3330 Ἰ

183 3383 340 3425 nonne
365 3378 418 3427 et
454 3372 749 3444 publicani
791 3373 897 3427 hoc
927 3372 1182 3427 faciunt?
1221 3373 1285 3427 Et
1332 3373 1377 3426 si
1420 3371 1789 3426 salutaveritis

183 3461 352 3521 fratres
375 3473 598 3522 vestros
625 3471 864 3534 tantum,
890 3467 1025 3538 quid
1055 3467 1299 3538 amplius
1325 3466 1578 3522 facietis?
1602 3481 1790 3520 nonne

187 3557 366 3614 ethnici
391 3562 495 3616 hoc
521 3561 786 3615 faciunt?
819 3563 1002 3616 Estote
1039 3577 1177 3632 ergo
1206 3560 1462 3632 perfecti,
1508 3559 1650 3614 sicut
1687 3561 1788 3613 Pa-

185 3654 255 3706 ter
277 3658 448 3710 vester
472 3655 713 3711 caelestis
738 3655 1018 3726 perfectus
1046 3660 1147 3710 est.

183 3747 290 3799 Item
317 3753 426 3802 alia.
453 3753 641 3803 Lectio
673 3752 838 3803 sancti
872 3752 1136 3814 Evangelii
1169 3751 1458 3802 secundum
1478 3751 1791 3801 Matthmum.

244 3832 296 3886 ln
321 3834 414 3888 illo
447 3840 733 3904 tempore,
777 3837 1094 3889 convocatis
1140 3834 1407 3888 Dominus
1442 3835 1600 3888 Jesus
1627 3831 1791 3886 disci-

186 3925 309 3995 pulis
339 3928 468 3997 suis,
500 3928 653 3983 dixit
683 3945 697 3982 :
730 3928 989 3984 Misereor
1028 3928 1230 3994 turbae,
1279 3928 1410 4000 quia
1449 3927 1637 3982 triduo
1670 3926 1790 3996 jam

186 4027 518 4090 perseverant
564 4039 811 4092 mecum,
852 4027 909 4078 et
950 4039 1068 4077 non
1107 4023 1318 4077 habent
1359 4022 1512 4093 quod
1559 4021 1793 4075 mandu-

187 4120 324 4170 cent:
353 4120 409 4172 et
436 4117 728 4172 dimittere
754 4134 851 4172 eos
870 4117 1097 4188 jejunos
1138 4117 1292 4186 nolo,
1332 4133 1402 4171 ne
1438 4115 1698 4170 deﬁciant
1739 4114 1795 4167 in

188 4207 275 4263 via.
302 4210 365 4266 Et
387 4211 592 4266 dicunt
625 4210 676 4265 ei
703 4211 962 4282 discipuli
994 4227 1006 4265 :
1039 4211 1194 4266 Unde
1230 4227 1366 4281 ergo
1407 4209 1566 4264 nobis
1599 4209 1656 4262 in
1697 4209 1794 4263 de-

191 4309 315 4358 serto
337 4323 513 4376 panes
549 4309 753 4374 tantos,
788 4311 849 4360 ut
874 4309 1193 4360 saturemus
1213 4305 1440 4360 turbam
1471 4303 1800 4358 tantam‘IEt

189 4396 254 4452 ait
278 4397 380 4453 illis
405 4401 566 4455 Jesus
595 4417 609 4454 :
640 4400 784 4464 Quot
811 4416 984 4471 panes
1011 4395 1266 4454 habetis?
1291 4401 1361 4453 At
1389 4398 1469 4451 illi
1495 4398 1794 4452 dixerunt:

191 4489 412 4563 Septem,
445 4500 503 4550 et
534 4511 740 4566 paucos
769 4495 1085 4566 pisciculos.
1117 4496 1182 4548 Et
1211 4492 1478 4565 praecepit
1517 4491 1697 4545 turbae
1740 4495 1801 4544 ut

194 4582 549 4644 discumberet
577 4605 747 4660 super
771 4594 956 4656 terra;
985 4594 1040 4643 et
1064 4587 1343 4658 accipiens
1378 4588 1593 4656 septem
1627 4601 1801 4656 panes
1820 4568 1878 4641 D

195 4682 240 4730 et
270 4681 462 4750 pisces,
510 4683 721 4754 gratias
767 4699 960 4754 agens,
1001 4682 1193 4753 fregit,
1236 4686 1291 4736 et
1331 4681 1484 4735 dedit
1525 4679 1809 4750 discipulis

195 4772 308 4841 suis,
349 4782 402 4830 et
437 4777 708 4848 discipuli
753 4777 1030 4832 dederunt
1072 4776 1281 4847 populo
1316 4792 1329 4829 :
1361 4781 1416 4829 et
1442 4773 1812 4829 comederunt

195 4880 370 4923 omnes
392 4876 449 4924 et
470 4870 710 4924 saturati
733 4875 885 4925 sunt.
911 4873 977 4925 Et
990 4871 1141 4941 quod
1158 4869 1436 4940 superfuit
1449 4869 1516 4923 de
1530 4869 1811 4939 fragmen-

196 4958 290 5012 tisb
315 4965 569 5020 tulerunt
595 4971 809 5036 septem
830 4968 1047 5036 sportas
1075 4965 1289 5036 plenas.
1320 4965 1694 5018 Erantautem
1714 4961 1811 5033 qui

195 5057 668 5114 manducaverunt
687 5065 954 5131 quattuor
985 5059 1141 5113 milia
1162 5058 1482 5129 hominum,
1508 5062 1666 5113 extra
1682 5073 1808 5128 par-

195 5149 335 5205 vulos
361 5158 418 5207 et
443 5154 738 5209 mulieres.

864 5225 992 5274 Item
1013 5225 1130 5276 alia.

255 5293 493 5367 Vespere
527 5302 717 5354 autem
764 5297 934 5365 facto,
976 5302 1330 5352 accesserunt
1367 5297 1437 5350 ad
1481 5298 1674 5351 Jesum
1728 5295 1812 5348 di-

256 5436 280 5465 ⁸
305 5440 574 5523 Diversae
593 5447 647 5497 et
679 5442 1015 5523 proliriores
1039 5442 1328 5523 Lectiones
1361 5442 1721 5523 assignantur
1758 5440 1816 5493 in

197 5505 520 5586 l.uxov_iensi
557 5505 1056 5586 Lectionario;sed
1094 5516 1182 5569 hae
1211 5532 1311 5586 pro
1338 5505 1526 5586 missa,
1555 5514 1677 5566 aliae
1716 5528 1814 5565 ex-

197 5583 271 5634 tra
301 5584 552 5638 missam.
580 5588 748 5640 Porro
777 5585 1006 5640 Litaniaa
1048 5583 1426 5657 Rogationum
1466 5585 1655 5657 Romae
1703 5599 1817 5636 non

197 5662 425 5731 recepta:
450 5661 584 5710 sunt
609 5664 735 5712 ante
763 5655 1379 5731 pontiiicatumiLeonis
1410 5657 1496 5731 Ill,
1539 5655 1660 5731 qui_
1682 5672 1819 5731 pon-

199 5725 323 5799 tifex
351 5748 378 5799 (ς
408 5730 714 5799 constituit,
738 5725 804 5784 ut
831 5735 960 5784 ante
988 5735 1100 5784 tres
1126 5729 1246 5784 dies
1262 5725 1613 5782 Ascensionis
1631 5725 1817 5781 domi-

201 5794 330 5868 nice
355 5798 586 5854 Litanize
613 5794 987 5868 celebrentur,
1030 5821 1057 5854 ››
1091 5805 1326 5857 testante
1350 5800 1663 5855 Anastasio.

267 5867 290 5908 δ
320 5870 378 5924 ln
406 5873 717 5946 exemplari
743 5867 1067 5942 {mamentis
1082 5891 1098 5943 ;
1132 5878 1186 5928 et
1211 5873 1270 5927 in
1299 5871 1676 5944 subsequente
1713 5869 1819 5926 alia

1873 503 2126 575 praeterit
2139 521 2157 572 ;
2189 503 2407 558 dimitte
2428 503 2637 572 turbas,
2667 508 2728 556 ut
2753 507 2948 557 euntes
2965 503 3026 557 in
3046 506 3286 575 castella,
3317 511 3508 560 emant

1875 597 1979 651 sibi
2007 614 2181 651 escas.
2211 599 2368 651 Jesus
2396 602 2589 652 autem
2611 597 2752 651 dixit
2780 597 2859 650 eis
2889 615 2902 650 :
2934 598 3053 651 Non
3074 598 3286 653 habent
3310 615 3502 654 neces-

1878 706 1935 744 se
1964 690 2068 759 ire,
2099 691 2224 746 date
2255 691 2367 744 illis
2393 699 2493 744 vos
2538 690 2901 744 manducare.
2951 691 3383 762 Responderunt
3409 693 3460 747 ei
3489 710 3502 746 :

1876 784 1995 837 Non
2032 783 2304 837 habemus
2350 784 2440 837 hic
2472 784 2582 837 nisi
2628 783 2879 854 quinque
2925 800 3118 853 panes,
3163 791 3218 839 et
3259 786 3397 840 duos
3426 786 3507 856 pi-

1878 893 2017 931 sces.
2049 877 2154 941 Qui
2183 877 2261 930 ait
2286 878 2366 931 eis
2394 894 2408 930 :
2434 877 2658 930 Adfer-te
2686 877 2812 930 illos
2838 877 2980 930 mihi
3007 878 3138 933 huc.
3163 880 3229 932 Et
3247 895 3376 932 cum
3390 880 3506 950 jus-

1879 971 2037 1025 sisset
2087 971 2312 1025 turbam
2363 970 2715 1025 discumbere
2759 987 2928 1041 supra
2976 973 3212 1041 foenum,
3263 973 3505 1044 acceptis

1877 1064 2126 1136 quinque
2147 1065 2392 1136 panibus
2419 1069 2475 1118 et
2488 1064 2705 1118 duobus
2733 1063 2998 1134 piscibus,
3022 1065 3297 1136 aspiciens
3322 1065 3382 1119 in
3405 1082 3507 1140 caa-

1878 1158 1996 1212 lum
2022 1159 2330 1228 benedixit,
2359 1163 2414 1213 et
2438 1159 2630 1229 fregit,
2662 1163 2717 1212 et
2753 1157 2908 1212 dedit
2935 1158 3219 1229 discipulis
3257 1161 3373 1215 suis
3405 1179 3503 1233 pa-

1878 1268 1999 1321 nes,
2028 1251 2288 1322 discipuli
2312 1258 2504 1306 autem
2531 1251 2731 1306 turbis.
2762 1252 2828 1305 Et
2879 1253 3366 1309 manducaverunt
3392 1272 3507 1310 om-

1879 1362 2000 1412 nes,
2030 1351 2084 1400 et
2110 1347 2344 1400 saturati
2375 1349 2524 1414 sunt,
2557 1350 2613 1399 et
2639 1345 2897 1399 tulerunt
2922 1346 3187 1416 reliquias
3210 1347 3505 1404 duodecim

1881 1439 2150 1510 cophinos
2181 1440 2634 1509 fragnientorum
2672 1439 2892 1509 plenos.
2924 1440 3384 1495 Manducantium
3415 1459 3508 1497 au-

1882 1537 1997 1587 tem
2021 1533 2127 1588 fuit
2159 1550 2431 1588 numerus
2469 1533 2722 1604 quinque
2759 1533 2914 1586 milia
2958 1533 3231 1606 virorum,
3265 1536 3508 1608 exceptis

1882 1627 2213 1682 mulieribus
2238 1633 2292 1682 et
2321 1627 2589 1698 parvulis.

2495 1733 2690 1772 INCIPIT
2729 1733 2898 1772 MISSA.

1952 1801 2261 1856 Misericors
2286 1801 2542 1871 Domine,
2571 1800 2731 1870 cujus
2763 1801 3154 1855 miserationes
3183 1809 3313 1856 sunt
3341 1820 3510 1875 super

1878 1895 2066 1950 omnia
2091 1911 2262 1966 opera
2291 1894 2432 1964 ejus,
2464 1894 2664 1948 fratres
2690 1894 2985 1962 carissimi,
3017 1896 3417 1966 supplicemus,
3446 1904 3510 1952 ut

1878 1989 2131 2060 reliquiis
2179 1988 2375 2059 populi
2415 1987 2521 2056 sui,
2555 2004 2725 2058 quem
2753 1988 2919 2042 ruina
2943 1988 3143 2042 mundi
3181 1990 3421 2044 labentis
3446 2008 3509 2045 ac

1878 2082 2276 2154 praetereuntis
2319 2081 2617 2152 oppressit,
2659 2082 2718 2136 in
2751 2081 2916 2135 variis
2959 2082 3340 2137 adflictiouum
3389 2085 3510 2154 ejus

1881 2181 2140 2231 succurat
2165 2176 2460 2246 angustiis,
2489 2192 2602 2246 quo
2630 2176 2869 2246 singulis
2897 2177 3080 2248 adque
3109 2177 3387 2231 universis
3408 2179 3507 2232 tri-

1879 2271 2240 2325 bulationum
2258 2286 2488 2323 suarum
2514 2270 2736 2341 pondus
2764 2286 2878 2324 non
2897 2270 2980 2323 ira
3010 2270 3233 2325 delendi
3257 2271 3390 2341 sint,
3414 2272 3509 2328 sed

1881 2364 2123 2419 eruditio
2151 2364 2532 2418 convertendi.

2578 2435 2805 2485 Secreta.

1950 2511 2112 2579 Deus,
2130 2514 2386 2564 nostrum
2408 2511 2697 2580 refugium
2729 2511 2790 2564 in
2804 2510 3110 2581 laboribus,
3153 2512 3330 2566 virtus
3346 2511 3405 2566 in
3432 2513 3516 2566 in-

1880 2604 2259 2672 ﬁrmitatibus,
2289 2604 2634 2674 adjutorium
2664 2607 2723 2659 in
2745 2605 3220 2675 tribulationibus,
3261 2606 3513 2662 solamen

1881 2698 1939 2752 in
1964 2698 2221 2765 fletibus;
2246 2715 2413 2768 parce
2443 2698 2697 2768 Domine,
2727 2716 2891 2769 parce
2923 2700 3131 2770 populo
3155 2706 3271 2770 tuo,
3300 2717 3372 2755 ne
3398 2705 3511 2755 tra-

1881 2792 1978 2847 das
2005 2792 2196 2846 bestiis
2221 2792 2444 2845 animas
2467 2792 2798 2846 confitentes
2822 2792 2943 2846 tibi.

2707 2898 2863 2932 εωιιο.

2707 2901 2716 2909 ⁷
2795 2898 2863 2932 ιο.

1954 2960 2090 3012 Vere
2121 2958 2359 3028 dignum
2375 2962 2429 3012 et
2450 2886 2798 3029 jugfigneztsutl,
2828 2956 3186 3028 omnipotens
3215 2959 3382 3012 Deus.
3409 2958 3512 3012 Ex-

1883 3057 2170 3124 pectantes
2200 3068 2337 3123 ergo
2367 3051 2776 3106 misericordias
2802 3057 2946 3118 tuas,
2978 3056 3108 3105 ante
3158 3052 3347 3106 oculos
3393 3058 3517 3107 tuos

1888 3153 2183 3202 extensum
2210 3145 2547 3200 humilitatis
2576 3151 2782 3200 nostra:
2815 3145 2933 3199 sine
2970 3145 3251 3200 infusione
3279 3151 3392 3200 tua:
3417 3145 3515 3202 be-

1888 3239 2223 3295 nedictionis
2263 3239 2599 3311 expetimus.
2642 3241 2831 3308 Parce,
2873 3240 3130 3307 Domine,
3185 3239 3424 3306 miseris,
3465 3246 3522 3295 et

1889 3339 2020 3388 ante
2047 3340 2210 3389 tuum
2229 3340 2592 3405 conspectum
2619 3349 2784 3404 parce
2811 3333 3132 3403 prostratis;
3157 3349 3260 3388 nec
3283 3333 3523 3388 afferant

1889 3428 2053 3482 nobis
2081 3431 2273 3482 nostra
2298 3428 2499 3482 delicta
2525 3432 2766 3496 reatum,
2797 3427 2893 3480 sed
2925 3426 3137 3480 tribuat
3165 3431 3262 3480 tua
3286 3427 3522 3481 dulcedo

1892 3521 2283 3577 consolationis
2320 3520 2658 3576 remedium.
2703 3521 3121 3588 Verumtamen,
3168 3521 3525 3592 omnipotens

1893 3622 1949 3671 et
1978 3615 2294 3670 misericors
2324 3617 2495 3684 Deus,
2523 3618 2578 3669 te
2629 3613 3009 3683 obsecramus,
3043 3618 3108 3668 ut
3150 3614 3524 3670 voluntariam

1893 3710 2057 3766 nobis
2103 3710 2358 3765 conferas
2402 3708 2676 3780 pluviam,
2724 3713 2780 3763 et
2819 3724 2890 3762 ne
2935 3709 3246 3764 secundum
3300 3713 3525 3779 peccata

1893 3812 2084 3862 nostra
2109 3805 2322 3859 tribuas
2347 3804 2529 3873 nobis,
2553 3819 2656 3858 nec
2683 3820 2748 3858 ea
2774 3819 2886 3875 qua
2918 3819 3208 3858 meremur
3236 3803 3526 3858 austerita-

1896 3907 1949 3956 te
1977 3917 2076 3955 nos
2094 3899 2335 3971 judices,
2365 3898 2497 3970 quia
2525 3903 2589 3953 tu
2617 3899 2800 3969 reples
2819 3914 3050 3967 omnem
3077 3899 3328 3953 animam
3352 3897 3525 3953 bene-

1897 3995 2140 4049 dictione
2170 4010 2272 4065 per
2295 3993 2582 4048 Christum
2606 3993 2910 4047 Dominum
2931 3997 3208 4047 nostrum.

2277 4104 2435 4143 MISSA
2473 4106 2525 4143 IN
2566 4103 2900 4144 ASCENSIONE
2939 4104 3152 4143 DOMINI.

2187 4169 2362 4219 Lectio
2387 4170 2692 4234 Apocalysis
2723 4169 2890 4218 sancti
2908 4169 3158 4218 Johannis
3189 4184 3226 4218 ο.

1971 4241 2089 4296 Vidi
2126 4241 2351 4295 turbam
2391 4258 2680 4312 magnam,
2732 4258 2905 4311 quam
2956 4241 3312 4296 dinumerare
3364 4258 3531 4298 nemo

1898 4339 2150 4407 poterat;
2185 4351 2252 4388 ex
2273 4334 2536 4389 omnibus
2564 4334 2848 4404 gentibus,
2878 4339 2932 4388 et
2956 4335 3237 4404 tribubus,
3267 4339 3322 4389 et
3348 4352 3530 4407 popu-

1899 4430 1986 4498 lis,
2033 4435 2092 4500 et
2136 4429 2365 4499 linguis,
2417 4431 2626 4482 stantes
2662 4433 2791 4482 ante
2839 4429 3110 4483 thronum
3139 4429 3199 4482 in
3239 4435 3532 4501 conspecto

1900 4523 2066 4596 Agni,
2098 4523 2289 4577 amicti
2326 4523 2492 4576 stolas
2521 4522 2692 4590 albas,
2723 4527 2778 4576 et
2805 4522 3015 4593 palma:
3053 4522 3113 4577 in
3149 4524 3412 4578 manibus
3437 4541 3531 4580 eo-

1908 4636 2057 4674 rum.
2089 4619 2154 4673 Et
2178 4617 2494 4671 clamabant
2521 4631 2655 4669 voce
2675 4633 2902 4687 magna,
2928 4617 3176 4673 dicentes
3202 4635 3214 4670 :
3239 4618 3398 4674 Salus
3422 4621 3558 4702 Deo.

1908 4719 2118 4782 nostro,
2147 4711 2244 4783 qui
2271 4711 2418 4765 sedit
2442 4726 2612 4781 super
2636 4710 2927 4778 thronum,
2957 4717 3014 4766 et
3041 4716 3218 4784 Agno.
3251 4715 3316 4768 Et
3342 4731 3537 4769 omnes

1908 4808 2096 4879 angeli
2134 4806 2355 4860 stabant
2405 4805 2462 4859 in
2497 4803 2730 4860 circuito
2765 4805 2976 4876 throni,
3025 4813 3080 4862 et
3127 4807 3435 4872 seniorum,
3485 4814 3541 4863 et

1911 4907 2176 4974 quattuor
2226 4899 2559 4954 animalium
2603 4916 2616 4953 :
2665 4904 2722 4954 et
2765 4901 3090 4956 ceciderunt
3140 4902 3201 4956 in
3245 4908 3538 4972 conspecto

1912 4996 2104 5050 throni
2124 4995 2186 5048 in
2212 4995 2378 5049 facies
2404 5011 2551 5064 suas,
2581 4999 2636 5049 et
2656 4995 3032 5050 adoraverunt
3053 4997 3247 5065 Deum,
3273 4997 3539 5068 dicentes,

1913 5094 2114 5145 Amen.
2146 5090 2485 5156 Benedictio,
2521 5095 2577 5143 et
2613 5089 2854 5157 claritas,
2898 5095 2953 5143 et
2993 5090 3282 5161 sapientia,
3325 5097 3381 5148 et
3411 5110 3541 5166 gra-

1914 5186 2122 5240 tiarum
2150 5185 2315 5253 actio,
2360 5191 2415 5239 et
2459 5184 2659 5249 honor,
2693 5188 2748 5237 et
2771 5183 2969 5250 virtus,
3013 5190 3069 5239 et
3110 5185 3386 5242 fortitudo
3431 5189 3543 5244 Deo

1915 5285 2105 5336 nostro
2133 5280 2192 5334 in
2218 5280 2420 5334 saecula
2449 5279 2806 5345 saeculorum,
2837 5295 3023 5334 amen.

1915 5427 2158 5486 lectione
2186 5426 2642 5492 fraumentorum.

1987 5528 2010 5555 ο
2049 5499 2367 5567 Sequentes»
2407 5495 2694 5567 Lectiones
2740 5493 2882 5548 festo
2934 5499 3285 5554 Ascensionis
3343 5516 3543 5555 conve-

1916 5570 2103 5624 niunt.
2136 5565 2482 5636 Augustinus
2522 5566 2580 5619 in
2624 5582 2885 5622 sermone
2925 5571 2953 5623 3
3000 5571 3068 5624 de
3109 5571 3442 5625 Ascensione
3469 5572 3548 5626 ait

1918 5643 2128 5695 lectum
2153 5640 2322 5691 fuisse
2352 5653 2417 5691 ex
2439 5639 2803 5710 Apocalypsi:
2833 5641 2975 5696 Vicit
3001 5643 3101 5696 Leo
3125 5643 3190 5697 de
3207 5643 3349 5695 tribu
3372 5641 3538 5696 Juda.

1917 5714 1979 5768 In
2024 5725 2281 5764 sermone
2327 5712 2356 5764 5
2397 5711 2745 5765 mentionem
2789 5711 2920 5766 facit
2964 5712 3239 5766 Lectionis
3271 5726 3340 5764 ex
3377 5711 3541 5767 Libro

1918 5788 2161 5840 Actuum
2187 5783 2573 5856 apostolorum
2602 5803 2617 5838 :
2646 5799 2774 5856 quae
2798 5782 2981 5856 prima
3019 5788 3101 5837 est
3136 5781 3320 5839 Lectio
3360 5785 3551 5847 extri-

1919 5858 2024 5913 bus
2051 5857 2110 5912 in
2138 5854 2482 5918 Leétionario
2508 5854 3030 5927 nostroGallicano.
