4036 6188
435 249 536 306 515

651 355 826 406 Lectio
851 353 1016 406 sancti
1041 351 1309 417 Evangelii
1333 352 1622 402 secundum
1649 353 1858 404 Lucam.

507 450 710 506 Diebus
749 449 860 504 illis
905 447 1058 503 stetit
1091 447 1362 502 Dominus
1403 447 1560 502 Jesus
1588 446 1646 502 in
1676 447 1865 502 medio
1893 447 2058 502 disci-

435 545 704 617 pulorum
733 559 986 610 suorum,
1018 545 1074 596 et
1097 542 1232 596 dicit
1256 541 1371 596 eis:
1403 543 1514 596 Pax
1541 541 1718 608 vobis,
1763 557 1869 613 ego
1910 559 2057 610 sum,

433 639 604 694 nolite
629 638 847 692 timere.
895 635 1227 690 Conturbati
1269 653 1401 690 vero
1433 641 1488 690 et
1514 636 1826 704 conterriti,
1866 636 2058 690 existi-

435 733 668 788 mabant
709 747 766 784 se
808 729 1066 800 spiritum
1093 731 1302 785 videre.
1343 731 1408 784 Et
1432 730 1576 784 dixit
1601 730 1682 784 eis
1711 749 1724 784 :
1759 730 1900 794 Quid
1947 733 2062 784 tur-

433 826 544 882 bati
575 825 725 894 estis,
757 829 812 880 et
837 824 1202 896 cogitationes
1229 824 1540 878 ascendunt
1561 824 1620 878 in
1647 824 1814 878 corda
1841 824 2062 878 vestra?

433 919 622 976 Videte
665 936 868 974 manus
915 922 1166 974 measet
1217 919 1406 990 pedes,
1466 917 1598 989 quia
1643 918 1757 988 ipse
1785 934 1890 988 ego
1912 933 2058 972 sum.

433 1014 658 1085 Palpate
687 1018 744 1068 et
767 1013 970 1082 videte,
1001 1013 1132 1083 quia
1159 1013 1390 1083 spiritus
1423 1028 1652 1066 carnem
1691 1014 1748 1066 et
1791 1029 1916 1066 ossa
1945 1027 2062 1066 non

433 1109 619 1177 habet,
647 1109 792 1162 sicut
822 1123 913 1162 me
949 1105 1146 1160 videtis
1173 1107 1401 1160 habere.
1433 1107 1500 1159 Et
1524 1121 1654 1159 cum
1683 1105 1788 1159 hoc
1815 1105 2059 1173 dixisset,

433 1203 675 1258 ostendit
708 1203 788 1256 eis
821 1217 1020 1255 manus
1043 1205 1098 1255 et
1123 1199 1312 1270 pedes.
1343 1199 1538 1252 Adhuc
1567 1204 1756 1254 autem
1795 1199 1905 1252 illis
1947 1215 2062 1252 non

433 1297 807 1364 credentibus,
831 1299 888 1350 et
913 1293 1246 1348 mirantibus
1277 1309 1394 1363 prae
1421 1292 1646 1364 gaudio,
1675 1293 1818 1346 dixit
1847 1309 1860 1345 :
1893 1292 2064 1346 Habe-

433 1389 504 1445 tis
528 1389 618 1444 hic
643 1388 856 1459 aliquid
875 1387 1026 1458 quod
1051 1386 1468 1440 manducetur?
1505 1389 1574 1440 At
1609 1385 1694 1440 illi
1737 1387 2064 1456 optulerunt

433 1485 488 1538 ei
511 1489 728 1555 partem
757 1481 922 1553 piscis
945 1481 1071 1550 assi,
1105 1485 1162 1534 et
1189 1481 1380 1534 favum
1415 1479 1616 1534 mellis.
1655 1481 1720 1534 Et
1745 1495 1876 1533 cum
1901 1495 2060 1534 man-

437 1577 688 1632 ducasset
726 1593 916 1630 coram
953 1575 1050 1642 eis,
1096 1591 1326 1628 sumens
1367 1573 1631 1644 reliquias
1681 1573 1834 1628 dedit
1865 1573 1964 1627 eis.
1999 1575 2064 1627 Et

435 1671 580 1728 dixit
606 1671 676 1726 ad
700 1687 797 1726 eos
829 1689 842 1724 :
887 1671 1008 1723 Hcce
1052 1673 1184 1722 sunt
1217 1667 1386 1721 verba
1429 1683 1555 1738 qua:
1585 1667 1806 1720 locutus
1841 1683 1965 1720 sum
1993 1667 2064 1720 ad

1317 243 1650 302 APPENDIX
1685 241 1773 299 AD
1809 242 2030 300 OPERA
2067 243 2121 298 S.
2159 241 2458 299 GERMANI
2495 239 2927 298 PARISIENSIS.

2083 367 2140 440 Α
2161 352 2366 408 formet
2415 367 2618 424 corpus
2673 347 3010 406 humilitatis
3057 352 3264 405 nostrae
3323 349 3540 421 corpori
3597 348 3802 420 gloriae

3327 137 3354 148 σοι

3691 243 3804 295 516

2162 463 2298 502 suae.
2326 447 2504 511 Quem
2536 446 2690 501 laud.
3293 505 3298 512 _

2589 561 2744 600 MISSA
2785 560 2836 599 ΙΝ
2878 559 3362 608 QUINQUAGINSIMO.

2313 639 2488 689 Lectio
2509 637 2858 702 Apocalypsin
2879 638 3046 688 sancti
3073 637 3322 688 Johannis
3343 636 3562 700 apostoli
3594 637 3638 686 δ.

2235 725 2391 792 Veni,
2441 725 2734 778 ostendam
2781 723 2884 778 tibi
2929 739 3194 796 sponsam
3231 739 3466 778 uxorem
3507 719 3676 794 Agni.
3726 721 3800 776 Et

2163 819 2387 874 sustulit
2415 835 2506 872 me
2533 819 2590 872 in
2617 817 2822 892 spiritu
2837 819 2896 873 in
2925 822 3178 872 montem
3203 833 3478 889 magnum
3505 821 3564 870 et
3587 815 3796 884 altum,

2164 921 2220 971 et
2256 917 2499 971 ostendit
2525 917 2664 970 mihi
2705 917 2990 971 civitatem
3031 919 3278 970 sanctam
3313 913 3662 968 Hierusalem
3693 913 3794 968 de-

2163 1011 2522 1065 scendentem
2548 1011 2616 1065 de
2643 1011 2820 1066 caeloa
2841 1012 2975 1080 Deo,
3005 1009 3306 1064 habentem
3327 1007 3642 1062 claritatem
3671 1008 3796 1064 Dei.

2162 1106 2378 1160 Lumen
2403 1105 2524 1176 ejus
2550 1105 2730 1158 simile
2757 1105 2932 1176 lapidi
2966 1103 3242 1176 precioso,
3279 1108 3574 1173 tamquam
3619 1101 3798 1174 lapidi

2156 1197 2414 1269 jaspidis,
2444 1199 2588 1252 sicut
2628 1200 2977 1270 crystallum.
3019 1199 3084 1252 Et
3121 1197 3364 1252 habebat
3403 1212 3632 1250 murum
3683 1212 3800 1250 ma-

2166 1308 2341 1362 gnum
2371 1295 2426 1346 et
2453 1292 2652 1358 altum,
2685 1292 2898 1346 habens
2925 1296 3116 1362 portas
3133 1290 3434 1344 duodecim
3452 1294 3506 1344 et
3531 1289 3590 1343 in
3619 1288 3800 1360 portis

2163 1387 2391 1457 angelos
2414 1385 2708 1440 duodecim
2734 1391 2790 1440 et
2815 1385 3050 1440 nomina
3079 1383 3366 1455 inscripta,
3397 1399 3524 1454 quas
3545 1388 3676 1436 sunt
3699 1398 3799 1437 no-

2165 1479 2318 1534 mina
2341 1479 2635 1534 duodecim
2669 1479 2924 1534 tribuum
2965 1479 3212 1533 ﬁliorum
3243 1478 3430 1532 Israel.
3457 1477 3540 1530 Ab
3567 1477 3792 1531 Oriente

2163 1579 2342 1645 porta:
2367 1579 2501 1642 tres,
2531 1579 2586 1628 et
2610 1573 2681 1628 ab
2711 1575 2972 1645 aquilone
3001 1578 3176 1644 portas
3197 1577 3329 1626 tres.
3359 1572 3424 1625 Et
3445 1587 3642 1625 murus
3667 1569 3798 1624 civi-

2163 1668 2291 1722 tatis
2321 1667 2536 1722 habens
2555 1667 2923 1722 fundamenta
2943 1667 3240 1722 duodecim
3267 1671 3324 1721 et
3347 1665 3406 1720 in
3433 1665 3566 1738 ipsis
3587 1664 3802 1719 duode-

433 1782 529 1820 vos
558 1781 687 1820 cum
714 1763 896 1818 adhuc
933 1761 1147 1834 {essem}
1191 1761 1496 1830 vobiscum,
1529 1761 1800 1831 quoniam
1839 1741 2138 1814 necesseB
2163 1761 2273 1815 cim
2323 1761 2554 1816 nomina
2595 1762 2978 1832 apostolorum
3015 1761 3184 1832 Agni.
3223 1762 3290 1815 Et
3326 1759 3424 1832 qui
3459 1759 3802 1832 loquebatur

435 1865 518 1916 est
551 1859 774 1930 impleri
801 1855 988 1911 omnia
1019 1872 1146 1927 quas
1183 1855 1386 1926 scripta
1426 1859 1558 1908 sunt
1591 1855 1650 1908 in
1697 1853 1822 1925 lege
1869 1853 2060 1924 Moysi,

434 1957 490 2008 et
525 1951 838 2024 Prophetis,
880 1955 936 2004 et
979 1948 1212 2002 Psalmis
1239 1948 1306 2002 de
1353 1964 1466 2002 me.
1505 1949 1659 2002 Tunc
1695 1947 1916 2019 aperuit
1955 1947 2063 2000 illis

433 2061 678 2114 sensum,
703 2049 768 2098 ut
791 2043 1174 2114 intelligerent
1189 2042 1524 2112 Scripturas,
1549 2046 1604 2096 et
1629 2041 1772 2095 dixit
1797 2041 1896 2105 eis,
1920 2057 2060 2112 quo-

433 2139 588 2196 niam
625 2139 702 2194 sic
739 2138 1013 2209 scriptum
1054 2142 1137 2191 est
1179 2153 1192 2189 :
1235 2137 1290 2189 et
1325 2135 1402 2189 sic
1440 2134 1734 2206 oportebat
1775 2135 2060 2188 Christum

433 2235 572 2307 pati,
602 2238 658 2288 et
675 2247 972 2304 resurgere
999 2247 1030 2284 a
1059 2229 1296 2284 mortuis
1335 2229 1424 2284 die
1455 2229 1640 2298 tertia,
1671 2234 1726 2283 et
1768 2228 2062 2300 praedicari

437 2329 498 2382 in
529 2327 755 2382 nomine
783 2327 903 2397 ejus
941 2324 1332 2396 paenitentiam
1364 2327 1420 2378 et
1449 2323 1836 2378 remissionem
1865 2339 2058 2394 pecca-

435 2427 624 2478 torum
648 2421 706 2476 in
734 2420 996 2476 omnibus
1023 2418 1306 2490 gentibus,
1335 2417 1732 2488 incipientibus
1759 2417 1829 2471 ab
1871 2417 2064 2472 llieru—

433 2516 666 2588 solyma.
695 2517 800 2570 Vos
820 2519 1011 2570 autem
1039 2513 1170 2568 estis
1189 2517 1356 2567 testes
1381 2513 1588 2566 horum
1619 2528 1632 2564 :
1666 2517 1722 2566 et
1764 2529 1869 2582 ego
1897 2511 2062 2566 mitto

432 2610 780 2682 promissum
801 2607 976 2662 Patris
1005 2607 1063 2662 in
1083 2624 1198 2662 vos.
1224 2608 1328 2662 Vos
1355 2609 1546 2661 autem
1565 2606 1752 2662 sedete
1779 2605 1840 2660 in
1866 2605 2058 2660 civita-

431 2709 507 2772 te,
531 2704 900 2776 quoadusque
941 2701 1258 2757 induamini
1287 2701 1554 2756 virtutem
1599 2717 1668 2756 ex
1693 2701 1826 2756 alto.
1857 2701 2060 2756 Enuxrr

433 2815 610 2856 AUTEH
649 2815 743 2852 eos
777 2813 942 2851 sonas
984 2797 1042 2850 in
1084 2795 1390 2864 Bethanca,
1435 2799 1492 2848 et
1534 2795 1758 2850 elevatis
1801 2795 2061 2848 manibus

433 2893 548 2948 suis
575 2892 634 2948 in
654 2892 876 2958 caelum,
905 2889 1192 2946 benedixit
1216 2889 1314 2944 eis.
1343 2890 1411 2944 Et
1433 2889 1644 2944 factum
1676 2893 1760 2944 est
1785 2889 1922 2942 dum
1961 2889 2056 2942 be—

431 2985 718 3042 nediceret
739 2985 870 3052 illis,
901 2983 1128 3038 recessit
1145 2983 1214 3037 ab
1231 2983 1329 3050 eis,
1352 2987 1408 3038 et
1435 2983 1722 3038 ferebatur
1751 2983 1811 3038 in
1831 2983 2056 3038 caelum.

2163 1871 2408 1922 mecum,
2451 1855 2693 1910 habebat
2734 1871 3089 1924 mensuram,
3117 1853 3494 1909 harundinem
3533 1869 3798 1920 auream,

2166 1955 2228 2004 ut
2245 1949 2543 2004 metiretur
2569 1949 2872 2016 civitatem,
2902 1955 2958 2004 et
2983 1953 3174 2020 portas
3193 1948 3334 2018 ejus,
3363 1953 3418 2003 et
3447 1963 3698 2002 murum.
3727 1947 3804 2001 Et

2163 2043 2354 2098 civitas
2383 2043 2442 2098 in
2471 2045 2742 2115 quadrato
2769 2043 2950 2114 posita
2977 2047 3080 2112 est,
3100 2049 3156 2098 et
3179 2043 3473 2114 longitudo
3499 2042 3616 2112 ejus
3637 2045 3804 2096 tanta

2163 2143 2266 2206 est,
2295 2142 2504 2209 quanta
2533 2143 2590 2192 et
2613 2137 2870 2192 latitudo.
2921 2139 2988 2192 Et
3028 2153 3257 2192 mensus
3285 2141 3366 2191 est
3402 2135 3684 2191 civitatem
3733 2137 3802 2189 in

2163 2231 2480 2286 harundine
2517 2249 2622 2303 per
2661 2232 2838 2286 stadia
2873 2231 3189 2286 duodecim.
3229 2229 3549 2302 Longitudo
3575 2235 3628 2284 et
3663 2230 3802 2283 alti-

2161 2327 2299 2380 tudo
2321 2325 2558 2397 aequalia
2578 2331 2728 2380 sunt.
2759 2328 2824 2380 Et
2849 2342 3079 2380 mensus
3101 2330 3184 2380 est
3205 2342 3403 2380 murus
3425 2325 3548 2395 ejus
3561 2329 3802 2379 centum

2163 2420 2536 2491 quadraginta
2561 2425 2832 2491 quattuor
2856 2419 3174 2475 cobitorum
3221 2435 3489 2474 mensura
3521 2417 3800 2489 hominis,

2163 2531 2290 2586 qua:
2317 2517 2402 2568 est
2425 2513 2632 2585 angeli.
2657 2516 2722 2569 Et
2743 2519 2862 2569 erat
2888 2519 3170 2569 structura
3191 2513 3340 2568 muri
3370 2514 3492 2586 ejus
3511 2530 3580 2568 ex
3599 2513 3804 2585 lapide

2155 2609 2376 2680 jaspide
2405 2627 2417 2662 :
2449 2608 2568 2680 ipsa
2591 2624 2719 2662 vero
2748 2607 2941 2663 civitas
2979 2625 3117 2664 auro
3155 2609 3390 2678 mundo,
3419 2607 3604 2662 simile
3647 2607 3806 2662 vitro

2161 2703 2395 2758 mundo.
2427 2703 2818 2758 Fundamenta
2835 2703 2988 2757 muri
3011 2703 3246 2758 civitatis
3271 2703 3426 2758 omni
3453 2702 3638 2774 lapide
3667 2719 3804 2774 pre-

2163 2797 2311 2852 cioso
2337 2801 2551 2851 ornata.
2581 2797 3038 2852 Fundamentum
3067 2797 3318 2869 primum
3340 2797 3546 2870 jaspis;
3589 2813 3802 2852 secun-

2163 2893 2288 2962 dus,
2316 2891 2646 2963 sapphirus;
2681 2891 2906 2960 tercius,
2937 2891 3275 2948 calcidonius
3293 2911 3310 2964 ;
3351 2897 3606 2964 quartus,
3635 2908 3802 2946 zma-

2159 2987 2394 3058 ragdus;
2425 2987 2676 3058 quintus,
2709 2987 3012 3058 sardonix;
3043 2993 3254 3056 sextus,
3289 2987 3580 3056 sardinus;
3613 2987 3801 3058 septi-

433 3081 502 3135 Et
523 3079 628 3151 ipsi
657 3079 958 3133 adorantes
1001 3076 1242 3146 regressi
1285 3081 1418 3132 sunt
1449 3075 1510 3130 in
1555 3077 1900 3132 Hierusalem
1927 3094 2058 3132 cum
2081 3121 2134 3196 Ο
2161 3097 2311 3151 mus,
2339 3081 2704 3153 chrysolitus;
2751 3087 2994 3151 octavus,
3035 3082 3319 3155 beryllus;
3377 3099 3583 3152 nonus,
3627 3083 3802 3152 topa-

440 3173 637 3196 ___-_I:..
667 3188 874 3196 ...υ-..η
929 3172 990 3196 Da
1022 3175 1172 3196 -......s
1213 3187 1436 3196 ...ι-νην...
1465 3169 1520 3196 ζ...
1551 3170 1765 3196 ιΑ-..ΛΑ
1823 3171 2022 3196 1-.-.ῑ-..
2164 3176 2303 3196 -ξ---Α
2341 3175 2579 3196 J.,_:_____
2658 3176 3073 3196 ,μηδ-μημγμη
3162 3194 3232 3196 ,__
3256 3177 3489 3196 j---,--,,,
3563 3177 3639 3196 ιη

435 3173 642 3248 gaudio
667 3188 896 3244 magno.
929 3172 994 3226 Et
1017 3175 1178 3225 erant
1213 3187 1436 3242 semper
1465 3169 1526 3226 in
1551 3170 1788 3241 templo,
1823 3171 2058 3227 laudan-

431 3274 516 3326 tes
538 3273 594 3324 et
615 3265 1010 3324 benedicentes
1035 3264 1356 3320 Dominum.

1037 3393 1234 3434 lNClPlT
1273 3393 1448 3434 MISSA.

498 3474 761 3532 Mirabilis
799 3473 862 3528 in
905 3471 1137 3528 excelsis
1185 3473 1462 3528 Dominus
1501 3473 1646 3528 Deus
1685 3479 1899 3544 noster,
1961 3473 2058 3547 qui

429 3569 726 3626 ascendisti
771 3583 942 3639 super
975 3567 1144 3622 caelos
1173 3567 1440 3622 caelorum
1475 3567 1544 3621 ad
1586 3567 1882 3638 orientem,
1911 3569 2060 3624 inter

429 3664 762 3734 angelorum
789 3661 1100 3715 ministeria
1111 3661 1292 3716 carnis
1317 3662 1572 3733 trophiea
1590 3663 1906 3734 sustollens,
1927 3681 2058 3718 cum

429 3759 498 3812 ad
525 3771 818 3810 occursum
845 3761 1008 3808 tuum
1037 3754 1155 3808 caeli
1181 3757 1482 3824 potestates
1523 3762 1860 3826 occurrunt;
1887 3774 2053 3829 pone,

429 3865 772 3923 quaesumus,
811 3847 1159 3902 escensiones
1185 3847 1244 3900 in
1263 3847 1525 3903 cordibus
1543 3849 1779 3920 nostris;
1807 3855 1870 3904 ut
1889 3851 2059 3906 etiam

427 3961 530 4000 nos
560 3949 613 3998 te
642 3945 960 4014 sequentes,
989 3940 1120 3995 illuc
1143 3941 1442 3996 tendamus
1461 3943 1598 4014 fide,
1628 3943 1726 3998 ubi
1755 3945 1962 4001 scimus
1987 3947 2058 4001 ad

431 4037 526 4092 Dei
551 4035 729 4092 Patris
755 4034 1044 4090 dexteram
1071 4039 1124 4090 te
1155 4049 1414 4106 regnare.

1129 4137 1356 4188 Secreta.

495 4223 848 4283 Ascensionis
875 4221 1094 4280 Domini
1143 4227 1578 4290 sacramentum,
1605 4241 1718 4298 quo
1756 4225 2056 4282 advocatus

427 4323 697 4378 Dominus
721 4326 912 4376 noster
935 4321 959 4374 J
967 4335 1093 4375 esus
1115 4319 1365 4374 Christus
1392 4319 1460 4375 ad
1490 4320 1712 4375 Patrem
1741 4321 1902 4376 nobis
1927 4321 2056 4377 mis-

426 4433 590 4473 surus
613 4415 888 4482 ascendit,
916 4411 1046 4469 iidei
1069 4419 1276 4469 nostrae
1293 4413 1495 4486 gaudia
1517 4413 1886 4487 multiplicata
1929 4433 2056 4471 con-

2160 3176 2305 3246 sius;
2334 3175 2604 3247 decimus,
2650 3176 3107 3249 chrysoprassus;
3161 3177 3516 3246 undecimus,
3563 3177 3806 3250 hyacin-

2157 3271 2315 3340 thus;
2349 3270 2733 3340 duodecimus,
2760 3272 3110 3344 amethystus
3139 3289 3153 3327 :
3187 3277 3244 3328 et
3281 3272 3580 3328 duodecim
3607 3279 3802 3346 portae

2159 3364 2457 3420 duodecim
2483 3365 2807 3437 margaritas
2847 3371 2979 3422 sunt
3015 3383 3118 3438 per
3161 3365 3429 3438 singulas.
3469 3367 3578 3432 Qui
3623 3367 3804 3424 habet

2157 3475 2353 3516 aurem
2373 3459 2564 3514 audiat
2587 3477 2714 3532 quae
2743 3461 2972 3532 spiritus
2999 3461 3164 3516 dicat.

2322 3558 2498 3608 Lectio
2525 3559 2690 3608 sancti
2710 3558 2980 3624 Evangelii
3003 3558 3293 3610 secundum
3319 3558 3625 3610 Iohannem.

2231 3643 2436 3698 Diebus
2461 3644 2591 3714 illis,
2621 3645 2763 3699 dixit
2789 3645 3058 3700 Dominus
3100 3647 3256 3700 .lcsus
3294 3646 3585 3718 discipulis
3621 3645 3736 3701 suis
3767 3663 3784 3698 :

2157 3737 2263 3802 Qui
2290 3739 2469 3793 credit
2485 3739 2544 3792 in
2563 3755 2674 3809 me,
2705 3756 2876 3810 opera
2899 3757 3025 3812 qua:
3047 3757 3152 3812 ego
3177 3740 3340 3804 facio,
3372 3747 3428 3795 et
3451 3741 3576 3814 ipse
3599 3741 3790 3808 faciet,

2157 3836 2215 3887 et
2239 3832 2457 3904 majora
2484 3833 2694 3888 horum
2721 3833 2910 3900 faciet,
2941 3831 3076 3906 quia
3104 3849 3211 3906 ego
3248 3835 3318 3888 ad
3345 3835 3574 3888 Patrem
3601 3835 3748 3890 vado
3779 3853 3794 3890 :

2158 3931 2214 3982 et
2251 3927 2650 3999 quodcumque
2685 3927 2959 3998 petieritis
2997 3929 3056 3982 in
3097 3928 3328 3984 nomine
3371 3945 3518 3998 meo,
3563 3929 3680 3985 hoc
3719 3930 3800 3984 fa-

2157 4020 2322 4076 ciam.
2353 4021 2408 4078 Si
2433 4021 2668 4093 diligitis
2697 4039 2810 4090 me,
2843 4023 3108 4078 mandata
3135 4039 3262 4077 mea
3289 4027 3504 4078 servate
3537 4040 3552 4078 :
3585 4029 3646 4078 et
3689 4041 3800 4097 ego

2157 4115 2370 4188 rogabo
2411 4117 2656 4184 Patrem,
2685 4121 2740 4172 et
2782 4116 2998 4172 aliumc
3031 4117 3374 4172 Paraclitum
3413 4117 3570 4172 dabit
3607 4119 3796 4190 vobis,

2156 4215 2220 4266 ut
2237 4213 2469 4265 maneat
2494 4211 2786 4266 vobiscum
2801 4211 2860 4264 in
2881 4216 3180 4280 aeternum,
3212 4211 3486 4283 Spiritum
3513 4213 3796 4284 veritatis,

2156 4321 2327 4376 quem
2354 4305 2604 4360 mundus
2637 4321 2752 4360 non
2785 4309 2968 4377 potest
3009 4306 3284 4378 accipere,
3325 4307 3458 4378 quia
3495 4323 3614 4362 non
3639 4307 3798 4362 videt

2155 4415 2308 4468 eum,
2355 4417 2460 4454 nec
2501 4399 2605 4454 scit
2643 4417 2774 4455 eum
2808 4419 2821 4455 :
2855 4417 2952 4455 vos
2998 4403 3190 4456 autem
3236 4401 3584 4474 cognoscetis
3632 4417 3796 4474 eum,

427 4511 669 4566 celebret
697 4527 711 4565 :
741 4515 806 4563 ut
831 4508 1216 4580 promissionis
1245 4525 1358 4564 suae
1387 4515 1697 4566 memorata
1737 4509 2058 4582 interpellet

2165 4493 2292 4566 quia
2321 4494 2476 4566 apud
2509 4511 2604 4549 vos
2631 4495 2904 4564 manebit,
2933 4500 2990 4550 et
3021 4495 3084 4550 in
3119 4495 3278 4550 vobis
3304 4495 3430 4550 erit.
3459 4496 3582 4550 Non
3610 4497 3796 4552 relin-

425 4621 528 4677 pro
554 4603 735 4670 nobis,
767 4607 830 4657 ut
847 4603 906 4657 in
921 4603 1166 4659 secundo
1187 4603 1308 4675 ejus
1333 4603 1580 4660 adventu
1605 4621 1932 4661 mereamur
1961 4623 2054 4662 oc-

426 4712 652 4754 currere
677 4695 812 4752 laeti.

1055 4767 1422 4818 Contestatio‘.

497 4856 636 4912 Vere
662 4853 900 4928 dignum
930 4857 985 4908 et
1006 4853 1226 4924 justum
1257 4857 1342 4907 est
1371 4853 1728 4925 omnipotens
1766 4857 1910 4913 Deus
1953 4874 2057 4930 per

425 4949 710 5006 Christum
739 4949 1040 5004 Dominum
1067 4952 1343 5001 nostrum.
1371 4947 1475 5011 Qui
1502 4955 1760 5004 mortuus
1787 4959 1869 5006 est
1889 4969 2056 5024 prop-

425 5048 512 5098 ter
535 5047 762 5116 peccata
787 5047 1000 5110 nostra,
1028 5046 1084 5096 et
1113 5039 1422 5095 resurrexit
1446 5048 1676 5113 propter
1705 5045 2056 5115 justiﬁcatio-

425 5149 560 5194 n'em
586 5143 856 5194 nostram.
880 5136 984 5202 Qui
1013 5135 1207 5191 solutis
1231 5133 1437 5190 inferni
1465 5135 1706 5192 nexibus
1737 5155 1909 5194 aereas
1931 5157 2054 5212 por-

427 5237 512 5288 tas
528 5249 592 5288 ac
615 5233 800 5288 ferrea
821 5233 1087 5288 'claustra
1112 5231 1423 5304 confregit;
1463 5231 1666 5287 deinde
1694 5249 1996 5306 resurgens
2020 5253 2054 5289 a

425 5326 682 5395 mortuis,
704 5325 1166 5398 quadraginsimo
1182 5327 1292 5396 die,
1319 5326 1636 5382 videntibus
1659 5328 1873 5383 cunctis
1894 5329 2054 5384 disci-

423 5421 588 5496 polis,
618 5421 688 5476 ad
726 5419 890 5476 caelos
927 5419 1174 5476 ascendit
1219 5438 1232 5476 :
1275 5421 1410 5493 quia
1446 5421 1564 5494 ipse
1603 5429 1686 5478 est
1740 5423 2052 5494 expectatio

421 5523 634 5588 nostra,
663 5533 836 5589 quem
865 5517 1227 5588 expectamus
1263 5516 1455 5572 venire
1497 5517 1566 5572 de
1603 5517 1772 5588 ctelis,
1815 5525 1879 5574 ut
1915 5533 2048 5574 con-

492 5663 533 5738 ‘_
557 5661 779 5738 Eadem,
813 5659 1140 5738 contestati‘o
1183 5659 1242 5738 in
1289 5661 1518 5716 Gothico
1569 5679 1744 5738 usque
1799 5664 1870 5719 ad
1925 5664 2049 5720 haec

423 5735 592 5806 verba
632 5751 646 5791 :
674 5733 781 5806 Qui
799 5735 991 5792 solutis
1012 5733 1247 5806 inferni,
1274 5737 1380 5788 etc.

495 5807 522 5846 δ
548 5803 836 5864 Lectiones
865 5821 970 5880 pro
1001 5803 1144 5862 festo
1186 5805 1556 5876 Pentecostes,
1601 5807 1752 5878 quod
1797 5807 2047 5866 absolute

2157 4605 2330 4662 quam
2363 4606 2462 4644 vos
2517 4590 2824 4662 orphanos,
2872 4591 3096 4644 veniam
3123 4590 3194 4644 ad
3231 4607 3347 4644 vos.
3369 4591 3572 4646 Adhuc
3603 4591 3796 4646 modi-

2157 4699 2309 4752 cum,
2329 4687 2386 4738 et
2405 4684 2649 4739 mundus
2677 4684 2900 4754 mejam
2925 4683 3075 4756 [non]
3103 4683 3286 4738 videt:
3306 4701 3404 4738 vos
3427 4689 3622 4738 autem
3642 4685 3800 4740 vide.

2155 4775 2287 4830 bitis
2315 4793 2427 4846 me,
2458 4777 2590 4849 quia
2616 4793 2722 4848 ego
2748 4777 2872 4832 vivo
2902 4781 2959 4832 et
2987 4795 3081 4832 vos
3105 4777 3322 4833 vivetis.
3355 4779 3417 4832 In
3442 4778 3536 4832 illo
3577 4778 3674 4833 die
3697 4795 3800 4834 vos

2155 4872 2499 4942 cognoscetis
2523 4873 2656 4943 quia
2681 4889 2787 4944 ego
2807 4889 2934 4926 sum
2951 4872 3012 4926 in
3039 4874 3200 4928 Patre
3222 4889 3370 4944 meo,
3394 4877 3450 4928 et
3473 4890 3570 4928 vos
3586 4873 3644 4928 in
3675 4891 3796 4942 me,

2155 4971 2211 5020 et
2231 4981 2334 5036 ego
2359 4964 2418 5018 in
2445 4965 2620 5021 vobis.
2642 4966 2746 5031 Qui
2767 4967 2936 5021 habet
2957 4967 3222 5021 mandata
3241 4983 3388 5038 mea,
3411 4973 3468 5022 et
3493 4975 3682 5022 servat
3703 4985 3794 5036 ea,

2153 5058 2246 5112 ille
2273 5063 2358 5114 est
2381 5059 2477 5130 qui
2504 5059 2694 5132 diligit
2719 5076 2831 5115 me.
2859 5061 2966 5124 Qui
2991 5065 3181 5116 autem
3214 5061 3398 5133 diligit
3425 5077 3537 5131 me,
3581 5061 3794 5134 dilige-

2153 5157 2247 5208 tur
2273 5169 2306 5208 a
2333 5155 2494 5209 Patre
2513 5170 2662 5224 meo,
2691 5159 2747 5211 et
2768 5171 2874 5226 ego
2897 5155 3134 5226 diligam
3159 5171 3312 5223 eum,
3337 5159 3393 5211 et
3411 5155 3800 5212 manifestabo

2153 5253 2202 5307 ei
2231 5253 2531 5326 meipsum.

2761 5343 2960 5384 INCIPIT
2991 5345 3169 5385 HISSA.

2221 5421 2294 5474 Te
2339 5421 2594 5475 datorem
2643 5421 2881 5492 Spiritus
2925 5423 3120 5492 sancti,
3163 5421 3400 5478 Domine
3437 5421 3678 5492 Christe,
3729 5423 3796 5480 in

2153 5515 2256 5570 hac
2276 5515 2365 5572 die
2381 5515 2767 5586 celeberrima,
2792 5521 2904 5588 quo
2923 5523 3048 5572 tuos
3067 5517 3358 5590 apostolos
3377 5517 3796 5574 charismatum

2149 5659 2694 5742 Quinquagesimum
2723 5661 2870 5718 infra
2897 5680 3014 5742 n_on
3041 5665 3219 5742 semel
3247 5665 3584 5742 appellatur.

2220 5745 2244 5774 ο
2274 5733 2716 5810 Sichmclitus,
2755 5751 2872 5794 non
2913 5737 3252 5810 Paracletus,
3281 5733 3354 5794 in
3397 5737 3796 5796 vetustissimo

2151 5804 2482 5878 exemplari.
