4036 6188
206 269 294 325 317
817 263 1428 323 SACRAMENTAPJUM
1465 265 1909 324 GALLICANUM.
1952 297 2019 307 --
2058 266 2424 326 LECTIONES
2460 266 2909 337 QUOTIDIANE.

3443 265 3542 328 3l8

197 374 354 431 donis
384 371 628 447 Spiritus
658 373 838 429 sancti
870 374 992 446 igni
1016 375 1226 443 ditasti,
1256 376 1560 446 provoluta
1591 393 1655 432 ac
1687 375 1813 432 sub—
1834 392 1891 466 Α
1910 377 2136 432 nomini
2183 377 2478 448 dedicavit,
2535 381 2590 433 et
2639 377 3000 449 intelligibile
3065 377 3230 435 nobis
3278 378 3444 436 faciat
3489 387 3543 436 et

196 469 357 525 missa
387 486 552 542 prece
583 485 858 541 rogamus
889 487 902 524 :
936 486 1049 541 quo
1077 469 1420 525 adveniente
1441 469 1687 526 Trinitas
1715 488 1807 527 co-

193 564 445 630 ruscavit,
481 564 988 636 quinquaginsima
1011 565 1132 619 dies
1162 564 1424 631 emicuit;
1468 565 1526 619 in
1573 582 1686 637 quo
1714 567 1813 620 Pa-

191 659 316 712 scha
345 657 664 729 adimpleta
687 662 789 724 est,
810 647 1077 729 mysterii
1105 660 1185 714 tui
1203 660 1656 715 sollemnitatem
1685 677 1812 714 con-

187 751 464 806 cludimus
511 751 874 806 obsecrantes
923 756 984 807 ut
1021 753 1196 808 corda
1236 757 1430 809 nostra
1464 753 1748 825 purifices,
1777 771 1811 807 a

188 861 291 916 quo
308 845 722 916 discipulorum
739 846 913 901 corda
936 848 1100 918 quasi
1127 848 1348 903 ferrum
1370 849 1442 903 ad
1465 848 1807 920 capiendum

185 938 392 1008 ignisti.

857 1012 1124 1062 Collectio.

250 1093 497 1166 Spiritus
541 1099 769 1150 sanctus
802 1101 931 1151 tuus
957 1097 1288 1166 Paraclitus,
1319 1114 1666 1170 quaesumus,
1700 1098 1808 1151 Do-

184 1189 354 1254 mine,
377 1205 409 1243 a
427 1190 678 1260 peccatis
699 1191 908 1245 nostris
940 1191 1263 1246 emundans
1284 1192 1618 1247 continuam
1646 1191 1809 1246 nobis

185 1281 389 1336 tribuat
416 1283 768 1351 claritatem;
789 1283 1002 1356 quique
1026 1285 1190 1356 quasi
1210 1286 1360 1357 ignis
1389 1303 1560 1356 super
1588 1289 1810 1357 aposto-

181 1376 259 1430 los
289 1375 545 1444 advenit,
580 1377 919 1450 dispergens
946 1379 1117 1446 dona,
1142 1397 1312 1451 super
1334 1397 1438 1436 nos
1464 1396 1692 1451 quoque
1718 1379 1806 1433 in-

183 1468 393 1536 ﬁrmos,
447 1474 506 1525 te
566 1471 941 1540 concedente,
988 1474 1075 1526 vel
1127 1474 1319 1545 aliqua
1371 1473 1636 1545 portione
1693 1490 1807 1528 suae

182 1562 532 1633 dignationis
563 1565 893 1633 adveniens,
929 1571 985 1620 et
1002 1571 1237 1638 peccata
1269 1567 1477 1634 deleat,
1503 1571 1560 1621 et
1583 1566 1808 1638 pietatis

184 1655 327 1712 dona
356 1658 662 1730 largiatur.

801 1732 922 1781 Post
944 1731 1174 1781 nomina.

245 1814 463 1868 Virtute
499 1817 682 1870 sancti
724 1817 987 1888 Spiritus,
1021 1817 1284 1883 Domine,
1329 1834 1572 1872 munera
1613 1821 1809 1872 nostra

186 1908 445 1979 continge
468 1927 482 1966 :
507 1913 568 1963 ut
587 1911 740 1981 quod
757 1912 1146 1966 sollemnitate
1170 1911 1693 1982 quinquaginsimae
1708 1927 1809 1965 suo

245 2042 269 2071 ⁸
297 2044 523 2100 Eadem
550 2045 610 2099 in
642 2046 880 2102 Gothico
907 2050 993 2101 est
1023 2046 1388 2115 contestatio,
1417 2063 1473 2118 p.
1512 2049 1629 2102 l69.

1831 1775 1885 1846 Β

1920 477 2221 527 aeternum.

2435 542 2684 592 Collectio
2714 541 2779 592 ad
2808 557 3011 607 pacem.

1983 630 2213 684 Munera
2251 632 2460 694 nostra,
2492 644 2840 700 quzesumus,
2877 629 3133 697 Domine,
3163 631 3342 685 sancti
3369 631 3544 704 Spiri-

1910 726 2000 776 tus
2029 723 2112 777 tui
2140 722 2463 794 dignatione
2504 726 2814 793 sacrentur,
2840 739 2940 794 per
2964 740 3097 796 quae
3138 729 3193 778 et
3233 742 3265 779 a
3305 726 3546 797 peccatis

1911 816 2173 871 omnibus
2211 816 2592 884 absolvantur,
2635 824 2691 873 et
2721 818 3036 889 adoptionis
3077 822 3189 872 tuae
3232 818 3330 873 filii
3378 837 3541 876 rena-

1911 915 2157 967 scantur.

2554 981 2865 1031 Contestatio

1980 1077 2004 1105 α
2031 1069 2168 1123 Vere
2192 1068 2435 1139 dignum
2465 1070 2521 1122 et
2565 1068 2789 1137 justum
2830 1072 2932 1136 est,
2986 1069 3342 1141 omnipotens
3377 1069 3542 1140 Deus,

1909 1166 1963 1215 te
1990 1161 2221 1216 laudare
2247 1161 2307 1216 in
2338 1162 2444 1216 hoc
2470 1161 2756 1233 praecipue
2807 1161 2916 1229 die,
2965 1178 3076 1232 quo
3111 1163 3544 1220 sacratissimum

1909 1255 2119 1309 Pascha
2138 1255 2551 1326 quinquaginta
2571 1255 2792 1309 dierum
2815 1256 3100 1326 mysteriis
3120 1257 3350 1328 tegitur,
3375 1262 3430 1312 et
3443 1275 3546 1330 per

1910 1365 2010 1403 sua
2041 1348 2274 1420 vestigia
2305 1349 2714 1403 recursantium
2737 1349 2962 1403 dierum
3000 1350 3191 1421 spatiis
3220 1351 3540 1422 colligitur;

1909 1447 1965 1496 et
1990 1442 2262 1513 dispersio
2285 1442 2632 1513 linguarum,
2660 1459 2788 1513 quae
2814 1443 2871 1496 in
2903 1443 3230 1498 confusione
3259 1445 3403 1498 facta
3431 1445 3549 1500 fue-

1909 1541 2012 1604 rat,
2034 1552 2138 1606 per
2163 1535 2435 1607 Spiritum
2465 1541 2731 1590 sanctum
2759 1537 3069 1592 adunatur.
3099 1537 3270 1592 Hodie
3300 1553 3547 1610 namque

1908 1629 1976 1684 de
2015 1628 2165 1684 caelis
2199 1635 2430 1700 repente
2476 1647 2679 1684 sonum
2718 1631 3011 1685 audientes
3058 1631 3328 1702 Apostoli,
3376 1632 3546 1688 unius

1909 1722 2038 1776 fidei
2066 1722 2392 1794 Symbolum
2422 1729 2786 1794 exceperunt,
2818 1729 2873 1778 et
2916 1724 3128 1796 linguis
3166 1725 3334 1779 variis
3369 1726 3545 1780 Evan-

1911 1816 2043 1888 gelii
2071 1816 2153 1870 tui
2181 1816 2418 1888 gloriam
2444 1817 2708 1888 gentibus
2733 1817 3088 1873 tradiderunt
3115 1835 3219 1890 per
3258 1819 3545 1874 Christum

1914 1911 2216 1965 Dominum
2244 1916 2502 1965 nostrum
2514 1953 2526 1964 .

1478 2316 1580 2393 IN
1653 2315 1811 2394 DEI
1884 2313 2259 2392 NOMINE

270 2477 1144 2624 INCIPIUNT
1241 2464 2183 2623 LECTIONES
2283 2477 3472 2698 COTTIDIANAS.

503 2830 659 2870 MISSA
700 2830 885 2871 SANCTI
925 2830 1180 2871 IOHANNIS
1221 2832 1508 2871 BAPTIST/E.

565 2917 738 2966 Lectio
767 2917 831 2966 de
861 2917 1123 2966 Hieremia
1157 2919 1432 2982 propheta.
1525 2908 1532 2915 ’

252 3001 370 3055 Haec
400 3001 549 3056 dicit
579 3003 888 3058 Dominus:
925 3003 1172 3068 Quaerite
1213 3020 1418 3075 pacem
1466 3003 1727 3073 civitatis,
1761 3007 1819 3056 et

194 3099 334 3150 orate
352 3113 456 3168 pro
492 3113 558 3151 ea
581 3097 653 3151 ad
672 3097 1005 3165 Dominum,
1025 3098 1159 3170 quia
1183 3099 1239 3152 in
1260 3116 1399 3170 pace
1423 3099 1569 3152 illius
1586 3099 1695 3152 erit
1711 3114 1815 3169 pax

1917 2818 2028 2884 tus,
2061 2815 2106 2868 si
2132 2830 2243 2886 qua
2269 2814 2420 2880 laus;
2460 2813 2583 2867 haec
2617 2813 2884 2884 cogitate;
2925 2814 3060 2886 quia
3095 2819 3151 2869 et
3180 2814 3467 2884 didicistis,
3497 2821 3553 2871 et

1917 2907 2227 2978 accepistis,
2274 2911 2331 2962 et
2366 2907 2619 2976 audistis,
2667 2912 2724 2962 et
2750 2905 2966 2962 vidistis
2994 2908 3053 2963 in
3083 2924 3198 2965 me.
3228 2909 3354 2964 Hice
3379 2909 3546 2980 agite,

1918 3005 1973 3056 et
2000 3002 2144 3056 Deus
2170 3002 2320 3073 pacis
2350 3001 2459 3056 erit
2485 3001 2797 3058 vobiscum.

2140 3103 2316 3153 Lectio
2341 3103 2506 3153 sancti
2530 3103 2800 3166 Evangelii
2825 3103 3114 3154 secundum
3141 3106 3350 3156 Lucam.

192 3189 351 3244 vobis.
380 3192 519 3246 Haec
547 3190 682 3246 dicit
711 3192 990 3246 Dominus
1024 3210 1035 3246 :
1063 3194 1186 3247 Non
1239 3211 1336 3247 vos
1375 3193 1651 3248 seducant
1691 3209 1817 3263 pro-
1839 3170 1892 3243 C
1989 3188 2191 3243 Fuitin
2205 3188 2404 3244 diebus
2425 3189 2656 3244 Herodis
2679 3189 2998 3261 regisJudaa
3021 3191 3277 3247 sacerdos
3294 3192 3548 3264 quidam,

193 3285 362 3354 phetae
401 3285 601 3352 vestri,
644 3286 741 3356 qui
768 3286 972 3340 suntin
997 3287 1190 3341 medio
1208 3287 1400 3354 vestri,
1432 3291 1490 3341 et
1521 3287 1693 3341 divini
1720 3304 1812 3340 ve-

195 3378 309 3445 stri;
360 3383 416 3433 et
447 3396 529 3433 ne
579 3380 890 3434 attendatis
930 3381 1004 3435 ad
1047 3381 1274 3436 somnia
1305 3385 1511 3448 vestra,
1555 3398 1682 3451 qua:
1719 3397 1816 3434 vos

195 3473 500 3539 somniatis,
534 3474 668 3545 quia
697 3474 904 3529 falsum
926 3475 1084 3530 vobis
1113 3475 1219 3546 ipsi
1248 3476 1598 3547 prophetant
1625 3474 1684 3528 in
1710 3491 1815 3528 no-

195 3566 332 3621 mine
357 3583 522 3635 meo,
560 3571 749 3624 etnon
777 3569 905 3622 misi
929 3585 1047 3636 eos,
1072 3569 1208 3625 dicit
1237 3569 1534 3624 Dominus.
1568 3567 1813 3623 Visitabo

195 3676 297 3728 vos,
327 3666 384 3716 et
403 3662 700 3718 suscitabo
719 3681 894 3734 super
917 3680 1018 3719 vos
1046 3664 1287 3718 verbum
1336 3679 1532 3717 meum
1576 3662 1812 3729 bonum,

195 3759 248 3807 ut
269 3756 545 3810 reducam
567 3773 664 3811 vos
697 3757 768 3810 ad
791 3758 980 3812 locum
1019 3758 1206 3812 istum.
1245 3759 1362 3828 Ego
1391 3757 1546 3811 enim
1579 3757 1693 3810 scio
1719 3773 1810 3810 co-

196 3847 514 3917 gitationes,
548 3867 688 3922 quas
709 3852 898 3922 cogito
921 3869 1092 3923 super
1112 3869 1228 3917 vos,
1245 3850 1619 3922 cogitationes
1639 3850 1812 3922 pacis,

197 3945 244 3996 et
266 3959 372 3999 non
395 3942 764 4013 adilictionis,
789 3949 853 4000 ut
879 3945 1012 4000 dem
1048 3945 1204 4000 vobis
1239 3946 1415 3999 finem
1447 3948 1505 3999 et
1542 3945 1816 4016 paaniten-

199 4035 340 4092 tiam.
355 4038 700 4093 lnvocabitis
728 4056 842 4106 me,
874 4041 932 4094 et
950 4038 1174 4106 vivetis;
1200 4038 1438 4093 orabitis
1457 4055 1549 4092 me
1573 4042 1629 4093 et
1644 4055 1813 4093 exau-

199 4128 336 4186 diam
365 4149 501 4199 vos;
535 4133 804 4202 quaeretis
835 4149 928 4186 me
957 4136 1016 4186 et
1038 4131 1358 4188 invenietis.
1393 4133 1535 4188 Cum
1576 4132 1812 4203 quaesie-

197 4223 307 4278 ritis
329 4243 422 4281 me
447 4227 507 4280 in
540 4229 662 4281 toto
704 4227 875 4282 corde
912 4229 1121 4293 vestro,
1161 4226 1421 4282 inveniar
1460 4245 1492 4282 a
1525 4227 1697 4293 vobis,
1738 4226 1819 4280 ait

198 4315 502 4374 Dominus:
551 4323 607 4373 et
647 4320 920 4375 reducam
985 4320 1370 4392 captivitatem
1432 4324 1700 4386 vestram,
1761 4322 1820 4373 et

197 4415 555 4485 congregatio
584 4431 682 4470 vos
713 4415 783 4469 de
815 4415 1092 4469 universis
1114 4415 1400 4485 gentibus,
1426 4418 1483 4468 et
1513 4414 1583 4469 de
1603 4413 1818 4469 cunctis

199 4503 342 4574 locis,
372 4508 447 4562 ad
481 4525 606 4579 qua;
628 4508 813 4580 expuli
841 4526 960 4578 vos,
995 4509 1074 4564 ait
1097 4509 1387 4564 Dominus.

309 4623 540 4688 Epistola
572 4624 717 4674 Pauli
740 4624 1433 4738 agqlséggigdnﬁgsi‘l‘ippenses
1462 4623 1514 4673 in
1535 4624 1698 4674 sancti

265 4776 503 4848 Fratres,
535 4781 782 4852 gaudete
819 4782 876 4836 in
905 4784 1143 4838 Domino
1174 4799 1420 4854 semper,
1455 4779 1665 4836 iterum
1694 4779 1820 4835 dico

202 4873 459 4942 gaudete.
503 4876 777 4932 Modestia
808 4881 998 4932 vestra
1023 4881 1161 4933 nota
1184 4877 1258 4931 sit
1289 4875 1556 4931 omnibus
1581 4875 1823 4930 homini-

201 4963 606 5032 bus,Dominus
632 4971 790 5024 enim
816 4988 992 5042 prope
1027 4976 1128 5026 est.
1159 4971 1306 5026 Nihil
1325 4969 1549 5025 solliciti
1563 4969 1701 5036 sitis,
1722 4968 1820 5023 sed

201 5059 252 5114 in
279 5064 436 5116 omni
455 5063 717 5119 oratione
740 5070 798 5120 et
820 5066 1217 5120 obsecratione
1242 5082 1368 5119 cum
1390 5063 1708 5134 gratiarum
1729 5080 1819 5117 ac-

203 5153 347 5210 tione
365 5157 675 5228 petitiones
701 5163 902 5215 vestraa
935 5159 1300 5214 innotescant
1339 5157 1490 5230 apud
1521 5159 1724 5212 Deum.
1758 5159 1825 5211 Et

203 5264 299 5318 pax
328 5251 427 5307 Dei
456 5270 582 5324 qua:
615 5259 918 5326 exsuperat
963 5270 1196 5309 omnem
1249 5269 1501 5318 sensum,
1541 5251 1824 5306 custodiat

204 5344 365 5400 corda
389 5351 578 5403 vestra
593 5352 653 5402 et
670 5348 1076 5420 intelligentias
1104 5351 1320 5403 vestras
1345 5347 1398 5400 in
1419 5347 1644 5401 Christo
1669 5349 1820 5403 Jesu.

205 5435 275 5492 De
287 5444 498 5511 cetero,
514 5443 1123 5514 fratres,quaecumque
1143 5445 1822 5512 suntvera,qua3cumque

204 5532 420 5602 pudica,
448 5552 825 5609 quaecumque
841 5538 1016 5607 justa,
1037 5552 1412 5609 quaecumque
1431 5539 1647 5602 sancta,
1671 5552 1822 5607 quae-

207 5640 440 5700 cumque
453 5631 741 5700 amabilia,
757 5647 1128 5704 quaecumque
1144 5631 1309 5686 bonae
1329 5630 1521 5697 famae;
1540 5630 1585 5684 si
1600 5646 1713 5702 qua
1722 5631 1827 5686 vir-

270 5768 292 5798 '
314 5771 385 5850 _ld
415 5777 497 5830 est
521 5775 686 5850 festo,
722 5773 800 5832 uti
828 5775 1114 5850 colligitur
1153 5793 1220 5850 ex
1251 5775 1522 5850 Lectione
1550 5779 1826 5850 sequente

212 5841 324 5901 Post
364 5850 535 5904 sancti
572 5841 831 5906 Iohannis
879 5841 1116 5906 missam.
1162 5848 1284 5916 Quo
1330 5847 1569 5906 nomine
1615 5841 1827 5911 festum

1837 4546 1897 4617 D

1915 3281 2148 3338 nomine
2170 3283 2514 3350 Zaccharias,
2545 3283 2614 3338 de
2639 3283 2758 3338 vice
2787 3283 2946 3354 Abia,
2972 3289 3027 3339 et
3059 3301 3204 3339 uxor
3249 3286 3332 3340 illi
3373 3286 3441 3341 de
3492 3287 3556 3340 fi-

1917 3376 2096 3431 liabus
2121 3379 2328 3444 Aaron,
2352 3382 2408 3431 et
2440 3393 2652 3430 nomen
2677 3378 2798 3448 ejus
2822 3378 3122 3432 Elizabeth.
3158 3380 3328 3433 Erant
3361 3384 3549 3434 autem

1909 3470 2050 3540 justi
2067 3470 2234 3524 ambo
2254 3475 2384 3524 ante
2413 3470 2616 3538 Deum,
2651 3470 2974 3526 incedentes
3003 3471 3060 3524 in
3093 3472 3356 3526 omnibus
3385 3489 3547 3527 man-

1918 3563 2058 3617 datis
2079 3569 2134 3617 et
2146 3562 2643 3632 justiticationibus
2664 3563 2889 3617 Domini
2912 3564 3030 3618 sine
3051 3564 3335 3635 querella;
3361 3571 3417 3620 et
3435 3582 3549 3621 non

1917 3660 2034 3711 erat
2076 3656 2186 3710 illis
2232 3655 2400 3723 ﬁlius,
2449 3673 2515 3710 eo
2557 3657 2710 3727 quod
2751 3663 2898 3713 esset
2939 3657 3220 3714 Elizabeth
3239 3661 3462 3732 sterilis,
3495 3666 3552 3717 et

1914 3750 2080 3804 ambo
2123 3751 2522 3822 processissent
2565 3751 2624 3804 in
2671 3751 2870 3806 diebus
2911 3753 3044 3808 suis.
3081 3753 3309 3809 Factum
3336 3760 3421 3810 est
3445 3772 3548 3810 au-

1916 3851 2032 3899 tem
2077 3862 2208 3900 cum
2257 3845 2565 3900 sacerdotio
2600 3845 2937 3916 fungeretur
2975 3847 3032 3901 in
3053 3847 3249 3904 ordine
3276 3849 3410 3904 vicis
3433 3867 3549 3906 suae

1917 3943 2046 3994 ante
2058 3940 2238 3994 Deum
2261 3939 2574 3994 secundum
2590 3941 3058 3996 consuetudinem
3071 3943 3384 4013 sacerdotii,
3398 3950 3550 4001 sorte

1916 4032 2053 4088 exiit
2081 4038 2142 4088 ut
2163 4034 2455 4088 incensum
2480 4038 2716 4105 poneret
2746 4034 3032 4105 ingressus
3057 4036 3114 4090 in
3139 4038 3413 4108 templum
3437 4040 3548 4095 Do-

1915 4126 2078 4194 mini,
2100 4132 2157 4183 et
2176 4127 2358 4182 omnis
2380 4127 2686 4182 multitudo
2704 4133 2819 4182 erat
2842 4130 3037 4200 populi
3069 4147 3234 4184 orans
3255 4131 3391 4185 foris
3411 4133 3553 4188 hora

1916 4221 2146 4276 incensi.
2193 4221 2468 4293 Apparuit
2503 4227 2692 4276 autem
2731 4222 2814 4274 illi
2836 4223 3081 4294 Angelus
3104 4225 3325 4278 Domini
3348 4228 3552 4280 stansa

1918 4315 2128 4370 dextris
2163 4315 2355 4370 altaris
2411 4315 2644 4382 incensi,
2697 4319 2753 4368 et
2800 4315 3121 4369 Zaccharias
3166 4317 3424 4372 turbatus
3471 4326 3555 4376 est

1916 4409 2126 4475 videns,
2173 4412 2230 4462 et
2280 4409 2456 4463 timor
2496 4409 2675 4463 inruit
2713 4425 2887 4478 super
2927 4424 3080 4463 eum.
3126 4410 3220 4464 Ait
3266 4416 3457 4467 autem
3482 4414 3554 4468 ad

1919 4502 2081 4556 illum
2106 4502 2356 4573 Angelus
2381 4519 2392 4556 :
2423 4503 2499 4557 Ne
2515 4502 2718 4556 timeas
2743 4501 3070 4571 Zaccharia,
3088 4504 3356 4574 quoniam
3384 4523 3554 4564 exau-

1921 4595 2038 4650 dita
2065 4600 2148 4650 est
2173 4595 2490 4667 deprecatio
2518 4601 2633 4664 tua,
2667 4599 2723 4650 et
2751 4612 2896 4650 uxor
2925 4601 3024 4651 tua
3064 4598 3344 4656 Elizabeth
3374 4603 3556 4674 pariet

1919 4689 2021 4744 tibi
2053 4689 2254 4758 lilium,
2284 4694 2340 4744 et
2365 4689 2584 4744 vocabis
2612 4707 2826 4744 nomen
2856 4691 2977 4762 ejus
3004 4692 3342 4763 Johannem,
3367 4703 3422 4752 et
3449 4699 3558 4756 erit

1925 4784 2193 4855 gaudium
2220 4783 2342 4851 tibi,
2371 4788 2427 4838 et
2447 4784 2746 4854 exultatio;
2777 4789 2832 4839 et
2856 4787 3023 4842 multi
3044 4787 3101 4842 in
3123 4791 3408 4846 nativitate
3434 4793 3557 4864 ejus

1925 4877 2272 4948 gaudebunt,
2293 4881 2349 4931 et
2368 4877 2475 4931 erit
2501 4894 2743 4950 magnus
2768 4897 2957 4935 coram
2991 4883 3243 4954 Domino,
3278 4891 3333 4940 et
3358 4886 3554 4944 vinum

1923 4975 1980 5026 et
2020 4971 2253 5026 siceram
2299 4987 2415 5025 non
2462 4971 2636 5042 bibet,
2679 4978 2735 5028 et
2771 4975 2980 5046 Spiritu
3023 4982 3214 5033 sancto
3249 4981 3558 5050 replebitur

1922 5065 2108 5120 adhuc
2134 5082 2203 5120 ex
2230 5071 2393 5121 utero
2419 5067 2616 5122 matris
2633 5085 2770 5137 suae,
2801 5073 2857 5122 et
2883 5069 3090 5124 multos
3119 5071 3368 5128 filiorum
3392 5075 3557 5134 Israel

1923 5165 2210 5215 convertet
2233 5161 2304 5215 ad
2333 5160 2637 5216 Dominum
2669 5162 2846 5215 Deum
2868 5162 3143 5233 ipsorum.
3171 5167 3238 5222 Et
3260 5167 3377 5240 ipse
3403 5188 3553 5242 prae-

1923 5254 2084 5309 cedet
2111 5259 2242 5308 ante
2265 5253 2426 5309 illum
2453 5255 2511 5309 in
2539 5255 2734 5326 spiritu
2769 5260 2825 5310 et
2849 5256 3054 5313 virtute
3085 5261 3275 5333 Heliae,
3322 5270 3386 5320 ut
3428 5283 3558 5324 con-

1925 5352 2108 5403 vertat
2131 5350 2301 5404 corda
2325 5354 2557 5420 patrum
2579 5349 2637 5403 in
2668 5349 2834 5418 filios,
2863 5355 2920 5406 et
2945 5352 3301 5413 incredibiles
3326 5360 3392 5415 ad
3427 5378 3559 5433 pru-

1925 5442 2172 5498 dentiam
2193 5444 2498 5514 justorum,
2521 5459 2718 5514 parare
2741 5445 2977 5502 Domino
2987 5449 3209 5521 plebem
3230 5455 3552 5526 perfectam.

1925 5539 1994 5594 Et
2019 5537 2162 5593 dixit
2186 5536 2513 5592 Zaccharias
2544 5537 2613 5592 ad
2647 5540 2914 5611 angelum
2943 5560 2956 5598 :
3003 5545 3159 5602 Unde
3193 5547 3298 5602 hoc
3335 5547 3556 5604 sciam?

1926 5634 2044 5705 Ego
2071 5631 2225 5686 enim
2253 5647 2382 5686 sum
2402 5647 2594 5704 senex,
2616 5637 2673 5689 et
2700 5651 2840 5690 uxor
2866 5653 2994 5694 mea
3038 5641 3304 5712 processit
3340 5641 3402 5696 in
3435 5640 3556 5697 die-

1926 5779 2674 5913 gangegeegggsuggniﬁcari,
2701 5784 2893 5844 notius
2920 5789 3190 5856 estquam
3224 5790 3289 5844 ut
3325 5785 3555 5861 probari
