3982 6190
431 287 530 342 519

1295 281 1628 338 ΑΡΡΕΝΒΙΧ
1667 281 1756 336 AD
1797 280 2018 338 OPERA
2055 281 2108 336 S.
2149 279 2448 339 GERMANI
2487 279 2913 340 PARISIENSIS.

3685 281 3794 337 520

429 393 537 448 bus
563 393 695 449 suis.
724 395 794 448 Et
815 390 1162 464 respondens
1181 389 1417 462 angelus
1457 390 1598 445 dixit
1633 390 1719 445 ei:
1771 391 1888 461 Ego
1932 405 2058 445 sum
2083 402 2142 476 Α
2162 391 2320 446 Nolo.
2339 393 2536 446 Postea
2553 395 2744 446 autem
2769 389 3102 462 paznitentia
3121 391 3309 445 motus
3338 387 3496 444 abiit.
3511 388 3796 444 Accedens

431 487 672 558 Gabriel,
695 487 792 559 qui
821 487 975 540 adsto
1001 489 1128 539 ante
1158 486 1355 554 Deum,
1386 489 1442 540 et
1491 484 1697 539 missus
1737 501 1864 539 sum
1911 485 2064 555 loqui

429 583 501 637 ad
527 587 601 648 te,
629 588 685 636 et
699 583 819 635 haec
845 579 943 634 tibi
977 579 1381 650 evangelizare,
1430 583 1485 633 et
1535 596 1659 634 ecce
1709 579 1817 633 eris
1853 584 2060 646 tacens,

433 681 490 731 et
513 692 629 731 non
658 675 868 746 poteris
892 674 1048 744 loqui
1077 689 1256 744 usque
1285 673 1344 727 in
1389 673 1538 728 diem
1585 691 1697 746 quo
1741 675 1861 728 haec
1905 673 2061 738 ﬁant,

431 787 534 842 pro
563 787 628 824 eo
656 768 806 840 quod
842 784 958 822 non
999 767 1282 822 credidisti
1309 767 1490 822 verbis
1518 768 1680 836 meis,
1708 785 1835 840 quae
1870 767 2066 838 imple-

430 864 644 918 buntur
685 862 746 915 in
791 867 1045 932 tempore
1083 878 1202 916 suo.
1255 863 1322 915 Et
1365 867 1483 916 erat
1529 863 1688 934 plebs
1738 865 2064 933 exspectans

430 956 807 1024 Zacchariam,
857 960 912 1009 et
947 954 1300 1010 mirabantur
1345 959 1499 1028 quod
1533 957 1781 1011 tardaret
1831 956 1949 1026 ipse
2007 956 2064 1008 in

433 1050 664 1120 templo.
693 1051 964 1121 Egressus
988 1054 1179 1104 autem
1211 1066 1323 1103 non
1355 1054 1574 1120 poterat
1597 1049 1750 1121 loqui
1790 1050 1860 1104 ad
1897 1049 2021 1103 illos
2047 1065 2059 1102 :

433 1149 488 1200 et
507 1148 896 1215 cognoverunt
916 1143 1068 1215 quod
1089 1141 1363 1197 visionem
1379 1143 1732 1216 vidissetipse
1752 1143 1812 1198 in
1831 1144 2060 1216 templo.

431 1238 500 1293 Et
523 1237 642 1309 ipse
672 1243 790 1292 erat
822 1238 1067 1292 innuens
1125 1237 1254 1306 illis,
1299 1243 1354 1292 et
1396 1239 1708 1309 permansit
1741 1243 1953 1292 mutus.
1999 1239 2066 1292 Et

431 1333 643 1388 factum
670 1337 752 1386 est
774 1336 839 1385 ut
865 1330 1085 1402 impleti
1112 1337 1244 1385 sunt
1271 1331 1388 1385 dies
1418 1331 1586 1385 oflicii
1632 1332 1773 1402 ejus,
1823 1331 1960 1386 abiit
2005 1331 2064 1384 in

432 1429 664 1484 domum
706 1442 886 1479 suam.
933 1426 1062 1478 Post
1089 1424 1192 1478 hos
1218 1429 1408 1480 autem
1433 1425 1572 1494 dies,
1602 1425 1859 1496 concepit
1887 1425 2060 1479 Eliza-

431 1521 568 1578 beth
613 1537 755 1574 uxor
799 1519 938 1589 ejus,
984 1523 1039 1572 et
1078 1519 1393 1573 occultabat
1419 1537 1475 1572 se
1505 1519 1793 1574 mensibus
1815 1518 2063 1590 quinque

433 1613 659 1670 dicens:
689 1613 828 1678 Quia
857 1613 936 1666 sic
967 1612 1108 1666 mihi
1135 1612 1268 1666 fecit
1304 1613 1574 1666 Dominus
1601 1613 1658 1666 in
1685 1612 1902 1679 diebus,
1933 1613 2061 1683 qui-

431 1709 537 1764 bus
563 1707 812 1778 respexit
840 1706 1062 1760 auferre
1088 1705 1458 1778 opprobrium
1480 1723 1674 1760 meum
1701 1705 1848 1760 inter
1875 1705 2060 1759 homi-

433 1819 551 1858 nes.
578 1800 860 1856 Elizabeth
880 1804 1066 1854 autem
1091 1799 1386 1870 impletum
1416 1805 1499 1854 est
1523 1805 1748 1871 tempus
1786 1799 2060 1871 pariendi,

435 1901 490 1952 et
514 1893 733 1968 peperit
761 1892 962 1948 filium.
993 1893 1307 1948 Audierunt
1339 1893 1508 1948 vicini
1551 1899 1607 1948 et
1649 1893 1874 1964 cognati
1920 1894 2061 1964 ejus,

434 1990 568 2062 quia
591 1987 976 2060 magniticavit
991 1987 1262 2042 Dominus
1281 1987 1728 2042 misericordiam
1748 2004 1904 2042 suam
1933 2004 2062 2041 cum

433 2084 546 2150 illa,
580 2089 636 2138 et
659 2081 1194 2154 congratulabantur
1220 2081 1290 2135 ei.
1323 2083 1390 2136 Et
1414 2081 1624 2136 factum
1646 2086 1730 2136 est
1757 2082 1812 2135 in
1843 2082 1932 2136 die
1978 2098 2063 2135 oc-

432 2183 558 2232 tavo
590 2181 868 2231 venerunt
919 2175 1320 2229 circumcidere
1371 2191 1639 2245 puerum,
1688 2181 1745 2230 et
1797 2176 2065 2229 vocabant

434 2287 566 2326 eum
609 2269 841 2324 nomine
877 2268 1052 2339 patris
1095 2267 1215 2338 ejus
1253 2267 1565 2322 Zaccharia.
1615 2269 1680 2322 Et
1717 2267 2064 2339 respondens

435 2369 619 2418 mater
637 2363 758 2432 ejus
784 2362 925 2416 dixit
953 2378 965 2414 :
1001 2362 1388 2432 Nequaquam,
1429 2361 1525 2415 sed
1545 2361 1832 2416 vocabitur
1855 2361 2060 2415 Johan-

434 2473 554 2512 nes.
576 2457 644 2510 Et
672 2455 937 2510 dixerunt
965 2454 1036 2508 ad
1066 2455 1222 2508 illam
1249 2471 1261 2508 :
1292 2454 1432 2518 Quia
1461 2471 1630 2510 nemo
1656 2461 1736 2509 est
1773 2455 1830 2508 in
1857 2471 2061 2525 cogna-

433 2551 585 2607 tione
609 2553 707 2604 tua
725 2549 820 2620 qui
842 2553 1071 2602 vocetur
1088 2549 1196 2602 hoc
1228 2547 1480 2604 nomine.
1526 2549 1837 2604 lnnuebant
1878 2551 2064 2602 autem

433 2645 582 2718 patri
608 2644 730 2715 ejus
755 2659 928 2715 quem
955 2643 1122 2697 vellet
1161 2643 1344 2696 vocari
1375 2659 1526 2696 eum.
1555 2644 1622 2697 Et
1647 2643 1932 2714 postulans
1955 2659 2062 2713 pu-

436 2740 711 2812 gillarem,
751 2737 973 2808 scripsit
1005 2737 1196 2791 dicens
1221 2753 1234 2790 :
1273 2737 1553 2808 Johannes
1579 2740 1662 2791 est
1681 2753 1894 2792 nomen
1921 2736 2062 2807 ejus.

435 2835 501 2890 Et
525 2833 714 2888 mirati
737 2835 872 2886 sunt
897 2830 1162 2885 universi.
1191 2833 1464 2902 Apertum
1491 2835 1576 2886 est
1601 2835 1792 2886 autem
1839 2831 1964 2884 ilico
2006 2847 2067 2884 os

434 2929 573 3000 ejus,
603 2931 658 2982 et
682 2927 878 2998 lingua
901 2925 1042 2995 ejus,
1073 2929 1129 2980 et
1147 2925 1488 2996 loquebatur
1505 2925 1844 2980 benedicens
1865 2925 2062 2978 Deum.

435 3023 501 3076 Et
519 3021 696 3076 factus
723 3025 806 3074 est
831 3019 1004 3073 timor
1029 3035 1199 3089 super
1244 3035 1444 3078 omnes
1493 3018 1704 3072 vicinos
1747 3035 1965 3087 eorum,
2013 3022 2068 3071 et

435 3130 607 3185 super
654 3112 842 3166 omnia
885 3115 1154 3164 montana
1197 3111 1354 3166 Judae
1401 3111 1836 3182 divulgabantur
1877 3111 2065 3165 omnia

435 3208 604 3264 verba
639 3207 783 3260 hinc.
829 3206 896 3260 Et
937 3209 1246 3276 posuerunt
1287 3221 1482 3260 omnes
1525 3205 1624 3276 qui
1670 3205 1964 3260 audierant
2003 3204 2064 3258 in

435 3301 602 3360 corde
631 3317 731 3356 suo
761 3299 1009 3354 dicentes
1043 3315 1056 3353 :
1085 3299 1228 3362 Quid
1259 3303 1420 3370 putas
1449 3315 1597 3370 puer
1630 3297 1732 3353 iste
1771 3299 1918 3353 erit?
1956 3303 2065 3353 ete-

434 3397 558 3454 nim
583 3411 786 3450 manus
813 3393 1036 3448 Domini
1063 3397 1182 3448 erat
1201 3409 1332 3447 cum
1351 3392 1469 3447 illo.
1503 3394 1567 3447 Et
1613 3392 1932 3447 Zaccharias
1959 3409 2063 3464 pa-

435 3497 522 3548 ter
545 3491 668 3562 ejus
691 3488 961 3560 impletus
981 3491 1064 3542 est
1093 3487 1307 3559 Spiritu
1353 3491 1566 3555 sancto,
1609 3491 1666 3540 et
1709 3486 2066 3558 prophetavit

435 3586 664 3641 dicens:
714 3581 1048 3638 Benedictus
1089 3581 1362 3636 Dominus
1402 3581 1550 3636 Deus
1595 3580 1778 3634 Israel.
1807 3581 1952 3634 Puer
1973 3597 2066 3635 au-

433 3685 554 3735 tem
577 3677 864 3732 crescebat
888 3680 944 3730 et
968 3675 1387 3730 confortabatur
1405 3673 1628 3746 spiritu,
1656 3679 1712 3729 et
1728 3678 1848 3730 erat
1877 3674 1934 3728 in
1966 3675 2063 3730 de-

438 3777 585 3827 serto
611 3787 789 3842 usque
816 3769 876 3824 in
899 3769 1050 3824 diem
1079 3769 1418 3824 ostensionis
1438 3785 1554 3823 suae
1579 3769 1650 3824 ad
1683 3769 1869 3823 Israel.

501 3881 674 3933 Lectio
709 3879 870 3944 sancti
903 3879 1170 3944 Evangelii
1215 3880 1502 3944 secundum
1537 3879 1853 3944 Matlbmum,
1892 3893 2005 3944 quas

719 3943 906 4005 legitur
938 3943 1070 4005 post
1083 3943 1248 3992 sancti
1275 3943 1526 3992 Johannis
1561 3943 1787 3992 missam.

510 4040 712 4094 Diebus
735 4038 864 4108 illis,
893 4054 1024 4092 cum
1052 4037 1294 4092 venisset
1325 4039 1597 4093 Dominus
1623 4040 1780 4094 Jesus
1821 4039 1880 4094 in
1923 4044 2065 4095 tem-

434 4134 617 4210 plum,
643 4137 999 4188 accesserunt
1023 4131 1090 4186 ad
1137 4149 1270 4187 eum
1313 4133 1606 4186 docentem
1651 4131 1933 4205 principes
1969 4134 2065 4189 Sa-

437 4229 752 4296 cerdotum,
803 4233 858 4283 et
895 4226 1140 4282 seniores
1181 4225 1394 4297 populi,
1435 4226 1721 4282 dicentes:
1753 4227 1812 4281 in
1837 4243 1948 4298 qua
1975 4245 2070 4298 po-

437 4327 635 4380 testate
659 4325 780 4378 haec
801 4322 960 4390 facis,
984 4326 1040 4375 et
1058 4320 1184 4392 quis
1205 4320 1362 4374 dedit
1382 4320 1484 4374 tibi
1515 4320 1660 4374 hanc
1689 4325 2024 4392 potestatem
2043 4323 2070 4376 ἵ

437 4419 800 4490 Respondens
825 4419 982 4472 Jesus
1010 4415 1152 4470 dixit
1177 4415 1324 4469 illis:
1361 4415 1725 4487 lnterrogabo
1761 4431 1854 4470 vos
1893 4419 1948 4470 et
1965 4432 2070 4487 ego

2163 491 2354 541 autem
2381 486 2450 540 ad
2481 486 2741 554 alterum,
2771 485 2914 539 dixit
2937 483 3212 539 similiter.
3243 483 3422 538 Atille
3443 483 3796 554 respondens

2165 579 2243 632 ait
2275 596 2287 633 :
2320 581 2420 648 Eo,
2451 579 2700 648 domine,
2731 584 2785 633 et
2809 595 2924 632 non
2955 578 3072 633 ivit.
3109 577 3240 642 Quis
3287 593 3356 631 ex
3401 576 3622 630 duobus
3661 575 3796 630 fecit

2164 673 2506 728 voluntatem
2533 673 2710 727 Patris
2729 673 2755 726 Τ
2786 673 2990 727 Dicunt
3015 672 3087 738 ei,
3111 671 3474 725 Novissimus.
3505 669 3649 724 Dicit
3677 670 3792 724 illis

2163 769 2318 822 Jesus
2350 786 2363 821 :
2394 770 2574 822 Amen
2599 767 2723 821 dico
2743 766 2916 836 vobis,
2949 766 3080 838 quia
3113 765 3398 838 publicani
3445 769 3502 818 et
3537 763 3795 819 meretri-

2165 878 2254 916 ces
2297 861 2620 932 prazcedunt
2647 877 2744 914 vos
2767 861 2826 914 in
2851 876 3028 932 regno
3053 860 3170 914 Dei.
3201 859 3364 914 Venit
3397 859 3550 913 enim
3585 858 3656 912 ad
3696 874 3794 912 vos

2163 955 2443 1010 Johannes
2469 955 2528 1008 in
2553 953 2639 1008 via
2658 953 2912 1024 justitiee,
2936 959 2990 1008 et
3039 969 3153 1007 non
3196 952 3508 1007 credidistis
3547 952 3642 1006 ei:
3695 969 3796 1023 pu-

2162 1049 2370 1104 blicani
2398 1054 2588 1103 autem
2615 1053 2670 1102 et
2693 1047 3014 1102 meretrices
3043 1047 3401 1101 crediderunt
3441 1047 3514 1112 ei,
3563 1063 3658 1100 vos
3699 1062 3794 1100 au-

2163 1147 2278 1198 tem
2316 1143 2566 1197 videntes
2609 1159 2711 1197 nec
2753 1141 3140 1213 paenitentiam
3180 1139 3450 1194 habuistis
3491 1143 3687 1212 postea
3733 1145 3796 1194 ut

2165 1236 2462 1292 crederetis
2482 1236 2553 1291 ei.

2733 1307 2852 1356 Post
2869 1304 3214 1368 prophetiam.

2233 1392 2421 1463 Aperi,
2461 1391 2714 1458 Domine,
2761 1391 3000 1446 claustra
3043 1390 3157 1444 oris
3199 1390 3396 1456 nostri,
3445 1406 3562 1445 non
3611 1391 3790 1445 solum

2163 1486 2440 1557 linguam,
2464 1485 2561 1540 sed
2589 1490 2644 1540 et
2666 1489 2940 1551 mentem,
2967 1483 3278 1538 secundum
3297 1483 3442 1538 servi
3457 1483 3542 1537 tui
3561 1485 3794 1539 Zaccha-

2163 1581 2262 1634 riae
2289 1579 2596 1651 prophetae,
2643 1585 2709 1633 ut
2753 1578 3015 1632 omnibus
3061 1577 3259 1632 diebus
3303 1577 3430 1632 vitae
3485 1583 3692 1632 nostrae
3739 1581 3792 1631 te

2161 1673 2388 1728 laudare
2413 1673 2713 1744 possimus,
2746 1677 2802 1726 et
2831 1671 3221 1725 remissionem
3265 1676 3622 1742 peccatorum
3667 1687 3798 1726 con-

2083 1779 2140 1850 B
2165 1767 2323 1840 sequi
2348 1783 2671 1822 mereamur
2695 1766 2756 1820 in
2780 1765 2870 1819 via
2895 1765 3048 1836 pacis
3077 1769 3324 1820 aeternae.
3347 1766 3472 1821 Per.

2743 1875 2944 1916 INCIPIT
2985 1875 3142 1916 mssa
3161 1859 3208 1914 ⁸.

2234 1955 2598 2026 Omnipotens
2622 1954 2963 2026 sempiterne
2985 1955 3152 2024 Deus,
3181 1955 3282 2025 qui
3317 1954 3470 2008 hunc
3497 1952 3664 2008 nobis
3699 1953 3800 2009 ho-

2163 2050 2476 2104 norabilem
2503 2049 2654 2104 diem
2675 2049 2734 2102 in
2763 2049 2914 2102 beati
2938 2048 3209 2102 Johannis
3229 2047 3488 2119 Baptista
3505 2047 3796 2102 nativitate

2163 2144 2342 2198 fecisti
2380 2143 2684 2213 insignem,
2717 2159 3045 2212 quaesumus
3075 2147 3140 2196 ut
3167 2147 3299 2196 tuus
3331 2157 3668 2212 praecursor,
3701 2141 3801 2212 qui

2163 2237 2311 2292 inter
2340 2242 2498 2292 natos
2540 2236 2850 2290 mulierum
2897 2235 3164 2290 omnibus
3189 2235 3373 2306 major
3396 2235 3665 2302 surrexit,
3705 2250 3802 2288 no-

2165 2335 2338 2386 stram
2363 2331 2730 2402 fragilitatem
2753 2335 2862 2385 tua;
2883 2329 3082 2400 pietati
3110 2329 3483 2384 commendet.

2847 2421 3116 2472 Collectio.

2239 2507 2384 2561 Deus
2431 2503 2530 2577 qui
2581 2504 2733 2558 hunc
2767 2504 2916 2560 diem
2974 2503 3279 2558 nativitatis
3327 2503 3474 2557 beati
3529 2501 3804 2558 Johannis

2165 2601 2429 2672 Baptistae
2476 2597 2974 2669 incomparabilem
3021 2597 3348 2651 hominibus
3421 2597 3800 2652 consecrasti:

2165 2697 2368 2767 praesta
2397 2693 2559 2748 nobis
2591 2693 2659 2746 de
2687 2692 2806 2762 ejus
2835 2691 3071 2758 meritis,
3117 2691 3263 2745 illius
3303 2707 3404 2745 nos
3434 2691 3804 2747 calceamenti

2166 2790 2326 2862 sequi
2355 2787 2658 2858 vestigium
2703 2784 2818 2857 [qui
2841 2802 2897 2840 se
2922 2786 2993 2840 ad
3012 2785 3332 2840 solvendam
3359 2785 3658 2840 Salvatoris
3689 2802 3808 2840 cor-

2165 2883 2370 2956 rigiam
2396 2879 2726 2954 praedicavit
2753 2879 3076 2950 indignum.

2787 2974 2906 3022 Post
2936 2972 3168 3022 nomina.

2235 3059 2368 3127 Tua,
2397 3055 2656 3122 Domine,
2681 3055 3013 3109 muneribus
3055 3055 3316 3109 salutaria
3343 3053 3371 3094 ι)
3417 3052 3802 3122 cumulemus,

2085 3149 2140 3223 C
2163 3149 2310 3206 beati
2347 3149 2614 3204 Johannis
2663 3148 2923 3219 Baptista:
2965 3148 3312 3204 nativitatem
3356 3149 3572 3203 honore
3611 3147 3806 3204 debito

2164 3245 2527 3312 celebrantes,
2580 3243 2678 3314 qui
2723 3243 3065 3298 Salvatorem
3101 3243 3300 3299 mundi
3327 3242 3528 3316 cecinit
3554 3242 3628 3296 ad
3659 3242 3803 3297 salu-

2163 3345 2300 3396 tem.
2754 3393 2756 3396 .

2825 3407 2902 3457 Ad
2931 3421 3132 3471 pacem.

2239 3493 2463 3557 Praesta,
2491 3505 2839 3562 quaasumus,
2871 3491 3125 3556 Domine,
3156 3495 3222 3546 ut
3266 3491 3508 3562 populus
3553 3495 3695 3545 tuus
3737 3491 3804 3545 ad

2165 3587 2350 3659 plenas
2378 3585 2684 3640 devotionis
2734 3585 3019 3655 effectum,
3067 3584 3214 3640 beati
3241 3585 3506 3640 Johannis
3540 3585 3802 3656 Baptista!

2167 3680 2433 3736 natalitiis
2459 3679 2766 3748 imbuatur,
2799 3695 2972 3751 quem
2996 3679 3320 3751 praemisisti
3363 3679 3500 3733 Filio
3542 3685 3646 3734 tuo
3685 3677 3798 3750 ple-

2165 3775 2296 3830 bem
2315 3791 2514 3848 parare
2540 3773 2874 3846 perfectam.

2813 3867 3126 3917 Conlestatio
3137 3903 3150 3916 .

2238 3951 2377 4005 Vere
2403 3950 2641 4022 dignum
2669 3953 2724 4003 et
2742 3948 2964 4018 justum
2990 3953 3092 4017 est,
3120 3947 3477 4019 omnipotens
3523 3949 3700 4016 Deus,
3745 3951 3804 4005 in

2167 4044 2256 4098 die
2281 4043 2594 4098 festivitatis
2639 4042 2949 4112 hodiernaa,
3000 4059 3112 4114 quo
3149 4042 3346 4098 beatus
3381 4042 3478 4096 ille
3514 4043 3804 4100 Johannes

2169 4143 2394 4193 exortus
2438 4143 2540 4206 est,
2570 4137 2666 4209 qui
2695 4153 2888 4191 vocem
2925 4137 3112 4191 Matris
3143 4137 3362 4192 Domini
3389 4137 3652 4192 nondum
3685 4139 3804 4194 edi-

2167 4237 2258 4288 tus
2288 4231 2479 4298 sensit,
2502 4235 2559 4286 et
2582 4231 2766 4286 adhuc
2790 4231 3008 4284 clausus
3045 4235 3206 4286 utero
3251 4231 3556 4286 adventum
3603 4232 3806 4287 salutis

2169 4327 2432 4381 humanae
2458 4325 2784 4397 prophetica
2804 4324 3146 4380 exultatione
3176 4325 3396 4398 gestivit
3427 4343 3440 4380 :
3481 4325 3580 4398 qui
3625 4333 3690 4382 et
3715 4343 3806 4399 ge-

2169 4420 2399 4475 netricis
2437 4419 2792 4475 sterilitatem
2841 4425 3144 4490 conceptus
3193 4420 3470 4489 abstersit,
3516 4425 3572 4475 et
3629 4421 3808 4493 patris

437 4528 620 4567 unum
640 4526 980 4578 sermonem,
1006 4525 1178 4581 quem
1214 4508 1260 4562 si
1285 4509 1540 4563 dixeritis
1565 4508 1729 4578 mihi,
1758 4513 1815 4563 et
1840 4525 1946 4580 ego
1970 4525 2066 4564 vo-
2090 4529 2148 4602 D
2171 4515 2430 4586 linguam
2457 4518 2621 4568 natus
2649 4513 2904 4582 absolvit,
2933 4513 3196 4586 solusque
3215 4515 3470 4568 omnium
3497 4515 3808 4587 propheta-

437 4605 525 4660 bis
554 4606 734 4660 dicam
763 4605 820 4660 in
869 4621 980 4676 qua
1026 4606 1301 4674 potestate
1339 4603 1462 4658 haec
1507 4603 1669 4657 facio.
1715 4602 2064 4674 Baptismum

437 4699 707 4754 Johannis
732 4699 884 4752 unde
911 4698 1076 4753 erat?
1100 4713 1129 4751 e
1159 4697 1319 4765 caelo,
1360 4714 1432 4752 an
1477 4713 1548 4752 ex
1591 4697 1960 4752 hominibus?
1997 4699 2068 4752 At

437 4792 526 4850 illi
574 4792 894 4864 cogitabant
937 4791 1088 4846 inter
1131 4807 1210 4858 se,
1260 4791 1544 4846 dicentes:
1584 4792 1642 4846 Si
1665 4791 1992 4860 dixerimus,
2027 4793 2066 4846 E

439 4888 598 4958 caalo,
628 4887 773 4942 dicet
791 4885 990 4940 nobis:
1043 4885 1224 4949 Quare
1269 4901 1406 4955 ergo
1439 4902 1554 4940 non
1589 4885 1900 4940 credidistis
1927 4885 2067 4940 illo?

437 4985 484 5039 si
501 4989 692 5038 autem
713 4979 1044 5036 dixerimus:
1069 4980 1148 5032 Ex
1167 4978 1788 5048 hominibus,timemus
1815 4980 2063 5035 turbam.

439 5077 650 5134 Omnes
675 5076 829 5131 enim
855 5073 1140 5130 habebant
1165 5073 1480 5129 Johannem
1520 5073 1664 5128 sicut
1701 5075 2063 5147 prophetam.

441 5171 508 5226 Et
537 5169 937 5241 respondentes
959 5169 1108 5235 Jesu,
1141 5167 1442 5222 dixerunt:
1471 5167 1782 5222 Nescimus.
1821 5169 1914 5224 Ait
1953 5169 2066 5222 illis

441 5270 497 5320 et
537 5265 698 5334 ipse:
748 5264 858 5317 Nec
905 5279 1009 5334 ego
1041 5261 1195 5316 vobis
1243 5261 1367 5316 dico
1409 5262 1468 5316 in
1513 5278 1624 5334 qua
1648 5267 1919 5334 potestate
1945 5263 2066 5316 haec

437 5359 603 5414 facio.
626 5355 769 5421 Quid
789 5361 978 5411 autem
1001 5355 1155 5410 vobis
1175 5356 1398 5412 videtur
1417 5357 1444 5411 ?
1473 5357 1650 5411 Homo
1676 5355 1916 5411 habebat
1929 5357 2067 5411 duos

437 5453 610 5522 ﬁlios,
633 5455 690 5508 et
710 5451 978 5506 accedens
1003 5450 1070 5504 ad
1091 5451 1343 5522 primum
1367 5449 1545 5506 dixit:
1581 5451 1700 5520 Fili,
1729 5451 1866 5506 vade
1899 5449 2066 5506 hodie

441 5545 664 5621 operari
705 5546 766 5601 in
798 5545 960 5601 vinea
994 5561 1140 5600 mea.
1193 5547 1288 5600 llle
1333 5551 1526 5601 autem
1569 5545 1914 5618 respondens
1940 5545 2018 5599 ait
2048 5563 2061 5600 :

507 5689 676 5744 'Hmc
705 5689 1042 5758 praepostere
1068 5684 1265 5758 posita,
1314 5701 1442 5755 quae
1491 5686 1805 5756 praecedere
1853 5686 2062 5742 debue-

437 5763 564 5817 rant
584 5757 876 5817 superiora
899 5759 1026 5812 Post
1045 5757 1265 5810 missam
1290 5757 1467 5810 sancti
1487 5758 1765 5813 Iohannis.

511 5831 539 5872 δ
567 5831 628 5882 In
651 5825 929 5898 Romano,
958 5825 1057 5880 ubi
1081 5825 1203 5880 haec
1226 5826 1486 5882 Collectio
1509 5827 1628 5882 fere
1654 5829 1850 5884 eadem
1885 5830 2062 5886 refer-

2165 4627 2318 4677 rum,
2349 4608 2748 4663 Redemtorem
2779 4607 3000 4676 mundi,
3029 4625 3200 4679 quem
3249 4609 3680 4680 pramunciavit,
3729 4627 3808 4664 os-

2165 4705 2378 4772 tendit;
2411 4707 2465 4757 et
2495 4707 2555 4756 ut
2581 4718 2750 4756 sacrae
2776 4701 3181 4773 puriﬁcationis
3223 4702 3484 4758 effectum
3519 4720 3804 4774 aquarum

2164 4803 2366 4854 natura
2409 4796 2748 4866 conciperet,
2800 4796 3207 4852 sanctificandis
3263 4797 3515 4852 Jordanis
3571 4797 3810 4853 ﬂuentis

2165 4893 2352 4964 ipsum
2396 4890 2746 4962 baptismatis
2773 4890 2904 4945 lavit
2950 4897 3237 4946 auctorem
3278 4892 3466 4946 Jesum
3511 4891 3808 4948 Christum

2165 4986 2468 5041 Dominum
2487 4990 2766 5039 nostrum.
2795 4985 2898 5038 Per
2923 5001 3115 5056 quem.

2433 5099 2591 5138 MISSA
2629 5099 2680 5138 IN
2721 5099 2910 5139 SANCTI
2949 5099 3204 5140 IOHANNIS
3243 5101 3520 5140 PASSIONE.

2277 5193 2299 5221 c
2323 5177 2495 5228 Lectio
2525 5177 2643 5226 libri
2671 5177 2944 5240 Sapienlim
2969 5177 3276 5239 Salomonis,
3305 5178 3370 5228 de
3407 5191 3508 5228 uno
3529 5179 3698 5244 justo.

2241 5265 2442 5319 Beatus
2467 5263 2552 5317 vir
2585 5263 2682 5334 qui
2725 5262 2986 5318 inventus
3027 5269 3112 5318 est
3151 5265 3272 5319 sine
3315 5265 3552 5334 macula,
3601 5271 3666 5321 et
3713 5267 3814 5338 qui

2165 5361 2292 5430 post
2339 5374 2544 5412 aurum
2588 5374 2706 5412 non
2751 5357 2910 5428 abiit,
2953 5373 3058 5413 nec
3101 5359 3346 5430 speravit
3385 5359 3446 5413 in
3478 5359 3734 5430 pecunia
3761 5365 3818 5415 et

2166 5452 2464 5507 thesauris.
2497 5451 2630 5516 Quis
2673 5455 2757 5506 est
2791 5451 2903 5522 hic,
2945 5457 3002 5507 et
3053 5452 3407 5508 laudabimus
3451 5453 3636 5508 eum?
3683 5453 3820 5510 fecit

2166 5546 2320 5601 enim
2345 5545 2624 5602 mirabilia
2637 5545 2699 5600 in
2723 5545 2834 5602 vita
2857 5563 2976 5602 sua.
3007 5547 3140 5611 Quis
3165 5547 3435 5620 probatus
3461 5552 3546 5602 est
3579 5547 3644 5602 in
3693 5547 3818 5618 illo,

2165 5693 2278 5762 tur,
2305 5689 2519 5762 legitur
2543 5691 2768 5747 altaria.

2233 5761 2262 5838 ιξ
2294 5761 2600 5838 Sequentes
2619 5763 2907 5838 Lectiones
2923 5764 3281 5838 assignantur
3298 5781 3403 5837 pro
3423 5765 3822 5838 subsequente

2165 5831 2305 5888 festo
2331 5831 2604 5906 passionis
2629 5835 2803 5892 sancti
2829 5831 3095 5892 Johannis
3125 5831 3400 5908 Baptistae.
