3982 6190
211 304 288 352 525

763 427 956 466 INCIPIT
996 429 1164 470 MISSA.

254 497 400 565 Deus,
421 495 511 566 qui
541 496 597 550 in
614 503 941 554 sanctorum
955 506 1186 558 tuorum
1214 507 1477 562 cordibus
1495 512 1667 566 sancti
1691 530 1775 566 ca-

192 588 300 642 loris
325 589 399 642 tui
423 589 578 659 ignes
608 593 937 662 accendens,
963 613 1136 668 usque
1167 599 1235 652 ad
1266 603 1525 672 martyrii
1547 620 1639 658 eos
1658 607 1774 676 glo-

193 681 311 735 riosa
337 682 632 737 certamina
657 687 947 755 sustulisti,
980 695 1042 744 ut
1072 690 1131 744 in
1160 695 1434 764 supplicio
1463 698 1768 768 constituti,

188 778 530 845 persecutores
556 782 680 830 tuos
709 785 764 832 te
789 781 1044 837 vincente
1080 784 1467 855 despicerent,
1498 807 1688 860 poenas
1717 797 1770 846 te

186 868 499 923 confortante
525 875 950 929 contemnerent
975 918 986 945 ,
1017 879 1254 947 praemia
1286 885 1337 934 te
1369 891 1770 941 remunerante

184 961 502 1032 perciperent
529 963 585 1026 in
617 964 824 1034 gloria;
856 985 960 1038 per
977 969 1203 1026 illorum
1218 976 1292 1042 te,
1319 975 1552 1030 Domine
1574 978 1771 1033 trium-

183 1055 333 1125 phum
373 1055 756 1126 deprecamur,
794 1066 858 1115 ut
898 1063 1060 1118 nobis
1111 1067 1503 1124 remissionem
1558 1072 1768 1126 tribuas

179 1154 516 1219 peccatorum.

843 1226 1068 1277 Secreta.

232 1294 573 1364 Omnipotens
616 1297 762 1350 Deus
790 1305 998 1369 noster,
1039 1307 1099 1356 tu
1139 1303 1322 1359 tribue
1350 1311 1414 1360 ut
1442 1307 1765 1363 intercessio

173 1384 590 1442 beatissimorum
615 1391 1081 1463 patriarcharum,
1103 1398 1530 1470 prophetarum,
1549 1408 1765 1473 aposto-

175 1479 349 1547 lorum,
383 1487 718 1552 martyrum,
753 1487 1154 1558 confessorum,
1177 1491 1483 1563 virginum,
1508 1501 1563 1549 et
1589 1513 1764 1552 sacer-

171 1571 354 1636 dotum,
383 1576 749 1648 omniumque
766 1585 1107 1651 sanctorum,
1131 1588 1452 1640 nostrarum
1479 1590 1763 1658 profectus

171 1665 561 1738 sitanimarum,
577 1676 631 1724 et
644 1672 844 1742 cultus,
865 1691 1036 1744 quem
1056 1676 1163 1729 illis
1180 1678 1486 1733 deferimus
1501 1683 1568 1734 ad
1591 1683 1762 1737 hono-

169 1761 441 1825 rem,nobis
454 1764 710 1833 proﬁciat
722 1767 792 1820 ad
803 1768 1134 1836 salutem,ut
1147 1771 1547 1830 intercessione
1560 1793 1759 1832 eorum

170 1853 368 1922 gratiam
397 1860 556 1910 tuam
582 1861 637 1912 et
663 1875 857 1928 pacem
889 1862 946 1915 in
977 1863 1138 1917 nobis
1166 1865 1334 1920 facias
1363 1884 1716 1938 permanere.

744 1960 1030 2009 Immolatio
1055 1962 1241 2012 missae.

221 2034 335 2087 Vere
376 2035 618 2105 dignum
666 2043 722 2092 et
761 2039 978 2109 justum
1036 2048 1136 2112 est,
1179 2044 1535 2115 omnipotens
1583 2049 1749 2105 Deus.

164 2127 255 2180 Tibi
277 2129 436 2195 enim,
469 2130 730 2199 Domine,
762 2133 896 2187 festa
919 2135 1262 2191 sollemnitas
1283 2139 1490 2210 agitur,
1515 2142 1615 2196 tibi
1637 2143 1752 2198 dies

163 2227 336 2275 sacrata
362 2223 695 2292 celebratur,
737 2243 906 2297 quam
937 2229 1230 2284 beatorum
1262 2237 1490 2288 tuorum
1518 2237 1750 2305 patriar-

161 2314 371 2384 charum,
402 2318 842 2389 prophetarum,
875 2325 1259 2392 apostolorum
1283 2368 1294 2390 ,
1326 2330 1661 2399 martyrum,
1694 2337 1750 2386 et

160 2408 516 2478 confessorum,
562 2412 847 2484 virginum
889 2421 944 2470 et
986 2419 1358 2490 sacerdotum,
1405 2422 1464 2475 in
1501 2424 1748 2479 veritatis

160 2505 243 2553 tute
285 2504 665 2561 testilicatione
711 2509 982 2579 profusis,
1028 2513 1330 2581 magniﬁco
1375 2517 1622 2570 nominis
1663 2519 1744 2572 tui

159 2593 335 2650 honore
352 2598 615 2668 signavit,
639 2601 698 2655 in
716 2617 827 2672 quo
852 2603 1082 2658 unicum
1101 2606 1298 2660 salutis
1324 2613 1529 2663 nostra:
1549 2613 1744 2681 praesi-

157 2687 296 2752 dium,
325 2693 481 2747 Pater
509 2698 745 2763 aeterne,
777 2697 1028 2766 posuisti.
1071 2700 1213 2752 Tuas
1254 2699 1448 2772 igititr,
1481 2703 1738 2775 Domine,

156 2784 363 2856 virtutes,
394 2792 638 2860 tuasque
671 2774 930 2846 victorias
975 2794 1344 2863 admiramur,
1392 2800 1650 2869 quotiens
1684 2803 1741 2857 in

154 2876 348 2932 Ecclesia
366 2884 457 2935 tua
472 2883 687 2936 horum
704 2884 924 2939 dierum
937 2886 1076 2940 festa
1097 2889 1446 2944 celebramus
1460 2909 1599 2962 quos
1611 2895 1740 2949 insi-

153 2985 260 3037 gnes
277 2980 594 3030 sanctorum
619 2982 845 3032 tuorum
862 2980 1062 3050 palmae
1080 2982 1149 3036 ad
1171 2999 1481 3054 perennem
1513 3004 1735 3044 memo-

151 3061 260 3118 riam
281 3067 723 3141 sollemnemque
744 3073 1000 3127 laetitiam
1027 3076 1283 3130 ﬁdelibus
1305 3080 1528 3149 populis
1555 3099 1732 3137 sacra-

777 303 1386 363 SACRAMENTARIUM
1423 311 1735 368 GALLICAD

1846 317 1868 368 “.
1912 347 1977 354 ——
2021 319 2382 377 LECTIONES
2419 325 2866 390 QL'UTIDIANAi.

3409 345 3506 396 £526

1798 437 1855 508 A
2491 451 2683 490 INCIPIT
2723 455 2895 495 MISSA.

1948 521 2146 577 Sancte
2188 525 2438 592 Domine,
2487 529 2650 598 cujus
2691 536 2804 585 tam
2847 535 3029 588 multa
3072 542 3156 590 est
3197 539 3498 611 miseratio,

1872 629 2043 684 quam
2071 617 2293 688 copiosa
2321 619 2614 688 redemtio,
2645 626 2928 695 propicius
2970 645 3033 681 ac
3078 629 3358 702 benignus
3401 651 3499 689 ex-

1872 708 2004 762 audi
2029 726 2222 778 preces
2242 717 2479 782 nostras,
2509 719 2564 768 et
2590 716 2661 769 da
2679 717 3167 776 intercessionibus
3189 725 3500 782 beatissimi

1872 802 2133 872 martyris
2162 805 2243 858 tui
2272 805 2350 859 ill.
2382 819 2404 845 ει
2428 811 2494 860 ut
2531 825 2658 880 quae
2685 827 2786 881 pro
2825 813 3161 869 alterutrum
3193 820 3497 891 poscimus,

1871 895 2040 948 etiam
2062 912 2164 966 pro
2191 899 2398 953 nostris
2426 902 2759 958 criminibus
2787 905 3174 977 impetremus.

2542 1004 2809 1055 Collectio.

1944 1082 2104 1153 Deus,
2135 1085 2234 1155 qui
2278 1103 2378 1140 nos
2405 1089 2471 1142 de
2499 1106 2596 1159 spe
2628 1091 3029 1150 misericordiae
3053 1100 3164 1151 tua:
3191 1099 3294 1153 hac
3314 1101 3494 1171 prima

1868 1174 2083 1230 ratione
2109 1178 2336 1235 voluisti
2363 1182 2637 1251 conﬁteri,
2667 1191 2730 1239 ut
2759 1192 3074 1258 martyrum
3093 1197 3494 1266 tuorum,quo-

1867 1284 1993 1322 rum
2023 1269 2113 1324 hic
2150 1273 2418 1344 reliquias
2447 1292 2800 1345 veneramur,
2847 1285 2902 1334 et
2935 1286 3250 1353 praesentia,
3295 1292 3350 1342 et
3387 1306 3488 1342 au—

1866 1363 2000 1417 xilio
2028 1365 2422 1437 circumdares,
2445 1375 2510 1423 ut
2535 1371 2766 1427 haberet
2791 1378 2847 1427 et
2874 1376 3051 1429 oratio
3078 1383 3270 1433 nostra
3289 1381 3487 1437 suffra-

1866 1457 2043 1527 gium,
2074 1464 2129 1513 et
2156 1460 2267 1514 vita
2293 1463 2690 1532 patrocinium,
2721 1466 2860 1521 illud
2885 1475 3205 1525 sanctorum
3231 1473 3490 1531 interces-

1863 1550 2037 1620 sione,
2068 1552 2174 1606 hoc
2219 1571 2476 1611 munere.
2516 1559 2740 1614 Custodi
2777 1560 2972 1631 igitur,
3003 1580 3348 1636 quaesumus,
3379 1571 3486 1625 Do-

1862 1644 2034 1712 mine,
2076 1648 2375 1702 Ecclesiam
2415 1655 2568 1704 tuam
2594 1694 2608 1720 ,
2653 1655 2870 1709 custodi
2908 1655 3095 1712 locum
3147 1659 3340 1731 istum,
3399 1665 3486 1719 vel

1861 1755 2056 1792 omnes
2097 1743 2496 1797 convenientes
2525 1745 2584 1798 in
2611 1763 2677 1799 eo
2718 1747 2985 1818 suffragio
3014 1753 3186 1806 sancti
3224 1758 3488 1827 martyris

1780 1808 1836 1880 B
1859 1832 1941 1885 tui
1973 1831 2051 1886 ill.
2081 1831 2289 1905 fiatque
2319 1836 2480 1890 nobis
2503 1838 2622 1908 ipse
2648 1808 2944 1895 auxiliatdr
2969 1859 2998 1896 e
3025 1846 3180 1913 calo,
3213 1849 3309 1918 qui
3333 1808 3402 1904 ad
3430 1855 3484 1905 te

1856 1928 2118 1996 praesenti
2164 1928 2428 1999 migravit
2469 1948 2498 1985 e
2545 1933 2784 2003 saeculo;
2837 1935 3019 2007 sitque
3068 1939 3190 1993 hzec
3243 1941 3482 1998 vicissim

1855 2019 2149 2075 retributio
2169 2024 2421 2078 muneris
2434 2025 2535 2094 tui,
2555 2030 2614 2080 ut
2633 2033 2917 2083 mereatur
2932 2031 3023 2084 hic
3040 2032 3196 2086 locus
3217 2038 3482 2107 martyris

1855 2113 2112 2184 gratiam,
2141 2115 2238 2186 qui
2265 2115 2416 2172 misit
2443 2120 2707 2174 eumdem
2737 2123 3036 2192 Martyrem
3061 2126 3133 2180 ad
3157 2143 3442 2186 coronam.

2472 2225 2593 2274 Post
2615 2226 2844 2277 nomina.

1920 2305 2150 2360 Munera
2176 2312 2387 2377 nostra,
2417 2326 2760 2380 quaesumus,
2783 2314 3035 2384 Domine,
3064 2317 3370 2389 dignanter
3387 2322 3482 2378 ad-

1848 2415 2036 2462 sume;
2084 2405 2148 2454 ut
2183 2402 2332 2472 quod
2379 2402 2436 2456 in
2486 2404 2699 2460 honore
2745 2409 2920 2463 sancti
2973 2411 3224 2482 Martyris
3268 2415 3353 2469 tui
3395 2416 3476 2472 ill.

1846 2493 2237 2548 venerabiliter
2269 2503 2628 2566 exsecuntur,
2660 2500 2928 2572 impetret
2951 2503 3209 2560 ﬁdelibus
3237 2507 3348 2562 tuis
3372 2526 3474 2565 au-

1847 2585 2046 2639 xilium
2074 2587 2252 2641 oratio
2271 2589 2421 2658 justa
2450 2598 2798 2650 sanctorum.

2510 2698 2583 2746 Ad
2611 2713 2812 2761 pacem.

1916 2777 2152 2832 Oramus
2187 2783 2260 2845 te,
2295 2781 2457 2834 Pater
2481 2788 2697 2850 sancte,
2744 2792 2805 2840 ut
2841 2803 2942 2842 nos
2969 2805 3156 2844 servos
3185 2795 3310 2847 tuos
3335 2795 3471 2850 bea-

1840 2869 2041 2924 tissimi
2094 2872 2359 2941 martyris
2409 2874 2492 2926 tui
2538 2875 2616 2930 ill.
2661 2877 2864 2947 jubeas
2905 2897 3024 2936 esse
3077 2890 3380 2955 consortes,
3414 2888 3471 2943 in

1843 2964 2186 3019 confessione
2217 2967 2516 3038 participes
2543 3011 2555 3038 ,
2588 2969 2647 3023 in
2685 2970 2795 3026 ﬁde
2839 2975 3082 3046 stabiles,
3121 2977 3181 3032 in
3206 2995 3470 3050 persecu-

1837 3057 1989 3113 tione
2015 3059 2228 3129 ﬁrmos,
2259 3059 2317 3114 in
2365 3061 2728 3118 tribulatione
2775 3067 3071 3137 patientes,
3105 3071 3164 3125 in
3205 3089 3466 3131 consum-

149 3164 425 3231 ,enmtper
441 3163 740 3218 Christum
761 3166 1055 3221 dominum
1080 3173 1362 3226 nostrum.
1387 3172 1484 3227 cui
1509 3177 1732 3232 merito.
1757 3180 1811 3254 Ο
1836 3153 2087 3207 matione
2121 3154 2386 3223 victores;
2420 3160 2483 3208 ut
2511 3156 2556 3209 si
2586 3174 2688 3212 nos
2727 3159 2845 3215 dies
2875 3165 3280 3233 persecutionis
3310 3168 3465 3225 inve-

589 3282 739 3321 HISSA
778 3285 936 3323 [FNIUS
974 3287 1253 3328 MARTYRIS.

192 3347 387 3412 Epistola
405 3354 559 3403 Pauli
577 3356 793 3418 apostoli
813 3357 880 3405 ad
907 3358 1218 3421 Corinthios,
1242 3361 1392 3412 unius
1415 3367 1670 3429 martyris.

198 3429 406 3503 Fratres,
463 3436 737 3489 Dominus
790 3438 932 3492 mihi
983 3441 1233 3511 adstitit;
1287 3449 1341 3498 et
1403 3447 1734 3504 confortavit

143 3537 226 3591 me,
254 3530 309 3580 ut
337 3544 436 3597 per
458 3545 560 3584 me
590 3530 912 3599 pradicatio
944 3532 1268 3606 impleatur,
1313 3545 1368 3592 et
1406 3545 1469 3595 ut
1498 3542 1733 3598 audiant

140 3632 297 3674 omnes
344 3628 548 3694 gentes
597 3624 730 3695 quia
753 3625 1020 3682 liberatus
1074 3646 1201 3684 sum
1256 3631 1323 3686 de
1377 3649 1473 3687 ore
1529 3635 1726 3692 leonis.

137 3710 368 3771 Liberavit
393 3720 557 3774 enim
583 3736 676 3773 me
705 3720 992 3791 Dominus,
1023 3729 1079 3778 et
1105 3724 1174 3778 ab
1209 3726 1366 3779 omni
1394 3743 1562 3798 opere
1585 3730 1728 3784 malo

134 3806 312 3864 salvum
337 3811 502 3868 faciet
527 3813 590 3866 in
611 3830 855 3884 regnum
883 3833 1050 3871 suum
1070 3818 1284 3874 caeleste
1308 3862 1322 3888 ,
1353 3821 1442 3875 cui
1471 3822 1647 3892 gloria
1668 3823 1725 3879 in

132 3904 294 3957 saecula
317 3907 678 3962 saeculorum.

252 3998 412 4048 Lectio
442 4000 618 4049 sancti
642 4000 902 4064 Evangelii
928 4004 1216 4053 secundum
1252 4006 1564 4056 Matthmum.

178 4076 349 4134 Omnis
376 4099 520 4153 ergo
544 4083 642 4153 qui
675 4084 1033 4140 conﬁtebitur
1045 4103 1135 4141 me
1154 4104 1338 4142 coram
1366 4090 1717 4160 hominibus,

125 4171 390 4228 conﬁtebor
415 4179 474 4230 et
503 4191 617 4246 ego
645 4193 775 4230 eum
812 4196 1004 4232 coram
1034 4183 1196 4235 Patre
1225 4199 1352 4236 meo
1371 4226 1386 4251 ,
1417 4185 1515 4255 qui
1542 4191 1625 4239 est
1659 4186 1718 4240 in

122 4263 258 4320 caelis.
299 4269 400 4332 Qui
446 4275 645 4324 autem
689 4273 977 4342 negaverit
1013 4288 1104 4326 me
1140 4291 1327 4330 coram
1371 4277 1714 4349 hominibus,

121 4360 300 4428 negabo
338 4369 394 4417 et
445 4381 560 4436 ego
607 4381 738 4419 eum
781 4383 971 4420 coram
998 4369 1156 4422 Patre
1199 4385 1346 4441 meo,
1391 4371 1490 4442 qui
1531 4378 1614 4427 est
1658 4373 1716 4428 in

118 4453 255 4510 caelis.
280 4457 382 4520 Qui
425 4464 586 4513 amat
623 4465 841 4530 patrem
866 4465 962 4516 aut
1001 4468 1242 4517 matrem
1273 4465 1571 4537 plusquam
1598 4486 1710 4538 me,

116 4560 202 4601 non
228 4555 304 4605 est
341 4571 432 4608 me
474 4555 687 4625 dignus
728 4572 741 4608 :

113 4656 249 4711 super
271 4664 380 4714 me,
422 4665 549 4703 non
587 4654 670 4703 est
696 4666 786 4704 me
811 4650 1038 4721 dignus.
1069 4652 1174 4716 Qui
1214 4653 1426 4708 invenit
1460 4656 1708 4712 animam

113 4748 256 4805 suam,
282 4743 483 4810 perdet
506 4743 697 4811 illam;
732 4748 789 4798 et
813 4744 910 4815 qui
937 4745 1246 4814 perdiderit
1268 4747 1516 4803 animam
1548 4767 1706 4805 suam

110 4837 303 4900 propter
323 4853 438 4904 me,
470 4837 724 4892 inveniet
747 4854 893 4893 eam.
921 4840 1026 4902 Qui
1065 4840 1266 4912 recipit
1292 4859 1418 4913 vos,
1447 4861 1537 4899 me
1563 4846 1705 4900 reci-

111 4924 196 4992 pit;
225 4932 275 4981 et
315 4932 413 5001 qui
461 4947 558 4986 me
601 4933 818 5003 recipit,
869 4934 1065 5004 recipit
1108 4951 1238 4990 eum
1279 4937 1376 5008 qui
1414 4955 1505 4994 me
1533 4940 1705 4997 misit.

107 5016 186 5078 Qui
211 5023 403 5095 recipit
426 5026 772 5096 prophetam
804 5027 860 5081 in
888 5028 1119 5082 nomine
1147 5031 1459 5101 prophetae,
1489 5050 1704 5090 merce-

108 5108 208 5165 dem
233 5119 532 5189 prephette
559 5121 820 5192 accipiet;
846 5126 901 5175 et
926 5122 1022 5192 qui
1052 5121 1254 5195 recipit
1269 5124 1492 5194 justum
1516 5127 1574 5180 in
1598 5145 1704 5182 no-

107 5204 227 5262 mine
244 5210 403 5280 justi,
434 5214 758 5269 mercedem
781 5215 916 5284 justi
960 5216 1211 5287 accipiet.
1259 5219 1325 5272 Et
1361 5221 1706 5291 quicumque

106 5302 266 5364 Potum
307 5306 539 5361 dederit
585 5309 684 5362 uni
728 5325 798 5363 ex
841 5309 1092 5364 minimis
1120 5311 1238 5366 istis
1278 5312 1507 5368 calicem
1541 5331 1705 5386 aqua:

105 5388 289 5464 frigidae
313 5403 548 5455 tantum
572 5401 627 5455 in
656 5403 888 5458 nomine
908 5404 1190 5476 discipuli,
1213 5422 1378 5461 amen
1409 5407 1530 5461 dico
1547 5408 1706 5463 vobis

104 5498 190 5540 non
213 5494 408 5561 perdet
432 5496 756 5552 mercedem
785 5514 966 5553 suam.

156 5638 177 5668 '
286 5645 484 5694 nostro
513 5643 818 5716 exemplari
853 5645 1064 5716 passim
1093 5645 1365 5716 scriptum
1391 5649 1474 5699 est
1500 5643 1560 5699 ιι.
1590 5660 1703 5700 non

103 5701 518 5798 ill.‘Npsltamen
561 5701 875 5786 vulgarem‘
893 5716 1126 5771 modum
1169 5701 1560 5771 substituimus
1599 5717 1700 5772 ad-

99 5781 218 5838 lecta
235 5779 420 5838 littera
449 5786 492 5839 ί.
659 5779 688 5786 ν

160 5845 182 5884 δ
217 5851 324 5906 lmo
352 5860 622 5911 centones
647 5873 714 5912 ex
743 5857 908 5913 variis
934 5858 1234 5930 Scriptura
1261 5859 1417 5915 locis.
1441 5860 1578 5915 Nam
1611 5860 1698 5914 be-

791 4561 845 4610 et
889 4557 988 4628 qui
1016 4563 1167 4612 amat
1213 4558 1392 4613 ﬁlium
1416 4566 1512 4615 aut
1537 4561 1712 4617 ﬁliam
1731 4552 1790 4624 D

1835 3247 2000 3313 nerit,
2022 3247 2228 3318 jungat
2255 3251 2664 3305 consummatio
2689 3253 2988 3327 virtutum,
3010 3275 3115 3328 par
3141 3262 3463 3334 praemium,

1835 3346 1890 3396 et
1913 3358 2117 3396 corona
2137 3342 2392 3396 caelestis.

2473 3415 2806 3467 Contestatio.

1902 3496 2039 3549 Vere
2088 3497 2324 3567 dignum
2380 3503 2434 3551 et
2474 3499 2697 3570 justum
2743 3508 2844 3572 est,
2894 3506 3250 3577 omnipotens
3293 3511 3457 3582 Deus,

1830 3589 2114 3643 dedicator
2141 3591 2414 3661 martyrii,
2439 3592 2722 3663 inspector
2738 3595 2888 3663 belli,
2907 3598 3143 3670 largitor
3158 3603 3459 3677 triumphi.

1827 3687 1930 3750 Qui
1957 3687 2108 3742 inter
2133 3689 2472 3759 spiritalium
2498 3708 2765 3762 agonum,
2798 3711 2912 3749 non
2939 3697 3209 3755 effusione
3235 3706 3460 3776 sangui-

1827 3781 1936 3849 nis,
1982 3798 2095 3835 non
2137 3785 2317 3836 morte
2344 3783 2610 3852 hominis,
2639 3788 2732 3840 sed
2773 3791 3054 3859 praeconio
3090 3795 3357 3866 veritatis,
3404 3804 3460 3855 et

1824 3874 1919 3944 pio
1968 3875 2026 3929 in
2063 3880 2117 3929 te
2170 3877 2411 3931 caritatis
2453 3878 2636 3934 ofﬁcio
2689 3881 2998 3954 delectaris,
3051 3888 3457 3950 adtestantibus

1822 3973 2038 4027 meritis
2062 3974 2370 4030 beatissimi
2399 3978 2651 4049 Martyris
2686 3981 2770 4034 tui
2813 3981 2890 4038 ill.
2931 3984 3101 4056 Cujus
3128 3988 3293 4044 hodie
3329 3993 3452 4063 glo-

1821 4066 2027 4121 riosam
2076 4069 2351 4139 passionis
2409 4071 2700 4127 victoriam
2755 4077 3100 4150 recolentes,
3167 4091 3452 4152 sperantes

1819 4176 1921 4231 per
1946 4147 2066 4230 ejus
2093 4161 2360 4234 suffragia
2387 4169 2452 4219 ut
2478 4172 2696 4222 nostras
2722 4186 2946 4240 quoque
2973 4189 3132 4227 voces
3151 4176 3450 4233 admittere

1809 4260 2012 4332 jubeas
2051 4278 2181 4315 cum
2221 4263 2426 4318 sanctis
2472 4267 2687 4337 angelis
2727 4274 2893 4340 atque
2919 4272 3274 4343 archangelis
3311 4277 3443 4345 tuis,

1815 4359 1910 4430 qui
1941 4359 2041 4413 tibi
2080 4360 2357 4431 hymnum
2402 4365 2681 4434 perpetim
2708 4367 2956 4436 supplice
2983 4370 3328 4426 confessione
3355 4373 3440 4427 di-

1815 4458 2021 4520 centes,
2050 4455 2300 4510 Sanctus.

2229 4583 2381 4624 MISSA
2418 4585 2483 4623 DF.
2520 4585 2628 4624 [ΙΝο
2665 4588 3022 4630 CONFESSORE.

2180 4660 2404 4709 Lectiob
2453 4661 2723 4713 Hieremiae
2779 4667 3064 4731 prephetm.

1880 4750 2005 4804 Haec
2043 4749 2176 4805 dicit
2204 4750 2473 4806 Dominus
2499 4771 2510 4806 :
2546 4754 2865 4810 Benedictio
2891 4760 3112 4815 Domini
3148 4779 3318 4835 super
3344 4784 3434 4822 ca-

1809 4849 1911 4916 put
1927 4845 2088 4914 justi.
2136 4844 2500 4916 Eleemosyna
2543 4847 2692 4902 illius
2735 4867 2847 4905 non
2891 4853 2999 4908 erit
3037 4854 3094 4909 in
3132 4857 3433 4928 oblivione,

1809 4938 1998 4993 omnia
2027 4955 2196 5009 opera
2235 4939 2356 5009 ejus
2391 4941 2534 4996 sicut
2577 4943 2674 4997 lux
2708 4944 2768 4999 in
2797 4954 3090 5018 conspecto
3120 4951 3214 5004 Dei
3258 4951 3436 5025 fulge-

1809 5034 1970 5088 bunt.
2002 5033 2190 5087 Manus
2203 5050 2330 5087 suas
2349 5037 2574 5106 aperuit
2600 5039 2957 5110 pauperibus,
2978 5042 3222 5098 fructum
3243 5051 3434 5102 autem

1806 5127 2056 5198 porrexit
2082 5126 2261 5198 inopi.
2305 5129 2366 5182 In
2403 5130 2792 5185 fortitudinem
2833 5138 2888 5186 et
2913 5134 3175 5191 decorem
3201 5138 3434 5196 indutus

1807 5225 1909 5289 est,
1958 5226 2015 5275 et
2061 5221 2281 5276 laetatus
2331 5228 2415 5277 est
2451 5225 2507 5277 in
2553 5224 2750 5279 diebus
2778 5227 3112 5285 novissimis.
3157 5232 3228 5288 Os
3265 5249 3432 5290 suum

1807 5315 2028 5385 aperuit
2056 5315 2114 5368 in
2143 5316 2560 5386 praedicatione,
2607 5323 2663 5372 et
2705 5319 2960 5376 ordinem
3003 5305 3190 5395 posuit
3217 5327 3429 5401 linguae

1805 5424 1963 5464 suae“.
1998 5409 2149 5464 cibos
2194 5413 2386 5464 autem
2422 5410 2619 5481 pigros
2658 5415 2921 5471 comedit.
2975 5416 3213 5494 [Omnia]
3255 5422 3431 5478 factus

1805 5507 1886 5557 est
1909 5503 2191 5572 omnibus,
2226 5507 2286 5557 ut
2307 5519 2506 5559 omnes
2529 5506 2705 5562 salvos
2728 5508 2955 5566 faceret.

1801 5644 2029 5700 nedictz’o
2056 5647 2268 5722 Domini
2287 5661 2407 5717 sup.
2437 5655 2602 5719 caput
2631 5651 2770 5721 justi
2807 5670 2875 5709 ex
2911 5657 3069 5711 Prov.
3119 5673 3182 5722 x,
3212 5659 3263 5720 6,
3293 5655 3423 5709 elea-

1801 5730 2024 5792 gnosyna
2065 5715 2236 5792 illius,
2285 5715 2414 5792 etc.,
2460 5715 2527 5774 ei:
2574 5715 2737 5780 Eccli.
2783 5741 2862 5792 IlI,
2915 5730 2997 5781 15.
3038 5715 3261 5780 ΑΙίτίθέ
3305 5724 3427 5779 aliis

1802 5786 1958 5856 locis,
1984 5786 2136 5860 quod
2165 5787 2332 5845 etiam
2358 5790 2418 5845 in
2451 5796 2707 5864 sequenti
2735 5786 2972 5852 lectione
2997 5795 3424 5854 observandum.
