3982 6190
462 316 563 368 527

797 421 1022 486 Epistula
1045 419 1184 469 Pauli
1206 419 1426 482 apostoli
1457 418 1523 468 ad
1545 419 1714 469 Titum
1736 419 1779 468 ⁸.

1337 309 1666 366 APPENDIX
1706 307 1793 364 AD
1831 309 2051 365 OPERA
2091 309 2142 364 S.
2183 307 2482 364 GERMANI
2521 307 2945 366 PARISIENSIS.

3728 305 3831 362 328

2116 417 2412 504 Aradices
2462 434 2609 487 suas,
2651 423 2707 473 et
2755 434 2872 472 non
2911 417 3137 473 timebit
3187 433 3318 473 cum
3369 419 3586 475 venerit
3635 425 3827 480 aestus.

533 505 772 572 Fratres,
811 503 987 558 timor
1027 495 1251 555 Domini
1289 500 1530 555 custodit
1554 501 1806 554 animam
1836 500 1997 571 justi,
2039 495 2174 554 et"
2196 512 2261 565 Et
2288 511 2396 565 erit
2421 511 2618 566 folium
2649 512 2771 583 ejus
2817 511 3011 582 viride,
3059 515 3116 566 et
3161 512 3220 566 in
3263 517 3520 583 tempore
3563 513 3828 569 siccitatis

461 596 686 668 spiritus
714 594 1004 666 sapientiae
1032 593 1274 648 erudivit
1307 593 1491 648 illum.
1521 595 1736 648 Tenens
1762 592 2092 664 psalterium

462 695 518 744 et
543 690 850 760 cytharam,
883 688 1100 741 laetatus
1145 691 1228 741 est
1271 687 1340 741 ad
1366 704 1560 742 vocem
1587 687 1806 760 organi.
1853 689 1920 742 Et
1959 687 2094 758 quia

461 782 640 837 dulcis
667 781 774 834 fuit
811 781 872 834 in
909 795 1004 834 ore
1031 781 1153 852 ejus
1189 781 1503 836 decantatio
1527 781 1710 836 laudis
1731 798 1746 847 ;
1767 781 2006 852 ideoque
2031 781 2091 834 in

458 879 558 934 die
578 879 762 933 obitus
803 879 890 934 sui
934 879 1156 951 gavisus
1186 885 1288 946 est,
1337 897 1403 935 eo
1447 879 1597 952 quod
1642 878 1888 951 suscepit
1928 879 2089 934 illum

457 971 685 1028 dextera
709 973 828 1028 Dei.

617 1071 789 1121 Lectio
814 1071 979 1121 sancti
1010 1070 1278 1134 Evangelii
1304 1071 1592 1122 secundum
1617 1072 1930 1122 Mattbasum.

528 1159 588 1211 In
603 1157 699 1211 illo
713 1161 987 1227 tempore,
1007 1156 1150 1211 dixit
1164 1157 1442 1212 Dominus
1455 1158 1480 1212 J
1485 1173 1613 1212 esus
1633 1155 1922 1228 discipulis
1940 1155 2053 1210 suis
2070 1174 2083 1210 :

455 1251 589 1315 Quis
613 1255 776 1322 putas
801 1255 884 1305 est
903 1249 1081 1304 ﬁdelis
1103 1266 1297 1304 servus
1317 1255 1373 1304 et
1393 1251 1659 1321 prudens,
1685 1267 1858 1322 quem
1879 1249 2086 1304 consti-

453 1344 564 1399 tuit
587 1343 866 1398 Dominus
893 1360 1058 1415 supra
1083 1344 1358 1398 familiam
1384 1361 1564 1413 suam,
1591 1349 1656 1398 ut
1681 1344 1776 1398 det
1799 1343 1878 1398 illi
1897 1343 2086 1397 cibum

453 1438 512 1492 in
541 1437 834 1508 tempore?
864 1439 1063 1492 Beatus
1101 1437 1196 1492 ille
1231 1454 1444 1504 servus,
1475 1453 1669 1509 quem,
1701 1453 1834 1491 cum
1871 1436 2088 1492 venerit

453 1531 728 1585 Dominus
753 1530 892 1600 ejus,
911 1531 1192 1586 invenerit
1211 1531 1288 1585 sic
1307 1531 1634 1586 facientem.
1653 1534 1836 1585 Amen
1851 1531 1975 1585 dico
1995 1545 2087 1584 vo-

451 1627 556 1698 bis,
585 1629 856 1701 quoniam
881 1645 1051 1701 super
1078 1630 1272 1684 omnia
1297 1630 1442 1684 bona
1467 1645 1571 1684 sua
1599 1629 1902 1685 constituet
1929 1645 2082 1685 eum.

1041 1753 1271 1792 lNClPIAT
1309 1753 1462 1793 MISSA
1475 1779 1486 1792 .

520 1835 1034 1907 Propiciarenobis,
1051 1835 1509 1904 Domine,ovibus
1525 1835 1656 1903 tuis,
1673 1835 2048 1891 intervenient

448 1927 769 1984 beatissimo
786 1929 1098 1984 confessore
1119 1933 1220 1983 tuo
1243 1929 1322 1984 ill.
1334 1971 1347 1998 ,
1375 1933 1431 1984 et
1451 1929 1584 2001 quia
1600 1930 1686 1984 tui
1706 1933 1790 1983 est
1807 1929 2079 1996 muneris,

448 2027 512 2078 ut
521 2039 648 2095 quae
663 2023 924 2095 praecipis
938 2022 1208 2094 impleam
1217 2041 1298 2090 us,
1321 2023 1512 2094 gratiae
1523 2028 1637 2078 tuae
1653 2023 1850 2078 lumen
1861 2023 2078 2078 emitte.

1157 2120 1428 2170 Collectio.

517 2201 887 2272 Omnipotens
923 2201 1264 2272 sempiterne
1299 2202 1466 2268 Deus,
1513 2201 1603 2254 cui
1644 2205 1844 2255 cuncta
1887 2201 2078 2255 famu-

445 2295 635 2350 lantur
663 2295 944 2349 elementa
961 2337 975 2363 ,
1009 2294 1408 2365 interpellante
1445 2312 1547 2367 pro
1573 2295 1732 2348 nobis
1757 2294 2080 2350 beatissimo

445 2388 769 2443 Confessore
803 2392 900 2442 tuo
939 2387 1020 2442 ill.
1067 2388 1268 2442 exaudi
1297 2387 1582 2459 propicius
1628 2387 1940 2442 orationem
1985 2405 2080 2442 no-

445 2485 640 2550 stram,
664 2485 720 2536 et
739 2481 922 2536 tribue
950 2480 1111 2534 nobis
1137 2481 1582 2536 misericordiam
1613 2486 1772 2536 tuam
1800 2497 1814 2535 :
1844 2485 1900 2537 et
1931 2497 2080 2553 quaa—

445 2589 689 2646 cumque
727 2573 987 2646 pracipis
1011 2578 1076 2628 ut
1099 2589 1354 2644 agamus,
1385 2574 1504 2647 ipse
1531 2574 1733 2646 adjuva
1753 2579 1817 2629 ut
1841 2574 2078 2646 implere

443 2667 746 2738 possimus.

1064 2738 1183 2787 Post
1209 2737 1442 2786 nomina.

513 2819 718 2890 Sancti,
735 2819 992 2889 Domine,
1020 2819 1352 2874 confessoris
1367 2819 1448 2874 tui
1463 2819 1541 2872 ill.
1559 2819 1748 2874 tribue
1761 2818 1924 2873 nobis
1941 2835 2076 2890 sup-

443 2913 836 2984 plicationibus
863 2913 1036 2967 foveri
1057 2931 1074 2982 ;
1105 2919 1168 2968 ut
1196 2913 1356 2983 cujus
1385 2913 1794 2984 depositionem
1816 2912 2076 2992 colimus,

445 3005 710 3078 obsequio
753 3007 873 3076 ejus
917 3007 1068 3077 apud
1113 3013 1166 3062 te
1209 3005 1720 3074 intercessionibus,
1764 3011 1818 3060 et
1861 3006 2080 3061 meritis

445 3099 930 3154 commendemur.
955 3100 1254 3154 Proﬁciunt
1273 3100 1396 3152 haec
1418 3115 1544 3169 quae
1567 3099 1857 3154 offerimus
1875 3116 1978 3170 pro
1998 3099 2080 3154 in-

444 3192 769 3247 columitate
795 3191 1125 3262 viventium,
1155 3198 1211 3248 et
1233 3208 1338 3262 pro
1364 3192 1561 3263 requie
1586 3193 2002 3248 defunctorum.

1104 3289 1180 3339 Ad
1211 3303 1414 3339 nacem.

1019 3349 1034 3362 ε
1104 3305 1180 3339 Λα
1211 3305 1414 3354 pacem.

516 3371 882 3444 Omnipotens
927 3369 1270 3442 sempiterne
1317 3371 1484 3436 Deus,
1531 3370 1602 3425 da
1647 3371 1892 3425 nobisin
1937 3387 2078 3442 pras-

445 3465 589 3520 senti
629 3465 924 3520 festivitate
965 3463 1278 3518 beatissimi
1317 3463 1648 3518 confessoris
1692 3464 1772 3518 tui
1819 3463 1902 3519 ill.
1951 3481 2078 3519 con-

447 3575 587 3632 grua
618 3558 910 3614 devotione
959 3559 1225 3630 gaudere,
1280 3562 1342 3612 ut
1383 3561 1440 3612 et
1467 3558 1776 3628 potentiam
1819 3563 1976 3613 tuam
2017 3558 2079 3613 in

446 3652 568 3725 ejus
590 3653 830 3724 glorioso
851 3653 1215 3708 continentiae
1238 3653 1395 3708 cultu
1416 3653 1735 3724 laudemus,
1750 3657 1805 3708 et
1825 3653 2079 3708 divinum

447 3745 802 3802 obtineamus
829 3746 1130 3802 auxilium.

1100 3838 1432 3888 Contestatio.

519 3925 659 3980 Vere
690 3923 932 3996 dignum
956 3928 1012 3978 et
1030 3924 1252 3994 justum
1281 3929 1396 3991 est,
1426 3923 1788 3995 omnipotens
1816 3924 1978 3995 Deus,
2025 3929 2080 3981 te

449 4019 680 4075 adorare
706 4017 766 4072 in
791 4017 1012 4086 sanctis,
1037 4016 1094 4070 in
1116 4017 1322 4087 quibus
1345 4017 1688 4088 glorificatus
1716 4033 1795 4086 es,
1821 4019 2075 4090 Domine,

449 4112 834 4180 vehementer,
864 4111 962 4182 qui
993 4109 1093 4164 tibi
1118 4109 1471 4165 adhaerentes
1497 4110 1853 4184 calcaverunt
1877 4128 2076 4183 super-

449 4207 698 4263 bientem
725 4203 1114 4262 excellentiam
1149 4204 1350 4258 mundi
1379 4203 1585 4258 virtute
1615 4205 1853 4276 Spiritus
1879 4206 2074 4278 sancti,

450 4303 874 4356 contemnentes
899 4297 1198 4354 blanditias
1243 4301 1298 4352 et
1341 4297 1650 4353 inlecebras
1683 4299 1882 4353 mundi
1907 4299 2078 4371 hujus

451 4399 508 4450 et
533 4393 757 4449 frivolas
783 4409 1036 4465 pompas.
1067 4392 1146 4446 Ex
1171 4391 1380 4463 quibus
1419 4391 1617 4447 beatus
1641 4397 1772 4447 tuus
1799 4393 2080 4450 confessor

452 4489 534 4546 ill.
565 4489 827 4558 emicuit,
859 4486 1142 4541 mundum
1169 4486 1479 4540 contemtui
1510 4487 1689 4542 crucis
1715 4493 2076 4560 postponens.

2191 619 2307 657 non
2355 604 2463 658 erit
2506 605 2830 673 sollicitum,
2879 623 2980 660 nec
3023 605 3332 676 aliquando
3378 607 3594 661 desinet
3643 607 3828 662 facere

2191 702 2458 758 fructum.
2504 705 2745 760 Pravum
2789 709 2872 759 est
2917 721 3013 758 cor
3055 703 3312 758 omnium
3353 708 3410 759 et
3436 705 3824 772 inscrutabile,

2191 796 2318 868 quis
2358 803 2654 868 cognoscet
2695 798 2878 852 illud?
2927 799 3043 869 Ego
3090 797 3363 852 Dominus
3408 803 3664 853 scrutaris
3711 815 3826 868 cor,

2191 895 2246 944 et
2271 890 2519 960 probans
2547 907 2729 960 renes,
2773 891 2868 962 qui
2915 891 2986 946 do
3033 890 3338 962 unicuique
3371 891 3536 962 juxta
3575 891 3726 946 viam
3773 898 3827 947 et

2183 984 2349 1054 juxta
2379 984 2628 1039 fructum
2664 984 3129 1040 adinventionum
3163 999 3419 1040 suarum.
3449 984 3666 1040 Solium
3697 986 3820 1058 glo-

2191 1078 2290 1130 riae
2331 1095 2360 1131 a
2405 1079 2682 1150 principio
2725 1079 2881 1134 locus
2907 1077 3362 1133 sanctificationis
3391 1085 3619 1146 nostrae,
3649 1096 3824 1151 expe-

2191 1171 2354 1224 ctatio
2393 1171 2557 1226 Israel
2603 1172 2892 1226 Dominus.
2937 1173 3146 1227 Omnes
3190 1171 3288 1242 qui
3325 1175 3379 1225 te
3421 1171 3824 1244 derelinquunt

2188 1264 2624 1334 confundentur,
2655 1265 2978 1320 recedentes
3021 1266 3080 1319 in
3113 1269 3262 1318 terra
3309 1264 3645 1333 scribentur,
3681 1282 3822 1338 quo-

2187 1357 2340 1412 niam
2369 1357 2794 1429 dereliquerunt
2829 1375 3032 1413 venam
3065 1375 3340 1430 aquarum
3375 1358 3686 1413 viventium
3715 1361 3820 1414 Do-

2185 1451 2429 1506 minum.
2459 1452 2604 1506 Sana
2631 1469 2753 1520 me,
2787 1452 3021 1506 Domine
3043 1495 3057 1522 ,
3087 1457 3143 1506 et
3179 1451 3452 1518 sanabor;
3485 1453 3702 1506 salvum
3731 1471 3820 1508 me

2185 1545 2290 1614 fac,
2323 1549 2377 1599 et
2403 1545 2587 1600 salvus
2616 1562 2732 1613 ero,
2764 1545 3032 1616 quoniam
3057 1547 3178 1600 laus
3205 1562 3334 1599 mea
3361 1549 3425 1600 tu
3451 1561 3528 1613 es,
3563 1543 3818 1610 Domine,

2185 1637 2330 1692 Deus
2357 1655 2540 1693 meus.

2431 1726 2660 1790 Epistola
2689 1725 2835 1776 Pauli
2867 1725 3088 1789 apostoli
3123 1725 3188 1774 ad
3220 1723 3565 1775 Timotheum.

2051 1851 2080 1890 θ
2101 1810 2157 1881 Β
2253 1799 2494 1868 Fratres,
2529 1797 2714 1853 omnis
2743 1798 3037 1868 Scriptura
3065 1797 3334 1852 divinitus
3361 1797 3635 1868 inspirata
3659 1798 3823 1853 utilis

2183 1895 2266 1946 est
2293 1891 2365 1946 ad
2389 1892 2726 1962 docendum,
2755 1892 2826 1946 ad
2847 1891 3227 1962 arguendum,
3251 1891 3320 1944 ad
3339 1889 3746 1962 corrigendum
3767 1893 3824 1948 in

2175 1985 2416 2056 justitia,
2463 1990 2524 2039 ut
2563 1986 2846 2056 perfectus
2878 1985 2951 2039 sit
2981 1984 3164 2038 omnis
3208 1984 3378 2038 homo
3404 1984 3521 2054 Dei,
3553 1985 3626 2040 ad
3652 2002 3826 2040 omne

2183 2095 2324 2150 opus
2350 2079 2564 2133 bonum
2590 2078 2921 2133 instructus.
2945 2077 3227 2132 Testificor
3251 2093 3440 2132 coram
3459 2079 3570 2132 Deo
3591 2083 3650 2134 et
3668 2079 3826 2134 Chri-

2181 2175 2267 2227 sto
2297 2174 2446 2242 Jesu,
2481 2173 2578 2244 qui
2611 2172 2965 2243 judicaturus
3007 2176 3090 2226 est
3127 2171 3280 2226 vivos
3315 2176 3371 2226 et
3411 2175 3688 2239 mortuos,
3723 2189 3826 2244 per

2180 2265 2484 2321 adventum
2523 2265 2697 2336 ipsius
2727 2270 2782 2320 et
2807 2281 3046 2336 regnum
3089 2265 3211 2335 ejus
3235 2307 3249 2331 ,
3284 2265 3532 2335 pi'szdica
3557 2265 3824 2332 verbum,

2180 2357 2326 2412 insta
2353 2363 2650 2429 oportune,
2679 2357 3006 2429 inportune.
3037 2357 3118 2412 Tu
3151 2373 3282 2412 vero
3307 2357 3479 2428 vigila
3499 2400 3514 2427 ,
3539 2358 3602 2412 in
3631 2360 3824 2414 omni-

2180 2451 2285 2505 bus
2311 2451 2520 2521 lahora,
2549 2467 2690 2522 opus
2717 2451 2802 2506 fac
2840 2450 3218 2522 evangelistse,
3247 2449 3629 2506 ministerium
3657 2456 3826 2507 tuum

2179 2544 2371 2616 imple.
2415 2547 2532 2616 Ego
2577 2545 2730 2599 enim
2751 2545 2874 2616 jam
2904 2545 3068 2613 libor,
3109 2549 3164 2599 et
3207 2548 3431 2616 tempus
3461 2544 3830 2602 resolutionis

2178 2654 2322 2693 meae
2351 2637 2542 2693 instat.
2575 2639 2793 2692 Bonum
2820 2641 3105 2692 certamen
3141 2637 3348 2692 certavi
3369 2679 3382 2706 ,
3420 2654 3654 2694 cursum
3683 2657 3824 2694 con-

2178 2731 2476 2799 summavi,
2497 2733 2670 2787 fidem
2697 2731 2930 2786 servavi.
2961 2733 3021 2785 ln
3051 2730 3268 2803 reliquo
3299 2731 3542 2803 reposita
3561 2737 3650 2787 est
3676 2733 3826 2788 mihi

2179 2841 2386 2880 corona
2423 2825 2680 2896 justitise,
2713 2841 2887 2896 quam
2927 2823 3124 2879 reddet
3157 2825 3302 2879 mihi
3329 2825 3596 2880 Dominus
3623 2827 3689 2880 in
3733 2827 3828 2882 illa

2179 2919 2266 2974 die
2289 2919 2479 2989 justus
2501 2919 2678 2989 judex
2709 2935 2722 2972 :
2755 2935 2871 2972 non
2917 2919 3098 2973 solum
3144 2919 3309 2988 mihi,
3361 2918 3456 2974 sed
3484 2925 3540 2974 et
3585 2920 3678 2974 his
3727 2921 3832 2992 qui

2178 3012 2425 3082 diligunt
2454 3013 2758 3067 adventum
2788 3013 2928 3083 ejus.

2335 3099 2508 3150 Lectio
2537 3101 2702 3150 sancti
2733 3099 2999 3164 Evangelii
3025 3099 3314 3150 secundum
3343 3100 3661 3150 Mattbmum.

2098 3181 2152 3256 ρ
2249 3174 2428 3227 Homo
2481 3173 2712 3244 quidam
2767 3173 3121 3243 proficiscens
3171 3173 3386 3228 vocavit
3423 3189 3614 3228 servos
3665 3191 3824 3238 suos,

2177 3269 2232 3320 et
2269 3266 2504 3320 tradidit
2545 3265 2650 3320 illis
2679 3266 2827 3320 bona
2871 3283 2990 3321 sua.
3037 3267 3104 3322 Et
3129 3265 3228 3320 uni
3265 3267 3420 3322 dedit
3442 3267 3707 3340 quinque
3737 3273 3824 3323 ta-

2175 3361 2346 3429 lenta,
2403 3359 2498 3414 alii
2543 3365 2734 3415 autem
2778 3360 2911 3428 duo,
2956 3360 3053 3414 alii
3095 3376 3230 3415 vero
3257 3376 3459 3428 unum,
3499 3361 3827 3434 unicuique

2178 3453 2488 3508 secundum
2527 3453 2816 3525 prepriam
2846 3454 3144 3524 virtutem,
3176 3457 3232 3508 et
3273 3454 3558 3524 profectus
3587 3461 3676 3510 est
3707 3461 3824 3510 sta-

2179 3546 2304 3600 tim.
2326 3545 2476 3601 Abiit
2508 3551 2698 3601 autem
2721 3547 2819 3619 qui
2841 3547 3095 3618 quinque
3109 3547 3322 3601 talenta
3334 3553 3651 3619 acceperat,
3683 3564 3828 3620 ope-

2177 3643 2336 3694 ratus
2365 3643 2449 3695 est
2477 3639 2536 3694 in
2563 3639 2664 3706 eis,
2693 3643 2750 3694 et
2775 3641 3024 3695 lucratus
3055 3645 3140 3695 est
3165 3639 3275 3694 alia
3299 3640 3578 3713 quinque.
3607 3641 3824 3696 Simili-

2179 3739 2266 3788 ter
2307 3734 2404 3805 qui
2450 3734 2561 3788 duo
2611 3739 2920 3806 acceperat,
2969 3734 3216 3790 lucratus
3257 3739 3345 3789 est
3381 3733 3490 3788 alia
3523 3734 3658 3789 duo.
3713 3735 3830 3799 Qui

2178 3832 2368 3882 autem
2421 3843 2599 3883 unum
2653 3833 2965 3900 acceperat,
3019 3827 3214 3883 abiens
3259 3827 3398 3882 fodit
3445 3828 3506 3882 in
3544 3833 3722 3898 terra,
3769 3833 3832 3883 et

2177 3921 2467 3976 abscondit
2491 3923 2790 3993 pecuniam
2820 3921 3042 3976 Domini
3081 3923 3190 3977 sui.
3237 3923 3370 3978 Post
3413 3921 3666 3977 multum
3691 3939 3836 3978 vero

2177 4014 2467 4086 temporis,
2498 4015 2654 4070 venit
2681 4014 2942 4070 dominus
2968 4031 3256 4070 servorum
3283 4015 3530 4082 illorum,
3557 4021 3614 4070 et
3633 4017 3836 4088 posuit

2179 4108 2458 4163 rationem
2485 4125 2616 4164 cum
2644 4109 2744 4164 eis.
2779 4111 2846 4164 Et
2879 4109 3149 4164 accedens
3187 4109 3284 4182 qui
3327 4109 3580 4181 quinque
3607 4112 3842 4166 talenta

2177 4207 2488 4273 acceperat,
2541 4203 2744 4258 obtulit
2790 4203 2900 4257 alia
2951 4204 3222 4276 quinque,
3264 4204 3454 4259 dicens
3492 4220 3505 4257 :
3557 4204 3838 4272 Domine,

2178 4296 2430 4368 quinque
2467 4297 2678 4352 talenta
2720 4297 2998 4352 tradidisti
3033 4298 3197 4364 mihi,
3239 4313 3365 4352 ecce
3406 4297 3516 4352 alia
3561 4299 3840 4371 quinque

2178 4391 2597 4461 superlucratus
2619 4390 2872 4445 sum.Ait
2903 4390 2984 4444 illi
3011 4391 3434 4462 dominusejus:
3455 4392 3634 4462 Euge,
3663 4408 3841 4447 serve

2177 4484 2322 4538 bone
2350 4489 2406 4538 et
2429 4483 2626 4553 fidelis,
2649 4484 2782 4556 quia
2809 4500 2980 4555 super
3007 4501 3188 4556 pauca
3224 4484 3380 4539 fuisti
3409 4485 3612 4551 ﬁdelis,
3647 4501 3846 4557 super

455 4585 754 4652 Propterea
779 4597 931 4636 nunc
979 4579 1278 4651 requiescit
1301 4579 1360 4634 in
1391 4596 1524 4651 pace
1551 4585 1666 4650 tua,
1699 4558 2076 4637 nihil—inlece-
2097 4558 2156 4630 D
2180 4577 2362 4633 multa
2387 4583 2442 4632 te
2471 4578 2842 4647 constituam;
2871 4577 3022 4633 intra
3057 4578 3116 4633 in
3147 4577 3418 4650 gaudium
3453 4577 3682 4634 domini
3721 4581 3838 4634 tui.

455 4677 706 4742 brosum,
721 4674 866 4729 nihil
876 4674 997 4744 jam
1013 4679 1269 4728 metuens
1279 4673 1578 4728 adversum
1589 4716 1601 4728 .
1617 4674 1716 4729 Cui
1735 4674 1964 4747 inspira,
1979 4676 2082 4730 mi-

456 4769 690 4826 sericors
716 4767 879 4836 Deus,
911 4767 1256 4821 intercedere
1297 4767 1398 4820 tibi
1435 4783 1537 4838 pro
1567 4767 1760 4838 nobis;
1808 4771 1874 4823 ut
1909 4785 2082 4840 quem

453 4863 634 4921 fecisti
662 4863 730 4918 de
753 4877 852 4915 sua
874 4859 1135 4914 felicitate
1163 4875 1446 4928 securum,
1475 4859 1639 4915 facias
1661 4879 1762 4932 pro
1791 4867 1982 4917 nostra
2009 4861 2079 4916 li—

453 4959 741 5017 beratione
754 4954 1074 5023 sollicitum,
1082 4953 1476 5024 perChristum
1487 4955 2078 5014 Dominumnostrum.

807 5083 960 5126 HISSA
997 5081 1182 5124 SANCTI
1220 5082 1439 5121 ΜΑΒἸἸΝΙ
1479 5083 1724 5124 EPISCOPI.

411 5161 416 5168 .
461 5167 634 5219 Lectio
671 5163 944 5215 Hieremiae
969 5159 1666 5287 praphggci‘ppidgpositione
1694 5161 1859 5213 sancti
1880 5163 2084 5214 Martini

530 5307 862 5366 Benedictus
907 5305 993 5359 vir
1034 5305 1136 5377 qui
1181 5305 1411 5360 conﬁdit
1456 5305 1517 5360 in
1565 5306 1800 5360 Domino
1823 5348 1836 5375 ,
1873 5309 1932 5362 et
1975 5308 2084 5363 erit

458 5404 730 5464 Dominus
776 5399 982 5455 ﬁducia
1030 5399 1168 5472 ejus.
1223 5400 1292 5454 Et
1328 5399 1436 5454 erit
1477 5399 1637 5471 quasi
1669 5400 1889 5471 lignum
1930 5402 2083 5472 quod

457 5497 899 5570 transplantatur
917 5509 1088 5566 super
1105 5510 1300 5566 aquas,
1325 5493 1482 5566 quod
1494 5494 1565 5549 ad
1583 5494 1889 5550 humorem
1909 5495 2084 5552 mittit

525 5641 552 5671 ⁸
589 5639 738 5698 Nihil
761 5639 819 5712 in
849 5635 1108 5712 sequenti
1126 5636 1386 5712 Lectione
1415 5653 1484 5712 ex
1502 5637 1670 5712 Pauli
1701 5637 1933 5712 apostoli
1959 5639 2080 5712 epi~

457 5715 602 5772 stola
636 5713 707 5767 ad
739 5706 972 5783 i'l'itum';
1011 5706 1109 5761 sed
1147 5707 1298 5760 varia
1335 5711 1468 5783 sunt
1501 5709 1626 5783 loca
1664 5706 2078 5783 eiScripturis,

457 5800 643 5858 neque
687 5782 760 5858 ad
791 5779 1050 5844 verbum,
1095 5792 1292 5858 neque
1308 5777 1478 5832 etiam
1514 5779 1585 5834 ad
1623 5796 1850 5836 sensum
1877 5777 2077 5841 relata;

456 5849 866 5912 ﬂes-Lectiones
891 5865 994 5920 pro
1016 5863 1132 5902 uno
1159 5849 1492 5906 confessore.

2783 4683 2974 4724 INCIPIT
3013 4685 3191 4724 MISSA.

2251 4747 2520 4802 Sanctum
2547 4747 2606 4801 in
2633 4747 3004 4815 mirabilibus,
3035 4748 3360 4803 mirabilem
3387 4749 3570 4802 Deum
3597 4747 3668 4802 in
3699 4765 3840 4804 san—

2180 4839 2282 4894 ctis
2306 4840 2419 4894 suis
2443 4847 2500 4896 et
2527 4841 2838 4898 confessore
2876 4858 2978 4896 suo
3005 4843 3238 4897 Martino
3269 4840 3490 4915 [fratres
3513 4842 3848 4910 carissimi,

2182 4933 2545 5005 deprecemus
2578 4935 2612 5008 :]
2659 4940 2724 4990 ut
2763 4935 2922 5007 cujus
2959 4936 3338 4991 venerabilem
3369 4935 3520 4990 diem
3561 4936 3848 4992 celebra-

2181 5043 2328 5098 mus,
2357 5045 2682 5084 mereamur
2706 5031 2826 5102 ejus
2860 5045 2980 5085 esse
3021 5030 3336 5102 participes.
3373 5030 3470 5090 Hic
3507 5031 3614 5099 vir,
3645 5047 3852 5103 quem

2183 5123 2676 5179 adnumerandum
2703 5124 2988 5196 apostolis,
3019 5123 3361 5196 martyribus
3383 5123 3854 5195 adgregnndum

2180 5217 2438 5289 proxima
2475 5217 2553 5272 ita
2599 5217 2660 5273 in
2701 5233 2822 5273 rem
2861 5225 3119 5291 tempora
3153 5215 3534 5290 protulerunt.
3565 5217 3854 5276 Dubium

2181 5311 2334 5366 enim
2357 5327 2472 5366 non
2499 5317 2584 5367 est
2607 5317 2670 5367 ut
2693 5312 2766 5368 sit
2789 5317 3004 5385 martyr
3023 5311 3082 5367 in
3107 5311 3264 5380 caelo,
3289 5311 3388 5383 qui
3405 5310 3516 5366 fuit
3532 5311 3864 5370 confessor

2180 5405 2240 5460 in
2261 5406 2484 5476 sazculo,
2513 5421 2646 5460 cum
2669 5406 2912 5462 sciamus
2943 5423 3057 5462 non
3075 5405 3376 5462 Martinum
3403 5405 3720 5476 martyrio,
3745 5409 3864 5464 sed

2181 5499 2516 5571 martyrium
2545 5499 2785 5556 defuisse
2817 5501 3074 5556 Martino.
3103 5499 3342 5556 Oremus
3365 5499 3462 5571 qui
3489 5499 3550 5554 in
3587 5503 3866 5560 tantum

2260 5645 2288 5685 δ
2315 5646 2392 5699 Ita
2416 5648 2543 5716 post
2579 5661 2878 5700 commune
2921 5643 3304 5716 confessorum
3340 5643 3596 5716 sequitur
3647 5647 3866 5705 missa

2181 5715 2250 5772 de
2279 5715 2467 5770 sancto
2494 5717 2724 5771 Martino
2755 5717 2812 5772 in
2839 5717 3068 5772 Gothico
3107 5715 3309 5772 Missali
3331 5758 3344 5785 ,
3373 5715 3472 5771 ubi
3498 5721 3726 5774 tamen
3761 5723 3864 5776 di-

2179 5802 2336 5860 versa
2362 5785 2430 5841 de
2459 5803 2524 5842 eo
2550 5787 2722 5860 missa
2745 5794 2955 5860 praeter
2979 5789 3480 5858 Contestationem,
3501 5801 3640 5860 qua
3679 5797 3866 5850 utro-

2178 5857 2348 5932 bique
2374 5861 2458 5912 est
2481 5858 2706 5916 eadem.-
