3982 6190
222 293 304 348 529
799 287 1410 346 SACRAMENTAPJUM
1444 287 1890 345 GALLICANUM.
1932 317 2000 329 --
2039 289 2404 348 LECTIONES
2439 293 2883 361 QUOTlDlANrE.

3426 295 3527 362 530

216 394 413 456 Domini
435 393 615 470 potuit
637 412 868 469 sequare
893 395 1151 465 virtutes,
1181 383 1454 468 dignetur
1471 395 1530 452 in
1557 397 1798 453 tribula-
1821 408 1882 482 Α
1903 397 2003 470 qui
2025 399 2609 473 gaudent,tamquam
2622 417 2738 460 non
2753 405 3094 478 gaudentes;
3117 411 3176 464 et
3190 406 3288 482 qui
3303 411 3526 480 emunt,

216 493 346 550 tione
367 491 690 560 defendere,
713 491 814 564 qui
840 495 1048 564 potens
1075 491 1187 548 fuit
1213 494 1476 549 mortuos
1505 491 1794 548 suscitare.

263 664 416 730 Deus,
442 661 596 734 cujus
627 677 734 734 per
757 590 1403 719 sufﬁgiffiimantistitem
1431 666 1490 720 et
1513 664 1800 720 confesso-

207 774 309 814 rem
342 759 496 812 tuum
542 756 848 812 Martinum
883 756 1127 829 fulgoris
1173 757 1257 813 tui
1303 758 1502 812 lumen
1547 757 1794 826 effulsit;

206 851 340 923 cujus
364 850 527 905 hodie
548 850 774 906 felicem
783 851 1312 923 transmigrationis
1328 851 1483 907 diem
1499 852 1793 908 celebran-

203 948 289 1011 tes,
314 944 669 999 clementiam
705 947 868 1000 tuam
908 944 1190 1018 supplices
1231 961 1552 1015 exoramus,
1592 949 1656 1001 ut
1693 949 1796 1002 Ec-

201 1038 404 1094 clesiam
428 1041 587 1094 tuam
617 1042 1058 1095 conversantem
1089 1039 1149 1094 in
1191 1039 1559 1097 tribulatione
1591 1041 1792 1114 digne-

201 1136 276 1187 tur
297 1130 619 1200 defendere,
647 1131 792 1188 cuia
814 1136 869 1189 te
885 1132 1022 1189 satis
1039 1135 1202 1206 larga
1221 1133 1437 1206 pietate
1461 1149 1794 1191 concessum

199 1229 268 1281 est
293 1225 457 1281 etiam
489 1229 750 1282 mortuos
774 1225 1070 1284 suscitare.

251 1395 478 1465 Largam
507 1393 612 1449 Dei
634 1323 1277 1467 Patrigoztnfgilgatntis
1314 1396 1792 1466 misericordiam,

193 1487 373 1542 fratres
398 1486 695 1556 carissimi,
715 1487 1112 1561 deprecemur,
1134 1493 1199 1544 ut
1225 1489 1636 1547 intercessione
1669 1508 1796 1547 san-

193 1580 252 1636 cti
275 1597 332 1636 ac
349 1581 662 1637 beatissimi
693 1579 964 1638 antistitis
991 1583 1075 1637 sui
1095 1583 1340 1652 Martini,
1369 1585 1530 1656 cujus
1555 1585 1792 1640 hodier-

193 1691 254 1731 na
294 1675 376 1730 die
436 1675 692 1731 ofﬁcium
741 1677 1307 1734 commemorationis
1377 1677 1790 1750 impendimus,

1898 497 2200 566 tamquam
2217 510 2332 550 non
2347 495 2790 567 possidentes;et
2801 500 2900 570 qui
2915 504 3150 558 utuntur
3159 503 3268 559 hoc
3283 503 3524 574 mundo,

1899 589 2198 660 tamquam
2231 604 2350 644 non
2377 593 2646 658 utantur;
2680 593 2936 664 praeterit
2955 596 3112 650 enim
3148 597 3335 668 ﬁgura
3358 599 3528 670 hujus

1898 681 2122 736 mundi.
2149 683 2290 738 Volo
2322 686 2516 738 autem
2543 701 2643 740 vos
2672 685 2796 742 sine
2829 687 3210 744 sollicitudine
3243 707 3386 748 esse.
3418 691 3526 758 Qui

1898 775 2020 830 sine
2053 791 2228 832 uxore
2257 780 2362 844 est,
2386 777 2659 832 sollicitus
2689 783 2774 834 est
2805 796 2933 852 quae
2959 782 3183 837 Domini
3209 789 3360 853 sunt,
3389 802 3527 857 quo-

1897 869 2075 925 modo
2102 871 2328 942 placeat
2346 871 2484 926 Deo.
2520 871 2628 936 Qui
2654 875 2848 928 autem
2866 891 2998 930 cum
3027 893 3200 931 uxore
3232 881 3337 945 est,
3371 880 3525 935 solli-

1898 964 2041 1019 citus
2071 967 2158 1019 est
2183 981 2311 1036 quae
2349 969 2483 1019 sunt
2507 966 2729 1035 mundi,
2764 969 3056 1039 quomodo
3087 972 3314 1042 placeat
3338 973 3520 1042 uxori,

1897 1061 1956 1113 et
1985 1057 2195 1112 divisus
2222 1061 2326 1114 est.
2359 1060 2429 1114 Et
2469 1059 2680 1114 mulier
2709 1061 2970 1138 innupta,
3017 1067 3076 1118 et
3111 1064 3273 1136 virgo
3311 1066 3527 1138 cogitat

1896 1168 2026 1222 quia
2057 1155 2192 1206 sunt
2216 1153 2467 1221 Domini,
2511 1156 2575 1208 ut
2603 1153 2674 1208 sit
2713 1133 3178 1228 sanctatorpore
3205 1133 3268 1214 et
3300 1133 3521 1232 spiritu.

2051 1246 2229 1298 Lectio
2252 1247 2418 1297 sancti
2441 1247 2710 1312 Evangelii
2736 1249 3027 1300 secundum
3053 1251 3365 1302 Matthmum.

1967 1332 2164 1388 Simile
2208 1333 2318 1388 erit
2349 1349 2600 1404 regnum
2638 1335 2912 1390 caelorum
2952 1335 3150 1392 decem
3185 1337 3521 1408 virginibus,

1895 1443 2023 1498 quae
2059 1425 2407 1498 accipientes
2445 1427 2744 1498 lampades
2791 1445 2940 1496 suas,
2991 1429 3253 1485 exierunt
3297 1431 3523 1488 obviam

1895 1536 2104 1592 sponso
2128 1523 2186 1575 et
2197 1536 2444 1592 sponsae.
2465 1519 2730 1592 Quinque
2744 1523 2938 1576 autem
2962 1538 3027 1577 ex
3041 1523 3122 1577 eis
3142 1527 3309 1579 erant
3327 1525 3521 1594 fatum,

1893 1617 1952 1668 et
1978 1613 2232 1685 quinque
2274 1613 2608 1684 prudentes.
2639 1613 2754 1670 Sed
2786 1615 3042 1687 quinque
3077 1617 3250 1672 fatuae
3279 1618 3524 1690 acceptis

1891 1706 2254 1778 lampadibus
2268 1722 2386 1760 non
2402 1711 2735 1762 sumserunt
2751 1708 2942 1763 oleum
2960 1725 3155 1764 secum
3176 1726 3189 1764 :
3209 1711 3523 1782 prudentes

193 1769 291 1840 ejus
313 1767 634 1824 interventu
684 1786 789 1840 per
835 1769 1294 1827 misericordiam
1327 1772 1554 1828 Domini
1597 1767 2030 1856 indul-Bvem'
2059 1801 2405 1872 acceperunt
2435 1801 2628 1855 oleum
2671 1799 2731 1855 in
2765 1801 2912 1856 vasis
2953 1817 3084 1856 cum
3139 1767 3516 1876 Imhpadibus.

191 1863 416 1935 gentiam
441 1862 721 1936 consequi
747 1879 1098 1919 mereamur.

823 1957 900 2007 Ad
929 1971 1133 2007 nacem.

823 1971 900 2007 au
965 1971 1133 2006 acem.

242 2027 458 2095 Exaudi,
491 2026 761 2096 Domine,
801 1971 1002 2100 prec‘es
1046 2031 1291 2097 nostras,
1341 2046 1484 2102 quas
1518 2030 1578 2086 in
1607 2031 1790 2088 sancti

187 2121 494 2176 confessoris
527 2124 588 2176 et
612 2121 926 2178 sacerdotis
957 2122 1208 2194 episcopi
1247 2123 1330 2178 tui
1367 2123 1593 2180 Martini
1630 2142 1787 2181 com-

187 2214 575 2270 memoratione
603 2214 938 2283 deferimus,
967 2218 1023 2270 et
1049 2218 1278 2287 praesta,
1304 2219 1369 2271 ut
1393 2216 1539 2272 sicut
1583 2217 1678 2273 ille
1727 2219 1787 2274 in

185 2311 456 2379 conspectu
486 2311 590 2364 tuo
621 2308 716 2380 qui
737 2308 840 2363 tibi
871 2308 1044 2380 digne
1062 2309 1275 2364 meruit
1303 2309 1576 2365 famulari
1601 2311 1787 2366 clarus

186 2417 378 2473 semper
425 2401 634 2470 extitit,
691 2402 771 2456 ita
825 2401 949 2474 ejus
988 2419 1094 2458 nos
1137 2404 1476 2476 supplicatio
1523 2403 1580 2458 in
1619 2405 1787 2460 bonis

184 2493 370 2549 actibus
397 2495 652 2566 adjuvet.
683 2496 812 2550 Per.

802 2587 1138 2638 Contestatio.

239 2659 360 2714 Vere
395 2659 645 2732 dignum
683 2662 742 2714 et
758 2658 977 2730 justum
1004 2663 1108 2728 est,
1137 2659 1505 2731 omnipotens
1529 2661 1698 2730 Deus,
1726 2665 1783 2717 te

184 2750 227 2806 in
249 2752 455 2808 Martini
481 2753 570 2807 tui
592 2752 858 2808 laudibus
882 2753 1191 2820 honorare,
1207 2752 1305 2825 qui
1331 2754 1509 2809 sancti
1543 2754 1783 2826 Spiritus

183 2845 244 2900 tui
267 2845 406 2902 dono
437 2862 768 2914 succensus,
795 2846 876 2901 ita
894 2847 951 2901 in
981 2847 1104 2918 ipso
1133 2847 1396 2902 tirocinio
1424 2847 1557 2902 fidei
1599 2850 1784 2920 perfe-

181 2941 278 2992 ctus
301 2939 563 2994 inventus
599 2944 705 3009 est,
733 2943 797 2994 ut
816 2939 1105 2996 Christum
1141 2940 1372 2994 texisset
1411 2940 1470 2994 in
1494 2957 1778 3012 paupere;

179 3034 224 3086 et
238 3035 454 3102 vestem,
485 3050 666 3106 quam
694 3049 912 3106 egenus
933 3037 1250 3105 acceperat,
1279 3033 1482 3088 mundi
1505 3035 1782 3090 Dominus

1889 1895 2104 1950 Moram
2127 1896 2321 1948 autem
2335 1892 2584 1948 faciente
2597 1910 2828 1966 sponso,
2850 1895 3310 1953 dormitaverunt
3321 1913 3523 1954 omnes

1891 1991 1950 2043 et
1973 1987 2352 2044 dormierunt.
2367 1985 2551 2043 Media
2562 1991 2759 2042 autem
2773 1991 2962 2055 nocte,
2975 1990 3197 2045 clamor
3207 1989 3390 2046 factus
3403 1995 3489 2047 est
3503 2009 3517 2048 :

1888 2083 2029 2137 Ecce
2055 2097 2298 2152 sponsus
2322 2080 2500 2148 venit,
2523 2080 2672 2136 exite
2698 2081 2928 2136 obviam
2966 2082 3038 2136 ei.
3069 2084 3224 2138 Tunc
3257 2101 3517 2140 surrexe-

1887 2179 2024 2231 runt
2055 2191 2256 2230 omnes
2283 2174 2537 2246 virgines
2563 2175 2695 2242 illae,
2729 2179 2787 2229 et
2822 2180 3173 2231 ornaverunt
3221 2178 3519 2250 lampades

1887 2285 2035 2325 suas.
2065 2269 2256 2324 Fatua:
2279 2271 2475 2323 autem
2497 2267 2851 2340 sapientibus
2871 2268 3136 2324 dixerunt
3158 2287 3171 2326 :
3193 2271 3336 2326 Date
3355 2271 3520 2328 nobis

1887 2363 1958 2418 de
1989 2363 2116 2418 oleo
2142 2365 2353 2430 vestro,
2375 2361 2513 2434 quia
2532 2361 2829 2434 lampades
2855 2365 3066 2419 nostra;
3085 2365 3515 2437 extinguuntur.

1885 2455 2330 2528 Responderunt
2345 2455 2661 2528 prudentes
2676 2455 2960 2512 dicentes:
2989 2459 3070 2512 Ne
3100 2457 3248 2514 forte
3269 2475 3388 2514 non
3408 2460 3521 2515 suf-

1884 2550 2038 2605 ﬁciat
2077 2550 2246 2605 nobis
2285 2551 2344 2604 et
2387 2549 2564 2616 vobis,
2614 2549 2690 2604 ite
2730 2549 2921 2622 potius
2960 2551 3034 2605 ad
3078 2551 3414 2621 vendentes,
3459 2556 3519 2609 et

1885 2643 2061 2698 emite
2091 2643 2268 2698 vobis.
2293 2643 2442 2697 Dum
2464 2642 2827 2698 autemirent
2839 2659 3052 2712 emere,
3067 2645 3225 2700 venit
3244 2662 3511 2717 sponsus;

1883 2741 1942 2793 et
1967 2753 2094 2808 quae
2115 2739 2332 2808 paratae
2353 2739 2520 2790 erant
2544 2735 2906 2791 intraverunt
2919 2753 3050 2792 cum
3068 2754 3136 2792 eo
3161 2737 3234 2792 ad
3261 2738 3509 2810 nuptias,

1883 2834 1942 2886 et
1967 2831 2160 2885 clausa
2185 2832 2272 2884 est
2291 2829 2492 2900 janua.
2515 2828 2828 2884 Novissime
2849 2832 3132 2884 venerunt
3152 2829 3389 2902 reliquae
3409 2831 3514 2887 vir-

1880 2923 2044 2996 gines
2077 2923 2334 2978 dicentes
2363 2939 2376 2976 :
2421 2921 2690 2989 Domine,
2733 2921 2998 2989 Domine,
3022 2922 3180 2994 aperi
3215 2923 3400 2978 nobis.
3440 2927 3514 2980 At

1877 3017 1974 3072 ille
2008 3016 2368 3089 respondens
2409 3015 2489 3070 ait
2520 3033 2532 3070 :
2561 3017 2746 3070 Amen
2775 3015 2903 3071 dico
2942 3015 3121 3083 vobis,
3160 3016 3353 3072 nescio
3389 3033 3507 3074 vos.

177 3123 437 3182 induisset.
465 3128 514 3183 Ο
545 3126 678 3182 felix
705 3127 964 3198 largitas,
987 3127 1046 3181 in
1069 3143 1184 3198 qua
1201 3126 1469 3182 divinitas
1497 3127 1774 3199 operitur!
1798 3151 1854 3226 Ο
1877 3111 2119 3184 “Gnate
2149 3110 2364 3182 itaque:
2393 3109 2528 3182 quia
2553 3108 2784 3164 Πεδοίίίδ
2814 3109 2970 3164 diem
2989 3125 3179 3182 neque
3207 3110 3436 3168 horam-

178 3234 204 3272 ο
223 3219 476 3292 clamydis
495 3220 751 3292 gloriosa
779 3219 998 3288 divisio,
1026 3237 1154 3292 quin
1167 3221 1416 3275 militem
1441 3221 1582 3276 texit
1607 3225 1666 3276 et
1684 3238 1776 3276 re-

175 3313 312 3382 gem!
341 3313 747 3369 inaestimabile
775 3313 993 3369 donum
1034 3316 1122 3368 est
1158 3314 1314 3385 quod
1353 3314 1561 3370 vestire
1598 3316 1780 3381 Deum

177 3406 353 3462 meruit
373 3407 638 3462 Deitatis.
668 3407 852 3479 Digne
893 3407 1027 3462 huic
1067 3407 1442 3462 confessionis
1484 3409 1594 3463 tum
1642 3425 1782 3480 prae-

176 3498 324 3555 mium
351 3501 722 3567 commisisti;
751 3501 926 3572 digne
954 3501 1334 3556 Arrianorum
1361 3517 1479 3556 non
1498 3502 1782 3573 subjacuit

175 3590 387 3649 feritati:
409 3595 593 3666 digne
624 3597 849 3650 tantum
878 3610 1076 3650 amore
1103 3595 1376 3652 Martinus
1400 3595 1779 3666 persecutoris

172 3687 428 3744 tormenta
457 3705 582 3744 non
603 3687 796 3744 timuit
821 3704 1053 3743 securus
1076 3705 1090 3744 :
1121 3689 1258 3760 quia
1279 3691 1444 3744 tanta
1455 3691 1542 3743 est
1560 3689 1777 3760 gloriﬁ-

172 3780 294 3835 catio
328 3782 632 3854 passionis,
681 3785 746 3836 ut
782 3797 887 3852 per
921 3781 1304 3854 quantitatem
1357 3781 1528 3836 vestis
1557 3781 1776 3853 exigua:

171 3874 345 3930 vestire
356 3877 649 3932 Christum
666 3875 881 3930 meruit
893 3879 951 3930 et
965 3875 1180 3930 videre.
1206 3875 1250 3930 Ο
1271 3875 1482 3930 anima:
1495 3875 1777 3931 imitanda

170 3963 466 4040 benignitas
487 3971 502 4025 !
541 3985 574 4024 ο
599 3969 878 4024 virtutum
895 3969 1226 4024 veneranda
1242 3969 1534 4041 potentia!
1558 3969 1636 4024 sic
1657 3969 1778 4042 egit

169 4062 380 4134 suscepti
410 4061 783 4135 pontiﬁcatus
800 4062 1076 4129 ofﬁcium,
1104 4067 1165 4117 ut
1179 4079 1284 4134 per
1307 4064 1555 4118 formam
1573 4063 1776 4134 proba-

167 4151 270 4208 bilis
292 4155 415 4211 vitaa
436 4155 866 4212 observantiam
887 4155 1143 4226 exegerit
1168 4155 1500 4228 disciplinae.
1529 4156 1620 4213 Sic
1633 4173 1773 4228 apo-

165 4248 331 4304 stolica
368 4250 581 4305 virtute
616 4249 978 4322 sperantibus
1019 4250 1262 4304 contulit
1299 4249 1670 4317 medicinam,
1711 4253 1776 4304 ut

113 4357 119 4362 ·
164 4339 280 4396 alios
290 4342 820 4415 supplicationibus,
836 4343 1108 4398 aliosvisu
1122 4343 1370 4398 salvarit.
1392 4344 1520 4398 Haec
1545 4345 1646 4398 tua
1665 4347 1770 4410 est,

163 4431 397 4504 Domine,
425 4436 764 4492 veneranda
798 4435 1076 4508 potentia,
1105 4436 1198 4492 cui
1244 4453 1373 4492 cum
1414 4435 1611 4508 lingua
1654 4453 1772 4491 non

2481 3227 2684 3268 INCIPIT
2723 3227 2898 3269 HISSA.

1949 3305 2285 3378 Propitiare,
2331 3305 2600 3372 Domine,
2647 3305 3158 3377 supplicationibus
3198 3308 3428 3375 nostris,
3451 3311 3512 3363 et

1876 3401 2179 3456 ﬂammam
2205 3399 2264 3456 in
2291 3398 2456 3454 nobis
2479 3401 2592 3452 tuae
2623 3398 2878 3454 caritatis
2901 3399 3182 3466 accende;
3216 3401 3279 3454 ut
3297 3403 3508 3456 sancta

1877 3496 1991 3548 tua:
2019 3491 2256 3564 virginis
2284 3491 2364 3546 ill.
2394 3491 2482 3546 vel
2511 3491 2802 3562 martyris,
2850 3507 2979 3562 quae
3011 3507 3209 3546 sexum
3237 3508 3368 3546 cum
3400 3509 3504 3548 saa-

1877 3587 2003 3642 culo
2026 3585 2179 3653 vicit,
2208 3584 2368 3655 cujus
2393 3600 2500 3638 nos
2531 3583 2716 3638 fecisti
2757 3599 2882 3638 esse
2925 3583 3266 3652 imitatores,
3298 3583 3506 3656 jubeas

1877 3697 2000 3735 esse
2021 3680 2333 3735 consortes.

2557 3745 2830 3798 Collectio.

1947 3832 2116 3899 Deus,
2143 3828 2243 3902 qui
2263 3827 2632 3884 candidatam
2659 3831 2819 3883 tuam
2837 3827 2916 3883 ill.
2943 3827 3272 3902 virginitate
3292 3830 3508 3903 pariter

1877 3929 1934 3980 et
1960 3923 2237 3996 martyrio
2264 3922 2325 3978 in
2350 3922 2510 3978 fonte
2531 3921 2640 3976 vivi
2667 3921 3000 3977 certaminis
3016 3923 3265 3992 abluisti,
3291 3929 3353 3980 ut
3368 3941 3503 3981 con-

1873 4017 2140 4075 fessionis
2157 4015 2404 4089 gloriam
2422 4031 2590 4071 roseo
2611 4015 2694 4070 sui
2716 4015 3016 4088 sanguinis
3035 4016 3242 4072 decore
3279 4023 3504 4088 ornata,

1875 4129 1974 4184 spe
2005 4113 2241 4167 caneret
2261 4109 2533 4178 victoriae,
2553 4113 2612 4164 et
2627 4109 2872 4164 mudum
2899 4109 2959 4164 in
2981 4109 3096 4164 suis
3117 4109 3504 4168 dormientem

1873 4203 2120 4278 peccatis
2145 4204 2218 4260 ad
2249 4203 2675 4259 confessionem
2705 4202 2790 4257 tui
2817 4202 3072 4257 nominis
3097 4202 3370 4258 excitaret
3393 4221 3406 4270 ;
3431 4205 3505 4259 da

1875 4299 1924 4371 ej
1934 4317 1998 4354 us
2012 4297 2333 4370 patrocinio
2353 4295 2602 4369 peccatis
2613 4295 3278 4368 nostrisindulgentiam,
3301 4297 3396 4368 qui
3410 4297 3508 4353 de-

1875 4393 2006 4447 disti
2032 4391 2278 4446 certanti
2297 4405 2596 4446 coronam.

2493 4483 2613 4531 Post
2643 4479 2878 4550 nomina.

165 4530 418 4600 suppleat,
441 4529 670 4586 meritis
699 4534 916 4599 exorat,
962 4547 1068 4603 per
1109 4530 1398 4586 Christum
1441 4529 1765 4586 Dominum“
1787 4519 1848 4592 D
1941 4560 2464 4636 Supplicationibus
2485 4519 3012 4631 nogriggomine,
3040 4541 3392 4635 propiciatus
3420 4563 3504 4620 in-

616 4648 778 4689 MISSA
815 4649 978 4690 UNIUS
1015 4647 1273 4690 VIRGINIS.

427 4721 663 4785 Epistola
687 4719 831 4770 Pauli
853 4720 1076 4785 apostoli
1099 4720 1164 4771 ad
1192 4721 1472 4771 Romanos.

218 4805 451 4876 Fratres,
482 4806 556 4862 de
590 4805 906 4878 virginibus
926 4810 1280 4878 praeceptum
1292 4804 1652 4861 Domininon
1665 4805 1766 4860 ha-

161 4895 270 4966 beo,
299 4899 605 4956 consilium
633 4902 828 4954 autem
855 4900 950 4969 do,
985 4904 1284 4972 tamquam
1315 4899 1772 4955 misericordiam

159 4997 478 5049 consecutus
504 5011 540 5048 a
567 4993 837 5062 Domino,
854 4993 1036 5048 utsim
1057 4993 1263 5048 ﬁdelis.
1291 4992 1564 5048 Existimo
1577 4995 1772 5047 autem

162 5079 251 5136 hoc
289 5083 512 5139 bonum
538 5099 670 5140 .esse
710 5085 948 5155 propter
985 5081 1300 5137 instantem
1343 5080 1770 5148 necessitatem,

160 5171 414 5238 quoniam
444 5173 665 5228 bonum
704 5173 790 5228 est
824 5171 1047 5226 homini
1084 5170 1161 5226 sic
1200 5187 1344 5226 esse.
1385 5169 1665 5242 Alligatus
1713 5185 1774 5224 es

159 5264 328 5320 uxori?
349 5266 474 5321 noli
493 5282 750 5337 quaerere
776 5264 1382 5321 solutionem.Solutus
1402 5280 1462 5318 es
1483 5263 1556 5318 ab
1569 5261 1774 5318 uxore?

159 5357 258 5412 noli
285 5375 546 5430 quaerere
568 5375 826 5415 uxorem.
860 5359 919 5416 Si
954 5361 1150 5414 autem
1187 5357 1475 5430 acceperis
1513 5371 1772 5423 uxorem,

159 5464 260 5506 non
283 5453 551 5523 peccasti.
571 5453 639 5508 Et
657 5453 703 5508 si
731 5452 990 5524 nupserit
1013 5451 1198 5523 virgo,
1224 5468 1339 5506 non
1359 5449 1652 5522 peccabit;
1681 5448 1774 5503 tri-

159 5539 501 5601 bulationem
527 5546 717 5602 carnis
743 5545 1044 5602 habebunt
1059 5543 1412 5616 hujusmodi,
1438 5559 1548 5614 ego
1574 5545 1772 5598 autem

159 5636 300 5692 vobis
330 5655 524 5710 parco.
545 5641 662 5696 Hoc
709 5640 902 5712 itaque
933 5639 1082 5708 dico,
1107 5639 1334 5706 fratres,
1357 5640 1586 5710 tempus
1601 5635 1776 5692 breve

163 5731 563 5804 est.Reliquum
587 5737 674 5789 est
691 5737 752 5790 ut
769 5733 865 5806 qui
882 5734 1100 5789 habent
1116 5749 1320 5789 uxores
1329 5734 1631 5804 tamquam
1658 5748 1775 5787 non

164 5821 425 5883 habentes
445 5826 583 5898 sint;
612 5831 672 5884 et
693 5827 791 5903 qui
817 5827 977 5898 ﬂent,
1010 5829 1308 5900 tamquam
1337 5824 1695 5894 nonﬂentes;
1721 5829 1778 5881 et

1870 4659 2065 4726 tende,
2100 4674 2242 4729 quas
2268 4655 2326 4710 in
2353 4658 2565 4710 sanctae
2599 4658 2715 4710 tuae
2744 4655 2822 4711 ill.
2858 4654 3099 4728 virginis
3139 4659 3198 4712 et
3234 4658 3505 4730 martyris

1870 4749 2428 4808 commemoratione
2457 4747 2805 4818 deferimus;
2839 4752 2898 4804 et
2923 4750 3033 4806 hoc
3058 4751 3398 4807 sacriﬁcium
3418 4769 3507 4806 su-

1869 4863 1976 4922 per
1999 4846 2244 4901 inlatum
2272 4843 2352 4898 ita
2377 4844 2697 4899 clementer
2715 4843 2967 4900 adtende
2991 4861 3004 4899 :
3029 4847 3091 4900 ut
3110 4844 3208 4917 qui
3233 4845 3503 4900 ﬁduciam

1873 4939 1944 4994 de
1974 4937 2206 5012 propria
2223 4937 2448 5009 justitia
2474 4954 2592 4993 non
2617 4937 2922 5006 habemus,
2955 4937 3079 5009 ejus
3109 4953 3238 5008 quae
3268 4937 3369 4992 tibi
3389 4939 3508 5010 pla-

1872 5049 2002 5090 cere
2031 5031 2244 5088 meruit
2267 5030 2531 5104 precibus
2561 5031 2918 5103 adjuvemur.
2937 5032 3062 5085 Per.

1943 5124 1948 5130 ’
2527 5118 2604 5170 Ad
2647 5132 2850 5182 pacem.

1943 5201 2182 5270 Exaudi,
2214 5201 2483 5268 Domine,
2514 5215 2715 5272 preces
2744 5201 2969 5255 nostras
2996 5199 3056 5254 in
3084 5199 3185 5282 die.
3207 5201 3503 5258 sollemni-

1874 5295 2008 5351 tatis
2050 5295 2360 5367 magniﬁco
2415 5296 2626 5349 sanctze
2665 5291 2901 5364 virginis
2948 5297 3005 5349 et
3040 5294 3330 5368 martyris,
3376 5313 3506 5368 qua:

1873 5391 2160 5445 mundum
2188 5388 2320 5444 vicit
2343 5404 2475 5443 cum
2510 5385 2700 5458 fragili
2733 5403 2888 5456 sexu,
2925 5391 2984 5443 et
3014 5388 3169 5445 dona
3194 5389 3318 5462 ejus
3351 5389 3505 5461 apud

1873 5487 1932 5540 te
1947 5483 2276 5540 interventu
2294 5483 2571 5554 placatus,
2598 5484 2662 5536 ut
2689 5481 2874 5537 cuncti
2892 5481 2989 5555 qui
3011 5483 3358 5548 adsistimus,
3382 5482 3504 5552 ejus

1874 5576 2220 5637 memoriam
2243 5575 2702 5647 frequentantes,
2737 5575 2893 5649 pacis
2923 5580 2982 5632 et
3006 5577 3258 5632 caritatis
3277 5573 3502 5628 vinculo

1876 5670 2236 5742 colligemur.

2518 5741 2847 5793 Contestatio.

1947 5823 2089 5878 Vere
2116 5821 2358 5894 dignum
2392 5825 2450 5878 et
2469 5823 2687 5894 justum
2715 5825 2819 5888 est,
2841 5819 3210 5891 omnipotens
3241 5817 3408 5885 Deus,
3446 5818 3515 5874 in‘
