4036 6188
403 551 810 658 persolventes,
854 567 1138 644 supplices
1189 560 1511 620 clementia
1557 561 1670 613 tua
1727 551 2024 610 fundimus

400 647 621 752 preces,
653 669 925 741 rogantes
944 666 1008 718 ut
1022 678 1128 717 nos
1148 656 1416 715 exaudire
1439 650 1714 725 digneris,
1742 651 1801 703 et
1820 647 1878 702 in
1902 663 2027 701 san-

2123 647 2288 698 tuum
2334 640 2413 694 ill.
2447 635 2730 709 propitius
2775 631 3031 696 intende,
3081 631 3145 682 ut
3195 626 3358 683 omni
3413 623 3755 680 necessitate

653 715 1348 819 .s‘otl’l‘e-mnit‘atelatiﬁces,
1383 715 1722 821 quovsancta
1756 742 1836 797 ill.
1864 740 2026 812 virgo
2127 749 2420 808 corporea
2441 727 2793 786 inﬁrmitatis
2829 725 3074 790 exclusa,
3102 721 3288 794 gratia
3310 720 3369 774 in
3401 735 3536 774 eum
3563 715 3755 790 pristi-

403 866 542 922 dum
582 844 866 916 humanas
911 849 1139 923 nuptias
1169 844 1423 917 tempsit,
1454 855 1728 914 sponsum
1764 836 1890 918 sibi,
1931 833 2028 906 qui

401 957 713 1031 perpetuus
755 943 1204 1004 immortalitatis
1239 937 1479 1012 pramio
1525 935 1692 1000 esset,
1731 928 2026 1002 adjunxit:

402 1050 493 1108 cui
517 1043 892 1105 confessionis
916 1035 1250 1095 testimonio
1278 1051 1338 1088 se
1355 1030 1532 1102 elegit
1559 1024 1857 1098 sanguinis
1875 1039 2029 1078 mar-

401 1143 550 1218 tyrio
580 1151 938 1201 consecrare,
967 1121 1029 1188 ut
1061 1127 1352 1200 virginalis
1377 1121 1679 1194 integritas
1709 1135 1777 1174 eo
1803 1115 2031 1172 essetin

405 1228 1011 1312 sponsapraclarior,
1056 1240 1184 1296 qua
1219 1218 1517 1291 sanguinis
1555 1231 1722 1270 rosea
1762 1210 2034 1266 diadema

407 1330 678 1388 micabat.
706 1329 770 1381 In
797 1323 969 1394 hujus
989 1335 1128 1390 ergo
1153 1317 1264 1372 tale
1289 1312 1604 1386 gloriosum
1621 1311 1918 1362 certamen
1943 1319 2035 1356 vo-

409 1429 602 1482 torum
625 1421 730 1477 tibi
756 1416 974 1473 hostias
997 1412 1392 1475 immolamus,
1415 1404 1615 1461 laudes
1642 1400 1746 1456 tibi
1777 1415 1906 1454 cum
1932 1413 2033 1452 an-

412 1519 553 1592 gelis
573 1513 942 1572 conclamant
965 1507 1221 1564 dicentes
1248 1521 1262 1558 :
1292 1503 1552 1558 Sanctus.

625 1627 1010 1674 COLLECTIONES
1049 1626 1100 1666 ΙΝ
1141 1618 1494 1664 DEDICATIONE
1533 1613 1815 1656 ECCLESIE.

527 1711 704 1763 Lectio
727 1711 846 1772 post
870 1701 1194 1768 prOphetiam
1224 1698 1280 1748 in
1305 1693 1633 1746 dedicatione
1660 1687 1927 1742 Ecclesia.

483 1771 828 1859 Benedicite,
861 1791 1012 1845 Deus
1041 1786 1235 1841 sancte
1261 1781 1435 1836 Israel
1469 1779 1568 1850 qui
1601 1777 1890 1832 calestem
1915 1771 2040 1827 I-lie-

409 1891 660 1949 rusalem
685 1884 917 1942 cottidie
947 1877 1264 1950 multiplice
1306 1875 1552 1930 aediﬁcas
1587 1865 2040 1942 congregatione

409 1987 761 2047 sanctorum,
793 1976 1012 2048 respice
1039 1990 1211 2045 super
1231 1971 1470 2026 domum
1495 1967 1664 2031 hanc,
1694 1962 1855 2034 cujus
1876 1963 2041 2014 nata-

410 2079 478 2135 lis
507 2079 595 2133 est
623 2073 816 2140 hodie,
849 2087 976 2142 qua
998 2068 1056 2123 in
1087 2069 1309 2122 honore
1340 2064 1664 2132 martyrum
1693 2060 1925 2111 tuorum
1960 2053 2039 2106 ill.

411 2175 644 2234 condita
662 2175 766 2240 est,
790 2173 848 2225 et
864 2169 1092 2241 prasta,
1125 2169 1188 2220 ut
1217 2178 1420 2219 omnes
1445 2159 1778 2214 invocantes
1805 2157 1862 2208 te
1894 2153 1954 2207 in
1975 2167 2046 2206 ea

411 2267 710 2326 inveniant
736 2265 1004 2329 salutem,
1033 2257 1249 2314 infirmi
1269 2253 1640 2317 medicinam,
1659 2246 1942 2303 vulnerati
1963 2262 2048 2300 re-

413 2361 694 2427 medium,
725 2358 1034 2413 marentes
1067 2351 1364 2424 gaudium,
1397 2347 1650 2402 reditum
1682 2340 1910 2414 captivi,
1937 2355 2049 2411 pa-

413 2456 664 2512 nitentes
690 2447 1135 2521 indulgentiam,
1173 2445 1255 2500 rei
1297 2441 1550 2506 veniam,
1600 2436 1771 2492 vincti
1809 2433 2045 2490 solutio-

416 2567 573 2616 nem,
603 2547 835 2603 orantes
862 2540 1214 2616 prasidium.

963 2645 1093 2694 Item
1119 2640 1218 2692 alia
1244 2637 1496 2704 ejusdem.

486 2735 773 2792 Ascendat
812 2730 998 2787 oratio
1029 2729 1225 2784 nostra
1262 2741 1366 2796 per
1397 2738 1607 2778 manus
1643 2717 1823 2774 sancti
1858 2715 2051 2788 angeli

421 2831 504 2888 tui
549 2830 621 2886 ad
657 2825 913 2883 divinum
946 2825 1126 2878 altare
1164 2824 1347 2885 tuum,
1387 2815 1652 2880 Domine,
1701 2829 1832 2868 cum
1875 2810 2052 2866 odore

421 2920 714 2980 suavitatis
739 2923 872 2985 tua,
904 2913 1357 2971 commendante
1379 2909 1656 2964 advocato
1687 2903 1928 2962 Domino
1957 2918 2056 2957 no-

421 3020 540 3072 stro
565 3017 698 3070 Jesu
727 3009 970 3074 Christo,
1000 3024 1131 3061 cum
1161 3021 1274 3076 quo
1303 3003 1409 3056 tibi
1435 3005 1522 3055 est
1545 2998 1874 3070 imperium,
1900 2997 2058 3068 pote-

2131 847 2220 886 na
2249 825 2508 884 sanitatis
2537 823 2794 896 perfecta
2813 822 3132 892 reparetur.
3163 817 3289 872 Per.

2201 993 2488 1048 Virtutum
2513 909 3146 1052 calestiungcgigt‘irfqui
3172 979 3245 1034 ab
3264 975 3538 1033 humanis
3563 989 3764 1046 corpo-

2133 1087 2291 1144 ribus
2329 1099 2566 1142 omuem
2620 1081 2963 1150 languorem
2992 1078 3051 1130 et
3080 1088 3316 1130 omnem
3365 1069 3760 1126 inﬁrmitatem

2134 1178 2404 1255 pracepti
2435 1176 2520 1232 tui
2557 1175 2838 1247 potestate
2870 1168 3126 1242 depellis,
3154 1167 3352 1222 adesto
3381 1163 3669 1237 propitius
3689 1162 3764 1217 fa-

2135 1277 2292 1331 mulo
2339 1276 2436 1327 tuo
2474 1270 2576 1335 ill.,
2615 1271 2678 1322 ut
2716 1264 2930 1336 fugatis
2973 1259 3424 1326 inﬁrmitatibus,
3467 1261 3527 1312 et
3553 1256 3760 1312 viribus

2137 1365 2434 1440 reparatis,
2451 1361 2672 1419 nomini
2695 1361 2890 1416 sancto
2918 1361 3015 1412 tuo
3045 1357 3360 1412 instaurata
3384 1351 3649 1424 protinus
3675 1366 3759 1404 sa-

2140 1463 2318 1519 nitate
2337 1457 2658 1514 benedicat.

2755 1526 2876 1576 Post
2908 1521 3138 1574 nomina.

2210 1605 2421 1659 Adesto
2439 1597 2946 1673 supplicationibus
2965 1593 3194 1661 nostris,
3209 1590 3576 1664 omnipotens
3596 1590 3771 1655 Deus,

2143 1703 2200 1755 et
2221 1699 2369 1754 hanc
2403 1695 2754 1751 oblationem
2785 1707 2890 1764 pro
2918 1686 3312 1744 incolomitate
3341 1684 3544 1740 famuli
3574 1681 3664 1738 tui
3690 1683 3774 1737 ill.

2141 1793 2394 1850 oblatam
2425 1788 2808 1853 sanctiﬁcans,
2833 1788 2894 1839 tu
2925 1783 3019 1854 qui
3043 1799 3104 1837 es
3123 1781 3396 1836 humana
3445 1775 3780 1849 fragilitatis

2141 1886 2432 1958 singulare
2462 1880 2818 1954 praesidium,
2847 1875 3040 1932 auxilii
3084 1875 3170 1930 tui
3196 1873 3434 1929 ostende
3459 1871 3736 1926 virtutem
3763 1888 3778 1934 ;

2142 1985 2206 2036 ut
2231 1996 2339 2051 ope
2370 1973 2779 2032 misericordia
2809 1975 2918 2027 tua
2940 1970 3189 2040 adjutus,
3218 1967 3292 2022 ad
3320 1965 3522 2024 omnia
3558 1965 3776 2020 sanita-

2143 2075 2216 2130 tis
2235 2073 2536 2146 reparetur
2561 2067 2768 2124 ofﬁcia.

2801 2135 2877 2187 Ad
2915 2148 3120 2200 pacem.

2219 2213 2527 2280 Sacrificia,
2585 2210 2847 2276 Domine,
2891 2208 2991 2263 tibi
3030 2222 3162 2262 cum
3200 2204 3462 2260 Ecclesiae
3513 2202 3788 2276 precibus

2149 2308 2527 2375 immolanda,
2555 2319 2900 2378 quaesumus,
2935 2301 3110 2358 corda
3138 2302 3335 2354 nostra
3367 2297 3699 2370 puriﬁcent,
3726 2299 3786 2350 et

2149 2402 2525 2474 indulgentia
2553 2403 2666 2454 tua
2692 2396 2857 2452 nobis
2880 2395 3035 2451 dona
3063 2392 3370 2450 concilient
3388 2395 3446 2446 et
3477 2391 3550 2446 de
3577 2389 3785 2445 adver-

2151 2494 2226 2548 sis
2250 2506 2527 2564 prospera
2553 2486 2764 2543 sentire
2795 2485 3027 2541 faciant.

2793 2573 3129 2625 Contestatio.

2223 2664 2366 2717 Vere
2398 2661 2641 2731 dignum
2667 2661 2726 2713 et
2737 2657 2959 2728 justum
2989 2658 3094 2721 est,
3130 2654 3497 2726 omnipotens
3527 2653 3704 2719 Deus,
3736 2655 3794 2706 te

2154 2755 2466 2812 Dominum
2493 2753 2666 2808 totius
2681 2747 3092 2806 misericordia
3108 2747 3169 2803 in
3190 2744 3796 2802 necessitatibusinvo-

2156 2867 2306 2916 care,
2339 2847 2438 2920 qui
2465 2845 2786 2903 dominaris
2813 2843 2942 2898 vita
2977 2847 3035 2898 et
3072 2841 3265 2907 morti,
3295 2840 3390 2912 qui
3422 2857 3484 2894 es
3529 2837 3797 2894 medicus

2157 2943 2503 2998 animarum.
2539 2939 2912 2996 Sanctiﬁcans
2937 2953 3075 3008 ergo
3113 2937 3262 2990 hanc
3297 2934 3660 2990 oblationem
3689 2949 3796 3004 pro

2158 3037 2550 3092 incolomitate
2581 3031 2782 3088 famuli
2811 3031 2894 3086 tui
2933 3031 3014 3086 ill.
3043 3029 3320 3096 oblatam,
3353 3043 3712 3098 quasumus,
3737 3029 3802 3080 ut

423 3112 560 3174 δίελθ’
583 3107 792 3170 honor'
814 3103 976 3201 A1895,
1007 3099 1300 3201 majéstas’
1339 3093 1544 3201 gloria’
1586 3091 1896 3158 atemitas’
1927 3105 2056 3143 cum
2079 3125 2134 3200 C
2160 3129 2432 3201 respicias
2448 3125 2727 3200 pr0pitius
2741 3125 2811 3179 de
2825 3125 3148 3196 praparato
3167 3091 3606 3181 habitaculotuo
3622 3091 3802 3191 super

426 3201 643 3274 Spiritu
668 3199 866 3252 sancto
897 3195 956 3248 in
989 3193 1195 3248 sacula
1233 3189 1592 3245 saeculorum.

940 3311 1098 3353 MISSA
1139 3309 1242 3350 PRO
1281 3305 1542 3348 .EGROTIS.

571 3393 804 3458 Epistola
822 3388 1004 3442 Jacobi
1028 3385 1250 3452 apostoli
1271 3384 1336 3436 ad
1363 3385 1545 3448 gentes
1564 3394 1659 3446 pro
1683 3378 1918 3431 inﬁmis.

501 3449 745 3546 Fratres,
767 3449 1096 3532 infirmatur
1121 3470 1325 3544 aliquis
1353 3469 1412 3524 in
1440 3467 1643 3524 vobis?
1675 3465 1912 3521 inducat
1931 3449 2063 3535 pre;

431 3572 692 3642 sbyteros
731 3565 1016 3632 Ecclesia,
1051 3566 1108 3617 et
1150 3563 1319 3618 orent
1356 3575 1529 3630 super
1559 3555 1735 3611 eum?
1782 3555 2066 3625 ungentes

430 3679 564 3720 cum
590 3663 718 3717 oleo
745 3660 804 3714 in
837 3657 1074 3714 nomine
1104 3653 1334 3710 Domini
1362 3670 1376 3720 ;
1411 3655 1470 3707 et
1499 3651 1683 3707 oratio
1719 3648 1855 3704 fidei
1883 3649 2064 3702 salva-

433 3757 521 3812 bit
542 3754 857 3818 infirmum,
891 3754 948 3805 et
980 3748 1250 3804 allevabit
1277 3763 1412 3801 eum
1455 3744 1770 3809 Dominus;
1819 3745 1878 3796 et
1922 3739 1968 3794 si
2007 3739 2065 3794 in

434 3846 684 3922 peccatis
711 3845 802 3913 sit,
833 3843 1155 3898 dimittetur
1189 3840 1262 3895 ei.
1309 3837 1676 3894 Conﬁtemini
1727 3837 2067 3890 alterutrum

437 3942 670 4016 peccata
697 3939 904 4003 vestra,
939 3939 998 3990 et
1027 3937 1186 3989 orate
1214 3949 1320 4005 pro
1346 3931 1615 3998 invicem,
1645 3935 1702 3984 et
1746 3925 2066 3982 salvemini.

437 4034 675 4091 Multum
707 4030 866 4086 enim
890 4029 1043 4083 valet
1072 4025 1401 4098 deprecatio
1423 4023 1564 4095 justi
1593 4021 1852 4078 adsidua.
1885 4019 2072 4075 Helias

441 4130 567 4184 erat
589 4127 768 4181 homo
791 4121 991 4178 similis
1011 4119 1177 4176 nobis
1199 4118 1499 4192 passibilis,
1520 4119 1579 4170 et
1605 4115 1866 4172 oratione
1893 4112 2075 4169 oravit

439 4225 501 4278 ut
527 4237 645 4276 non
672 4219 900 4290 plueret
941 4231 1114 4287 super
1152 4217 1366 4268 terram
1401 4229 1413 4266 :
1445 4213 1503 4265 et
1543 4226 1657 4265 non
1702 4207 1848 4280 pluit
1889 4223 2074 4261 annos

441 4319 558 4370 tres
585 4315 643 4368 et
659 4327 888 4368 menses
905 4326 1021 4365 sex.
1039 4309 1109 4363 Et
1129 4323 1357 4362 rursum
1375 4303 1578 4372 oravit,
1602 4306 1661 4358 et
1684 4302 1886 4358 calum
1918 4299 2076 4355 dedit

443 4407 714 4481 pluviam,
746 4408 804 4460 et
831 4407 984 4459 terra
1017 4401 1178 4456 dedit
1205 4401 1456 4456 fructum
1483 4413 1670 4452 suum.

651 4505 828 4558 Lectio
853 4503 1020 4556 sancti
1043 4501 1312 4567 Evangelii
1336 4498 1626 4551 secundum
1653 4500 1863 4548 Lucam.

519 4595 579 4646 In
602 4595 866 4662 tempore
897 4591 992 4645 illo
1023 4589 1300 4644 Dominus
1332 4589 1526 4642 noster
1543 4585 1704 4662 Iesus
1725 4581 1978 4639 Christus
1996 4580 2079 4635 in-

447 4683 642 4740 troivit
670 4683 728 4737 in
751 4682 990 4737 domum
1017 4681 1172 4736 Petri
1195 4697 1207 4734 :
1233 4697 1427 4736 socrus
1445 4681 1639 4734 autem
1657 4660 1908 4733 Simonis
1925 4677 2080 4728 tene-

447 4779 620 4834 batur
645 4774 875 4848 magnis
900 4773 1154 4829 febrilus.
1183 4775 1254 4827 Et
1281 4773 1632 4844 rogaverunt
1659 4770 1824 4825 illum
1857 4784 1962 4840 pro
1989 4784 2076 4822 ea.

447 4873 515 4927 Et
550 4873 708 4928 stans
755 4885 929 4942 super
967 4867 1148 4934 illam,
1188 4865 1494 4936 imperavit
1549 4863 1715 4932 febri,
1762 4866 1820 4918 et
1867 4861 2084 4920 dimisit

448 4965 630 5020 illam.
657 4966 728 5019 Et
755 4961 1034 5019 continuo
1074 4976 1336 5031 surgens,
1364 4957 1732 5012 ministrabat
1768 4957 1898 5012 illis.
1937 4956 2080 5012 Cum

451 5059 534 5113 s01
561 5061 754 5112 autem
785 5056 1106 5124 occidisset,
1139 5069 1343 5110 omnes
1370 5050 1468 5124 qui
1499 5049 1798 5105 habebant
1821 5049 2084 5104 inﬁrmos

450 5149 622 5204 variis
665 5150 1060 5221 languoribus,
1101 5147 1390 5204 ducebant
1425 5145 1552 5200 illos
1587 5143 1661 5198 ad
1691 5159 1845 5198 eum.
1876 5145 1949 5198 At
1988 5142 2082 5198 ille

423 5315 436 5322 _
457 5240 697 5315 singulis
723 5255 930 5298 manus
958 5243 1380 5315 imponens.....

1059 5370 1258 5412 INCIPIT
1295 5368 1474 5410 MISSA.

527 5447 908 5520 Omnipotens
957 5448 1307 5519 sempiterne
1358 5448 1526 5514 Deus,
1569 5443 1669 5517 qui
1713 5440 2086 5514 fragilitatem

522 5585 547 5614 ⁸
571 5584 670 5640 Hic
696 5581 889 5638 deﬁcit
909 5581 1127 5638 Missale
1153 5579 1478 5651 Gothicum,
1512 5581 1570 5651 in
1602 5596 1716 5651 quo
1748 5579 1889 5651 post,
1913 5577 2082 5651 Co‘m-

455 5674 631 5714 mune
676 5655 1072 5711 confessorum
1119 5655 1178 5708 et
1213 5647 1469 5706 missam'
1497 5650 1568 5704 de
1608 5647 1804 5706 sancto
1842 5647 2084 5706 Martino

453 5729 772 5799 sequuntur
805 5743 900 5782 sex
935 5724 1124 5780 missa
1157 5720 1567 5799 dominicales;
1613 5723 1730 5776 tum
1773 5723 1937 5776 missa
1975 5723 2080 5778 Ro-

454 5793 648 5855 mehsis
669 5799 990 5866 cottidiana,
1023 5812 1151 5870 qua
1171 5793 1374 5850 mutila
1401 5795 1504 5846 est.

2161 3241 2314 3290 eum,
2361 3221 2461 3293 qui
2491 3221 2714 3275 diversa
2743 3217 3086 3289 agritudine
3113 3215 3461 3281 continetur,
3502 3217 3562 3268 et
3600 3213 3800 3268 visites

2163 3330 2294 3369 eum
2320 3311 2646 3366 visitatione
2665 3313 2764 3364 tua
2777 3307 3009 3376 caelesti,
3034 3306 3178 3362 sicut
3188 3304 3416 3360 visitare
3441 3303 3722 3375 dignatus
3742 3319 3802 3357 es

2164 3423 2390 3462 socrum
2420 3404 2591 3471 Petri,
2619 3419 2862 3475 puerum
2893 3400 3276 3467 Centurionis,
3295 3400 3353 3452 et
3373 3397 3606 3454 Sarram
3626 3396 3806 3451 ancil-

2165 3502 2280 3556 lam
2301 3501 2476 3554 tuam.
2491 3499 2686 3552 Alleva
2698 3513 2850 3565 eum,
2865 3495 3130 3562 Domine,
3151 3493 3223 3547 de
3250 3494 3426 3546 strato
3452 3489 3674 3546 doloris
3695 3491 3799 3555 sui,

2169 3595 2427 3650 utsalvus
2444 3596 2617 3663 atque
2629 3589 2930 3645 incolomis
2945 3584 3378 3642 inEcclesiatibi
3391 3601 3490 3639 ore
3504 3583 3686 3638 David
3714 3583 3795 3637 di-

2168 3703 2296 3743 cere
2310 3685 2486 3758 possit
2499 3685 2819 3754 :Castigans
2831 3681 3128 3753 castigavit
3137 3697 3228 3734 me
3243 3678 3538 3745 Dominus,
3555 3680 3613 3731 et
3625 3676 3800 3732 morti

2170 3798 2285 3836 non
2316 3779 2554 3858 tradidit
2577 3795 2694 3846 me,
2727 3794 2832 3850 per
2853 3774 3141 3832 Christum
3171 3772 3479 3828 Dominum
3515 3775 3799 3827 nostrum.

2652 3882 2810 3923 MISSA
2849 3883 2900 3921 IN
2939 3879 3314 3920 DEDICATIONE.

2172 3950 2346 4002 Lectio
2369 3948 2490 4000 libri
2516 3948 2730 3998 Genesis
2776 3944 2999 4010 legenda
3028 3943 3082 3994 in
3111 3941 3444 3993 Dedicatione
3470 3939 3762 3990 Ecclesiab
3791 3973 3803 3986 .

2241 4033 2520 4102 Tempore
2542 4030 2660 4097 illo,
2692 4044 2956 4100 egressus
2970 4025 3146 4081 Jacob
3173 4024 3244 4078 de
3267 4023 3568 4088 Bersabee,
3597 4037 3806 4092 perge-

2172 4126 2272 4180 bat
2299 4126 2492 4178 Aram.
2517 4124 2776 4194 Cumque
2805 4120 3053 4175 venisset
3075 4118 3148 4172 ad
3169 4117 3484 4190 quemdam
3511 4117 3734 4181 locum,
3753 4117 3810 4168 et

2175 4219 2346 4273 vellet
2378 4217 2436 4272 in
2467 4233 2536 4272 eo
2567 4215 2928 4288 requiescere
2957 4215 3086 4284 post
3119 4211 3254 4267 solis
3294 4209 3647 4274 accubitum,
3681 4207 3810 4262 tulit

2177 4311 2246 4366 de
2270 4311 2574 4383 lapidibus,
2609 4326 2752 4382 quos
2773 4309 3103 4380 subponens
3129 4305 3303 4376 capiti
3321 4319 3424 4358 suo
3450 4301 3732 4357 dormivit
3753 4301 3808 4354 in

2177 4406 2385 4462 eodem
2408 4406 2534 4460 loco
2555 4421 2568 4471 ;
2597 4403 2854 4474 viditque
2876 4402 2935 4456 in
2956 4399 3174 4456 somnis
3196 4399 3411 4454 scalam
3433 4398 3696 4450 stantem
3719 4411 3810 4450 su-

2097 4494 2156 4566 D
2179 4517 2283 4572 per
2306 4503 2542 4564 terram,
2565 4501 2624 4551 et
2647 4511 2923 4552 cacumen
2957 4495 3080 4566 ejus
3109 4497 3356 4564 tangens
3375 4490 3602 4555 calum,
3621 4491 3686 4544 et
3712 4506 3812 4543 an-

2181 4595 2340 4666 gelos
2369 4608 2599 4664 quoque
2625 4589 2724 4646 Dei
2747 4589 3125 4644 ascendentes
3172 4590 3230 4640 et
3263 4583 3689 4640 descendentes
3715 4598 3814 4653 per

2181 4704 2332 4754 eam,
2360 4690 2418 4741 et
2441 4685 2749 4740 Dominum
2771 4683 3027 4738 innixum
3050 4681 3216 4736 scala
3232 4678 3520 4734 dicentem
3539 4676 3649 4730 sibi
3666 4693 3680 4730 :
3696 4677 3813 4745 Ego

2182 4797 2308 4836 sum
2356 4779 2636 4835 Dominus
2681 4779 2831 4832 Deus
2855 4775 3146 4831 Abraham
3193 4771 3371 4845 patris
3412 4769 3514 4838 tui,
3561 4773 3623 4824 et
3666 4770 3816 4824 Deus

2181 4877 2356 4930 Isaac.
2393 4875 2628 4928 Terram
2665 4871 2723 4926 in
2761 4887 2875 4942 qua
2910 4869 3149 4936 dormis,
3189 4867 3294 4921 tibi
3330 4864 3481 4920 dabo
3517 4867 3580 4918 et
3606 4861 3814 4918 semini

2185 4972 2283 5023 tuo
2314 4985 2326 5022 :
2357 4967 2580 5037 eritque
2599 4981 2796 5021 semen
2819 4969 2982 5018 tuum
3003 4961 3164 5034 quasi
3185 4959 3369 5032 pulvis
3392 4962 3584 5013 terra.
3609 4958 3816 5012 Dilata-

2184 5061 2338 5116 beris
2368 5060 2442 5115 ad
2463 5059 2822 5114 occidentem
2842 5059 2900 5112 et
2930 5051 3736 5125 orientem,septemtrionem
3761 5051 3818 5102 et

2185 5154 2522 5220 meridiem;
2548 5156 2606 5207 et
2634 5151 3050 5208 benedicentur
3075 5149 3135 5204 in
3157 5152 3211 5202 te
3234 5149 3293 5202 et
3312 5145 3535 5202 semine
3553 5148 3658 5200 tuo
3676 5159 3817 5198 cun-

2187 5253 2289 5304 cta
2319 5249 2500 5304 tribus
2520 5251 2709 5314 terra,
2743 5249 2801 5300 et
2820 5263 2919 5301 ero
2944 5247 3134 5300 custos
3151 5245 3282 5296 tuus
3303 5255 3674 5312 quocumque
3695 5252 3822 5308 per-

2186 5343 2417 5399 rexeris.
2449 5343 2517 5396 Et
2540 5341 2816 5396 reducam
2843 5343 2901 5394 te
2930 5339 2990 5394 in
3021 5343 3235 5394 terram
3261 5337 3432 5400 hanc,
3467 5349 3575 5388 nec
3620 5330 3817 5386 dimit-

2187 5441 2307 5492 tam
2321 5435 2430 5492 nisi
2443 5452 2568 5492 com
2575 5435 2803 5506 plevero
2817 5433 3080 5492 universa
3093 5447 3221 5503 qua
3235 5427 3632 5498 dixi.Cumque
3646 5422 3820 5494 evigi-

2259 5575 2286 5614 δ
2315 5576 2443 5629 Hac
2463 5572 2654 5628 Lectio
2681 5572 2822 5627 item
2844 5567 3237 5629 assignaturin
3253 5562 3615 5621 Lectionario
3641 5561 3822 5617 Luxo—

2189 5645 2368 5700 viensi
2397 5662 2499 5716 pro
2532 5643 2916 5716 dedicatione,
2947 5633 3018 5697 de
3049 5656 3163 5712 qua
3194 5635 3454 5710 superius
3489 5633 3818 5706 assignata.

2190 5720 2320 5771 sunt
2349 5715 2743 5773 COllectiones.
