3982 6190
226 268 301 323 533
791 264 1402 325 SACRAMENTARIUM
1438 270 1789 328 GALLICANI

1925 300 1993 314 --
2032 276 2397 337 LECTIUNES
2432 281 2880 350 ρυυΤωΙΑΝκΕ.

3414 290 3517 349 534

216 377 352 437 lasset
379 372 529 435 Iacob
564 372 635 434 de
674 386 896 448 somno,
948 375 1029 435 ait
1059 393 1072 435 :
1119 377 1261 434 Vere
1298 376 1569 435 Dominus
1603 384 1687 437 est
1728 379 1789 439 in
1808 388 1869 465 Α
1888 380 2032 443 dixit
2051 386 2203 458 deos,
2232 386 2306 445 ad
2324 405 2465 462 quos
2492 405 2679 448 sermo
2710 390 2807 450 Dei
2830 392 3012 451 factus
3038 397 3142 466 est,
3184 399 3379 455 etnon
3408 413 3514 471 po-

216 475 309 531 loco
331 473 444 541 isto,
472 475 526 529 et
547 488 654 545 ego
687 471 1024 528 nesciebam.
1055 473 1375 546 Pavensque
1405 490 1419 528 :
1464 473 1645 539 Quam
1671 479 1786 532 ter-

214 567 376 637 ribilis,
402 566 596 639 inquit,
625 571 709 623 est
742 567 899 623 locus
940 566 1073 624 iste!
1101 583 1216 623 non
1245 571 1329 623 est
1349 567 1455 635 :hic
1483 568 1657 637 aliud,
1685 569 1796 626 nisi

213 662 377 717 domus
415 659 507 716 Dei
545 665 601 716 et
643 665 806 732 porta
846 660 990 717 caeli.
1028 661 1277 733 Surgens
1305 677 1443 733 ergo
1470 678 1639 718 mane
1665 662 1798 719 tulit

209 755 436 827 lapidem,
465 770 631 826 quem
661 758 1037 827 supposuerat
1062 754 1232 828 capiti
1274 772 1396 826 suo,
1435 760 1494 812 et
1530 756 1710 811 erexit
1734 757 1794 812 in

208 848 419 917 titulum,
446 847 682 903 fundens
710 849 898 905 oleum
936 849 1206 921 desuper;
1245 849 1660 922 appellavitque
1686 867 1791 907 no-

206 959 312 998 men
338 941 483 996 urbis
516 942 728 1012 Bethel,
766 960 891 1015 quas
916 943 1074 1015 prius
1116 944 1260 998 Luza
1286 944 1609 999 vocabatur.
1637 945 1796 1000 Vovit

205 1037 348 1093 etiam
373 1040 557 1091 votum
581 1036 773 1091 dicens
801 1053 814 1091 :
843 1037 901 1093 Si
920 1036 1095 1093 fuerit
1112 1039 1258 1093 Deus
1278 1053 1526 1107 mecum,
1540 1042 1597 1093 et
1610 1042 1794 1094 custo-

203 1130 339 1186 dierit
362 1146 447 1185 me
471 1130 529 1185 in
554 1130 645 1185 via
668 1148 783 1203 qua
807 1132 1034 1187 ambulo
1058 1174 1071 1199 ,
1100 1137 1157 1187 et
1181 1131 1399 1187 dederit
1416 1131 1560 1186 mihi
1585 1148 1793 1203 panem

203 1224 257 1279 ad
277 1224 619 1296 vescendum,
652 1229 708 1280 et
735 1229 945 1281 vestem
978 1226 1048 1280 ad
1084 1226 1458 1293 induendum,
1506 1242 1792 1282 reversus-

199 1334 288 1391 que
312 1318 461 1374 fuero
479 1335 749 1391 prospere
778 1319 848 1374 ad
875 1320 1108 1374 domum
1138 1320 1313 1392 patris
1339 1320 1481 1390 mei;
1517 1321 1626 1375 erit
1651 1320 1793 1375 mihi

199 1413 431 1467 Dominus
462 1412 522 1467 in
548 1413 746 1483 Deum,
777 1418 833 1469 et
860 1414 1003 1485 lapis
1035 1414 1157 1483 iste,
1192 1430 1363 1486 quem
1384 1414 1538 1471 erexi
1562 1415 1623 1470 in
1650 1415 1790 1470 titu-

197 1506 312 1571 lum,
331 1504 615 1561 vocabitur
638 1507 838 1561 domus
868 1507 998 1574 Dei;
1032 1512 1088 1563 et
1112 1511 1445 1563 cunctorum
1460 1524 1589 1581 qua:
1620 1507 1790 1564 dede-

198 1599 257 1653 ris
280 1599 424 1664 mihi,
455 1600 702 1656 decimas
729 1600 961 1657 offeram
986 1600 1108 1656 tibi.

424 1701 657 1767 Epistola
678 1703 823 1753 Pauli
855 1702 1074 1768 apostoli
1107 1702 1172 1753 ad
1198 1702 1510 1754 Corinthios.

1894 486 2003 538 test
2038 481 2174 537 solvi
2199 482 2504 555 Scriptura,
2527 502 2700 558 quem
2727 488 2890 543 Pater
2915 489 3280 547 sanctificavit
3297 496 3354 548 et
3369 492 3522 549 misit

1894 575 1955 632 in
1981 577 2281 647 mundum,
2310 594 2406 633 vos
2429 579 2633 647 dicitis,
2664 581 2797 653 quia
2810 581 3188 654 blasphemas,
3212 585 3345 657 quia
3365 586 3516 642 dixi:

1896 669 2067 725 Filius
2097 670 2191 726 Dei
2218 688 2345 727 sum
2359 674 2386 729 Τ
2415 673 2472 729 Si
2496 690 2613 730 non
2635 674 2779 731 facio
2803 692 2976 747 Opera
2994 678 3172 733 Patris
3192 678 3325 747 mei,
3347 681 3521 736 nolite

1894 764 2123 820 credere
2148 765 2322 833 mihi;
2351 767 2399 823 si
2423 771 2614 823 autem
2649 768 2811 837 facio,
2841 774 2897 825 et
2924 771 2971 825 si
3007 771 3150 826 mihi
3193 788 3309 827 non
3350 773 3519 830 vultis

1893 858 2139 929 credere,
2163 860 2426 931 operibus
2451 862 2659 918 credite
2689 880 2701 916 :
2730 866 2795 918 ut
2818 864 3165 935 cognoscatis
3182 869 3240 922 et
3258 866 3517 937 credatis,

1892 951 2028 1023 quia
2052 952 2110 1007 in
2139 969 2231 1009 me
2259 959 2341 1009 est
2366 956 2548 1021 Pater,
2581 960 2637 1011 et
2660 972 2767 1028 ego
2787 957 2848 1012 in
2872 959 3053 1013 Patre.

2501 1066 2700 1106 lNClPIT
2737 1067 2910 1107 MISSA.

1964 1137 2143 1191 Deum
2159 1137 2258 1208 qui
2272 1138 2617 1209 templorum
2635 1140 2883 1195 condidit
2900 1147 3248 1212 ornamenta,
3261 1144 3361 1217 qui
3376 1160 3523 1202 mar-

1893 1229 2110 1300 tyribus
2133 1230 2248 1285 suis
2274 1236 2446 1303 atque
2474 1232 2883 1289 confessoribus
2902 1251 3058 1289 sacra
3086 1236 3360 1293 dedicavit
3377 1240 3519 1295 alta-

1893 1323 1997 1393 ria,
2026 1324 2226 1380 fratres
2254 1325 2620 1395 dilectissimi,
2656 1326 2859 1383 aﬂ‘ectu
2885 1328 3139 1400 piissimo
3162 1346 3517 1402 veneremur,

1890 1442 2073 1498 prona
2095 1426 2416 1483 humilitate
2446 1432 2739 1501 poscentes
2769 1434 2862 1485 :ut
2884 1432 3115 1502 templa,
3150 1449 3276 1503 quas
3303 1433 3525 1490 nomini

1891 1535 1994 1574 suo
2021 1520 2274 1576 dedicata
2298 1527 2465 1592 sunt,
2496 1539 2735 1578 munere
2770 1523 3008 1595 spiritali
3034 1540 3289 1596 respersa
3314 1527 3523 1583 nostris

1892 1612 2106 1667 artibus
2132 1613 2487 1685 inserantur;
2524 1620 2590 1670 ut
2628 1615 2767 1670 dum
2814 1617 2966 1671 diem
3007 1616 3320 1673 festivitatis
3352 1620 3525 1691 hujus

1892 1705 2096 1761 annuis
2124 1708 2444 1763 recursibus
2472 1708 2841 1778 honoramus,
2888 1709 2994 1780 ipsi
3033 1710 3376 1782 templorum
3412 1729 3524 1769 cin-

250 1788 465 1855 Ῡτθῖινθε,
486 1789 796 1844 Πείθωυὸ
810 1789 1118 1861 θάλπησι·θῆ
1141 1789 1240 1845 Dei
1260 1806 1366 1860 381‘
1368 1789 1611 1844 ίουηυΐα
1633 1788 1789 1858 est“,
1811 1764 1868 1837 B
1891 1799 2120 1855 lestium
2162 1817 2325 1872 pares
2353 1801 2499 1856 efﬁci
2540 1817 2885 1857 mereamur.
2915 1804 3217 1859 Precemur
3263 1805 3435 1860 etiam
3465 1810 3529 1862 ut
3612 1874 3617 1885 ‘

198 1880 272 1936 Dei
294 1881 576 1937 aediﬁcatio
593 1882 745 1938 estis.
767 1882 1089 1939 Secundum
1115 1882 1359 1954 gratiam
1385 1882 1485 1938 Dei
1509 1898 1636 1955 quas
1661 1881 1793 1937 data

195 1979 259 2030 est
278 1975 423 2045 mihi,
453 1980 519 2031 ut
540 1976 764 2048 sapiens
783 1976 1123 2031 architectus
1148 1976 1585 2031 fundamentum
1604 1976 1789 2047 posui.

193 2068 314 2123 Alius
335 2073 517 2123 autem
563 2068 1022 2141 superasdiﬁcat':
1061 2069 1450 2141 unusquisque
1488 2072 1680 2123 autem
1706 2067 1789 2122 vi-

192 2162 293 2216 deat
331 2162 615 2233 quomodo
667 2152 1094 2235 superasdiﬁcet.
1135 2163 1592 2217 Fundamentum
1638 2161 1793 2218 enim
1844 2204 1847 2207 .

193 2254 314 2310 aliud
336 2272 499 2311 nemo
524 2261 713 2328 potest
752 2273 964 2327 ponere
999 2262 1208 2329 praeter
1245 2255 1323 2324 id,
1365 2255 1517 2328 quod
1545 2254 1791 2327 positum

192 2352 271 2417 est,
296 2350 435 2420 quod
463 2354 554 2405 est
593 2348 846 2404 Christus
879 2351 1055 2404 Jesus.
1107 2349 1163 2405 Si
1191 2349 1317 2421 quis
1357 2351 1548 2404 autem
1589 2364 1789 2420 super-

191 2442 388 2498 aediﬁcat
412 2459 587 2515 supra
616 2443 1074 2510 fundamentum,
1104 2459 1328 2509 aurum,
1356 2446 1684 2513 argentum,
1718 2442 1792 2495 la-

190 2536 317 2607 pides
338 2536 642 2609 pretiosos;
679 2536 862 2609 ligna,
890 2536 1139 2605 foenum,
1178 2534 1483 2608 stipulam;
1515 2534 1788 2589 uniuscu-

184 2630 353 2702 jusque
374 2649 515 2704 Opus
547 2631 912 2687 manifestum
956 2632 1082 2687 erit.
1112 2631 1236 2686 Dies
1273 2630 1427 2685 enim
1464 2629 1788 2700 declarabit,

189 2725 295 2795 quia
333 2725 385 2780 in
425 2726 566 2798 igne
608 2724 968 2792 revelabitur,
1016 2730 1071 2780 et
1118 2723 1565 2796 uniuscujusque
1603 2740 1786 2795 opus:

188 2819 322 2890 quale
345 2819 428 2886 sit,
456 2818 611 2891 ignis
644 2818 924 2890 probabit.
957 2818 1012 2875 Si
1047 2818 1317 2889 cujusque
1346 2835 1485 2890 opus
1525 2815 1794 2872 manserit

187 2912 310 2982 quod
342 2912 829 2984 superardiﬁcavit,
859 2912 1182 2967 mercedem
1230 2910 1483 2983 accipiet.
1534 2910 1589 2966 Si
1632 2910 1793 2981 cujus

187 3021 301 3075 opus
312 3006 526 3074 arserit,
547 3006 952 3062 detrimentum
965 3006 1239 3077 patietur:
1259 3005 1379 3077 ipse
1400 3007 1590 3060 tamen
1608 3004 1794 3059 salvus

186 3099 288 3165 erit,
312 3100 383 3155 sic
411 3105 610 3155 tamen
648 3100 807 3172 quasi
839 3116 942 3172 per
978 3098 1195 3171 ignem.
1228 3098 1459 3153 Nescitis
1485 3098 1616 3170 quia
1645 3102 1790 3153 tem-

185 3191 316 3262 plum
333 3194 423 3249 Dei
443 3194 604 3263 estis,
624 3198 680 3249 et
699 3193 941 3266 Spiritus
959 3193 1053 3250 Dei
1072 3192 1360 3248 habitatin
1378 3192 1574 3247 vobis?
1589 3191 1646 3248 Si
1666 3191 1794 3263 quis

184 3291 341 3341 autem
367 3287 648 3360 templum
678 3287 775 3342 Dei
805 3286 1110 3356 violaverit,
1126 3286 1413 3359 disperdet
1431 3285 1593 3340 illum
1613 3284 1797 3339 Domi-

184 3395 286 3435 nus.
309 3381 608 3453 Templum
639 3380 793 3435 enim
810 3380 905 3436 Dei
926 3384 1182 3436 sanctum
1202 3383 1308 3447 est,
1340 3379 1491 3452 quod
1511 3378 1644 3434 estis
1672 3395 1791 3433 vos.

310 3484 477 3534 Lectio
501 3483 674 3533 sancti
705 3482 975 3547 Evangelii
1014 3481 1303 3532 secundum
1326 3480 1637 3532 Johannem.

240 3568 423 3624 Diebus
447 3569 565 3625 illis
587 3568 735 3623 facta
770 3573 903 3623 sunt
939 3566 1189 3623 encasnia
1207 3566 1268 3622 in
1285 3565 1708 3637 Hierusolymis,
1738 3570 1795 3620 et

181 3660 335 3717 hiems
355 3669 494 3720 erat.
523 3664 590 3718 Et
614 3661 937 3717 ambulabat
960 3662 1117 3717 Jesus
1143 3661 1203 3714 in
1232 3660 1463 3732 templo,
1486 3658 1545 3713 in
1572 3658 1792 3730 porticu

181 3753 481 3813 Salomonis.
507 3755 1016 3812 Circumdederunt
1047 3770 1184 3825 ergo
1223 3769 1355 3808 eum
1388 3751 1589 3819 Judaei,
1619 3756 1675 3806 et
1701 3751 1789 3805 di-

178 3847 350 3905 cebant
373 3850 424 3905 ei
453 3868 468 3905 :
515 3851 821 3920 Quousque
862 3848 1116 3903 animam
1144 3851 1393 3902 nostram
1432 3845 1618 3900 tollis?
1645 3844 1699 3899 Si
1728 3849 1790 3900 tu

179 3942 509 4011 esChristus,
553 3943 641 3997 dic
689 3942 850 3998 nobis
893 3941 1100 4013 palam.
1140 3940 1453 4011 Respondit
1485 3938 1535 3994 ei
1578 3939 1735 3993 Jesus
1772 3955 1785 3992 :

177 4034 369 4107 Loquor
400 4035 583 4105 vobis,
614 4040 671 4091 et
696 4051 813 4091 non
843 4034 1087 4090 creditis.
1116 4035 1299 4105 Opera
1340 4049 1465 4104 qua:
1503 4049 1609 4104 ego
1648 4031 1789 4086 facio

176 4128 224 4182 in
244 4130 462 4186 nomine
492 4129 675 4185 Patris
703 4128 835 4199 mei,
857 4129 980 4183 haec
993 4126 1381 4183 testimonium
1403 4126 1787 4199 perhibentde

176 4241 268 4281 me.
296 4228 399 4284 Sed
432 4245 536 4283 vos
575 4244 695 4282 non
732 4226 979 4295 creditis,
1017 4225 1151 4297 quia
1190 4242 1305 4279 non
1341 4224 1469 4280 estis
1496 4241 1566 4279 ex
1592 4224 1788 4278 ovibus

180 4320 317 4375 meis.
342 4323 483 4378 Oves
509 4338 653 4377 meas
674 4336 871 4376 vocem
890 4335 1076 4375 meam
1102 4318 1360 4386 audiunt,
1384 4324 1440 4373 et
1460 4334 1565 4389 ego
1586 4333 1788 4388 cogno-

176 4429 253 4467 sco
285 4431 395 4485 eas,
441 4420 502 4472 et
548 4418 817 4470 secuntur
841 4429 952 4483 me,
984 4417 1041 4468 et
1063 4428 1170 4484 ego
1205 4411 1378 4467 vitam
1417 4414 1686 4465 aeternam
1713 4410 1786 4465 do

172 4506 263 4577 eis;
287 4514 341 4564 et
363 4526 482 4565 non
524 4508 792 4580 peribunt
830 4506 893 4561 in
935 4510 1233 4575 aeternum,
1278 4507 1337 4560 et
1360 4520 1479 4558 non
1509 4503 1659 4574 rapit
1696 4497 1864 4569 easD

171 4600 451 4675 quisquam
479 4602 551 4658 de
580 4603 913 4672 manujmea.
929 4600 1092 4654 Pater
1106 4615 1266 4654 meus
1282 4597 1434 4670 quod
1452 4596 1606 4652 dedit
1618 4596 1780 4667 mihi,

172 4695 335 4765 majus
362 4695 632 4751 omnibus
656 4699 758 4764 est,
800 4698 858 4750 et
881 4709 1050 4748 nemo
1078 4696 1262 4764 potest
1286 4706 1486 4763 rapere
1513 4690 1582 4745 de
1608 4705 1783 4745 manu

167 4787 323 4844 Patris
345 4790 486 4846 mei.
532 4790 648 4861 Ego
675 4792 733 4843 et
774 4789 937 4843 Pater
962 4802 1142 4842 unum
1173 4801 1388 4840 sumus.
1420 4784 1789 4839 Sustulerunt

171 4879 363 4952 lapides
383 4883 588 4949 Judaei,
621 4886 681 4936 ut
715 4880 1031 4953 lapidarent
1055 4896 1208 4935 eum.
1243 4877 1550 4949 Respondit
1583 4876 1665 4933 eis
1690 4878 1783 4931 Je-

169 4988 284 5029 sus:
314 4976 486 5031 Multa
512 4991 682 5047 opera
704 4975 854 5030 bona
884 4973 1103 5029 ostendi
1140 4972 1297 5026 vobis
1325 4987 1395 5026 ex
1420 4973 1583 5026 Patre
1611 4985 1739 5024 meo
1767 4986 1780 5024 :

170 5073 382 5140 propter
407 5069 563 5143 quod
597 5085 795 5124 eorum
832 5084 976 5140 opus
1012 5082 1105 5123 me
1129 5064 1393 5138 lapidatis
1408 5065 1436 5119 τ
1460 5063 1783 5136 Responde-

168 5166 288 5218 runt
311 5163 362 5218 ei
387 5161 564 5218 Judaei
589 5179 602 5217 :
635 5163 711 5218 De
734 5162 885 5217 bono
912 5176 1084 5232 opere
1110 5176 1226 5215 non
1250 5157 1566 5231 lapidamus
1590 5161 1666 5225 te,
1688 5156 1786 5211 sed

166 5254 227 5310 de
247 5255 631 5329 blasphemia;
663 5259 720 5311 et
755 5255 892 5327 quia
928 5258 990 5309 tu
1034 5253 1212 5308 homo
1252 5268 1383 5307 cum
1425 5251 1520 5320 sis,
1566 5249 1702 5305 facis
1730 5252 1786 5304 te

166 5346 341 5419 ipsum
370 5350 570 5405 Deum.
603 5348 910 5420 Respondit
941 5347 1021 5403 eis
1040 5348 1251 5402 .Jesus:
1288 5346 1482 5401 Nonne
1512 5342 1785 5414 scriptum

168 5443 322 5497 estin
346 5444 475 5515 lege
499 5447 699 5512 vestra,
740 5441 876 5514 quia
915 5458 1021 5513 ego
1060 5440 1175 5496 dixi
1214 5457 1227 5493 :
1271 5438 1356 5493 Dii
1396 5436 1545 5492 estis.
1582 5436 1638 5492 Si
1666 5435 1787 5490 illos

225 5607 250 5638 ⁸
284 5604 565 5679 Pecularis
594 5602 964 5679 dedicationis
994 5603 1133 5679 ritus
1159 5604 1279 5656 erat
1313 5598 1447 5653 olim
1472 5598 1542 5679 in
1558 5595 1786 5679 ecclesia

170 5673 432 5750 Romana,
470 5677 665 5731 saltem
713 5675 965 5750 diversus
1005 5673 1080 5750 ab
1126 5689 1221 5750 eo,
1270 5685 1445 5750 quem
1473 5668 1787 5750 "gladiolum

171 5746 369 5801 servari
398 5762 516 5801 mos
542 5752 682 5815 erat,
712 5750 775 5800 ut
803 5762 871 5801 ex
898 5743 1178 5799 Ambrosii
1209 5740 1446 5815 epistola
1473 5743 1538 5795 52
1582 5740 1784 5815 intelli-

172 5815 367 5883 gimus.
407 5840 434 5864 α
480 5818 620 5874 Cum
659 5811 786 5891 ego,
818 5816 917 5886 ait,
946 5811 1533 5872 basilicam—dedicare
1564 5811 1786 5880 vellem,

1890 1893 2349 1949 beatissimorum
2402 1900 2718 1966 martyrum
2768 1896 3168 1953 intercessione
3216 1899 3523 1969 salvemur,

1891 2004 2136 2059 quorum
2156 1988 2214 2043 in
2234 1988 2340 2044 hoc
2361 1988 2483 2043 loco
2505 2001 2530 2029 ι
2558 1988 2825 2060 reliquias
2841 1989 2935 2061 pio
2949 2005 3140 2045 amore
3158 2007 3522 2049 veneramur.

1939 2148 2108 2221 .Deus
2133 2148 2232 2219 qui
2257 2147 2327 2203 ad
2371 2076 2924 2220 cultumcfdllfriiwpro
2951 2149 3126 2206 salute
3175 2151 3524 2208 credentium

1891 2240 2001 2296 loci
2027 2241 2186 2296 istius
2211 2241 2646 2312 amplitudinem
2687 2242 3049 2313 consecrasti,
3090 2244 3190 2299 ubi
3227 2244 3529 2301 cottidiana

1894 2334 2245 2391 invocatione
2274 2335 2523 2390 nominis
2550 2335 2631 2389 tui
2648 2335 2879 2390 caelestis
2901 2337 3213 2392 consolatio
3231 2354 3347 2392 non
3361 2338 3523 2394 dees-

1893 2432 1977 2484 set
2006 2445 2019 2482 :
2053 2444 2379 2500 quaesumus
2397 2428 2670 2500 pietatem
2689 2432 2867 2498 tuam,
2883 2434 2949 2484 ut
2966 2430 3258 2485 memorias
3284 2447 3413 2502 quas
3444 2448 3529 2487 sa-

1892 2522 2001 2577 cris
2022 2522 2349 2577 inferuntur
2376 2522 2670 2590 altaribus,
2699 2522 2918 2577 devotis
2938 2524 3228 2579 mentibus
3251 2524 3324 2579 ad
3346 2541 3529 2580 reme-
3554 2588 3559 2595 ι

1894 2616 2054 2669 dium
2066 2618 2464 2686 praeparentur
2483 2615 2811 2669 animarum
2826 2618 2884 2670 et
2906 2617 3223 2687 supplicem
3240 2617 3523 2673 familiam

1892 2712 2052 2763 tuam
2071 2725 2198 2779 quae
2220 2708 2321 2762 tibi
2336 2708 2392 2762 in
2413 2709 2629 2779 templo
2648 2708 2846 2778 glorise
2860 2713 2971 2763 tua:
2985 2710 3328 2764 sacrificium
3342 2710 3528 2764 laudis

1894 2803 2249 2874 gratulantes
2272 2801 2750 2867 immolantvotis,
2767 2801 2825 2854 in
2841 2801 2939 2855 illa
2951 2805 3147 2856 sancta
3170 2802 3525 2857 Hierusalem

1895 2895 2047 2950 inter
2072 2895 2253 2949 electa
2273 2893 2512 2948 caelestis
2541 2893 2716 2964 regia:
2746 2898 3090 2949 ornamenta
3118 2894 3451 2965 constituas.

2518 2983 2643 3031 Post
2671 2981 2900 3032 nomina.

1964 3054 2154 3110 Gloria
2180 3054 2283 3109 tibi
2310 3053 2553 3109 Domino
2599 3054 2717 3109 Deo
2749 3057 2969 3121 nostro,
3003 3054 3344 3110 saeculorum
3376 3056 3523 3127 regi,

1814 3131 1869 3207 C
1896 3148 2197 3204 hominum
2224 3147 2528 3214 conditori,
2559 3147 2655 3219 qui
2674 3148 2733 3201 in
2764 3149 2980 3203 cultum
3012 3148 3296 3220 perpetim
3325 3150 3528 3221 templi

1894 3243 2065 3314 hujus
2075 3242 2359 3296 ambitum
2374 3258 2503 3296 cum
2517 3246 2848 3296 sanctorum
2867 3244 3187 3312 martyrum
3202 3242 3525 3312 patrocinio

1894 3334 2368 3403 consecrasti,ubi
2396 3334 2710 3389 cottidiana
2732 3334 3035 3389 devotione
3049 3335 3338 3405 praestaris
3368 3352 3399 3388 e
3424 3352 3528 3390 caa-

1894 3430 1979 3496 lis,
2010 3429 2165 3500 quod
2188 3428 2474 3501 petebaris
2500 3428 2559 3481 in
2578 3427 2765 3481 terris.
2784 3430 3040 3482 Introeat
3070 3443 3231 3498 ergo,
3254 3428 3521 3495 Domine,

1892 3521 2201 3594 postulatio
2232 3523 2428 3575 nostra
2460 3536 2657 3574 coram
2711 3522 2767 3574 te
2800 3519 2994 3586 hodie,
3029 3523 3088 3574 et
3125 3519 3185 3573 in
3211 3524 3523 3592 conspectu

1893 3614 2210 3685 majestatis
2249 3617 2361 3667 tua:
2398 3612 2582 3667 oratio
2617 3612 2850 3667 contriti
2882 3611 3070 3667 cordis
3106 3612 3415 3681 ascendat;
3454 3630 3521 3668 ac

1893 3708 2253 3777 singulorum
2265 3706 2410 3761 votis
2423 3706 2481 3761 in
2515 3706 2734 3777 templo
2765 3705 3061 3777 hoc,cujus
3073 3705 3281 3761 natalis
3302 3708 3391 3761 est
3420 3708 3521 3762 ho-

1893 3801 2005 3868 die,
2014 3817 2115 3871 pro
2130 3799 2502 3871 benignitatis
2517 3803 2630 3853 tuae
2642 3799 2950 3854 serenitate
2964 3799 3523 3871 responde,etﬁdem

1891 3893 2177 3949 credentis
2209 3892 2415 3947 effectu
2439 3909 2709 3947 concesso
2735 3891 3033 3964 petitionis
3058 3893 3365 3964 ampliﬁce.
3395 3895 3521 3949 Per.

1962 4059 2129 4126 Deus,
2156 4059 2252 4129 qui
2286 4057 2450 4112 nobis
2477 3984 2878 4129 peragat-os
2921 4073 3107 4111 annos
3140 4057 3323 4111 sancti
3354 4058 3523 4129 huius

1891 4152 2090 4223 templi
2102 4152 2185 4207 tui
2202 4150 2650 4207 consecrationis
2667 4167 2902 4222 repares
2919 4150 3097 4218 diem,
3114 4153 3172 4204 et
3187 4150 3362 4205 sacris
3378 4167 3525 4206 sem-

1888 4262 1992 4317 per
2016 4244 2301 4317 mysteriis
2326 4246 2707 4315 reprmsentas
2728 4244 3071 4309 incolomes;
3094 4242 3298 4300 exaudi
3324 4259 3523 4314 preces

1887 4338 2086 4409 populi
2114 4337 2194 4391 tui
2208 4340 2268 4391 et
2282 4340 2511 4408 praesta,
2531 4339 2594 4391 ut
2606 4336 2653 4390 si
2666 4337 2793 4407 quis
2809 4336 2917 4389 hoc
2937 4336 3220 4406 templum
3242 4334 3521 4390 beneficia

1890 4432 2168 4502 petiturus
2193 4429 2539 4501 ingreditur,
2570 4432 2776 4483 cuncta
2805 4444 2864 4482 se
2910 4428 3250 4499 impetrasse
3270 4426 3516 4482 laetetur.

2533 4520 2868 4571 Contestatio.

1955 4597 2097 4649 Vere
2120 4593 2364 4665 dignum
2388 4596 2445 4646 et
2463 4592 2685 4663 justum
2710 4594 2814 4658 est,
2840 4590 3206 4662 omnipotens
3227 4591 3396 4659 Deus,
3415 4609 3520 4663 pro

1886 4705 2079 4744 annua
2105 4685 2469 4741 dedicatione
2496 4684 2850 4739 tabernaculi
2881 4684 3070 4755 hujus,
3096 4685 3310 4756 gratias
3343 4686 3522 4742 hono-

1884 4798 2124 4853 remque
2152 4779 2392 4845 referre,
2418 4777 2578 4848 cujus
2604 4778 2782 4833 virtus
2806 4777 3239 4849 magna,pietas
3268 4778 3518 4850 copiosa.

1885 4874 2142 4946 Respice,
2171 4888 2521 4945 quaesumus,
2555 4872 2626 4926 de
2658 4873 2820 4940 casio,
2849 4874 2908 4926 et
2940 4870 3089 4938 vide,
3122 4875 3182 4925 et
3218 4870 3382 4927 visita
3416 4872 3517 4928 do-

1884 4985 2046 5024 mum
2077 4967 2266 5033 istam,
2299 4968 2361 5020 ut
2389 4965 2432 5019 si
2460 4964 2586 5037 quis
2611 4964 2671 5020 in
2693 4982 2762 5020 ea
2787 4964 3010 5019 nomini
3037 4968 3136 5019 tuo
3165 4963 3518 5036 supplicave-

1886 5061 1980 5128 rit,
2007 5060 2253 5114 libenter
2277 5058 2568 5125 exaudias,
2600 5061 2659 5113 et
2688 5056 3170 5112 satisfacientihus
3199 5057 3519 5114 clementer

1886 5156 2170 5225 ignoscas.
2204 5152 2301 5208 Hic
2338 5151 2442 5207 tibi
2478 5150 2807 5206 sacerdotes
2846 5150 2928 5205 tui
2969 5149 3308 5205 sacrificium
3338 5152 3521 5207 laudis

1887 5248 2162 5314 offerant;
2186 5246 2277 5301 hic
2301 5244 2484 5301 fidelis
2515 5244 2759 5316 populus
2788 5247 2921 5298 vota
2948 5245 3265 5315 persolvat;
3284 5244 3374 5299 hic
3396 5262 3519 5317 pec-

1886 5345 2143 5397 catorum
2172 5355 2350 5395 onera
2380 5339 2778 5409 deponantur;
2803 5336 2895 5391 hic
2926 5336 3069 5391 ﬁdes
3096 5339 3255 5409 lapsa
3286 5355 3515 5410 repare-

1888 5440 2006 5501 tur;
2034 5434 2125 5488 hic
2162 5433 2283 5504 ipse
2332 5431 2484 5485 inter
2522 5431 2741 5485 bonum
2778 5430 3112 5504 malumque
3163 5431 3514 5495 discernens,

1888 5592 2051 5649 multi
2076 5597 2377 5664 tamquam
2411 5608 2524 5646 uno
2565 5607 2663 5646 ore
2703 5590 3074 5664 interpellare
3105 5592 3401 5664 coeperunt
3426 5588 3509 5643 di-

1889 5667 2085 5739 centes
2118 5659 2321 5739 :“Si—cut
2368 5663 2426 5739 in
2469 5664 2754 5739 Romano,
2793 5659 2876 5718 sic
2915 5659 3228 5739 basilicam_
3261 5659 3509 5739 dedices.

1890 5734 2180 5806 Respondi
2233 5734 2506 5806 :Hfaciam
2557 5734 2603 5789 si
2655 5730 2975 5805 martyrum
3030 5730 3298 5801 reliquias
3354 5730 3511 5785 inve-

1893 5804 2051 5863 uero.
2084 5828 2110 5856 »
2140 5808 2221 5862 lta
2252 5804 2346 5861 ille
2372 5806 2444 5861 ad
2472 5804 2875 5863 Mareellinam.
