4036 6188
443 274 544 333 535

1317 272 1651 330 APPENDIX
1684 273 1774 327 AD
1811 272 2034 328 OPERA
2069 271 2123 326 ὃ.
2161 271 2464 329 GERMANI
2501 273 2928 332 PARISIENSIS.

3705 278 3812 335 536

439 381 1574 457 cumcausaminterpellatusjudicaveris
1587 397 1762 455 quam
1776 381 2069 454 nonigno—
2088 391 2148 466 Α
2169 381 2380 450 didisti,
2443 381 2656 456 quique
2707 383 3030 456 angelicam
3079 382 3458 440 substantiam
3497 382 3812 458 splendore

440 493 555 547 ras,
589 478 723 534 hinc
758 477 1090 550 simplicitas
1115 476 1376 532 absoluta
1399 476 1620 543 redeat,
1643 475 1779 531 hinc
1801 475 2069 549 impietas

443 571 756 629 emendata
783 571 1054 626 discedat.
1074 571 1332 626 Inveniat
1347 571 1500 642 apud
1513 574 1589 637 te,
1603 570 1867 638 Domine,
1882 571 2070 626 locum

441 667 625 722 venia:
673 665 1018 737 quicumque
1063 664 1137 719 ad
1175 665 1418 720 domum
1451 665 1624 720 istam
1664 664 2072 720 satisfactionis

443 759 784 831 confugerit,
817 761 876 812 et
906 758 1134 814 conscio
1165 758 1363 814 dolore
1393 759 1589 826 victus,
1622 759 1699 814 ad
1722 759 1927 814 altaria
1951 761 2068 826 tua,

440 853 574 908 rivis
593 869 824 908 suarum
851 849 1054 907 laverit
1079 853 1472 920 lacrimarum,
1505 852 1600 908 ubi
1623 853 1670 906 si
1713 851 1946 924 quando
1967 869 2070 925 po-

435 947 605 1020 pulus
641 950 767 1000 tuus
791 946 968 1002 tristis
994 950 1342 1018 maestusque
1369 945 1721 1014 convenerit,
1765 946 2071 1018 adquiesce

439 1039 716 1112 rogari,et
727 1043 963 1112 rogatus
975 1040 1470 1112 indulge.Custodi
1485 1041 1658 1096 etiam
1675 1040 1778 1095 sub
1791 1041 2072 1111 guberna-

436 1131 596 1190 tione
613 1133 868 1188 nominis
889 1134 990 1190 tui.
1008 1135 1118 1189 Per
1133 1134 1421 1190 Christum
1449 1133 1758 1189 Dominum
1786 1138 2067 1189 nostrum.

1001 1221 1128 1272 Item
1167 1221 1505 1272 Contestatio.

507 1296 651 1351 Vere
677 1293 920 1366 dignum
950 1297 1008 1350 et
1037 1294 1259 1366 justum
1291 1298 1396 1363 est,
1430 1294 1801 1366 omnipotens
1821 1296 1986 1363 Deus,
2011 1298 2082 1366 ut

440 1389 622 1448 altare
647 1389 756 1444 hoc
788 1387 999 1444 sanctis
1025 1387 1220 1443 usibus
1243 1393 1636 1462 praeparatum
1663 1389 1878 1444 caelesti
1908 1388 2067 1444 dedi-

439 1483 667 1544 catione
697 1481 1048 1550 sanctifices;
1073 1481 1290 1537 utsicut
1318 1482 1733 1537 Melchisedech
1760 1481 2072 1538 sacerdotis

437 1575 792 1636 oblationem
835 1574 1093 1646 dignam,
1125 1575 1205 1630 ita
1236 1591 1383 1631 novo
1428 1575 1560 1630 huic
1595 1573 1799 1632 altario
1827 1592 2072 1631 munera

437 1685 667 1741 semper
693 1671 928 1740 accepto
955 1667 1108 1723 ferre
1135 1667 1391 1740 digneris
1421 1686 1433 1724 :
1458 1672 1520 1722 ut
1548 1669 1794 1740 populus
1825 1673 1954 1723 tuus
1979 1685 2067 1723 ec-

2173 475 2482 548 conspicuo
2504 477 2898 548 potentialiter
2923 477 3238 545 adornasti,
3267 481 3324 532 te
3351 478 3636 550 supplices
3657 494 3814 552 que-

2172 587 2368 624 sumus
2393 574 2454 626 et
2478 587 2732 638 oramus,
2755 574 2818 626 ut
2836 571 2896 626 in
2922 571 3029 627 hac
3049 569 3458 638 sollemnitate,
3499 578 3685 644 quam
3703 573 3810 628 sub

2172 663 2252 718 tui
2295 663 2548 719 nominis
2589 664 2948 720 invocatione
2979 665 3039 720 in
3069 665 3291 720 honore
3335 665 3675 738 archangeli
3709 665 3806 722 Mi-

2173 763 2384 817 chaelis
2425 762 2850 834 [celebramus],
2900 765 3125 818 nostras
3169 778 3368 834 preces
3412 763 3684 820 exaudire
3721 763 3806 820 di-

2171 856 2386 927 gneris.
2407 857 2532 911 Per.

2875 927 3104 978 Secreta.

2241 1013 2444 1066 Preces
2463 1012 2774 1084 populitui,
2801 1012 3062 1079 Domine,
3088 1011 3398 1083 dignanter
3413 1011 3638 1079 exaudi,
3667 1029 3809 1085 quas

2171 1110 2232 1166 in
2263 1112 2414 1166 culto
2447 1109 2649 1182 templi
2669 1109 2840 1182 hujus
2860 1110 2932 1164 ob
2953 1109 3240 1166 honorem
3271 1110 3456 1165 sancti
3473 1110 3810 1182 archangeli

2171 1203 2254 1258 tui
2281 1203 2699 1259 Michahelis....
2743 1207 2802 1258 et
2832 1203 2912 1258 ita
2955 1203 3062 1258 tibi
3103 1219 3208 1275 pro
3254 1203 3378 1275 ejus
3418 1204 3806 1260 sollemnitate

2173 1297 2386 1356 oblatio
2413 1301 2611 1352 nostra
2640 1297 2743 1352 ﬁat
2762 1299 3016 1368 accepta.

2827 1387 3166 1440 Contestatio.

2243 1473 2385 1527 Vere
2413 1471 2656 1543 dignum
2689 1473 2746 1525 et
2767 1470 2991 1542 justum
3020 1473 3126 1538 est,
3149 1469 3518 1542 omnipotens
3545 1472 3718 1540 Deus,
3747 1471 3804 1527 in

2173 1566 2265 1620 die
2295 1565 2618 1620 festivitatis
2665 1564 2984 1631 hodiernae,
3025 1579 3138 1636 quo
3173 1563 3234 1618 in
3266 1564 3488 1620 honore
3520 1565 3682 1622 beati
3715 1581 3804 1621 ar-

2172 1659 2436 1730 changeli
2464 1657 2794 1714 Michahelis
2825 1657 3090 1712 dedicata
3111 1657 3334 1712 nomini
3353 1662 3453 1713 tuo
3481 1659 3608 1714 loca
3633 1658 3810 1716 sacris

435 1761 624 1818 ciesiaa
656 1761 893 1818 domum
919 1764 1179 1816 sanctam
1209 1761 1579 1830 conveniens,
1597 1779 1770 1834 super
1789 1762 1910 1818 haec
1927 1779 2072 1834 pura
2091 1765 2148 1837 B
2172 1756 2305 1808 sunt
2345 1752 2610 1807 ίηδῐίίυίθ
2640 1751 2950 1822 mysteriis;
2985 1751 3246 1806 omnium
3273 1751 3550 1807 δοοίθῐδιθ
3579 1756 3808 1809 εαοοιοο

433 1853 734 1911 Iibamima
758 1855 968 1910 caelesti
996 1855 1449 1910 sanctiﬁcatione
1473 1855 1799 1911 animarum
1836 1873 2066 1928 quoque

431 1964 666 2004 suarum
695 1948 942 2004 salutem
965 1952 1308 2021 perpetuam
1341 1953 1748 2022 consequatur,
1782 1966 1887 2022 per
1913 1949 2068 2005 Chri-

435 2044 590 2097 stum
619 2041 931 2098 Dominum
960 2045 1244 2097 nostrum.

737 2151 898 2192 HISSA
929 2153 982 2192 IN
1021 2151 1241 2192 HONORE
1278 2151 1467 2192 SANC’I‘I
1507 2152 1767 2192 MICHAEL.

679 2215 854 2265 Lectio
909 2215 1252 2280 Apocalypsis
1299 2214 1466 2266 sancti
1507 2214 1816 2266 Johannis'.

506 2289 742 2343 Factum
758 2290 843 2342 est
853 2286 1118 2358 proelium
1138 2286 1197 2342 in
1219 2287 1378 2356 caelo,
1396 2287 1632 2343 Michael
1655 2291 1713 2342 et
1729 2286 1924 2358 angeli
1945 2286 2069 2356 ejus

431 2379 846 2452 proeliabantur
882 2396 1014 2434 cum
1053 2379 1326 2449 dracone,
1357 2383 1416 2435 et
1451 2379 1624 2436 draco
1665 2379 1982 2451 pugnabat,
2010 2381 2070 2432 et

432 2471 624 2544 angeli
653 2471 804 2542 ejus;
830 2476 888 2528 et
909 2489 1025 2528 non
1046 2473 1372 2541 valuerunt,
1405 2489 1591 2544 neque
1613 2475 1770 2528 locus
1801 2473 2068 2527 inventus

431 2572 518 2625 est
545 2585 747 2624 eorum
776 2571 1022 2642 amplius
1051 2571 1110 2625 in
1156 2571 1316 2627 caelo.
1346 2572 1414 2626 Et
1440 2571 1730 2642 projectus
1771 2575 1858 2626 est
1895 2571 2066 2625 draco

427 2661 523 2718 ille
552 2679 820 2734 magnus,
843 2681 1080 2736 serpens
1098 2665 1388 2736 antiquus,
1419 2665 1518 2736 qui
1544 2668 1779 2720 vocatur
1805 2663 2067 2720 diabolus

429 2759 488 2812 et
515 2757 777 2824 Satanas,
822 2757 920 2828 qui
943 2757 1164 2813 seducit
1181 2758 1512 2812 universum
1534 2758 1758 2824 orbem,
1777 2757 2068 2830 projectus

429 2851 516 2904 est
544 2849 604 2903 in
635 2852 873 2917 terram,
913 2853 972 2904 et
1005 2851 1196 2922 angeli
1229 2851 1353 2922 ejus
1373 2868 1504 2906 cum
1525 2850 1621 2906 illo
1643 2850 1802 2906 missi
1820 2853 1971 2906 sunt.
2001 2851 2070 2904 Et

429 2940 832 2996 audivivocem
853 2959 1132 3014 magnam
1153 2943 1210 2997 in
1229 2945 1368 2998 caelo
1387 2943 1676 2998 dicentem
1700 2961 1713 2998 :
1737 2945 1896 2997 Nunc
1918 2944 2068 2996 facta

429 3035 517 3087 est
547 3033 716 3101 salus,
736 3037 796 3088 et
809 3034 1004 3102 virtus,
1037 3038 1095 3089 et
1109 3052 1356 3106 regnum
1381 3036 1484 3090 Dei
1504 3036 1705 3102 nostri,
1729 3040 1788 3090 et
1815 3039 2068 3108 potestas

2167 1864 2296 1904 rum
2323 1845 2450 1918 ipsa
2467 1844 2631 1912 ﬁdes,
2665 1861 2794 1916 quae
2821 1844 2950 1900 illos
2984 1843 3088 1899 tibi
3114 1843 3252 1899 fecit
3273 1845 3488 1900 amicos
3515 1862 3664 1914 esse,
3699 1862 3806 1918 pro

2167 1939 2335 1996 nobis
2364 1937 2518 2010 apud
2544 1941 2600 1992 te
2621 1936 2799 1992 faciat
2826 1936 3156 1992 advocatos.
3181 1937 3417 1993 Illorum
3443 1954 3660 1993 corona
3682 1955 3812 1995 nos-

2164 2036 2255 2089 tra
2285 2033 2357 2088 sit
2379 2030 2548 2086 venia
2572 2047 2585 2098 ;
2619 2030 2863 2086 imitatio
2894 2047 2999 2086 nos
3029 2047 3152 2086 esse
3176 2031 3350 2086 faciat
3374 2031 3496 2086 sine
3522 2049 3718 2104 poma,
3742 2032 3808 2088 il-

2166 2128 2357 2184 lorum
2387 2124 2570 2182 oratio
2603 2125 2848 2179 salutem
2889 2124 3056 2180 nobis
3086 2125 3350 2180 conferat
3388 2125 3812 2198 sempiternam

2168 2237 2273 2292 per
2300 2219 2592 2277 Christum
2615 2217 2949 2273 Dominum.

2581 2331 2742 2372 MISSA
2780 2330 2882 2371 PRO
2921 2332 3041 2371 [TER
3075 2332 3394 2374 AGENTIBUS.

2459 2403 2690 2468 Epistola
2712 2403 2857 2455 Pauli
2881 2405 3104 2469 apostoli
3130 2405 3196 2456 ad
3225 2405 3499 2472 Ephesios.

2240 2487 2482 2552 Fratres,
2521 2484 2710 2539 videte
2753 2485 3052 2556 quomodo
3095 2490 3260 2542 caute
3306 2487 3640 2559 ambuletis,
3689 2506 3811 2546 non

2169 2579 2333 2652 quasi
2361 2577 2718 2650 insipientes,
2749 2578 2934 2650 sed:ut
2955 2578 3262 2651 sapientes,
3285 2581 3640 2638 redimentes
3663 2585 3816 2638 tem-

2168 2689 2294 2744 pus,
2323 2671 2598 2743 quoniam
2629 2670 2751 2726 dies
2777 2671 2920 2726 mali
2950 2675 3084 2727 sunt
3106 2672 3248 2729 1³η...

2321 2764 2498 2814 Lectio
2521 2763 2688 2814 sancti
2710 2764 2976 2828 Evangelii
3002 2765 3296 2816 secundum
3324 2767 3648 2818 Matthmum.

2241 2848 2301 2900 In
2329 2861 2756 2917 quamcumque
2782 2845 3074 2900 civitatem
3105 2851 3206 2902 aut
3231 2849 3528 2904 castellum
3552 2849 3808 2907 intrave-

2167 2939 2682 3010 ritis,interrogate
2711 2938 2837 3010 quis
2858 2939 2916 2993 in
2944 2955 3014 2994 ea
3041 2939 3250 3012 dignus
3273 2941 3364 3008 sit;
3389 2945 3447 3013 et
3467 2943 3548 2997 ibi
3567 2949 3811 3001 manete

2169 3033 2354 3087 donec
2397 3031 2628 3087 exeatis.
2659 3034 2941 3087 Intrantes
2981 3036 3176 3088 autem
3207 3034 3265 3088 in
3293 3035 3530 3090 domum
3559 3038 3812 3094 salutate

430 3124 637 3180 Christi
679 3125 821 3197 ejus,
855 3125 989 3197 quia
1029 3127 1320 3198 projectus
1359 3132 1447 3183 est
1486 3131 1783 3183 accusator
1822 3130 2065 3184 fratrum
2087 3134 2142 3209 ρ
2169 3143 2330 3192 eam;
2357 3129 2414 3180 et
2437 3125 2481 3180 si
2513 3125 2750 3197 quidem
2788 3126 2964 3180 fuerit
3004 3127 3210 3182 domus
3239 3128 3437 3199 digna,
3465 3129 3665 3186 veniat
3701 3149 3812 3204 pax

432 3221 714 3286 nostrum,
743 3218 842 3289 qui
879 3220 1185 3275 accusabat
1225 3221 1354 3278 illos
1390 3224 1526 3276 ante
1566 3225 1938 3294 conspectum
1967 3223 2067 3276 Dei

433 3311 615 3366 nostri
644 3311 738 3366 die
769 3329 835 3367 ac
874 3315 1041 3368 nocte
1075 3330 1088 3368 :
1119 3317 1178 3369 et
1216 3315 1324 3386 ipsi
1351 3315 1612 3370 vicerunt
1640 3315 1801 3370 illum
1836 3318 2071 3387 propter

437 3405 784 3476 sanguinem
809 3405 980 3476 Agni.
1009 3405 1118 3470 Qui
1146 3406 1324 3462 habet
1342 3423 1564 3476 aurem,
1593 3407 1792 3464 audiat
1815 3408 2064 3480 quid.....

577 3493 752 3543 Lectio
779 3494 946 3545 sancti
977 3494 1246 3558 Evangelii
1279 3495 1571 3546 secundum
1598 3497 1911 3548 Mattheum.

501 3563 713 3619 Diebus
741 3564 870 3632 illis,
901 3565 1225 3638 adsumpsit
1249 3567 1526 3623 Dominus
1545 3569 1706 3624 Iesus
1724 3571 1980 3634 Petrum,
2011 3573 2069 3622 et

425 3657 726 3724 Iacobum,
761 3661 820 3712 et
845 3659 1170 3716 Iohannem
1199 3661 1441 3716 fratrem
1481 3662 1640 3732 ejus,
1675 3666 1732 3717 et
1759 3662 1916 3717 duxit
1940 3661 2068 3716 illos

427 3747 488 3802 in
514 3753 776 3805 montem
811 3754 1099 3806 excelsum
1130 3770 1410 3822 seorsum,
1453 3758 1509 3809 et
1539 3757 1953 3826 tranﬁguratus
1983 3758 2068 3808 est

429 3844 563 3924 ante
585 3857 702 3897 eos.
738 3843 807 3896 Et
835 3845 1193 3916 resplenduit
1235 3847 1414 3901 facies
1439 3847 1562 3918 ejus
1587 3847 1733 3903 sicut
1758 3849 1862 3916 sol,
1895 3847 2063 3902 vesti-

431 3937 632 3988 menta
659 3937 853 3990 autem
871 3936 995 4007 ejus
1020 3937 1171 3993 facta
1201 3942 1333 3994 sunt
1361 3940 1491 3995 alba
1517 3941 1661 3996 sicut
1691 3941 1803 3996 nix.
1831 3943 1900 3996 Et
1938 3957 2066 3996 ecce

434 4031 830 4098 apparuerunt
855 4029 964 4083 illis
989 4030 1207 4102 Moyses
1233 4035 1293 4086 et
1328 4033 1519 4088 Helias
1547 4051 1679 4088 cum
1712 4051 1781 4090 eo
1821 4036 2066 4106 loquen-

429 4122 536 4174 tes.
567 4121 948 4192 Respondens
967 4125 1164 4178 autem
1189 4125 1411 4194 Petrus,
1442 4126 1584 4181 dixit
1609 4127 1683 4183 ad
1718 4129 1933 4184 Iesum.
1965 4135 2070 4188 Do-

429 4212 608 4281 mine,
637 4213 857 4270 bonum
885 4220 972 4270 est
997 4233 1104 4272 nos
1130 4217 1222 4273 hic
1254 4234 1397 4275 esse.
1428 4219 1487 4274 Si
1514 4219 1614 4288 vis,
1647 4221 1740 4276 hic
1783 4222 2070 4281 faciamus

430 4305 540 4361 tria
567 4307 960 4378 tabernacula,
982 4309 1084 4365 tibi
1109 4327 1306 4380 unum,
1329 4316 1387 4367 et
1402 4312 1574 4385 Moysi
1598 4331 1798 4382 unum,
1817 4318 1875 4370 et
1894 4317 2068 4374 Heliae

429 4416 632 4456 unum.
657 4401 860 4458 Adhuc
873 4420 940 4458 eo
967 4404 1261 4476 loquente,
1295 4422 1424 4461 ecce
1451 4407 1634 4462 nubes
1654 4408 1846 4465 lucida
1869 4409 2067 4468 obum-

2170 3223 2358 3274 vestra
2387 3236 2560 3290 super
2586 3236 2746 3286 eam;
2785 3219 2832 3274 si
2869 3223 3064 3275 autem
3112 3237 3230 3276 non
3265 3221 3437 3276 fuerit
3464 3223 3666 3295 digna,
3701 3242 3813 3298 pax

2169 3316 2358 3367 vestra
2383 3312 2456 3368 ad
2481 3328 2580 3368 vos
2598 3316 2937 3368 revertatur.
2961 3314 3032 3368 Et
3056 3314 3404 3387 quicumque
3427 3333 3546 3372 non
3572 3335 3816 3392 recepe-

2169 3407 2246 3462 rit
2274 3423 2392 3473 vos,
2425 3423 2613 3477 neque
2654 3405 2904 3462 audierit
2931 3423 3230 3462 sermones
3259 3413 3496 3478 vestros,
3529 3416 3810 3470 exeuntes

2170 3501 2326 3556 foras
2353 3500 2423 3555 de
2453 3498 2628 3555 domo
2650 3501 2734 3556 vel
2759 3500 2830 3555 de
2855 3500 3101 3569 civitate,
3127 3503 3372 3558 excutite
3399 3505 3704 3575 pulverem
3737 3507 3808 3564 de

2169 3593 2410 3665 pedibus
2437 3594 2658 3649 vestris.
2691 3596 2879 3649 Amen
2926 3594 3053 3650 dico
3082 3595 3263 3665 vobis,
3301 3598 3664 3654 tolerabilius
3701 3602 3807 3656 erit

2168 3691 2338 3742 terrae
2373 3687 2760 3744 Sodomorum
2800 3691 2860 3742 et
2895 3689 3343 3744 Gomorreorum
3373 3690 3431 3745 in
3460 3691 3552 3746 die
3576 3693 3800 3764 judicii,

2169 3797 2344 3852 quam
2373 3780 2471 3836 illi.
2507 3781 2614 3846 Qui
2644 3780 2820 3836 habet
2849 3798 3016 3836 aures
3045 3782 3339 3852 audiendi,
3372 3785 3592 3840 audiat.

2777 3895 2978 3935 INCIPIT
3015 3895 3194 3936 MISSA.

2238 3972 2468 4040 Adesto,
2504 3972 2767 4041 Domine,
2790 3973 3302 4045 supplicationibus
3323 3977 3554 4045 nostris,
3579 3983 3638 4034 et
3654 3979 3808 4036 viam

2169 4066 2369 4120 famoli
2393 4067 2475 4120 tui
2506 4066 2585 4120 ill.
2623 4066 2682 4120 in
2714 4067 2896 4121 salute
2929 4070 2986 4120 et
3027 4068 3408 4140 prosperitate
3444 4070 3694 4142 dignare
3733 4075 3810 4129 di-

2167 4160 2376 4232 rigere,
2429 4163 2490 4214 ut
2530 4159 2684 4214 inter
2728 4177 2931 4216 omnes
2977 4160 3106 4216 vitae
3146 4161 3316 4233 hujus
3359 4164 3669 4221 varietates
3709 4173 3806 4224 tuo

2169 4271 2398 4326 semper
2417 4253 2624 4309 auxilio
2647 4257 3007 4326 protegatur.

2844 4346 3112 4398 Collectio.

2236 4427 2470 4495 Exaudi,
2518 4427 2783 4496 Domine,
2823 4444 3170 4500 quaesumus,
3213 4447 3413 4502 preces
3458 4436 3712 4501 nostras,
3753 4441 3808 4492 et

429 4491 616 4600 bravit
637 4511 755 4550 eos.
881 4513 1011 4600 ecce
1047 4515 1151 4600 vox
1192 4498 1264 4553 de
1295 4500 1682 4600 nubedicens
1711 4518 1723 4557 :
1759 4502 1856 4600 Hic
1887 4507 1973 4600 est
2009 4507 2146 4584 ﬁ-D
2167 4491 2514 4593 profectioni
2541 4491 2860 4576 famuli
2883 4521 2962 4578 ill.
2995 4491 3450 4581 misericordiam
3487 4491 3726 4600 semper

431 4585 738 4686 lius-{netis
767 4589 1028 4686 dileetus,
1071 4591 1290 4686 iniquo
1329 4593 1470 4648 mihi
1510 4596 1854 4667 εοηΡῙᾶϐῑιίῐν
1882 4597 2071 4669 ipsum
2169 4585 2386 4686 ubique
2429 4613 2746 4686 praetende,
2789 4618 2851 4669 ut
2891 4615 2950 4669 in
3011 4616 3280 4672 omnibus
3327 4621 3426 4674 tua
3463 4585 3807 4680 defensione

433 4677 648 4732 audite.
678 4681 1074 4782 Iitlaudientes
1116 4685 1376 4782 discipuli
1405 4687 1737 4744 ceciderunt
1763 4689 1822 4744 in
1863 4691 2070 4747 faciem
2165 4677 2454 4780 justbmn;
2497 4677 2916 4764 desideriorum
2962 4709 3216 4780 potiatur
3264 4711 3584 4782 effectibus,

433 4786 622 4874 εἶξαξη,
651 4775 710 4827 et
729 4773 1047 4874 ῐίξιξυξξιξζη
1072 4777 1243 4874 νειῙάξθΔ
1266 4778 1475 4874 timore
1501 4798 1738 4874 ωδεηοο
1771 4784 1840 4838 Εἴ
1880 4801 2066 4840 θεοϐθδ·
2171 4800 2563 4857 incolomitate
2593 4800 2769 4873 ipsius
2799 4801 2988 4874 adque
3003 4802 3244 4860 victuria
3259 4804 3364 4860 tibi
3381 4807 3630 4865 Domino
3657 4826 3810 4867 sem-

530 4866 711 4966 Jesus,
741 4870 800 4922 et
819 4867 1157 4966 tetigiteos,
1189 4869 1442 4942 dixitque
1476 4873 1558 4928 eis
1583 4891 1595 4930 :
1624 4875 1850 4948 Surgite
1877 4881 1934 4932 et
1965 4896 2066 4934 no-
2172 4911 2276 4966 per
2306 4894 2522 4966 gratias
2550 4866 3047 4950 referamus-Per.

436 4957 534 5014 lite
563 4957 789 5016 timere.
817 4961 1098 5018 Levantes
1126 4966 1324 5018 autem
1356 4967 1570 5034 oculos,
1602 4969 1899 5025 neminem
1920 4972 2072 5028 vide-
2173 4957 2189 4966 ’
2306 4957 2337 4966 ν
2795 4988 2918 5038 Post
2945 4987 3177 5040 nomine.

430 5053 584 5120 runt,
619 5053 726 5108 nisi
753 5056 938 5111 solum
964 5058 1178 5113 Iesum.
1218 5058 1288 5112 Et
1325 5057 1807 5118 descendentibus
1857 5064 1967 5120 illis
1997 5065 2069 5121 de

433 5146 654 5212 monte,
685 5149 960 5220 praecepit
983 5152 1145 5206 Jesus
1176 5150 1374 5206 dicens
1403 5168 1416 5206 :
1449 5153 1676 5208 Nemini
1706 5155 1960 5212 dixeritis
1987 5159 2066 5214 vi-

437 5233 680 5304 sionem,
711 5239 893 5296 donec
923 5243 1072 5300 filius
1104 5245 1358 5302 hominis
1383 5263 1417 5301 a
1441 5247 1682 5303 mortuis
1703 5255 1986 5320 resurgat.

1041 5365 1240 5406 INCIPIT
1288 5365 1466 5408 MISSA.

505 5431 758 5500 Eterne,
785 5435 1152 5506 omnipotens
1168 5441 1336 5496 Deus.
1361 5441 1470 5506 Qui
1488 5442 1813 5498 universam
1837 5443 1895 5498 in
1918 5445 2068 5515 prin-

434 5527 583 5600 cipio
615 5535 978 5602 crseaturam,
1008 5537 1192 5594 Verbo
1225 5544 1595 5612 cooperante,
1628 5559 1692 5596 ex
1727 5541 1905 5598 nihilo
1937 5559 2068 5600 con-

499 5654 524 5732 ξ
550 5655 679 5712 Haec
709 5657 877 5732 lectio
902 5663 1059 5732 recte
1088 5664 1357 5719 convenit
1376 5665 1523 5722 festo
1545 5669 1726 5724 sancti
1744 5669 2062 5732 Michaelis:

426 5723 1248 5810 sedquomodoEvangelium
1281 5734 1471 5791 eidem
1501 5740 1686 5808 aptari
1720 5723 2060 5810 5653;":in

426 5795 605 5854 facile
635 5800 994 5876 intelligitur.

2242 5070 2411 5137 Deus,
2437 5068 2534 5140 qui
2561 5067 2934 5140 diligentibus
2964 5071 3018 5123 te
3044 5068 3102 5124 in
3130 5073 3288 5128 nulla
3325 5091 3386 5128 es
3414 5077 3658 5148 regione
3687 5081 3810 5135 lon-

2170 5148 2438 5236 ginquu's,
2464 5162 2648 5234 dirige
2672 5161 2824 5216 viam
2851 5162 3201 5234 famolorum
3226 5169 3460 5224 tuorum
3487 5171 3567 5226 ill.
3609 5173 3670 5226 in
3707 5190 3810 5230 vo-

2169 5258 2389 5312 luntate
2418 5261 2536 5323 tua,
2586 5259 2648 5310 ut
2676 5259 2732 5310 te
2773 5257 3120 5326 protectore,
3162 5261 3218 5312 te
3255 5259 3400 5316 duce
3429 5279 3536 5335 per
3565 5265 3810 5336 justitia:

2168 5354 2282 5406 tua:
2313 5351 2547 5406 semitas
2577 5349 2699 5403 sine
2725 5347 3043 5404 offensione
3068 5351 3428 5422 gradiantur.

2819 5445 2899 5496 Ad
2937 5459 3140 5510 pacem.

2239 5535 2492 5606 Suscipe,
2536 5531 2797 5599 Domine,
2849 5532 3137 5604 propicius
3180 5538 3505 5596 orationem
3543 5546 3813 5600 nostram

2238 5668 2390 5746 bHic
2426 5669 2632 5746 lacuna
2667 5685 2766 5724 seu
2812 5665 3061 5746 spatium
3123 5672 3379 5746 quinque
3423 5693 3693 5733 versuum
3743 5678 3806 5734 in

2167 5739 2480 5812 exemplari
2507 5757 2748 5796 vacuum
2774 5739 2874 5797 est.
