4036 6188
223 273 326 330 537
843 271 1460 330 SACRAMENTABJUM
1495 274 1842 333 GALLICANI

1987 308 2053 318 --
2099 279 2466 338 LECTIONES
2501 282 2948 350 ρυοτωιΑΝιΕ.
3481 287 3582 346 338

213 418 324 478 pro
356 402 572 461 famulo
603 408 704 461 tuo
721 401 800 461 in.
825 403 923 478 qui
950 404 1009 462 in
1033 406 1212 478 longa
1235 408 1522 462 terraer
1550 406 1735 480 spatia
1747 407 1847 464 de-
1871 397 1932 473 Α
1950 387 2110 445 victis
2135 391 2412 461 contraxi,
2444 391 2572 464 pius
2597 395 2656 449 et
2678 394 2968 467 propicius
2987 411 3052 452 ac
3079 395 3382 454 miseratus
3401 393 3587 453 indul-

210 498 452 568 tinetur,
478 514 584 572 pro
616 515 730 572 quo
759 499 1039 570 Majestati
1075 503 1189 556 tuae
1229 500 1514 573 supplices
1553 502 1852 559 fundimus
1950 499 2108 572 8.933:
2139 489 2197 541 et
2217 485 2406 542 locum
2439 486 2788 560 Ρωηίῑθηῐίδθ
2819 506 2885 545 ac
2915 489 3158 546 ﬂumina
3187 491 3580 558 lacrimava

210 608 436 664 preces,
451 595 515 648 ut
525 591 743 666 dirigas
754 593 1104 666 eiAngelum
1119 593 1349 666 pietatis
1361 597 1495 662 tuae,
1515 595 1614 668 qui
1627 612 1759 652 eum
1778 597 1852 653 ad
1951 595 2284 636 concessam
2313 581 2568 650 veniam:
2599 599 2634 638 ει
2653 587 2710 638 te
2743 600 2974 638 merear
3005 584 3288 657 πείρετε·

210 684 579 742 domicilium
591 703 759 742 suum
771 688 988 742 salvum
1007 691 1066 742 et
1087 687 1418 744 incolomen
1449 693 1846 760 repraesentet.
2578 687 2702 737 Post
2731 673 2962 738 ﬁumina-

869 767 1202 820 Conteslatio.
2021 769 2192 837 Deus,
2221 769 2318 841 qui
2347 771 2606 827 vivorum
2647 789 2708 827 es
2736 773 2984 829 salvator
3011 775 3297 842 omnium,
3327 775 3426 848 qui
3464 791 3582 832 non

276 853 432 909 Vere
452 853 697 926 dignum
722 853 1009 925 etjustum
1027 857 1132 921 est,
1155 853 1524 926 omnipofens
1548 858 1715 912 Deus.
1741 855 1850 921 Qui
1949 861 2031 917 vis
2057 867 2305 919 mortem
2334 867 2652 936 peccatoris
2677 883 2784 922 nec
2810 867 3022 922 laetaris
3039 867 3098 922 in
3122 867 3444 940 perditione
3465 887 3586 926 mo-

203 951 561 1020 properante
607 945 778 1002 Iacob
819 947 922 1002 sub
961 947 1250 1003 felicitatis
1298 949 1488 1019 gratia
1539 951 1850 1006 commoda
1950 955 2246 1028 rientium,
2275 962 2331 1013 te
2363 960 2694 1031 suppliciter
2724 961 3023 1032 deprecor,
3055 966 3118 1017 ut
3144 962 3425 1018 concedas
3440 963 3582 1020 mihi

202 1039 438 1097 itenera
462 1040 716 1096 direxisti
740 1057 753 1107 ;
787 1041 992 1113 cuique
1017 1045 1080 1096 tu
1097 1041 1220 1114 ipse
1245 1058 1496 1111 cursum,
1516 1059 1715 1099 curam
1735 1045 1848 1100 sol-
1948 1051 2178 1106 veniam
2203 1052 2562 1122 delictorum,
2597 1057 2659 1110 ut
2677 1055 2930 1110 admissa
2950 1055 3219 1124 deﬂeam,
3253 1057 3395 1112 etin
3433 1061 3584 1129 post-

199 1134 686 1206 licitudinemque
701 1151 902 1206 gerere
916 1135 1188 1207 dignatus
1205 1152 1528 1204 es;necnon
1543 1140 1600 1192 et
1613 1137 1848 1193 Thobizr.
1947 1144 2185 1200 modum
2216 1161 2332 1202 non
2360 1147 2666 1202 admittam
2692 1165 2706 1216 ;
2740 1151 2800 1202 et
2829 1163 2962 1204 cum
2998 1149 3142 1204 mihi
3167 1136 3426 1206 extrema
3465 1151 3583 1208 dies

201 1227 430 1284 famolo
457 1232 556 1285 tuo
583 1229 857 1299 angelum
883 1232 1045 1284 tuum
1069 1229 1272 1284 ducem
1294 1229 1571 1302 praevium
1590 1231 1848 1302 praestiti-

200 1321 292 1378 sti.
330 1321 705 1394 Quapropter
727 1322 1213 1394 omnipotentiam
1245 1327 1427 1391 tuam,
1459 1323 1718 1392 Domine,
1745 1325 1846 1379 hu-

121 1445 124 1448 ~
200 1415 432 1471 militer
459 1415 832 1488 postolamus,
859 1419 922 1470 ut
949 1416 1029 1471 ita
1042 1417 1465 1488 profectionem
1493 1419 1845 1474 famolorum

197 1511 444 1565 tuorum
471 1509 722 1581 dirigere
737 1527 836 1565 eos
852 1510 911 1564 in
927 1510 1148 1565 itenere
1176 1515 1232 1565 et
1251 1511 1538 1568 custodire
1556 1511 1842 1584 digneris;

197 1603 485 1676 quatinus
507 1604 725 1659 nullum
746 1603 1063 1676 pericolum
1082 1604 1375 1677 [sentiant)
1398 1621 1502 1677 per
1527 1606 1709 1677 spatia
1727 1609 1845 1661 ter-

197 1713 428 1763 rarum,
456 1699 556 1752 aut
592 1697 737 1769 juga
779 1698 1090 1765 montium,
1135 1699 1222 1753 vel
1257 1702 1577 1772 coangusta
1610 1699 1844 1756 vallium

197 1791 473 1862 vadaque
499 1790 824 1860 ﬂuminum,
846 1807 1070 1846 venena
1083 1795 1438 1864 serpentum,
1455 1793 1543 1848 vel
1565 1793 1848 1865 impetum
1867 1774 1924 1846 Β

196 1883 545 1950 bestiarum,
561 1887 659 1939 aut
679 1884 1023 1940 infestorum
1041 1885 1374 1954 hominum;
1397 1887 1496 1941 sed
1518 1887 1623 1942 sub
1645 1886 1729 1942 tui
1751 1903 1850 1942 no-

197 1977 376 2033 minis
391 1977 465 2032 de
475 1977 732 2032 fensione
745 1977 818 2032 ad
830 1979 1021 2032 locum
1035 1977 1387 2034 destinatum
1405 1979 1764 2051 perveniant,
1790 1983 1850 2034 et

207 2071 490 2144 oportuni
502 2070 1030 2142 temporisiteracto
1053 2057 1319 2144 repetito,
1341 2073 1415 2127 ad
1425 2072 1662 2144 propria
1677 2073 1842 2129 habi-

194 2165 395 2220 tacula
406 2165 754 2220 revertendo
774 2163 1029 2237 suil‘ragii
1049 2165 1128 2220 tui
1147 2167 1486 2220 mereantur
1497 2165 1734 2238 adipisci
1757 2183 1848 2221 cu-

197 2258 344 2315 stodi
353 2275 457 2313 am
472 2275 579 2330 per
590 2258 879 2314 Christum
893 2259 1199 2315 Dominum
1212 2259 1601 2316 nostrum.Cui
1613 2259 1842 2316 merito.

287 2363 463 2405 IISSA
501 2363 763 2411 QUOMODO
803 2363 1072 2404 SACERDOS
1109 2357 1216 2405 PR'O
1253 2365 1315 2405 SE
1351 2365 1529 2406 ORARE
1568 2365 1755 2406 DEBET.

349 2427 592 2492 Epistola
613 2427 794 2478 Jacobi
815 2429 1036 2490 apostoli
1068 2428 1134 2479 ad
1159 2429 1438 2480 duodecim
1457 2431 1622 2482 tribus
1639 2431 1686 2480 ⁸.

264 2501 506 2556 Fratres
535 2501 653 2556 mei
681 2501 893 2568 dilecti,
917 2501 992 2556 sit
1019 2505 1216 2556 autem
1253 2503 1441 2558 omnis
1460 2503 1638 2559 homo
1683 2504 1846 2558 velox

197 2593 268 2650 ad
295 2590 691 2664 audiendum,
725 2594 922 2650 tardus
948 2597 1145 2650 autem
1165 2595 1238 2650 ad
1256 2595 1712 2668 loquendum,'et
1727 2599 1840 2652 tar-

197 2687 299 2743 dus
328 2688 416 2743 ad
443 2688 615 2743 iram.
656 2691 741 2743 Ita
769 2687 924 2744 enim
955 2688 1061 2744 viri
1085 2689 1374 2760 justitiam
1403 2689 1507 2745 Dei
1551 2707 1670 2745 non
1702 2707 1840 2762 ope-

194 2784 379 2838 ratur.
415 2783 659 2854 Propter
703 2783 860 2854 quod
901 2782 1217 2838 abicientes
1251 2799 1488 2839 omnem
1533 2783 1844 2839 immundi-

195 2875 344 2930 ciam
408 2877 468 2930 et
510 2875 928 2930 abundantiam
973 2875 1232 2943 malitiae,
1289 2876 1348 2931 in
1397 2877 1841 2932 mansuetudine

196 2968 472 3040 suscipite
505 2968 743 3023 insitum
769 2969 1030 3036 verbum,
1063 2967 1218 3040 quod
1249 2972 1439 3040 potest
1467 2971 1685 3024 salvare
1715 2969 1840 3024 ani-

196 3077 320 3117 mas
356 3063 610 3118 nostras.
641 3061 699 3118 Si
731 3061 858 3133 quis
883 3065 1078 3118 autem
1109 3065 1274 3134 putat
1305 3079 1362 3116 se
1390 3062 1730 3134 religiosum
1760 3079 1842 3118 es-

197 3173 274 3222 se,
299 3159 366 3210 et
391 3171 513 3210 non
549 3155 850 3210 refrenans
897 3155 1158 3227 linguam
1183 3156 1380 3228 :suam,
1414 3156 1516 3211 sed
1565 3155 1844 3212 seducens
1863 3139 1919 3214 C
1943 3120 1966 3171 ί

195 3265 292 3304 cor
319 3264 524 3315 suum,
550 3249 718 3320 hujus
743 3265 890 3303 vana
916 3251 1004 3304 est
1025 3249 1248 3321 religio.
1279 3249 1504 3322 Religio
1534 3250 1756 3305 munda
1783 3253 1843 3304 et

198 3342 582 3398 immacolata
613 3343 766 3414 apud
785 3342 970 3397 Deum
999 3345 1058 3398 et
1081 3345 1310 3399 Patrem
1329 3343 1450 3398 haec
1476 3347 1581 3410 est,
1611 3342 1840 3398 visitare

200 3437 453 3508 popillos
485 3438 544 3490 et
563 3434 760 3490 viduas
785 3435 842 3490 in
878 3435 1266 3492 tribulatione.

411 3514 590 3565 Lectio
616 3513 782 3566 sancti
809 3515 1080 3579 Evangelii
1105 3515 1396 3566 secundum
1421 3519 1630 3567 Lucam.

267 3587 415 3652 Quis
446 3603 514 3642 ex
534 3586 695 3641 vobis
724 3587 902 3642 homo
930 3587 1028 3658 qui
1054 3587 1229 3642 habet
1254 3590 1489 3642 centum
1521 3603 1672 3656 oves,
1710 3592 1770 3643 et
1797 3587 1844 3643 si

198 3679 530 3752 perdiderit
557 3696 734 3734 unam
767 3696 835 3734 ex
871 3679 1000 3747 illis,
1034 3697 1228 3736 nonne
1256 3679 1495 3736 dimittit
1523 3680 1845 3753 nonaginta

197 3790 415 3828 novem
445 3773 503 3826 in
550 3773 805 3840 deserto,
831 3776 890 3828 et
912 3773 1072 3828 vadit
1110 3774 1185 3829 ad
1214 3775 1372 3830 illam
1409 3790 1537 3846 quas
1569 3774 1842 3845 perierat,

197 3865 390 3922 donec
421 3866 680 3922 inveniat
701 3866 871 3922 eam?
901 3869 970 3924 Et
1003 3884 1134 3922 cum
1181 3867 1468 3922 invenerit
1495 3883 1648 3935 eam,
1681 3867 1846 3939 ponit

198 3959 254 4014 in
277 3961 563 4014 humeros
589 3977 720 4016 suos
745 3960 1034 4032 gaudens;
1067 3947 1126 4016 et
1148 3960 1384 4016 veniens
1410 3961 1672 4029 domum,
1713 3978 1845 4016 con-

197 4056 372 4108 vocat
391 4053 614 4108 amicos
631 4056 690 4108 et
707 4052 944 4121 vicinos,
965 4054 1162 4109 dicens
1176 4053 1288 4108 illis
1315 4054 1843 4126 :Congratulamini

199 4145 374 4214 mihi,
404 4145 541 4224 quia
582 4146 775 4201 inveni
811 4163 979 4202 ovem
1018 4163 1212 4202 meam
1241 4163 1369 4218 quae
1405 4146 1677 4220 perierat.
1709 4148 1842 4204 Dico

197 4239 384 4306 vobis,
419 4239 576 4310 quod
601 4238 681 4294 ita
707 4239 984 4311 gaudium
1011 4239 1121 4294 erit
1147 4240 1206 4295 in
1228 4241 1366 4296 caelo
1388 4257 1562 4313 super
1578 4258 1692 4297 uno
1717 4257 1844 4313 pec-

197 4337 399 4388 catore
453 4332 855 4402 paenitentiam
913 4333 1183 4402 habente,
1234 4350 1406 4405 quam
1443 4349 1616 4405 super
1659 4351 1844 4390 nona-

199 4426 370 4497 ginta
397 4441 605 4480 novem
626 4425 816 4497 justis,
841 4426 938 4498 qui
960 4443 1078 4482 non
1106 4427 1376 4499 indigent
1399 4425 1756 4498 pmnitentia.

818 4531 1017 4572 INCIPIT
1054 4531 1235 4573 MISSA.

272 4595 630 4668 Suppliciter
639 4597 716 4664 te,
731 4597 882 4652 Deus
900 4598 1070 4652 Pater
1095 4597 1486 4668 omnipotens,
1501 4595 1599 4669 qui
1612 4612 1672 4650 es
1683 4612 1841 4652 crea-

204 4695 296 4745 tor
316 4689 590 4746 omnium
611 4707 827 4758 rerum,
851 4690 1150 4762 deprecor,
1173 4693 1236 4744 ut
1267 4690 1407 4746 dum
1437 4707 1531 4745 me
1561 4690 1844 4745 famolum

203 4786 367 4839 tuum
381 4799 576 4839 coram
591 4783 1013 4856 omnipotentia
1025 4783 1346 4854 majestatis
1356 4787 1469 4838 tuae
1485 4783 1738 4856 graviter
1752 4783 1846 4839 de-

199 4877 439 4948 liquisse
461 4877 761 4945 conﬁteor,
791 4895 1000 4932 munus
1025 4876 1438 4932 misericordiae
1471 4880 1583 4932 tua:
1609 4881 1674 4932 ut
1702 4875 1847 4932 mihi

199 4987 486 5042 porregas
507 4987 521 5026 :
537 4970 810 5042 quatinus
821 4971 958 5026 dum
975 4971 1126 5026 hanc
1152 4969 1504 5026 oblationem
1520 4974 1635 5026 tuas
1648 4969 1845 5043 pietati

200 5063 408 5132 oﬂ‘ero,
425 5064 581 5136 quod
594 5065 862 5136 nequiter
877 5064 1104 5132 admisi,
1121 5063 1572 5121 clementissime
1588 5062 1846 5135 digneris

205 5157 528 5213 absolvere.

881 5227 1154 5279 Collectlo.

273 5299 431 5354 Deus
449 5297 880 5367 misericordiae,
911 5300 1062 5354 Deus
1085 5297 1338 5370 pietatis,
1361 5300 1508 5355 Deus
1543 5297 1848 5370 indulgen-

201 5396 318 5462 tiae,
361 5396 622 5469 indulge,
657 5413 871 5469 quaeso,
919 5400 976 5452 et
1007 5397 1283 5452 miserere
1308 5395 1424 5453 mei
1458 5413 1471 5452 :
1505 5395 1846 5451 sacriﬁcium

200 5506 458 5562 quoque,
487 5490 643 5563 quod
685 5490 915 5563 pietatis
951 5495 1065 5546 tua:
1101 5490 1286 5564 gratia
1321 5489 1619 5545 humiliter
1643 5488 1846 5558 oﬂ'ero,

197 5581 454 5656 benigne
473 5583 718 5656 dignare
733 5583 1041 5658 suscipere,
1066 5587 1123 5639 et
1136 5587 1370 5657 peccata
1381 5600 1511 5656 qum
1524 5582 1850 5639 labentibus

275 5707 300 5737 “
325 5710 612 5782 Incertum
627 5712 715 5766 est
733 5725 809 5765 an
825 5709 918 5782 he
937 5709 1236 5766 Lectiones
1255 5711 1384 5766 dum
1399 5709 1474 5782 ad
1491 5707 1846 5782 superiorem

211 5795 286 5834 an
300 5779 373 5836 ad
384 5781 831 5854 subsequentem
844 5781 1080 5854 missam
1091 5779 1708 5854 pertineantSed'quia
1719 5781 1852 5836 mis-

211 5865 338 5905 sam
353 5852 538 5909 solent
548 5852 875 5924 praecedere
889 5852 1204 5922 Lectiones,
1210 5853 1398 5926 potius
1415 5853 1489 5910 ad
1497 5852 1848 5928 .sequentem

1947 1237 2193 1311 finisque
2217 1239 2348 1294 vitae
2393 1241 2710 1310 advenerit,
2755 1243 3084 1298 emundatis
3128 1243 3350 1299 delictis
3394 1244 3582 1301 omni-

1945 1331 2071 1399 bus,
2099 1349 2194 1387 me
2221 1335 2462 1404 angelus
2494 1336 2811 1392 sanctitatis
2847 1336 3137 1409 suscipiat.
3169 1339 3295 1393 Per.

2620 1447 2694 1498 Ad
2716 1461 2920 1512 pacem.

2007 1529 2157 1584 Deus
2186 1529 2442 1586 caritatis
2463 1536 2522 1586 et
2542 1533 2716 1604 pacis,
2748 1533 2847 1604 qui
2875 1550 2980 1605 pro
3011 1535 3194 1590 salute
3215 1534 3449 1606 generis
3473 1535 3582 1591 hu-

1947 1621 2105 1677 mani
2119 1623 2300 1678 crucis
2316 1624 2635 1696 patibulum
2659 1627 2962 1698 pertulisti,
2987 1631 3046 1683 et
3064 1627 3405 1699 sanguinem
3415 1631 3582 1684 tuum

1946 1731 2050 1788 pro
2081 1715 2482 1788 redemptione
2510 1723 2708 1775 nostra
2735 1721 2954 1789 fudisti,
2988 1738 3188 1793 preces
3213 1724 3438 1778 nostras
3457 1722 3578 1794 pla—

1948 1811 2108 1864 catus
2127 1814 2186 1864 et
2213 1810 2499 1882 benignus
2526 1807 2745 1885 suscipe
2771 1831 2784 1882 ;
2813 1818 2871 1869 et
2900 1815 3008 1870 hoc
3029 1815 3392 1883 sacriﬁcium,
3427 1813 3583 1888 quod

1948 1905 2061 1956 tuae
2098 1903 2300 1974 gratia:
2331 1904 2529 1974 offero,
2561 1923 2766 1962 sereno
2795 1909 2953 1962 vultu
2987 1909 3240 1980 digneris
3272 1909 3578 1982 respicere,

1949 1999 2007 2050 et
2043 1995 2499 2054 misericordiam
2529 2002 2690 2055 tuam
2723 2001 2864 2056 mihi
2892 2001 3173 2057 concedas
3203 2019 3216 2069 ;
3246 2005 3310 2056 ut
3346 2002 3580 2074 quando

1949 2088 2019 2144 de
2059 2106 2299 2162 corpore
2347 2108 2445 2146 me
2493 2093 2646 2148 exire
2671 2094 2932 2166 jusseris,
2965 2111 3098 2166 pars
3141 2094 3340 2167 iniqua
3379 2095 3440 2150 in
3483 2111 3578 2150 me

1947 2199 2065 2238 non
2091 2183 2304 2240 habeat
2327 2189 2700 2256 potestatem,
2723 2187 2824 2242 sed
2851 2189 3092 2260 angelus
3115 2191 3246 2243 tuus
3274 2188 3427 2243 inter
3446 2205 3576 2244 san-

1947 2279 2068 2332 ctos
2106 2279 2164 2331 et
2193 2277 2406 2333 electos
2435 2280 2717 2349 conlocet,
2759 2281 2858 2336 ubi
2897 2283 2990 2336 lux
3031 2285 3360 2354 permanet,
3387 2285 3445 2337 et
3464 2281 3578 2337 vita

1947 2371 2154 2440 regnat
2183 2369 2243 2424 in
2264 2373 2466 2426 saecula
2492 2374 2852 2429 seculorum.

2585 2475 2920 2526 Contestatio.

2017 2558 2159 2612 Vere
2188 2557 2429 2630 dignum
2453 2562 2510 2614 et
2519 2560 2743 2631 justum
2763 2563 2870 2629 est,
2893 2559 3260 2633 omnipotens
3284 2563 3450 2629 Deus,
3479 2577 3583 2634 per

1943 2650 2231 2706 Christum
2253 2652 2564 2708 Dominum
2583 2657 2863 2709 nostrum.
2899 2654 3008 2718 Qui
3033 2671 3136 2726 pro
3163 2671 3360 2710 amore
3391 2654 3577 2710 homi-

1944 2760 2090 2798 num.
2107 2745 2288 2800 factus
2309 2745 2368 2799 in
2400 2745 2841 2802 similitudinem
2874 2749 3114 2819 peccati,
3145 2749 3396 2803 formam
3434 2747 3582 2804 servi

1942 2837 2222 2893 Dominus
2247 2838 2568 2910 adsumpsit
2581 2843 2638 2894 et
2657 2839 2909 2912 speciem
2931 2858 2943 2896 :
2963 2842 3296 2896 vulneratus
3323 2841 3582 2896 medicus

1943 2931 2276 2999 ambolavit,
2298 2931 2389 2987 hic
2409 2933 2574 2988 nobis
2591 2932 2860 2989 dominus
2877 2937 2934 2988 et
2959 2933 3224 2989 minister
3245 2935 3460 3002 salutis,
3485 2935 3582 2990 ad—
3684 2945 3690 2950 '

1941 3028 2191 3094 vocatus,
2217 3025 2420 3097 judex,
2465 3027 2752 3095 sacerdos,
2793 3030 2851 3082 et
2887 3027 3250 3083 sacriﬁcium.
3283 3030 3391 3084 Per
3425 3029 3581 3084 hunc

1970 3134 2020 3185 e,
2047 3121 2243 3173 sancte
2268 3121 2456 3190 Pater,
2498 3121 2830 3193 suppliciter
2862 3137 3056 3190 exoro,
3086 3125 3150 3176 ut
3185 3121 3324 3176 dum
3355 3125 3583 3178 reatum

1943 3211 2307 3267 conscientiae
2343 3229 2491 3268 mea:
2527 3231 2903 3287 recognosco,
2933 3218 2993 3270 et
3028 3215 3088 3270 in
3128 3215 3429 3288 praeceptis
3467 3215 3582 3270 tuis

1941 3305 2348 3378 prrevaricator
2357 3309 2667 3379 perstiti,et
2678 3326 2781 3380 per
2791 3309 3134 3365 delictorum
3149 3309 3369 3364 facinus
3379 3309 3583 3365 conrui

1943 3398 2004 3454 in
2031 3399 2218 3468 ruina,
2243 3404 2305 3455 tu
2325 3418 2440 3470 me,
2467 3401 2730 3470 Domine,
2755 3402 2915 3474 erige
2939 3403 3163 3469 elisum,
3193 3418 3367 3473 quem
3389 3403 3582 3473 lapsus

1911 3487 1918 3497 ’
1942 3493 2164 3564 peccati
2177 3493 2510 3564 prostravit:
2527 3494 2809 3550 inlumina
2821 3511 3060 3564 caecum,
3077 3511 3253 3566 quem
3265 3498 3434 3551 terrae
3445 3511 3576 3566 pec-

1945 3589 2205 3642 catorum
2218 3587 2494 3659 caligines
2505 3588 2955 3644 obscuraverunt
2969 3606 2982 3655 ;
3001 3589 3153 3644 solve
3165 3588 3556 3660 compeditum
3565 3630 3579 3657 ,

1945 3695 2119 3750 quem
2143 3679 2368 3736 vincola
2393 3685 2763 3754 peccatorum
2794 3682 3215 3753 constringunt.
3239 3685 3452 3738 Praesta
3477 3698 3582 3754 per

1945 3756 2212 3828 sanctum.
2235 3777 2293 3830 et
2307 3775 2623 3846 gloriosum
2657 3779 2715 3831 et
2749 3776 3110 3831 adorandum
3145 3774 3452 3832 Dominum
3483 3793 3582 3832 no-

1945 3869 2129 3922 strum
2152 3870 2347 3924 Iesum
2371 3868 2660 3924 Christum
2691 3868 2896 3924 Filium
2920 3872 3107 3939 tuum,
3132 3884 3308 3941 quem
3340 3868 3582 3924 laudant

1945 3961 2136 4031 angeli
2149 3965 2322 4034 atque
2350 3961 2704 4034 archangeli,
2725 3962 3002 4018 cherubin
3021 3979 3252 4036 quoque
3270 3979 3336 4018 ac
3351 3962 3578 4018 seraﬁn.

2511 4101 2667 4142 MISSA
2695 4101 2986 4143 OMNIHODA
2995 4127 3008 4141 .

2093 4175 2322 4240 Epistola
2343 4177 2527 4227 Jacobi
2545 4179 2769 4242 apostoli
2789 4178 2855 4228 ad
2881 4177 3161 4228 duodecim
3189 4177 3356 4229 tribus
3380 4179 3426 4227 ι).

1943 4275 1958 4286 ‘
2017 4262 2258 4328 Fratres,
2275 4260 2321 4315 si
2340 4261 2652 4318 dixerimus
2673 4263 2808 4334 quia
2823 4265 3124 4335 peccatum
3138 4279 3254 4318 non
3277 4262 3577 4318 habemus.

1943 4356 2054 4428 ipsi
2080 4372 2186 4412 nos
2230 4355 2577 4424 seducimus,
2612 4359 2670 4410 et
2699 4355 2910 4410 veritas
2952 4355 3010 4410 in
3045 4355 3210 4411 nobis
3236 4371 3352 4410 non
3389 4359 3492 4410 est.
3523 4355 3585 4412 Si

1945 4452 2139 4505 autem
2155 4449 2401 4506 confessi
2423 4448 2704 4504 fuerimus
2723 4451 2960 4520 peccata
2982 4451 3198 4514 nostra,
3216 4447 3404 4503 ﬁdelis
3421 4451 3508 4503 est
3525 4451 3583 4504 et

1861 4510 1922 4584 D
1936 4543 2124 4615 justus
2137 4543 2433 4608 DominUs,
2457 4541 2554 4612 qui
2577 4510 2743 4596 nobis
2759 4543 2997 4612 peccata
3009 4510 3282 4608 dimittat,
3299 4543 3358 4596 et
3377 4557 3580 4596 emun-

1946 4637 2046 4694 det
2075 4653 2180 4692 nos
2206 4636 2278 4692 ab
2317 4634 2478 4692 omni
2506 4633 2831 4706 iniquitate.
2862 4633 2977 4690 Sed
3007 4634 3051 4689 si
3085 4635 3215 4706 quis
3244 4634 3580 4707 peccaverit,

1944 4729 2288 4785 advocatum
2318 4728 2600 4783 habemus
2617 4727 2768 4800 apud
2790 4729 3022 4783 Patrem
3041 4729 3235 4784 Iesum
3256 4727 3542 4784 Christum
3567 4745 3580 4783 :

1947 4827 2004 4878 et
2030 4823 2149 4896 ipse
2177 4827 2262 4878 est
2287 4820 2626 4895 propiciatio
2650 4838 2754 4894 pro
2775 4820 3022 4893 peccatis
3051 4821 3297 4889 nostris;
3328 4838 3446 4876 non
3477 4839 3582 4894 pro

1947 4916 2156 4973 nostris
2181 4919 2375 4972 autem
2397 4919 2645 4984 tantum,
2674 4916 2775 4971 sed
2811 4915 2986 4970 etiam
3009 4931 3114 4987 pro
3141 4914 3317 4970 totius
3351 4914 3580 4970 mundi.

1945 5012 2015 5065 Et
2035 5011 2094 5065 in
2127 5011 2237 5066 hoc
2265 5011 2472 5066 scimus
2485 5009 2762 5082 quoniam
2783 5008 3157 5081 cognovimus
3177 5024 3334 5071 eum,
3359 5007 3405 5062 si
3417 5025 3582 5064 man-

1947 5104 2084 5160 data
2109 5104 2232 5176 ejus
2259 5105 2646 5160 observemus.
2670 5103 2729 5160 Si
2762 5103 2888 5174 quis
2912 5101 3050 5157 dicit
3087 5117 3147 5156 se
3181 5118 3350 5156 nosse
3381 5103 3582 5170 Deum,

1947 5201 2007 5254 et
2032 5199 2310 5255 mandata
2335 5198 2458 5270 ejus
2485 5213 2602 5252 non
2643 5195 2908 5262 custodit,
2951 5194 3200 5252 mendax
3235 5198 3350 5264 est;
3388 5194 3454 5251 in’
3473 5195 3584 5251 hoc

1945 5291 2157 5348 veritas
2177 5309 2295 5348 non
2315 5294 2419 5346 est.
2454 5289 2564 5356 Qui
2584 5291 2779 5344 autem
2808 5292 2996 5344 servat
3013 5288 3254 5344 verbum
3286 5289 3428 5362 ejus,
3450 5306 3583 5346 vere

1949 5387 2008 5440 in
2035 5403 2104 5442 eo
2129 5385 2335 5441 caritas
2365 5383 2465 5439 Dei
2492 5383 2748 5455 perfecta
2774 5385 2862 5436 est
2879 5381 2938 5436 in
2965 5381 3186 5438 Christo
3213 5383 3366 5438 Iesu.

2110 5493 2282 5547 Lectio
2315 5493 2478 5546 sancti
2511 5491 2778 5558 Evangelii
2800 5493 3090 5546 secundum
3108 5494 3426 5549 Mattheum.

2021 5581 2232 5636 Diebus
2258 5579 2370 5636 illis
2397 5597 2526 5636 cum
2539 5579 2810 5634 transiret
2825 5580 3104 5637 Dominus
3119 5581 3300 5648 Iesus,
3317 5577 3458 5632 vidit
3476 5579 3578 5632 ho-

1950 5722 2304 5780 revocamus,
2337 5722 2670 5780 quanquam
2694 5706 2754 5762 in
2790 5707 2978 5780 missis
3006 5703 3448 5780 dominicalibus
3473 5703 3575 5780 Le-

1953 5779 2169 5834 ctiones
2190 5773 2442 5836 secundo
2470 5773 2592 5836 ldco
2619 5782 2750 5850 post
2769 5779 3004 5835 missam
3038 5775 3234 5846 positae
3253 5777 3384 5828 sunt
3407 5773 3579 5830 infra.

2023 5850 2048 5890 δ
2079 5851 2199 5914 lmo
2225 5851 2462 5908 Ioannis
2483 5850 2722 5922 apostoli
2755 5851 2962 5921 prima.
