3982 6190
410 274 511 328 539

1274 275 1607 334 APPENDIX
1645 275 1732 332 AD
1767 273 1989 332 OPERA
2025 274 2080 330 S.
2119 274 2420 333 GERMANI
2456 275 2884 334 PABISIENSIS.

3653 283 3756 338 550

406 383 628 444 minem
646 385 672 416 "
703 383 1002 445 sedentem
1031 385 1094 444 in
1129 386 1741 456 teloneo,‘Mattheeum
1772 385 2030 454 nomine,
2053 394 2115 470 Α
2133 389 2312 444 stram
2343 383 2610 444 omnium
2646 384 3034 444 humilitatem
3068 381 3358 456 intendas,
3398 383 3641 446 crimina
3667 405 3754 446 re-

407 479 488 536 ait
511 481 594 537 illi
624 498 638 537 :
671 481 925 554 Sequere
949 497 1066 538 me.
1095 483 1164 537 Et
1201 498 1443 555 surgens
1487 484 1714 538 secutus
1755 484 1843 537 est
1877 497 2030 536 eum.

406 575 642 632 Factum
660 579 747 632 est
771 593 900 632 cum
917 577 1283 632 accumberet
1303 576 1578 632 Dominus
1594 578 1756 632 Iesus
1774 575 1834 631 in
1857 575 2034 632 domo

407 669 574 739 illius,
601 670 764 726 multi
793 670 1085 743 publicani
1114 675 1173 726 et
1214 675 1546 743 peccatores
1575 670 1744 725 simul
1784 669 2032 725 discum-

405 763 620 820 bebant
637 780 768 819 cum
784 766 916 820 Iesu
937 767 996 820 et
1015 764 1307 836 discipulis
1327 765 1470 836 ejus.
1493 766 1671 820 Erant
1691 763 1849 819 enim
1867 761 2034 820 multi

404 857 503 930 qui
533 860 590 912 et
609 858 1000 930 sequebantur
1028 875 1180 914 eum.
1210 860 1280 914 Et
1307 859 1518 915 Scribas
1553 863 1612 914 et
1651 856 1922 914 Pharisaei
1950 857 2030 912 vi-

403 951 606 1007 dentes
635 951 770 1024 quia
794 952 1174 1009 manducaret
1199 970 1332 1008 cum
1350 952 1749 1025 peccatoribus
1775 954 1834 1006 et
1851 951 2036 1024 publi-

402 1044 578 1113 canis,
603 1045 873 1102 dicebant
902 1046 1196 1119 discipulis
1216 1047 1338 1119 ejus
1365 1063 1379 1102 :
1411 1047 1600 1113 Quare
1621 1062 1754 1102 cum
1784 1045 2034 1117 publica-

401 1137 490 1194 nis
510 1142 570 1194 et
597 1140 990 1212 peccatoribus
1009 1141 1324 1199 manducat
1346 1141 1627 1212 magister
1653 1143 1842 1195 vester
1861 1139 1890 1194 ?
1915 1141 2032 1195 Hoc

400 1232 619 1301 audito,
639 1235 799 1289 Iesus
827 1234 909 1289 ait
936 1235 1080 1290 illis:
1103 1237 1228 1290 Non
1260 1251 1488 1292 necesse
1511 1234 1730 1289 habent
1758 1232 1885 1288 sani
1914 1249 2032 1288 me-

401 1325 618 1394 dicum,
651 1327 752 1383 sed
783 1327 880 1399 qui
904 1329 1056 1384 male
1085 1329 1322 1385 habent.
1341 1330 1466 1386 Non
1493 1327 1650 1383 enim
1671 1326 1802 1382 veni
1824 1343 2030 1382 vocare

395 1419 600 1492 justos,
629 1421 730 1476 sed
761 1424 1110 1493 peccatores.

1010 1529 1212 1570 INCIPIT
1242 1528 1419 1569 MISSA.

472 1591 850 1665 Omnipotens
894 1598 1108 1650 aeterne
1147 1596 1317 1662 Deus,
1359 1597 1472 1650 tuae
1513 1593 1710 1666 gloriae
1749 1591 2030 1665 pietatem

401 1687 642 1759 supplici
677 1688 980 1744 devotione
1019 1689 1286 1760 deposco,
1333 1692 1397 1742 ut
1433 1687 1696 1744 omnium
1735 1686 2026 1741 malorum

401 1795 666 1836 meorum
685 1781 910 1836 vincula
937 1783 1139 1850 solvas,
1163 1781 1504 1852 cunctisque’
1517 1780 1663 1836 meis
1691 1777 2029 1834 criminibus
2048 1775 2107 1848 B

402 1875 574 1946 atque
604 1875 852 1946 peccatis
876 1877 1196 1930 clementer
1222 1876 1516 1946 ignoscas;
1536 1877 1599 1930 ut
1613 1872 1748 1946 quia
1763 1889 1859 1928 me
1885 1871 2032 1926 indi-

399 1983 580 2038 gnum
615 1969 674 2022 et
700 1971 1063 2041 peccatorem
1094 1969 1167 2024 ad
1192 1968 1584 2023 ministerium
1624 1970 1790 2022 tuum
1823 1981 2030 2021 vocare

399 2058 670 2131 dignatus
681 2079 762 2130 es,
787 2062 865 2118 sic
885 2079 983 2117 me
1003 2061 1277 2117 idoneum
1307 2061 1411 2116 tibi
1436 2060 1772 2116 ministrum
1793 2057 2028 2125 efﬁcias,

401 2155 464 2207 ut
490 2155 829 2210 sacriﬁcium
858 2155 929 2210 de
960 2156 1232 2211 manibus
1265 2155 1411 2210 meis
1440 2154 1648 2226 placite
1677 2170 1744 2208 ac
1775 2152 2028 2224 benigne

400 2246 700 2320 suscipias;
725 2249 1042 2305 electorum
1071 2249 1436 2304 sacerdotum
1459 2264 1554 2302 me
1583 2246 1924 2319 participem
1950 2246 2030 2300 fa-

400 2339 534 2410 cias,
554 2345 613 2396 et
633 2342 702 2396 de
714 2343 1014 2415 praeceptis
1027 2343 1138 2432 tuis
1237 2342 1395 2432 nullo
1417 2341 1686 2398 aberrare
1705 2339 2027 2412 permittas.

470 2493 754 2560 Adtende,
782 2493 1049 2562 Domine,
1072 2423 1362 2567 3:311:23;
1386 2510 1533 2549 mea:
1559 2491 1845 2548 servitutis
1872 2491 2032 2546 obse-

400 2585 973 2658 quium,etmiserere
986 2587 1250 2643 ﬁdelibus
1261 2585 1618 2643 famulistuis
1631 2585 1803 2652 ill.;ut
1813 2585 2031 2640 cunctis

398 2697 598 2736 eorum
625 2681 934 2737 sceleribus
955 2681 1286 2754 amputatis,
1301 2683 1381 2737 ita
1408 2681 1524 2736 sint
1539 2682 1650 2735 tum
1671 2677 2029 2734 miserationi

399 2773 734 2830 defensione
754 2775 1018 2847 protecti,
1042 2775 1172 2830 utin
1197 2774 1594 2830 observatione
1619 2772 2030 2828 mandatorum

398 2871 628 2924 tuorum
653 2873 986 2924 mereantur
1017 2886 1139 2924 esse
1162 2869 1400 2941 perfecti
1433 2885 1445 2922 :
1473 2866 1744 2939 quatinus
1763 2869 1821 2920 et
1843 2865 1902 2919 in
1924 2865 2032 2920 hac

369 2963 509 3016 ’vita
539 2963 803 3018 universa
833 2962 1088 3018 facinora
1116 2964 1376 3030 caveant,
1411 2964 1468 3016 et
1493 2963 1626 3015 ante
1658 2962 2029 3031 conspectum

396 3055 592 3125 glorias
619 3057 732 3109 tuae
762 3055 1112 3128 quandoque
1144 3056 1266 3110 sine
1293 3053 1633 3110 confusione
1667 3052 2028 3126 perveniant.

1027 3136 1152 3184 Post
1173 3133 1404 3184 nomina.

467 3203 694 3276 Accipe,
721 3206 872 3260 Deus
889 3205 1164 3278 piissime,
1188 3208 1420 3261 tuorum
1443 3204 1764 3276 supplicum
1788 3206 1942 3271 vota,
1973 3207 2033 3258 et

397 3298 636 3354 nomina
651 3315 780 3370 quae
793 3302 892 3355 tuo
910 3315 1104 3354 coram
1121 3298 1326 3354 altario
1341 3297 1622 3370 conspicis
1641 3295 1948 3364 recenseri,
1969 3295 2028 3350 in

396 3397 612 3448 aeterno
635 3392 764 3448 vitae
785 3392 930 3448 libro
953 3392 1269 3448 conscribe.
1294 3391 1558 3448 Concede
1581 3391 1758 3446 etiam
1781 3389 1923 3445 mihi
1949 3389 2030 3443 in-

397 3486 574 3558 digno
589 3490 648 3541 et
658 3487 944 3554 omnibus,
959 3503 1064 3558 pro
1077 3486 1282 3558 quibus
1293 3489 1349 3541 te
1371 3487 1606 3558 supplex
1621 3485 1848 3556 postulo
1865 3500 1878 3539 :
1904 3499 2031 3554 per-

393 3584 630 3652 petuam
652 3581 914 3652 requiem
957 3580 1145 3636 tribue
1180 3581 1532 3636 famulorum
1559 3582 1790 3634 tuorum
1818 3577 1922 3645 ill.,
1939 3578 2028 3632 vel

393 3674 652 3728 omnium
666 3674 925 3729 ﬁdelium
947 3674 1374 3740 defunctorum,
1390 3673 1521 3728 utin
1543 3673 1789 3728 Abrahae
1803 3669 2028 3742 gremio

393 3765 693 3833 conlocati,
721 3766 835 3821 illic
848 3783 1044 3838 poenas
1060 3767 1310 3822 evadant
1325 3766 1646 3822 inferorum
1663 3768 1721 3820 et
1741 3779 2026 3821 resurrec-

395 3858 566 3914 tionis
576 3863 841 3932 tempore
853 3861 1092 3915 coetibus
1103 3877 1202 3915 eos
1222 3859 1640 3930 sociarijubeas
1661 3859 2025 3930 angelorum.

1055 3939 1135 3990 Ad
1157 3953 1362 4002 pacem.

465 4013 634 4080 Deus,
656 4011 753 4083 qui
765 4011 1019 4067 caritatis
1035 4029 1095 4065 es
1110 4015 1328 4080 auctor,
1346 4013 1403 4066 et
1422 4027 1580 4082 purae
1600 4009 1756 4081 pacis
1773 4025 1838 4064 ac
1852 4009 2026 4064 dilec-

393 4104 566 4160 tionis
577 4107 824 4173 amator,
842 4105 1063 4176 suscipe
1077 4103 1440 4160 offerentium
1455 4103 1828 4169 oblationem,
1843 4105 1900 4156 et
1911 4119 2030 4157 om-

396 4198 556 4254 nium
591 4198 956 4254 inﬁrmorum
977 4197 1432 4254 Christianoram
1447 4195 2024 4266 sanalanguoresill.,

393 4309 505 4364 quo
531 4294 589 4348 te
612 4291 940 4348 medicante
963 4292 1206 4346 salutem
1229 4290 1528 4362 recipiant,
1563 4291 1621 4344 et
1655 4289 1768 4344 tuis
1797 4305 2030 4360 semper

391 4385 515 4441 sani
521 4385 876 4456 jussionibus
888 4389 1227 4457 appareant.
1244 4384 1304 4439 Id
1325 4383 1574 4456 denique
1589 4382 1867 4439 obnoxius
1879 4398 2028 4454 quee-

391 4496 474 4546 so,
489 4482 552 4533 ut
567 4496 772 4534 omnes
782 4481 940 4534 metu
954 4478 1204 4547 territos,
1223 4478 1421 4550 inopia
1433 4475 1696 4543 afﬂictos,
1709 4475 2025 4531 tribulatio—
2041 4515 2102 4588 D

391 4589 464 4626 ne
477 4575 727 4642 vexatos,
747 4571 964 4627 morbis
977 4573 1231 4640 obrutos,
1247 4570 1538 4644 suppliciis
1549 4569 1794 4640 deditos,
1817 4568 2024 4649 debitis

393 4665 696 4736 obligatos,
721 4665 781 4719 in
811 4665 1138 4737 captivitate
1161 4669 1218 4720 et
1239 4662 1709 4737 peregrinatione
1743 4661 2024 4718 constitu-

394 4761 502 4826 tos,
517 4760 750 4812 cunctos
761 4757 1124 4829 indulgentia
1135 4761 1248 4812 tuas
1259 4757 1490 4829 pietatis
1503 4756 1777 4824 absolvat,
1795 4772 2024 4812 morum

393 4849 801 4906 emendatione
842 4852 1076 4919 relevet,
1103 4853 1160 4905 et
1184 4851 1476 4906 miseratio
1513 4849 1853 4922 quotidiana
1885 4865 2023 4904 con-

392 4947 601 5001 foveat.

1043 5015 1378 5066 Contestatio.

464 5088 606 5142 Vere
635 5087 877 5158 dignum
901 5091 960 5142 et
971 5086 1191 5158 justum
1209 5090 1313 5154 est,
1341 5086 1712 5159 omnipotens
1736 5086 1905 5153 Deus,
1923 5100 2026 5156 per

392 5179 680 5236 Christum
709 5180 1018 5237 Dominum
1049 5183 1332 5237 nostrum.
1363 5181 1574 5236 Verum
1604 5178 1938 5251 pontiﬁcem
1969 5180 2027 5234 et

392 5274 579 5329 solum
595 5273 716 5328 sine
733 5273 953 5346 peccati
969 5275 1197 5330 macula
1215 5273 1604 5340 sacerdotem;
1629 5288 1732 5344 per
1752 5287 1926 5343 quem
1944 5273 2024 5339 te,

393 5371 610 5423 aeterne
637 5369 806 5424 Pater
835 5370 891 5423 et
919 5368 1186 5439 Domine,
1217 5367 1555 5425 omnimoda
1574 5365 1898 5421 intentione
1924 5363 2023 5418 de-

391 5477 588 5533 posco,
620 5464 684 5516 ut
709 5461 1064 5518 oblationem
1094 5463 1265 5531 hanc,
1293 5477 1468 5534 quam
1496 5477 1601 5533 pro
1637 5457 1872 5515 famulis
1913 5457 2026 5512 tuis

393 5554 690 5610 offerimus
717 5555 820 5622 ill.,
851 5555 1104 5627 benigne
1137 5555 1432 5628 suscipias,
1466 5552 1876 5626 angrotantium
1903 5567 2024 5606 me-

393 5649 606 5704 dellam
631 5648 892 5704 sanitatis
921 5649 1242 5720 impertias,
1271 5650 1461 5703 locum
1491 5647 1632 5702 lucis
1658 5650 1716 5702 et
1737 5644 2026 5719 refrigerii

393 5741 698 5796 animabus
727 5741 1131 5796 defunctorum
1159 5740 1218 5795 in
1247 5757 1389 5811 pace
1415 5740 1629 5796 vocatis
1662 5741 1900 5808 tribuas,
1929 5755 2028 5794 no-

465 5855 488 5882 "
518 5854 701 5925 Super
730 5856 879 5909 hanc
909 5870 1104 5910 vocem
1130 5854 1342 5942 legitur
1365 5855 1527 5912 Levin
1551 5854 1724 5924 Atrei.
1825 5899 1834 5906 .

2134 482 2288 538 laxes
2317 485 2376 538 et
2399 484 2635 555 peccata
2665 481 2952 550 dimittas;
2979 481 3266 556 simulque
3299 481 3559 540 oratione
3590 499 3754 540 exau-

2135 577 2277 644 dias,
2308 581 2366 632 et
2389 577 2602 650 ubique
2632 594 2740 634 nos
2767 577 3128 650 protegendo
3158 576 3446 634 custodias
3477 595 3492 633 :
3525 581 3591 633 ut
3616 579 3757 635 eruti

2133 670 2570 727 adversitatibus
2589 670 2812 742 mundi,
2845 671 2936 727 hic
2967 674 3026 728 et
3052 671 3113 726 in
3139 673 3420 727 aeternum
3451 671 3758 728 sanctiﬁca-

2134 763 2196 832 ti,
2227 767 2284 820 te
2313 765 2731 822 incessabiliter
2760 781 2892 821 cum
2915 765 3134 837 angelis
3159 767 3218 822 et
3235 765 3600 838 archangelis
3624 783 3753 822 con-

2134 859 2434 914 laudemus
2452 859 2534 915 ita
2561 859 2836 929 dicentes,
2859 860 3118 916 Sanctus.

2741 975 2901 1017 HISSA
2938 976 3127 1018 νοτινΑ
3137 1001 3150 1016 ο

2423 1038 2650 1102 Epistola
2683 1040 2827 1091 Pauli
2852 1041 3073 1104 apostoli
3095 1040 3162 1092 ad
3185 1041 3462 1092 Romanos.

2203 1113 2448 1181 Fratres,
2463 1113 2699 1169 obsecro
2719 1130 2819 1169 vos
2833 1130 2939 1186 per
2957 1113 3269 1170 Dominum
3291 1118 3553 1170 nostrum
3567 1116 3754 1172 Iesum

2131 1206 2420 1262 Christum
2451 1210 2510 1262 et
2536 1223 2640 1278 per
2663 1207 2960 1263 caritatem
2983 1207 3228 1280 Spiritus
3254 1208 3456 1277 sancti,
3489 1211 3555 1264 ut
3595 1209 3752 1281 adju-

2129 1300 2272 1355 vetis
2295 1317 2388 1358 me
2413 1299 2474 1356 in
2505 1301 2861 1357 orationibus
2889 1318 2995 1374 pro
3023 1319 3118 1357 me
3146 1302 3220 1357 ad
3244 1303 3579 1372 Dominum,
3611 1307 3672 1358 ut
3698 1304 3761 1359 li-

2128 1395 2297 1450 berer
2321 1395 2394 1450 ab
2414 1394 2741 1450 inﬁdelibus
2769 1395 2869 1467 qui
2895 1398 3030 1450 sunt
3066 1395 3125 1450 in
3157 1395 3374 1464 Iudaea,
3405 1399 3464 1450 et
3501 1397 3760 1469 obsequii

2127 1487 2244 1543 mei
2265 1488 2499 1557 oblatio,
2526 1491 2761 1560 accepta
2777 1489 2880 1544 ﬁat
2906 1488 3304 1562 Hierusolyma
3331 1490 3562 1559 sanctis,
3590 1494 3655 1546 ut
3670 1507 3760 1547 ve-

2129 1581 2288 1636 niam
2306 1581 2379 1637 ad
2403 1599 2502 1637 vos
2526 1599 2632 1654 per
2659 1583 3015 1638 voluntatem
3045 1583 3166 1651 Dei,
3189 1586 3254 1638 ut
3277 1583 3589 1655 refrigerer
3611 1583 3757 1640 vobi-

2127 1692 2308 1731 scum.
2339 1675 2488 1730 Deus
2517 1677 2713 1730 autem
2739 1675 2896 1747 pacis
2924 1676 2996 1731 sit
3025 1693 3158 1732 cum
3198 1676 3466 1732 omnibus
3498 1677 3675 1732 vobis.

2334 1773 2508 1825 Lectio
2535 1773 2701 1825 sancti
2727 1774 3000 1840 Evangelii
3028 1774 3318 1825 secundum
3345 1776 3557 1826 Lucam.

2198 1857 2480 1926 Tempore
2499 1853 2619 1922 illo,
2635 1855 3078 1926 perambulabat
3097 1855 3374 1912 Dominus
3391 1855 3566 1912 Iesus
3579 1856 3761 1912 Hieri-

2129 1949 2258 2016 cho,
2288 1952 2346 2003 et
2377 1965 2505 2003 ecce
2527 1947 2614 2002 vir
2638 1947 2880 2004 nomine
2901 1949 3222 2017 Zacchaaus,
3249 1954 3308 2004 et
3336 1950 3428 2004 hic
3452 1953 3580 2006 erat
3610 1950 3765 2022 prin-

2130 2059 2264 2114 ceps
2283 2041 2745 2114 publicanorum,
2767 2045 2824 2096 et
2844 2041 2964 2113 ipse
2979 2042 3136 2098 dives
3155 2060 3168 2098 :
3189 2046 3247 2098 et
3263 2043 3763 2115 queerebatIesum

2130 2136 2323 2191 videre
2351 2135 2478 2208 quis
2505 2139 2672 2202 esset,
2693 2139 2750 2190 et
2769 2152 2888 2192 non
2913 2139 3144 2207 poterat
3161 2153 3282 2208 pra:
3293 2137 3480 2206 turba,
3505 2137 3643 2209 quia
3657 2141 3769 2194 sta-

2133 2234 2260 2285 tura
2285 2229 2522 2301 pusillus
2547 2232 2690 2285 erat.
2731 2230 2800 2284 Et
2828 2245 3188 2301 praecurrens
3223 2230 3482 2286 ascendit
3507 2231 3568 2286 in
3594 2231 3765 2287 arbo-

2131 2341 2258 2380 rem
2296 2325 2666 2397 sycimorum,
2698 2327 2762 2379 ut
2794 2325 3016 2380 videret
3053 2325 3242 2394 ﬂium,
3288 2326 3424 2398 quia
3464 2325 3602 2381 inde
3643 2331 3774 2382 erat

2131 2417 2492 2474 transiturus.
2534 2419 2604 2474 Et
2637 2435 2770 2474 cum
2811 2418 3060 2474 venisset
3091 2419 3167 2475 ad
3195 2420 3405 2487 locum,
3445 2419 3766 2492 suscipiam

2129 2515 2288 2569 Iesus
2318 2512 2461 2568 vidit
2484 2512 2666 2579 illum,
2708 2516 2767 2567 et
2805 2511 2946 2567 dixit
2986 2513 3059 2567 ad
3099 2529 3235 2568 eum
3262 2530 3276 2568 :
3299 2513 3586 2583 Zacchaae,
3615 2513 3772 2569 festi-

2133 2623 2278 2662 nans
2307 2606 2612 2674 descende,
2645 2605 2781 2677 quia
2805 2605 2977 2662 hodie
2999 2605 3058 2660 in
3080 2606 3256 2662 domo
3285 2610 3384 2661 tua
3413 2609 3646 2678 oportet
3671 2624 3770 2662 me

2133 2717 2392 2756 manere.
2421 2701 2492 2754 Et
2512 2698 2792 2754 festinans
2805 2699 3122 2766 descendit,
3145 2703 3203 2754 et
3213 2700 3435 2772 excepit
3448 2701 3613 2755 illum
3634 2717 3775 2772 gau-

2133 2795 2293 2849 dens.
2323 2795 2536 2848 Etcum
2553 2793 2818 2848 viderent
2837 2809 3062 2863 omnes,
3088 2793 3554 2862 murmurabant,
3578 2795 3776 2850 dicen-

2131 2892 2236 2955 tes,
2267 2887 2422 2960 quod
2435 2887 2506 2942 ad
2527 2887 2830 2942 hominem
2841 2890 3208 2958 peccatorem
3238 2887 3582 2944 divertisset.
3599 2889 3776 2944 Stans

2132 2984 2325 3036 autem
2347 2981 2647 3036 Zacchasus
2667 2980 2812 3036 dixit
2831 2980 2906 3035 ad
2932 2980 3244 3036 Dominum
3261 2998 3273 3036 :
3288 2983 3429 3036 Ecce
3461 2982 3773 3038 dimidium

2130 3076 2418 3130 bonorum
2444 3091 2732 3143 meorum,
2754 3074 3018 3143 Domine,
3044 3074 3118 3130 do
3139 3075 3506 3146 pauperibus,
3532 3079 3592 3131 et
3617 3076 3666 3132 si
3682 3078 3772 3132 cui

2049 3143 2106 3218 Ο
2131 3168 2347 3240 aliquid
2373 3168 2730 3236 defraudavi,
2754 3167 2938 3223 reddo
2953 3143 3470 3240 quadruplum.Ait
3489 3169 3776 3226 Dominus

2130 3263 2203 3318 ad
2231 3279 2384 3330 eum,
2427 3261 2563 3334 quia
2593 3261 2766 3317 hodie
2797 3263 2950 3317 salus
2975 3261 3172 3318 domui
3213 3263 3344 3318 huic
3375 3263 3529 3318 facta
3561 3267 3671 3332 est,
3701 3281 3770 3320 eo

2130 3356 2284 3426 quod
2315 3357 2374 3410 et
2403 3355 2522 3426 ipse
2549 3355 2698 3410 ﬁlius
2727 3358 2814 3410 est
2837 3355 3284 3436 Abrahm.Venit
3308 3355 3464 3410 enim
3491 3356 3645 3411 ﬁlius
3665 3358 3769 3413 ho-

2129 3448 2302 3503 minis
2323 3465 2600 3520 quasrere,
2634 3451 2694 3502 et
2725 3449 2943 3503 salvum
2974 3449 3164 3504 facere
3190 3448 3346 3520 quod
3372 3448 3649 3520 perierat.

2732 3561 2932 3603 INCIPIT
2969 3561 3150 3603 MISSA.
3433 3619 3442 3630 ο

2200 3640 2478 3696 Exultatio
2493 3639 2704 3708 divina,
2727 3643 2970 3711 paterna
2982 3638 3460 3711 pietas,inmensa
3471 3641 3760 3712 majestas,

2128 3737 2185 3789 te
2207 3733 2510 3805 supplices,
2527 3737 2847 3788 trementes
2873 3733 3109 3804 quidem
3129 3748 3436 3804 precamur
3463 3750 3572 3804 pro
3605 3749 3759 3788 servo

2127 3830 2228 3882 tuo
2251 3827 2353 3893 ill.,
2384 3829 2448 3880 ut
2473 3826 2574 3881 des
2603 3825 2676 3900 ei,
2709 3826 2976 3894 Domine,
3008 3828 3269 3880 mentem
3299 3842 3530 3898 puram,
3560 3827 3762 3881 carita-

2127 3924 2247 3975 tem
2287 3920 2628 3991 perfectam,
2661 3919 2719 3974 in
2757 3919 2980 3974 actibus
3024 3918 3441 3987 sinceritatem,
3483 3919 3544 3974 in
3593 3918 3763 3975 corde

2128 4013 2460 4086 puritatem,
2484 4012 2543 4066 in
2563 4029 2739 4084 opere
2755 4013 3046 4080 virtutem,
3071 4012 3131 4066 in
3153 4012 3596 4068 necessitatibus
3615 4011 3768 4068 forti-

2127 4105 2410 4175 tudinem,
2443 4105 2502 4160 in
2524 4105 2780 4160 moribus
2804 4105 3169 4176 disciplinam
3195 4108 3286 4171 ;et
3305 4105 3460 4177 quod
3481 4122 3588 4178 pro
3604 4104 3769 4176 justi-

2127 4199 2221 4254 tiaa
2241 4201 2352 4253 tuae
2371 4197 2598 4267 timore,
2618 4198 2846 4271 integra
2866 4201 3062 4252 mente
3087 4197 3504 4266 veldevotionc
3516 4214 3619 4270 pro
3640 4198 3765 4268 ipso

2125 4291 2226 4347 tibi
2257 4291 2572 4359 offerimus,
2597 4290 2830 4363 pietatis
2856 4293 2972 4346 tuae
2999 4290 3318 4346 obtinenda
3357 4295 3681 4363 cognoscat.

2803 4384 3014 4434 Secreta
3041 4383 3088 4432 ιι.

2197 4458 2494 4524 lteramus,
2533 4455 2905 4528 omnipotens
2948 4457 3116 4522 Deus,
3151 4454 3612 4528 deprecationem
3651 4471 3763 4508 no-

2125 4553 2302 4605 stram
2323 4552 2457 4605 ante
2473 4551 2845 4622 conspectum
2864 4548 3182 4620 majestatis
3197 4551 3332 4616 tuae,
3352 4565 3528 4621 quem
3544 4547 3759 4620 specia-

2123 4643 2258 4698 liter
2281 4659 2386 4714 pro
2409 4643 2625 4698 famulo
2658 4645 2756 4697 tuo
2778 4641 2856 4697 ill.
2887 4641 3240 4698 oblationem
3265 4658 3372 4714 pro
3395 4641 3634 4714 peccatis
3661 4641 3759 4695 vel

2125 4758 2230 4814 pro
2257 4741 2462 4797 auxilio
2485 4740 2608 4813 ejus
2639 4738 2953 4808 offerimus,
2984 4742 3119 4795 vota
3139 4738 3422 4810 perﬁcias.
3448 4738 3760 4795 Petitiones

2126 4835 2249 4907 ejus
2275 4833 2590 4890 ascendant
2609 4833 2684 4889 ad
2695 4849 2863 4888 aures
2876 4832 3198 4888 clementiae
3209 4835 3346 4898 tuae,
3370 4836 3428 4887 et
3449 4831 3762 4887 descendat

2125 4944 2298 5000 super
2323 4943 2458 4982 eum
2481 4927 2576 4999 pia
2601 4925 2928 4982 benedictio
2949 4929 3068 4996 tua;
3095 4929 3154 4982 ut
3177 4925 3282 4980 sub
3309 4925 3514 4980 umbra
3533 4926 3756 4980 alarum

2125 5023 2355 5076 tuarum
2378 5021 2438 5075 in
2462 5019 2732 5075 omnibus
2760 5021 3118 5092 protegatur,
3145 5021 3203 5074 et
3222 5018 3517 5074 orationes
3546 5019 3760 5072 nostra

2124 5117 2182 5170 te
2207 5113 2562 5186 propiciante
2583 5129 2688 5184 pro
2718 5111 2840 5185 ipso
2877 5129 2993 5166 non
3035 5112 3363 5167 refutentur
3389 5128 3424 5166 a
3452 5113 3767 5182 conspectu

2125 5207 2354 5280 pietatis
2384 5210 2515 5274 tuas,
2543 5205 2644 5260 sed
2679 5205 2736 5260 in
2769 5205 3036 5261 omnibus
3063 5204 3116 5260 ei
3153 5204 3414 5260 auxiliari
3454 5208 3615 5276 atque
3645 5201 3760 5259 de-

2127 5300 2365 5356 fendere
2397 5298 2670 5372 digneris.

2776 5367 3108 5421 Contestatio.

2197 5457 2338 5511 Vere
2353 5455 2595 5527 dignum
2613 5459 2671 5510 et
2679 5455 2900 5527 justum
2912 5457 3016 5522 est,
3032 5453 3402 5525 omnipotens
3412 5455 3574 5520 Deus,
3591 5450 3773 5522 cujus

2127 5549 2390 5624 potentia
2401 5548 2768 5621 deprecanda
2780 5552 2885 5616 est,
2900 5545 3298 5602 misericordia
3310 5545 3618 5612 adoranda,
3630 5545 3777 5616 pie-

2127 5647 2214 5700 tas
2241 5641 2668 5716 amplectenda.
2704 5641 2843 5707 Quis
2870 5641 3025 5696 enim
3061 5640 3355 5713 disputare
3375 5639 3582 5713 poterit
3606 5654 3780 5709 opus

2128 5737 2564 5809 omnipotentiae
2583 5739 2717 5803 tuae,
2743 5753 2848 5790 nec
2877 5751 3046 5790 aures
3071 5734 3373 5789 hominum
3404 5733 3614 5798 audire,
3641 5747 3776 5786 nec

2198 5854 2226 5896 δ
2253 5854 2379 5911 Haec
2411 5853 2647 5928 propius
2671 5852 2746 5910 ad
2774 5851 2952 5910 ritum
2973 5852 3324 5923 Romanum,
3362 5849 3578 5910 omissis
3614 5863 3776 5904 ora-
