4036 6188
225 302 318 358 541

862 301 1469 358 SACRAMENTARIUM
1506 298 1949 357 GALLICANUM.
1994 328 2059 340 —-
2101 301 2463 356 LECTIONES
2499 300 2942 369 QUOTIDIANIE.

3476 303 3574 358 842

217 411 280 470 in
308 427 404 466 cor
425 408 669 468 hominis
705 407 1044 467 adscendere
1065 452 1078 479 ,
1107 426 1211 466 nec
1254 409 1500 466 stimatio
1544 409 1842 467 hominum
1864 418 1923 496 Α
1941 408 2020 467 ill.
2051 407 2386 467 oblationem
2417 409 2720 482 dignanter
2747 408 3004 482 accipias,
3037 411 3093 466 et
3117 406 3178 468 in
3201 408 3324 482 ejus
3350 408 3578 467 humili-

215 507 422 580 poterit
447 505 718 574 invenire,
748 510 956 577 quanta
981 505 1053 560 sit
1079 505 1258 578 pietas
1283 505 1686 562 misericordiae
1710 509 1840 576 tuae,

212 607 494 675 quantum
537 617 824 674 praeparas
863 600 1064 655 sanctis
1112 605 1168 656 et
1218 601 1411 656 electis
1457 601 1587 656 tuis.
1635 601 1738 656 Sed
1783 602 1843 656 in

211 702 492 771 quantum
531 713 828 768 possumus
870 695 1085 764 miseri,
1126 695 1310 751 territi
1338 695 1567 768 quidem
1595 695 1664 751 de
1706 711 1840 750 con-

211 792 470 861 scientia,
499 791 595 846 sed
624 791 722 846 ﬁdi
747 792 817 846 de
843 795 938 846 tua
962 790 1381 860 misericordia,
1417 789 1641 845 veniam
1669 790 1840 845 mise-

210 887 467 955 rationis,
499 892 554 941 et
579 886 867 957 refugium
901 885 1269 956 postulantes,
1296 890 1464 956 atque
1504 885 1562 939 in
1588 901 1839 940 comme-

207 980 528 1036 moratione
570 984 894 1034 sanctorum
938 984 1166 1033 tuorum
1222 979 1365 1034 Petri
1413 982 1468 1033 et
1521 979 1694 1049 Pauli,
1741 995 1843 1050 per

205 1091 458 1148 quorum
485 1074 747 1145 suffragia
775 1077 1062 1145 sperantes
1087 1073 1332 1141 veniam,
1352 1088 1654 1143 precamur
1676 1077 1741 1128 ut
1765 1072 1842 1126 fa-

205 1169 366 1225 mulo
392 1175 496 1224 tuo
525 1170 605 1224 ill.
636 1169 1026 1224 remissionem
1055 1167 1267 1222 tribuas
1294 1171 1674 1238 peccatorum,
1703 1183 1842 1238 Opus

201 1265 325 1335 ejus
367 1263 646 1335 perﬁcies,
679 1267 804 1317 vota
843 1262 1142 1317 condones.
1187 1263 1342 1315 Dona
1377 1261 1644 1332 idemque
1681 1277 1839 1316 servo

202 1364 298 1413 tuo
312 1357 396 1412 ill.
422 1357 897 1413 intercedentibus
918 1356 1122 1410 sanctis
1144 1355 1457 1410 remedium
1474 1355 1678 1409 anima:
1697 1373 1833 1424 suae,

199 1469 342 1524 quos
373 1452 747 1522 postulamus,
769 1455 831 1506 ut
849 1454 974 1504 vota
991 1449 1400 1505 desideriorum
1421 1449 1542 1520 ejus
1559 1450 1833 1520 perﬁcias.

200 1548 438 1614 Praesta,
471 1546 826 1616 omnipotens
874 1545 1038 1608 Deus,
1073 1543 1517 1615 supplicantibus
1554 1543 1715 1597 nobis
1748 1543 1836 1598 in-

197 1639 565 1711 dulgentiam
598 1638 926 1711 postulanti,
963 1637 1186 1692 veniam
1228 1638 1497 1708 poscenti.
1529 1641 1761 1709 Protege
1788 1637 1837 1692 ei

199 1750 418 1788 nomen
469 1733 568 1788 Dei
620 1734 807 1803 Jacob,
866 1732 1027 1787 mitte
1090 1732 1141 1787 ei
1192 1731 1470 1787 auxilium
1520 1733 1714 1787 salutis
1767 1733 1836 1787 de

198 1834 417 1896 sancto,
450 1833 507 1882 et
535 1828 602 1882 de
630 1828 762 1882 Sion
802 1831 864 1881 tu
891 1827 1045 1899 erige
1076 1843 1226 1881 eum.
1265 1828 1474 1882 Memor
1499 1832 1635 1896 esto,
1663 1827 1834 1882 mise-
1858 1799 1913 1870 B

196 1926 372 1979 ricors
406 1925 576 1991 Deus,
621 1922 957 1976 sacriﬁcium
1007 1922 1147 1993 ejus,
1197 1926 1252 1977 et
1297 1922 1685 1976 holocaustum
1716 1922 1836 1991 ejus

196 2021 321 2072 ante
351 2023 724 2088 conspectum
751 2017 1008 2071 omnium
1024 2021 1348 2070 sanctorum
1377 2019 1606 2070 tuorum
1624 2015 1836 2087 pingue

198 2113 309 2168 ﬁat.
341 2114 458 2168 Per
483 2111 771 2167 Christum
798 2111 1104 2166 Dominum
1131 2115 1406 2165 nostrum.

821 2223 854 2259 li
863 2223 974 2260 ISSA
1012 2221 1202 2260 VOTIVA
1211 2247 1223 2259 ι

536 2286 709 2335 Lectio
743 2285 862 2334 libri
889 2283 1162 2348 Sapientiae
1194 2284 1502 2333 Salomonis.

264 2358 398 2428 Fili,
427 2358 469 2413 si
503 2357 637 2430 quid
672 2359 872 2413 vovisti
903 2360 1034 2427 Deo,
1078 2373 1149 2411 ne
1178 2357 1412 2411 moreris
1438 2357 1690 2412 reddere.
1715 2358 1831 2410 Dis-

195 2453 363 2524 plicet
399 2453 552 2508 enim
581 2453 631 2507 ei
657 2452 896 2507 inﬁdelis
913 2455 968 2506 et
995 2451 1164 2506 stulta
1184 2450 1479 2522 promissio
1503 2469 1516 2504 :
1544 2451 1637 2504 sed
1661 2451 1836 2522 quod-

194 2564 445 2618 cumque
487 2546 722 2617 voveris,
778 2547 971 2601 redde.
1027 2546 1309 2616 Multoque
1358 2544 1559 2598 melius
1595 2548 1678 2599 est
1719 2561 1834 2599 non

194 2656 420 2709 vovere,
454 2657 624 2711 quam
650 2645 781 2711 post
803 2644 998 2694 votum
1025 2638 1301 2710 promissa
1333 2654 1446 2692 non
1473 2631 1730 2692 reddere.
1758 2639 1833 2692 Ne

192 2734 420 2789 dederis
445 2751 507 2787 os
534 2739 720 2800 tuum,
753 2739 814 2788 ut
840 2751 1070 2805 peccare
1101 2733 1266 2786 facias
1295 2748 1523 2786 carnem
1547 2735 1721 2799 tuam,
1741 2748 1835 2785 ne-

191 2844 298 2899 que
329 2827 492 2882 dicas
531 2843 717 2881 coram
750 2828 950 2898 angelo
1003 2843 1015 2880 :
1065 2828 1183 2880 Non
1223 2830 1306 2879 est
1348 2824 1718 2896 providentia,
1761 2841 1834 2879 ne

189 2921 328 2976 forte
359 2920 541 2976 iratus
561 2923 707 2975 Deus
727 2937 898 2992 super
912 2936 1202 2975 sermones
1220 2923 1360 2987 tuos,
1386 2917 1616 2988 dissipet
1636 2923 1834 2971 cuneta

190 3031 366 3086 opera
385 3031 662 3068 manuum
673 3019 927 3068 tuarum.
947 3014 1045 3068 [ibi
1065 3013 1241 3067 multa
1256 3016 1388 3066 sunt
1401 3011 1637 3078 somnia,
1659 3011 1835 3083 pluri-

191 3126 277 3162 ma
290 3108 536 3177 vanitas,
557 3114 612 3162 et
630 3125 917 3162 sermones
942 3107 1245 3174 innumeri;
1271 3110 1325 3158 tu
1342 3123 1472 3159 vero
1485 3108 1660 3160 Deum
1670 3105 1828 3160 time.

403 3206 582 3255 Lectio
612 3205 777 3254 sancti
800 3205 1066 3268 Evangelii
1099 3203 1386 3253 secundum
1424 3205 1630 3252 Lucam.

262 3292 479 3346 Diebus
505 3292 634 3358 illis,
664 3291 804 3346 dixit
827 3293 981 3344 Jesus
1010 3308 1022 3344 :
1052 3291 1185 3354 Quis
1214 3295 1462 3344 vestrum
1491 3289 1662 3343 habet
1684 3288 1826 3342 ami-

192 3403 340 3454 cum,
362 3390 420 3440 et
437 3385 543 3439 ibit
556 3386 624 3438 ad
645 3385 801 3439 illum
832 3383 1017 3439 media
1037 3389 1220 3452 nocte,
1240 3389 1294 3438 et
1309 3384 1456 3438 dicet
1480 3383 1596 3436 illi:
1617 3382 1826 3448 Amice,

191 3480 491 3534 commoda
540 3478 680 3532 mihi
721 3483 832 3533 tres
876 3495 1070 3548 panes,
1117 3477 1385 3548 quoniam
1425 3476 1639 3530 amicus
1669 3492 1828 3529 meus

192 3573 342 3627 venit
371 3573 440 3627 de
477 3572 563 3626 via
595 3572 664 3626 ad
697 3588 807 3639 me,
839 3577 893 3626 et
920 3588 1033 3625 non
1061 3571 1241 3624 habeo
1280 3571 1429 3642 quod
1459 3586 1668 3641 ponam
1699 3572 1829 3622 ante

191 3667 377 3720 illum.
408 3668 476 3720 Et
503 3666 594 3720 ille
639 3666 861 3720 deiutus
906 3665 1248 3736 respondens
1287 3665 1434 3718 dicat
1467 3681 1480 3717 :
1526 3662 1648 3716 Noli
1686 3663 1829 3717 mihi

192 3761 472 3814 molestus
497 3775 636 3825 esse,
662 3759 781 3830 jam
811 3759 1017 3812 ostium
1049 3759 1298 3812 clausum
1327 3763 1428 3825 est,
1449 3760 1504 3811 et
1536 3755 1700 3826 pueri
1719 3757 1830 3810 mei

191 3870 419 3908 mecum
449 3859 582 3906 sunt
610 3853 665 3906 in
693 3853 897 3920 cubili,
929 3869 1043 3906 non
1069 3868 1298 3922 possum
1335 3866 1567 3922 surgere
1605 3853 1660 3903 et
1697 3851 1829 3904 dare

191 3947 308 4000 tibi.
341 3945 482 4000 Dico
507 3946 684 4014 vobis,
713 3945 814 4000 etsi
841 3961 954 3999 non
977 3945 1133 3999 dabit
1167 3944 1250 3998 illi
1289 3959 1548 4015 surgens,
1588 3960 1653 3998 eo
1679 3943 1830 4014 quod

188 4040 405 4094 amicus
438 4039 560 4109 ejus
585 4040 690 4107 sit;
735 4042 968 4110 propter
993 4037 1464 4108 inportunitatem
1487 4041 1679 4092 tamen
1709 4037 1830 4108 ejus

190 4137 410 4204 surget,
429 4137 485 4186 et
498 4133 652 4187 dabit
666 4132 748 4186 illi
773 4135 1053 4203 quotquot
1070 4132 1240 4186 habet
1254 4131 1615 4185 necessarios.
1640 4132 1706 4185 Et
1723 4147 1829 4201 ego

191 4227 346 4281 vobis
375 4227 501 4280 dico
536 4244 547 4280 :
579 4227 754 4280 Petite
783 4231 838 4280 et
863 4225 1088 4279 dabitur
1111 4224 1285 4292 vobis,
1324 4225 1562 4296 quaerite
1590 4229 1646 4279 et
1671 4223 1826 4279 inve-

191 4321 380 4388 nietis,
394 4320 616 4391 pulsate
629 4325 684 4374 et
694 4319 980 4390 aperietur
998 4318 1175 4374 vobis.
1193 4317 1387 4373 Omnis
1400 4317 1550 4371 enim
1573 4317 1670 4388 qui
1689 4317 1831 4388 petit

190 4413 414 4484 accipit,
445 4417 502 4467 et
530 4413 626 4484 qui
654 4413 860 4485 quaerit
889 4411 1104 4487 invenit
1121 4454 1134 4481 ,
1167 4416 1222 4466 et
1246 4411 1491 4483 pulsanti
1519 4411 1826 4481 aperietur.

807 4522 999 4560 INCIPIT
1041 4522 1211 4561 MISSA.

262 4600 514 4670 Suscipe,
541 4600 792 4668 Domine,
817 4599 1180 4670 supplicantis
1201 4598 1347 4652 servi
1366 4597 1449 4652 tui
1474 4596 1555 4651 ill.
1577 4595 1832 4651 votivum

192 4693 291 4747 tibi
323 4710 535 4749 munus
564 4693 838 4759 oblatum,
872 4696 928 4747 et
950 4691 1248 4763 multiplici
1278 4691 1468 4745 fenore
1499 4689 1827 4761 gratiarum,

192 4792 251 4840 ut
276 4803 407 4858 qua:
441 4791 493 4840 te
523 4785 860 4840 ﬁdelissimis
888 4786 1028 4840 votis
1055 4785 1215 4856 petit,
1241 4788 1301 4838 tu
1329 4784 1402 4853 ei,
1432 4783 1704 4855 piissime,
1729 4783 1831 4838 mi-

194 4884 450 4934 seranter
474 4879 728 4951 indulge.

901 4951 1126 4999 Secreta.

260 5037 568 5092 Redemtor
600 5034 674 5106 [et
702 5034 938 5104 naturae]
972 5035 1240 5088 humanae
1270 5031 1535 5086 conditor
1562 5032 1726 5101 Deus,
1761 5032 1829 5086 da

191 5135 250 5184 ut
281 5147 478 5185 servus
503 5134 633 5184 tuus
662 5129 738 5183 ill.
768 5134 894 5183 vota
914 5128 1273 5200 adipiscatur,
1298 5131 1354 5181 et
1380 5125 1682 5197 impetrare
1713 5142 1828 5180 me-

193 5229 306 5280 reat
317 5242 384 5279 ur
411 5224 561 5297 quod
588 5226 834 5294 exeptat.

834 5300 1171 5351 Contestatio.

250 5387 393 5439 Vere
421 5386 659 5456 dignum
682 5387 738 5438 et
759 5382 974 5453 justem
1004 5385 1106 5449 est,
1139 5381 1494 5453 omnipotens
1523 5379 1688 5444 Deus,
1724 5392 1827 5447 per

189 5478 473 5532 Christum
507 5477 816 5531 Dominum
838 5480 1116 5531 nostrum.
1155 5475 1261 5539 Qui
1300 5474 1466 5529 nobis
1491 5476 1684 5526 votum
1713 5486 1825 5541 quo

189 5571 426 5641 placaris
453 5571 713 5642 inspiras,
747 5573 802 5625 et
829 5569 1012 5624 votiva
1039 5586 1140 5624 nos
1164 5567 1528 5639 inspiratione
1556 5579 1822 5620 remune-

192 5681 299 5727 ras,
331 5670 382 5718 te
409 5665 765 5720 obsecramus
792 5664 1029 5737 supplici
1061 5681 1246 5736 prece,
1299 5666 1360 5716 ut
1395 5661 1540 5716 hanc
1567 5658 1708 5715 servi
1736 5658 1818 5712 tui

1854 3171 1908 3245 C

1945 507 2115 561 tatem
2141 505 2418 573 intendas,
2449 511 2678 576 peccata
2719 505 2935 574 deleas,
2964 502 3275 561 orationem
3303 505 3572 578 accipias;

1941 604 2007 655 ut
2031 600 2300 656 liberatus
2328 600 2397 654 ab
2426 599 2581 653 omni
2617 599 2983 669 adversitate,
3012 604 3068 654 et
3098 600 3189 654 hic
3226 605 3280 655 et
3321 600 3380 654 in
3408 605 3575 655 aeter-

1942 711 2082 749 num
2095 695 2450 766 justiﬁcatus,
2476 711 2606 748 cum
2630 694 2846 766 angelis
2882 694 3002 751 sine
3030 693 3141 749 ﬁne
3158 694 3458 752 conlaudet
3489 694 3573 750 di-

1942 805 2073 844 cens
2108 806 2119 844 :
2155 789 2411 844 Sanctus.
3401 777 3434 808 ⁹

2466 877 2590 916 ῙΤΕΜ
2632 876 2787 916 ΜΙΒΒΔ
2826 878 3036 918 νοΤΙνΑ.

2239 949 2468 1013 Epistola
2487 949 2630 999 Pauli
2654 950 2876 1012 apostoli
2903 949 2966 999 ad
2993 952 3266 1001 Romanos.

2013 1031 2253 1099 Fratres,
2276 1047 2651 1103 quaecumque
2673 1031 2826 1086 enim
2843 1032 3053 1104 scripta
3072 1037 3223 1101 sunt,
3237 1033 3308 1090 ad
3321 1036 3569 1090 nostram

1942 1124 2260 1179 doctrinam
2287 1125 2495 1196 scripta
2515 1129 2666 1194 sunt,
2694 1129 2755 1180 ut
2774 1143 2877 1197 per
2899 1127 3232 1198 patientiam
3251 1130 3307 1183 et
3331 1128 3578 1184 consola-

1940 1219 2154 1274 tionem
2180 1219 2598 1290 Seripturarum
2641 1237 2798 1290 spem
2837 1221 3166 1276 habeamus.
3199 1224 3344 1277 Deus
3380 1227 3571 1279 autem

1939 1312 2224 1384 patientiae
2253 1317 2309 1367 et
2333 1313 2515 1367 solatii
2549 1314 2642 1368 det
2665 1314 2822 1368 vobis
2848 1314 2904 1368 id
2926 1314 3115 1386 ipsum
3135 1332 3331 1388 sapere
3358 1317 3418 1371 in
3443 1317 3577 1371 alte-

1939 1410 2163 1461 rutrum
2189 1407 2502 1462 secundum
2513 1408 2703 1461 Jesum
2717 1408 3022 1477 Christum,
3043 1414 3106 1464 ut
3122 1409 3441 1465 unianimes
3460 1426 3575 1465 uno

1940 1517 2036 1556 ore
2057 1500 2438 1555 honoriﬁcetis
2469 1503 2650 1556 Deum
2676 1506 2731 1557 et
2757 1504 2982 1558 Patrem
3009 1503 3228 1558 Domini
3245 1504 3427 1558 nostri
3446 1505 3572 1558 Jesu

1939 1594 2164 1650 Christi.
2210 1596 2444 1664 Propter
2485 1595 2638 1666 quod
2689 1597 2952 1667 suscipite
3007 1598 3268 1667 invicem,
3323 1597 3466 1652 sicut
3519 1602 3573 1653 et

1936 1689 2189 1744 Christus
2216 1687 2460 1758 suscepit
2483 1705 2583 1743 vos
2609 1689 2667 1743 in
2696 1691 2911 1746 honore
2938 1692 3056 1747 Dei.

2148 1779 2322 1830 Lectio
2351 1781 2518 1830 sancti
2543 1782 2808 1845 Evangelii
2831 1783 3118 1834 secundum
3149 1787 3360 1834 Lucam.

2010 1869 2068 1921 In
2113 1867 2211 1920 illo
2248 1870 2524 1936 tempore,
2575 1867 2851 1922 Dominus
2893 1873 3084 1924 noster
3125 1871 3280 1925 Jesus
3319 1869 3574 1926 Christus

1936 1976 2064 2014 cum
2093 1959 2602 2031 adpropinquasset
2628 1961 2908 2027 Hiericho,
2937 1954 3118 2017 caicus
3143 1963 3376 2034 quidam
3407 1964 3566 2019 sede-

1934 2053 2029 2107 bat
2057 2069 2214 2108 secus
2239 2053 2387 2107 viam
2432 2054 2779 2110 mendicans.
2816 2057 2884 2110 Et
2921 2073 3051 2110 cum
3089 2057 3309 2112 audiret
3348 2058 3572 2112 turbam

1934 2149 2399 2219 praetereuntem,
2427 2148 2813 2220 interrogabat
2832 2148 2971 2220 quid
2991 2151 3096 2204 hoc
3118 2155 3280 2206 esset.
3302 2151 3575 2206 Dixerunt

1933 2245 2123 2295 autem
2153 2241 2205 2296 ei
2235 2242 2386 2313 quod
2415 2243 2575 2298 Jesus
2624 2244 2940 2298 Nazarenus
2968 2245 3252 2300 transiret.
3302 2245 3573 2300 Clamavit

1935 2335 2125 2389 dicens
2156 2353 2168 2389 :
2197 2337 2326 2390 Jesu
2357 2335 2437 2390 ﬁli
2464 2337 2666 2405 David,
2697 2337 2963 2392 miserere
2994 2338 3126 2393 mei.
3161 2340 3229 2394 Et
3264 2339 3362 2411 qui
3395 2339 3567 2410 praei-

1934 2429 2070 2484 bant
2093 2429 2464 2500 increpabant
2487 2431 2538 2485 ei
2563 2435 2627 2485 ut
2651 2435 2878 2486 taceret.
2921 2434 3042 2502 Ipse
3074 2449 3204 2486 vero
3235 2433 3414 2488 multo
3443 2448 3566 2487 ma-

1936 2522 2020 2594 gis
2045 2523 2319 2578 clamabat
2343 2541 2356 2578 :
2383 2525 2484 2579 Fili
2507 2524 2696 2594 David,
2718 2525 2987 2580 miserere
3017 2525 3151 2581 mei.
3184 2527 3346 2582 Stans
3380 2530 3571 2582 autem

1932 2617 2089 2670 Jesus
2103 2617 2272 2687 jussit
2298 2634 2430 2672 eum
2448 2618 2650 2673 adduci
2668 2619 2738 2673 ad
2759 2635 2837 2674 se.
2876 2621 2942 2675 Et
2974 2637 3105 2674 cum
3125 2621 3569 2692 adpropinquas-

1933 2715 2036 2778 set,
2066 2710 2451 2782 interrogabat
2479 2728 2612 2766 eum
2637 2712 2827 2766 dicens
2859 2730 2872 2766 :
2913 2713 3057 2776 Quid
3083 2713 3184 2768 tibi
3208 2713 3291 2767 vis
3324 2713 3522 2768 faciam
3541 2716 3569 2767 ἲ

1932 2807 2001 2858 At
2025 2803 2120 2858 ille
2147 2803 2291 2858 dixit
2325 2823 2338 2858 :
2380 2805 2620 2860 Domine
2641 2847 2653 2870 ,
2685 2809 2748 2860 ut
2777 2805 3022 2860 videam.
3051 2808 3117 2861 Et
3143 2808 3299 2861 Jesus
3336 2808 3414 2861 ait
3440 2807 3521 2862 illi
3555 2825 3568 2861 ε

1933 2897 2185 2967 Respice,
2213 2897 2351 2951 tides
2378 2902 2475 2952 tua
2503 2902 2555 2952 te
2588 2899 2805 2953 salvum
2828 2899 2982 2954 fecit.
3011 2901 3079 2953 Et
3100 2900 3391 2955 confestim
3411 2900 3574 2968 vidit,

1931 2995 1987 3045 et
2033 2990 2372 3061 sequebatur
2415 2991 2572 3045 illum
2625 2992 2995 3064 magniﬁcans
3039 2993 3236 3048 Deum.
3293 2995 3358 3048 Et
3387 2993 3571 3048 omnis

1930 3087 2087 3158 plebs
2113 3092 2177 3142 ut
2201 3087 2360 3155 vidit,
2392 3089 2547 3143 dedit
2575 3090 2802 3144 laudem
2833 3092 2968 3145 Deo.

2543 3200 2738 3256 INCIPIT
2779 3201 2957 3240 IISSA.

2002 3276 2178 3330 Deum
2200 3277 2289 3330 cui
2315 3278 2632 3349 acceptiora
2655 3283 2785 3332 sunt
2808 3284 2936 3332 vota
2964 3279 3216 3336 ﬁdelium
3243 3297 3414 3351 quam
3445 3297 3565 3334 mu-

1930 3385 2085 3438 nera,
2141 3370 2338 3425 fratres
2395 3371 2685 3435 carissimi,
2741 3373 3021 3442 supplices
3072 3374 3456 3443 deprecemur,
3506 3377 3568 3426 ut

1929 3462 2075 3516 hanc
2101 3462 2444 3516 oblationem
2469 3463 2668 3516 famuli
2699 3464 2785 3518 sui
2829 3464 2908 3518 ill.
2964 3465 3266 3535 dignanter
3310 3464 3564 3535 accipiat.

1929 3555 2160 3609 Tribuat
2188 3560 2244 3610 et
2276 3572 2484 3627 magna
2510 3573 2614 3627 pro
2643 3557 2852 3628 parvis,
2882 3574 2984 3628 pro
3001 3557 3410 3629 temporalibus
3423 3575 3565 3629 prte-

1930 3648 2044 3702 mia
2091 3649 2454 3720 sempiterna.
2501 3650 2603 3704 Det
2646 3650 2696 3704 ei
2741 3651 3019 3706 auxilium
3063 3652 3178 3707 sive
3238 3651 3566 3724 praesidium

1933 3741 2128 3812 gratim
2158 3759 2295 3809 suae,
2324 3747 2390 3796 ut
2417 3745 2566 3815 quod
2593 3743 2886 3800 humiliter
2905 3745 3190 3817 implorat,
3214 3746 3448 3802 Domino
3463 3747 3567 3802 lar-

1935 3835 2140 3907 gicnte,
2171 3835 2456 3908 suscipiat.

2633 3908 2861 3959 Secreta.

2000 3978 2372 4050 Omnipotens
2395 3979 2777 4035 etmisericors
2805 3982 2968 4051 Deus,
2989 3982 3080 4038 cui
3095 3984 3352 4040 redditur
3369 3988 3562 4041 votum

1929 4071 1990 4126 in
2036 4072 2405 4140 Hierusalem,
2454 4074 2658 4129 exaudi
2702 4091 2897 4146 preces
2953 4077 3152 4132 famuli
3190 4079 3296 4147 tui,
3346 4096 3568 4134 memor

1929 4170 2045 4220 esto
2086 4166 2341 4220 sacriﬁcii
2387 4167 2496 4235 sui,
2551 4167 2690 4222 ﬁant
2731 4169 3052 4225 holocausta
3093 4188 3193 4225 sua
3239 4170 3494 4242 [pinguia
3525 4172 3559 4242 :l

1927 4251 2113 4306 tribue
2136 4257 2193 4307 et
2217 4252 2530 4308 devotionis
2561 4255 2824 4324 gratiam,
2850 4258 3068 4327 comple
3094 4257 3152 4311 in
3173 4257 3334 4312 bonis
3352 4258 3562 4313 deside—

1929 4344 2080 4398 rium
2106 4361 2291 4413 suum,
2315 4349 2372 4400 et
2390 4363 2598 4402 corona
2621 4363 2753 4402 eum
2776 4348 2834 4403 in
2856 4349 3260 4404 misericordia.
3283 4351 3422 4420 Tibi,
3453 4353 3562 4405 Do-

1929 4437 2103 4504 mine,
2117 4439 2343 4509 quando
2363 4439 2516 4494 ﬁdeli
2535 4440 2832 4497 devotione
2853 4442 3178 4512 famuletur,
3192 4443 3419 4515 ignosce
3432 4445 3559 4500 faci-

1850 4541 1909 4613 D
1932 4547 2089 4599 nera;
2102 4536 2239 4586 etne
2249 4531 2493 4601 lugenda
2510 4533 2848 4604 committat,
2865 4539 3098 4606 paterna
3110 4536 3317 4608 pietate
3333 4539 3561 4612 castiga.

2583 4625 2918 4677 Contestatio.

2003 4707 2140 4760 Vere
2165 4704 2405 4776 dignum
2441 4709 2496 4760 et
2513 4706 2735 4776 justum
2775 4713 2876 4778 est,
2926 4711 3284 4782 omnipotens
3314 4714 3477 4782 Deus,
3509 4718 3564 4770 te

1928 4799 2176 4868 laudare,
2203 4802 2258 4854 te
2284 4799 2654 4872 benedicere,
2686 4806 2855 4874 teque
2883 4804 3217 4875 gloriﬁcare,
3247 4812 3358 4862 tuae
3384 4808 3562 4878 maje-

1929 4893 2056 4948 stati
2082 4910 2146 4948 ac
2172 4893 2444 4948 voluntati
2463 4912 2683 4967 semper
2709 4897 3124 4970 obtemperare,
3146 4902 3205 4954 in
3231 4917 3343 4972 quo
3372 4905 3454 4956 est
3481 4918 3563 4956 sa-

1928 4987 2014 5041 lus
2042 4986 2300 5041 omnium
2332 4989 2694 5060 populorum.
2743 4990 2844 5045 Cui
2887 4992 3025 5046 Abel
3063 5009 3298 5048 munera
3339 4994 3560 5065 obtulit,

1928 5081 2018 5135 cui
2043 5081 2331 5136 Abraham
2357 5082 2750 5138 holocaustum
2780 5084 2980 5140 offerre
3002 5086 3268 5157 decrevit,
3289 5087 3379 5143 cui
3396 5089 3562 5145 Jacob

1926 5185 2120 5234 votum
2147 5179 2314 5248 vovit,
2343 5184 2399 5234 et
2427 5180 2691 5250 reddidit,
2740 5182 3028 5253 miserere,
3081 5185 3316 5242 Domine
3337 5229 3352 5258 ,
3402 5205 3562 5243 servo

1926 5277 2026 5327 tuo
2047 5272 2148 5342 ill.,
2174 5273 2270 5345 qui
2296 5273 2354 5328 in
2377 5273 2591 5329 honore
2613 5280 2934 5332 sanctorum
2949 5277 3028 5334 ill.
3049 5283 3308 5336 votorum
3327 5298 3562 5338 munera

1926 5367 2088 5422 oﬁ‘e‘rt
2117 5383 2218 5437 per
2247 5366 2513 5438 suffragia
2533 5368 2852 5424 orationum
2875 5377 3193 5430 sanctorum
3213 5380 3441 5431 tuorum
3467 5395 3480 5431 :
3504 5383 3560 5431 te

1924 5465 2302 5532 protectorem
2349 5476 2514 5515 suum
2556 5478 2781 5534 semper
2821 5473 3104 5537 agnoscat,
3153 5473 3209 5523 et
3253 5469 3338 5524 sui
3367 5467 3560 5523 auxilii

1923 5576 2090 5631 opem
2120 5558 2503 5613 indesinenter
2522 5559 2802 5617 inveniat:
2829 5563 2987 5618 illum
3018 5565 3291 5637 glorietur
3306 5566 3556 5635 recipere

1923 5651 2244 5725 praemium,
2260 5652 2359 5723 qui
2377 5653 2580 5708 devoto
2613 5660 2835 5726 pectore
2863 5659 2934 5713 ad
2959 5659 3068 5713 alta
3084 5656 3557 5727 contemplatione

198 5781 442 5836 tionibus
486 5786 606 5839 Post
643 5785 899 5840 Nomina,
931 5786 983 5836 et
1010 5783 1100 5836 Ad
1137 5784 1346 5842 Pacem,
1383 5781 1600 5833 retento
1643 5783 1828 5832 tamen
1882 5770 2109 5830 nomine
2135 5770 2583 5828 Contestationis.
2623 5775 2728 5830 Sed
2766 5777 2929 5846 plura
2964 5777 3217 5846 exempla
3259 5775 3407 5830 infra
3453 5778 3556 5831 sub

201 5852 371 5906 ﬁnem
399 5854 689 5910 Missarum
713 5852 1154 5911 dominicalium.
