3982 6190
465 303 564 359 543

1331 305 1666 362 APPENDIX
1702 307 1790 362 AD
1825 305 2048 361 OPERA
2083 305 2138 359 S.
2178 305 2478 364 GERMANI
2518 309 2944 366 PARISIENSIS.

3715 315 3809 369 544

459 407 867 482 suspendere...
896 411 976 467 Tu
1001 427 1060 468 es
1085 411 1238 468 enim
1258 411 1405 468 Deus
1429 413 1762 486 quinullum
1777 412 1881 469 tibi
1900 413 2086 485 perire
2107 422 2166 496 Α
2186 414 2392 470 exaudi
2416 431 2430 470 :
2459 415 2678 489 suscipe
2697 415 2982 488 propicius
3001 414 3345 474 oblationem
3359 415 3813 490 adquelibamina

463 503 566 572 vis,
598 504 696 560 sed
723 505 982 560 omnibus
1006 505 1194 560 reddis
1221 521 1428 578 magna
1445 523 1549 578 pro
1569 507 1772 579 parvis,
1787 524 1890 579 pro
1908 511 2090 564 morte

465 596 658 665 vitam,
680 614 781 669 pro
799 613 961 668 poena
975 598 1232 669 gloriam,
1248 616 1351 670 pro
1371 605 1630 656 votorum
1650 600 1836 656 ofﬁcio
1857 601 2094 672 praemia

465 689 664 746 tribuis
689 691 1047 762 sempiterna,
1071 708 1172 763 per
1185 693 1471 750 Christum
1493 693 1794 750 Dominum
1809 697 2090 750 nostrum.

605 791 636 820 ⁸
989 802 1112 841 ITEM
1154 803 1307 843 mssa
1343 803 1558 843 vonva.

541 875 706 942 Deus,
737 875 836 946 qui
860 875 1094 932 vulnere
1131 877 1405 948 passionis
1451 881 1506 932 et
1551 877 1730 933 crucis
1771 881 2096 932 nostrorum

466 967 691 1022 vincula
718 969 881 1024 solvis
907 968 1326 1043 [peccatorum,]
1359 971 1604 1027 votivam
1643 972 1790 1026 hanc
1815 987 1972 1026 servo
1999 976 2096 1026 tuo

464 1057 544 1115 ill.
577 1061 796 1132 suscipe
824 1079 1051 1134 precem
1079 1064 1140 1119 in
1170 1065 1454 1134 omnibus,
1487 1081 1591 1137 pro
1618 1066 1824 1137 quibus
1845 1069 1900 1120 te
1927 1081 2086 1137 popo-

465 1155 630 1209 scerit
657 1154 807 1212 ﬁdeli
833 1157 1145 1228 devotione,
1179 1159 1446 1214 exaudire
1474 1159 1746 1232 digneris.

537 1251 746 1305 Dicitur
768 1253 997 1308 Secreta.

1119 1323 1456 1374 Contestalio.

537 1403 676 1458 Vere
702 1403 940 1475 dignum
967 1409 1023 1458 et
1041 1403 1262 1476 justum
1289 1409 1392 1474 est,
1428 1404 1784 1475 omnipotens
1813 1405 1977 1471 Deus,
1999 1405 2096 1477 qui

467 1495 537 1549 ob
555 1495 660 1550 hoc
679 1502 1038 1568 peccatorum
1057 1515 1174 1552 non
1192 1498 1382 1552 renuis
1411 1497 1717 1568 postulata;
1747 1513 1849 1568 pro
1875 1513 1990 1569 quo
2023 1501 2095 1565 te,

463 1587 721 1654 Domine,
755 1590 1033 1661 supplices
1060 1591 1428 1661 postulamus,
1463 1595 1524 1644 ut
1547 1590 1679 1644 huic
1699 1605 1858 1644 servo
1885 1595 1982 1645 tuo
2009 1591 2086 1646 ill.

467 1681 819 1738 delectabiles
847 1684 1142 1754 petitiones
1167 1685 1421 1756 impleas,
1451 1688 1507 1738 et
1539 1683 2012 1754 perseverantiam
2039 1685 2099 1740 in

2191 524 2296 579 pro
2332 509 2602 566 fratribus
2629 528 2693 566 ac
2733 510 3018 566 sororibus
3055 511 3266 567 nostris
3305 527 3484 584 quam
3507 511 3610 568 tibi
3637 511 3809 570 offeri-

2193 617 2340 672 mus,
2383 620 2484 659 seu
2527 605 2742 660 cunctis
2795 605 3244 660 benefactoribus
3287 605 3519 675 nostris,
3553 610 3676 662 tam
3713 625 3808 679 pro

2192 696 2350 764 vivis,
2365 713 2540 769 quam
2553 699 2812 768 mortuis,
2827 699 2914 754 vel
2926 699 3185 754 ﬁdelibus
3198 700 3332 768 tuis,
3345 715 3450 771 pro
3463 699 3668 770 quibus
3679 701 3812 757 obla-

2193 787 2406 846 tionem
2435 790 2744 860 offerimus,
2775 797 2842 848 ut
2869 793 3086 848 cunctis
3105 793 3358 864 proﬁciat
3383 793 3456 848 ad
3475 793 3730 850 salutem.

2846 881 3178 932 Conteslatio.

2267 952 2405 1006 Vere
2432 951 2672 1022 dignum
2701 957 2756 1007 et
2787 953 3008 1023 justum
3036 957 3139 1024 est,
3173 955 3532 1026 omnipotens
3557 955 3722 1026 Deus,
3751 957 3812 1014 ad

2192 1049 2320 1099 vota
2347 1045 2652 1102 humilium
2692 1062 2931 1100 manum
2973 1047 3222 1102 dexteras
3269 1053 3381 1103 tuae
3405 1048 3704 1119 Majestatis
3723 1067 3808 1106 ex-

2193 1138 2384 1206 tende,
2413 1145 2479 1194 ut
2507 1140 2802 1196 animabus
2827 1140 3170 1196 famulorum
3199 1141 3653 1215 famularumque
3695 1149 3809 1200 tua-

2193 1252 2344 1304 rum,
2375 1238 2492 1289 tam
2535 1251 2638 1306 pro
2669 1234 2808 1290 vivis
2846 1253 3018 1308 quam
3061 1240 3116 1290 et
3149 1235 3342 1290 solutis
3383 1236 3568 1292 debito
3612 1237 3810 1308 mortis,

2095 1319 2103 1322 ”
2193 1345 2439 1402 quorum
2455 1329 2676 1384 animas
2686 1329 2754 1384 ad
2773 1329 3208 1386 memorandum
3223 1329 3680 1402 conscripsimus,
3697 1331 3813 1388 iide-

2193 1424 2336 1478 lium
2381 1423 2785 1478 catholicorum
2832 1423 3298 1492 orthodoxorum,
3328 1424 3426 1496 qui
3463 1425 3566 1479 tibi
3596 1425 3810 1496 placue-

2196 1523 2352 1587 runt,
2380 1533 2624 1590 quorum
2655 1517 3252 1573 commemorationem
3280 1517 3524 1589 agimus,
3551 1519 3636 1573 vel
3687 1535 3812 1591 quo-

2196 1627 2328 1666 rum
2354 1611 2586 1666 nomina
2613 1627 2784 1682 super
2821 1616 3078 1667 sanctum
3119 1611 3383 1666 altarium
3426 1612 3636 1683 scripta
3677 1613 3815 1668 adest

2199 1705 2505 1768 evidenter,
2547 1705 2937 1760 remissionem
2975 1709 3361 1776 peccatorum,
3405 1705 3816 1776 indulgentiam

465 1773 624 1830 bonis
655 1777 918 1846 operibus
947 1778 1160 1832 tribuas
1201 1795 1304 1849 Per
1335 1778 1622 1834 Chrismm
1651 1777 1957 1832 Dominum
1985 1794 2088 1833 Πο·
2113 1795 2169 1868 Β
2193 1815 2364 1870 quam
2391 1815 2614 1870 semper
2639 1773 2996 1870 Optaverunt
3011 1799 3116 1870 piis
3155 1773 3664 1870 supplicationibus
3693 1815 3814 1854 con-

465 1873 666 1924 strum.
693 1871 798 1926 Per
824 1887 994 1942 quem
1013 1872 1360 1943 Majestatem
1376 1877 1534 1927 tuam
1559 1871 1792 1926 laudant
1816 1871 2019 1942 angeli.

809 1979 966 2020 MISSA
1005 1979 1111 2020 PRO
1151 1981 1293 2020 VIVIS
1335 1981 1396 2020 ET
1435 1979 1747 2020 DEFUNCTIS.

714 2051 945 2116 Epistola
956 2052 1098 2102 Pauli
1120 2053 1340 2116 apostoli
1363 2053 1428 2102 ad
1453 2054 1785 2103 Colossenses
1802 2053 1847 2101 ⁸.

541 2134 776 2200 Fratres,
808 2135 904 2204 qui
937 2133 1040 2188 sub
1067 2137 1341 2205 potestate
1369 2134 1586 2188 domini
1609 2150 1830 2202 sumus,
1859 2134 2092 2190 manda-

464 2230 588 2282 tum
610 2227 708 2282 Dei
723 2227 1001 2282 custodire
1022 2227 1312 2282 debemus.
1335 2228 1440 2292 Qui
1467 2228 1793 2283 custodiunt
1818 2233 2098 2299 praecepta

467 2321 708 2388 Domini,
735 2321 946 2376 habent
964 2321 1136 2376 vitam
1163 2324 1437 2376 aeternam
1457 2339 1475 2390 ;
1501 2325 1556 2376 et
1579 2321 1678 2393 qui
1704 2325 1917 2392 negant
1941 2337 2098 2376 man-

465 2413 595 2468 data
643 2414 784 2484 ejus,
817 2414 1125 2485 adquirunt
1160 2415 1405 2482 ruinam,
1449 2419 1505 2470 et
1541 2415 1602 2469 in
1643 2415 1750 2469 hoc
1793 2415 2098 2469 secundam

465 2511 726 2562 mortem.
755 2509 1109 2579 Praeceptum
1137 2509 1362 2562 Domini
1392 2509 1498 2564 hoc
1524 2513 1607 2563 est
1639 2526 1652 2562 :
1687 2509 1808 2563 Non
1835 2509 2094 2580 perjura—

465 2601 635 2656 beris.
665 2603 784 2656 Non
813 2601 1024 2656 furtum
1053 2601 1242 2658 facies.
1275 2604 1396 2658 Non
1434 2601 1795 2656 adulterabis.
1836 2603 1957 2655 Non
1999 2602 2100 2656 fal-

466 2711 593 2748 sum
613 2693 1002 2750 testimonium
1029 2694 1199 2750 dices.
1229 2697 1350 2750 Non
1381 2695 1618 2765 accipies
1645 2709 1884 2749 munera
1907 2699 2098 2748 contra

465 2787 777 2858 veritatem,
799 2804 905 2843 nec
932 2804 1034 2859 per
1053 2793 1412 2859 potestatem.
1430 2789 1536 2854 Qui
1563 2789 1736 2842 habet
1761 2791 2096 2859 potestatem

468 2887 524 2936 et
547 2882 790 2954 abnegat
815 2881 1130 2951 veritatem,
1164 2883 1542 2954 abnegabitur
1581 2882 1661 2936 illi
1687 2897 1933 2953 regnum
1975 2881 2096 2951 Dei,

467 2979 525 3030 et
547 2976 966 3030 conculcabitur
991 2975 1050 3029 in
1079 2975 1387 3030 infernum.
1416 2976 1494 3030 lbi
1531 2991 1650 3029 non
1677 2975 1968 3045 egreditur
1989 2974 2094 3030 bis.

467 3069 757 3132 Quomodo
781 3085 976 3124 sumus
1013 3068 1241 3140 fragiles
1275 3075 1330 3123 et
1371 3068 1826 3139 praevaricatores
1868 3071 2099 3138 agentes

2198 1898 2528 1963 sequantur,
2551 1908 2655 1964 per
2681 1892 2968 1947 Christum
2989 1892 3290 1946 Dominum
3323 1895 3604 1946 nostrum.
3635 1891 3754 1947 Cui.

2576 1997 2734 2037 mssa
2773 1998 2827 2036 ιη
2865 1997 3011 2037 nouo
3052 1998 3367 2038 cumsuam:
3393 1982 3440 2036 δ.

2395 2059 2566 2110 Lectio
2597 2061 2762 2110 sancti
2785 2061 3054 2125 Evangelii
3079 2061 3368 2112 secundum
3397 2064 3613 2112 Lucam.

2267 2141 2469 2196 Diebus
2497 2142 2608 2196 illis
2635 2142 2775 2197 dixit
2805 2143 3074 2198 Dominus
3091 2146 3248 2199 Jesus
3275 2144 3454 2198 turbis
3501 2143 3818 2200 similitudi-

2193 2252 2328 2291 nem
2355 2235 2602 2290 hominis
2623 2236 2921 2307 cujusdam
2961 2237 3170 2292 divitis.
3199 2237 3406 2292 Uberes
3444 2237 3670 2292 fructus
3697 2253 3820 2310 ager

2195 2330 2402 2400 attulit,
2447 2334 2502 2384 et
2545 2330 2828 2402 cogitabat
2868 2331 3017 2386 intra
3052 2347 3110 2386 se
3156 2330 3390 2386 dicens:
3419 2331 3560 2396 Quid
3605 2331 3816 2400 faciam,

2195 2425 2346 2496 quod
2377 2440 2492 2478 non
2539 2424 2722 2478 habeo
2761 2441 2874 2496 quo
2909 2424 3127 2479 fructus
3165 2441 3322 2480 meos
3347 2427 3738 2496 congregem?
3763 2425 3822 2480 Et

2196 2518 2338 2572 dixit
2365 2535 2378 2572 :
2412 2519 2524 2572 Hoc
2552 2517 2774 2572 faciam.
2802 2518 3099 2572 Destruam
3128 2519 3332 2574 horrea
3359 2535 3506 2584 mea,
3533 2522 3592 2573 et
3618 2519 3822 2590 majora

2195 2612 2400 2666 faciam
2419 2629 2452 2681 ;-
2479 2615 2536 2666 et
2573 2611 2707 2666 illuc
2751 2612 3106 2684 congregabo
3142 2613 3333 2667 omnia
3375 2629 3502 2684 quae
3537 2615 3676 2667 nata
3704 2619 3822 2667 sunt

2196 2704 2358 2774 mihi,
2391 2709 2447 2759 et
2474 2705 2620 2759 bona
2649 2721 2811 2774 mea;
2841 2709 2896 2758 et
2921 2704 3106 2759 dicam
3129 2705 3334 2760 anima:
3381 2721 3524 2760 meae
3563 2722 3576 2760 :
3607 2707 3820 2772 Anima,

2197 2799 2370 2852 habes
2407 2798 2588 2853 multa
2627 2798 2806 2869 posita
2844 2798 2902 2851 in
2949 2815 3128 2852 annos
3167 2799 3459 2869 plurimos.
3499 2799 3818 2870 Requiesce,

2199 2891 2448 2960 comede,
2481 2891 2632 2959 bibe,
2655 2891 2909 2962 epulare.
2937 2891 3086 2946 Dixit
3105 2896 3297 2947 autem
3323 2877 3404 2946 illi
3425 2893 3572 2946 Deus
3597 2909 3610 2946 :
3635 2893 3822 2960 Stulte,

2197 2985 2302 3039 hac
2327 2989 2490 3040 nocte
2518 2985 2766 3038 animam
2791 2989 2948 3039 tuam
2975 2989 3240 3056 repetunt
3272 3003 3304 3040 a
3343 2990 3433 3054 te;
3467 3001 3598 3057 quae
3643 2989 3822 3040 autem

2195 3078 2426 3150 parasti,
2455 3078 2616 3148 cujus
2646 3079 2850 3133 erunt?
2887 3077 2973 3134 Sic
3012 3083 3097 3134 est
3121 3079 3220 3150 qui
3247 3079 3351 3134 sibi
3375 3079 3739 3144 thesaurizat,
3775 3083 3826 3133 et

466 3165 778 3231 peccatum.
804 3163 924 3216 Non
950 3179 1053 3234 per
1076 3163 1329 3234 singulos
1345 3162 1462 3216 dies
1487 3161 1844 3232 pasnitemus,
1875 3161 1974 3215 sed
1994 3177 2095 3231 per
2115 3163 2169 3237 C
2193 3189 2308 3226 non
2335 3176 2417 3226 est
2437 3171 2496 3225 in
2523 3173 2696 3227 Deum
2722 3172 2893 3227 dives.
2925 3172 3184 3244 Dixitque
3214 3173 3286 3227 ad
3311 3172 3620 3244 discipulos
3659 3189 3782 3226 suos
3810 3189 3822 3224 :

467 3254 716 3325 singulos
745 3255 863 3310 dies
887 3261 1184 3327 peccatum
1211 3271 1381 3326 super
1423 3259 1716 3326 peccatum
1749 3253 2007 3308 facimus.
2031 3255 2099 3308 Ut

467 3346 648 3402 sciatis
703 3348 840 3418 hoc,
893 3349 1094 3404 fratres
1144 3348 1444 3416 carissimi,
1494 3347 1628 3418 quia
1686 3359 1856 3417 opera
1907 3351 2100 3400 nostra

468 3441 738 3511 scriptum
769 3447 852 3497 est
878 3443 936 3497 in
967 3444 1072 3497 hoc
1114 3443 1281 3504 libro,
1321 3441 1381 3496 in
1417 3439 1958 3496 commemoratione
1992 3440 2100 3496 erit

469 3533 630 3588 nobis
663 3535 720 3589 in
746 3536 834 3590 die
853 3537 1075 3606 judicii.
1105 3536 1184 3590 lbi
1207 3551 1309 3590 nec
1341 3540 1528 3602 testes,
1561 3534 1640 3588 ibi
1663 3550 1766 3588 nec
1803 3549 1985 3605 pares,
2021 3533 2098 3587 ibi

471 3643 572 3680 nec
617 3645 720 3700 per
755 3646 994 3684 munera
1029 3629 1377 3700 judicabitur
1406 3648 1418 3683 :
1450 3628 1584 3699 quia
1627 3643 1743 3682 non
1779 3630 1862 3682 est
1899 3625 2102 3681 melior

471 3737 642 3791 quam
672 3721 830 3790 ﬁdes,
859 3723 1084 3792 veritas,
1113 3723 1357 3790 castitas,
1374 3721 1678 3793 jejunium,
1707 3725 1762 3776 et
1789 3721 2097 3791 cleemosy-

469 3825 562 3874 na,
587 3826 712 3880 quae
740 3811 1024 3881 extinguit
1063 3811 1254 3865 omnia
1293 3815 1538 3881 peccata.
1571 3811 1638 3864 Et
1669 3809 1819 3880 quod
1845 3809 1945 3864 tibi
1987 3825 2102 3864 non

471 3901 574 3970 vis,
606 3902 715 3956 alio
748 3919 864 3956 non
903 3903 1093 3957 facias.
1125 3903 1334 3973 Stipola
1359 3919 1608 3974 regnum
1635 3903 1752 3968 Dei,
1795 3906 1852 3956 et
1886 3903 2103 3973 accepit

471 4010 760 4064 coronam,
789 3997 940 4067 quod
967 4001 1050 4050 est
1075 3996 1134 4050 in
1158 3996 1377 4050 Christo
1395 3997 1523 4050 .lesu
1555 3996 1814 4051 Domino.

545 4091 898 4157 Evangelia-In
919 4092 1154 4158 infmius
1181 4091 1398 4144 dicitur.

1079 4199 1276 4239 INCIPIT
1315 4197 1494 4238 MISSA.

543 4273 886 4345 Majestatem
915 4278 1090 4339 tuam,
1120 4271 1558 4328 clementissime
1585 4273 1768 4338 Pater,
1805 4287 2104 4326 exoramus

471 4384 574 4438 pro
597 4367 864 4422 fratribus
890 4371 946 4422 et
965 4366 1252 4421 sororibus
1271 4365 1505 4434 nostris,
1529 4381 1629 4420 seu
1651 4363 1916 4420 omnibus
1938 4363 2106 4419 bene-

469 4460 772 4515 factoribus
800 4461 1027 4529 nostris,
1055 4460 1142 4514 vel
1178 4460 1276 4531 qui
1321 4476 1378 4514 se
1409 4459 1468 4513 in
1513 4458 1718 4514 nostris
1758 4457 2105 4512 orationibus

2199 3266 2325 3320 Ideo
2355 3265 2478 3320 dico
2499 3265 2674 3335 vobis,
2705 3265 2877 3320 nolite
2891 3265 3116 3320 solliciti
3137 3282 3255 3321 esse
3280 3266 3484 3320 anima:
3512 3266 3650 3337 quid
3679 3281 3824 3321 man-

2197 3359 2432 3427 ducetis,
2463 3375 2646 3430 neque
2686 3359 2909 3430 corpori
2943 3359 3084 3430 quid
3110 3359 3447 3415 vestiamini.
3471 3360 3676 3414 Anima
3701 3360 3822 3432 plus

2197 3458 2282 3508 est
2299 3469 2472 3524 quam
2496 3468 2640 3522 esca,
2668 3455 2724 3507 et
2748 3469 2952 3523 corpus
2977 3468 3148 3524 quam
3173 3453 3602 3508 vestimentum.
3631 3453 3815 3508 Consi-

2197 3546 2386 3600 derate
2407 3563 2616 3614 corvos,
2647 3546 2780 3618 quia
2799 3562 2914 3600 non
2935 3547 3216 3616 seminant
3239 3563 3423 3618 neque
3446 3551 3689 3614 metunt,
3709 3546 3820 3617 qui-

2199 3640 2304 3696 bus
2329 3656 2445 3694 non
2471 3643 2556 3694 est
2585 3623 3085 3712 cellariumneque
3111 3640 3416 3708 horreum;
3443 3645 3500 3694 et
3531 3641 3675 3695 Deus
3699 3655 3814 3711 pas-

2201 3733 2277 3788 cit
2303 3733 2447 3788 illos.
2475 3735 2694 3798 Quanto
2719 3735 2901 3806 magis
2925 3751 3021 3788 vos
3049 3734 3228 3806 pluris
3259 3733 3391 3790 estis
3419 3733 3572 3788 illis?

2811 3844 3014 3883 INCIPIT
3039 3843 3220 3883 MlSSA.

2271 3917 2558 3972 Protector
2589 3916 2650 3972 in
2687 3921 2742 3972 te
2781 3916 3134 3988 sperantium
3184 3917 3348 3985 Deus,
3381 3919 3438 3972 et
3477 3915 3820 3972 subditarum

2199 4009 2300 4064 tibi
2331 4010 2613 4065 mentium
2641 4014 2848 4078 custos,
2886 4009 3271 4065 habitantibus
3313 4010 3376 4064 in
3401 4011 3508 4065 hac
3532 4011 3696 4065 domo
3743 4009 3818 4063 fa-

2201 4103 2366 4157 molis
2384 4103 2496 4158 tuis
2525 4103 2604 4158 ill.
2635 4103 2920 4175 propicius
2939 4103 3130 4158 adesse
3159 4103 3418 4174 dignare.
3453 4103 3646 4158 Veniat
3661 4119 3825 4174 super

2202 4213 2296 4252 eos
2318 4201 2604 4268 sperantes
2631 4215 2665 4251 a
2691 4202 2746 4252 te
2775 4197 3110 4264 benedictio,
3141 4213 3214 4252 ne
3251 4197 3540 4252 subvertas
3571 4214 3584 4251 :
3609 4203 3674 4251 ut
3717 4196 3824 4267 pie—

2201 4290 2329 4345 tatis
2355 4295 2467 4345 tuee
2497 4290 2696 4361 repleti
2722 4290 3073 4360 muneribus,
3111 4291 3170 4344 in
3207 4295 3304 4345 tua
3349 4291 3532 4361 gratia
3571 4295 3624 4345 et
3649 4291 3704 4344 in
3730 4294 3824 4344 tuo

2203 4384 2438 4439 nomine
2463 4384 2578 4438 laeti
2605 4399 2829 4454 semper
2855 4384 3132 4438 exultent.

2901 4471 3129 4522 Secreta.

470 4555 1027 4623 commendaverunt,
1052 4557 1168 4608 tam
1195 4569 1299 4624 pro
1325 4551 1483 4620 vivis,
1508 4569 1683 4625 quam
1708 4555 1766 4607 et
1789 4550 1985 4606 solutis
2013 4551 2104 4605 de-
2122 4535 2182 4608 D
2274 4545 2524 4616 Suscipe,
2557 4543 2812 4612 Domine,
2842 4561 3189 4616 quaesumus,
3211 4560 3406 4616 preces
3433 4549 3488 4599 et
3513 4543 3716 4600 hostias
3743 4543 3822 4597 fa-

473 4647 586 4700 bito
613 4647 832 4716 mortis,
861 4663 1104 4718 quorum
1131 4648 1510 4718 eleemosynas
1532 4645 1843 4717 erogandae
1859 4643 2101 4716 suscepi-

471 4755 618 4808 mus,
649 4740 736 4794 vel
762 4757 1004 4810 quorum
1029 4741 1244 4794 animas
1265 4741 1336 4795 ad
1359 4741 1796 4795 memorandum
1823 4737 2100 4808 conscrip-

471 4832 664 4902 simus,
689 4833 774 4888 vel
799 4849 1044 4904 quorum
1071 4833 1304 4887 nomina
1333 4849 1504 4904 super
1533 4837 1792 4888 sanctum
1838 4831 2100 4886 altarium

471 4927 675 4999 scripta
707 4927 865 4982 adest
899 4925 1187 4982 evidenter
1213 4945 1230 4980 :
1261 4927 1504 4982 concede
1541 4926 1846 4998 propicius,
1877 4929 1941 4980 ut
1979 4925 2102 4979 haec

469 5037 622 5075 sacra
647 5021 854 5076 oblatio
878 5021 1118 5076 mortuis
1145 5020 1323 5092 prosit
1349 5020 1418 5074 ad
1447 5019 1689 5088 veniam,
1717 5023 1774 5074 et
1798 5017 1936 5073 vivis
1970 5033 2098 5089 pro-

471 5109 618 5164 ﬁciat
658 5110 730 5165 ad
757 5111 998 5166 salutem
1023 5127 1040 5178 ;
1072 5115 1128 5164 et
1149 5109 1406 5164 fidelibus
1433 5107 1565 5175 tuis,
1591 5125 1694 5180 pro
1724 5107 1929 5180 quibus
1955 5107 2104 5161 obla-

469 5201 684 5258 tionem
709 5201 1017 5271 offerimus,
1041 5203 1397 5274 indulgentia
1413 5207 1528 5257 tuae
1553 5201 1774 5274 pietatis
1797 5205 2102 5256 succurrat.

999 5295 1196 5345 Dicitur
1221 5295 1431 5346 Secreta
1459 5294 1578 5345 alia.

2199 4639 2486 4694 mulorum
2513 4641 2742 4693 tuorum
2775 4637 2878 4708 ill.,
2925 4643 2980 4694 et
3031 4654 3196 4693 muro
3237 4637 3505 4694 custodiae
3543 4643 3652 4693 tute
3683 4637 3824 4692 hanc

2201 4733 2438 4788 domum
2464 4733 2793 4800 circumda;
2824 4735 2890 4787 ut
2915 4731 3072 4786 omni
3100 4732 3432 4786 adversitate
3478 4731 3726 4804 depulsa,
3753 4730 3824 4783 sit

2201 4827 2308 4881 hoc
2347 4841 2574 4898 semper
2613 4825 2964 4880 domicilium
2994 4825 3393 4881 incolomitatis
3420 4830 3478 4880 et
3501 4825 3668 4897 pacis.
3705 4823 3828 4878 Per.

2274 4992 2412 5046 Vere
2441 4990 2678 5062 dignum
2705 4995 2760 5046 et
2777 4919 3511 5070 juftgﬁsezttmomnipotens
3539 4991 3696 5058 Deus,
3723 4987 3822 5042 be-

2202 5084 2412 5156 nignus
2439 5083 2691 5139 indultor
2716 5083 2775 5138 in
2801 5083 3027 5139 secretis
3053 5083 3251 5137 ofﬁciis
3275 5083 3506 5150 nostris,
3529 5083 3654 5138 etin
3681 5081 3828 5135 hanc

2205 5179 2436 5234 domum
2480 5175 2842 5233 manentibus
2883 5177 3200 5248 praesentiae
3227 5181 3340 5231 tua:
3381 5175 3621 5232 concede
3646 5180 3826 5230 custo-

2206 5273 2376 5340 diam,
2398 5271 2628 5327 familias
2653 5276 2767 5326 tuae
2799 5271 3080 5338 defensor,
3121 5287 3186 5325 ac
3205 5269 3378 5325 totius
3405 5267 3700 5326 habitaculi
3727 5267 3834 5322 hu-

539 5367 736 5422 Preces
802 5371 1040 5436 nostras,
1093 5367 1529 5423 clementissime
1591 5367 1755 5436 Deus,
1824 5363 2107 5436 benignus
2199 5367 2295 5438 jus
2319 5366 2603 5422 habitator
2629 5381 2921 5437 appareas.

540 5501 566 5530 ⁸
589 5493 838 5566 Sequens
865 5493 1063 5566 Lectio
1091 5510 1206 5566 non
1231 5494 1441 5566 legitur
1467 5494 1524 5548 in
1552 5493 1787 5566 epistola
1807 5490 1880 5546 ad
1916 5489 2102 5545 Colos-

470 5563 695 5632 senses,
721 5581 906 5637 neque
940 5565 1009 5637 in
1047 5565 1227 5620 Libris
1253 5563 1424 5622 sacris
1456 5582 1470 5618 :
1512 5563 1608 5620 sed
1645 5569 1728 5620 est
1763 5563 1990 5634 farrago
2038 5577 2108 5618 ex

469 5637 771 5708 Scriptura:
799 5635 980 5708 verbis
1009 5641 1289 5708 contexta.

542 5703 761 5761 hMoris
800 5707 1105 5778 aliquando
1147 5707 1426 5778 fuisseuut
1470 5705 1528 5759 in
1569 5705 1832 5778 domibus
1857 5703 2105 5778 privatis,

469 5777 582 5830 sive
609 5795 713 5846 pro
743 5775 1002 5845 inﬁrmis,
1029 5793 1128 5831 seu
1154 5793 1256 5846 pro
1283 5775 1407 5830 aliis
1436 5776 1638 5840 causis,
1667 5793 1824 5831 sacra
1859 5775 2106 5831 celebra-

473 5851 686 5916 rentur,
714 5849 870 5903 testis
897 5851 998 5918 est,
1029 5851 1234 5917 praeter
1271 5846 1428 5915 alios,
1455 5846 1742 5918 Paulinus,
1771 5848 1832 5904 in
1855 5847 1997 5902 libro
2041 5846 2110 5904 de

2205 5489 2326 5544 Vita
2350 5487 2524 5562 sancti
2551 5487 2850 5562 ambrosii,
2873 5487 2972 5558 qui
2991 5488 3208 5556 Rome,
3223 5490 3382 5562 trans
3405 5485 3661 5562 Tiberim,
3676 5482 3838 5562 apud

2207 5560 2513 5632 quamdam
2539 5551 2910 5632 clarissimam
2947 5551 3268 5614 matronam
3308 5559 3592 5625 invitatus,
3623 5551 3834 5608 sacriﬁ-

2209 5629 2360 5685 dium
2387 5631 2447 5685 in
2475 5631 2647 5686 domo
2678 5629 2904 5684 obtulit.

2279 5714 2301 5773 ρ
2335 5703 2447 5756 Hoc
2489 5699 2858 5773 Evangelium
2899 5699 3119 5754 videtur
3137 5699 3346 5773 potius
3383 5697 3734 5773 referendum
3765 5693 3836 5747 ad

2209 5772 2438 5846 missam
2484 5769 2838 5846 sequentem,
2881 5787 3052 5843 quam
3087 5769 3175 5825 adi
3204 5771 3552 5843 superiorem
3580 5769 3642 5824 de
3669 5781 3836 5820 mor-

2211 5843 2340 5900 tuis.
