4036 6188
230 383 3538 416 Mm

647 531 1670 655 LBGTIONES
1775 535 3084 660 DOMINIGALES.

711 872 866 912 MISSA
907 872 1270 913 DOMlNICALIS.

591 943 763 993 Lectio
799 944 1092 994 Hiezechiel
1116 945 1402 1010 prOpbetie.

270 1023 488 1076 Factum
527 1027 610 1076 est
643 1024 880 1079 verbum
919 1026 1144 1080 Domini
1183 1027 1253 1081 ad
1281 1044 1372 1082 me
1408 1027 1598 1084 dicens
1629 1045 1642 1083 :
1669 1029 1814 1094 Quid

207 1120 279 1170 est
299 1115 442 1186 quod
465 1114 617 1170 inter
645 1133 741 1172 vos
769 1118 1096 1189 parabolam
1123 1121 1340 1175 vertitis
1369 1121 1426 1175 in
1451 1123 1811 1193 proverbium

208 1208 336 1264 istud
375 1208 432 1262 in
468 1213 614 1263 terra
659 1212 824 1266 Israel
871 1212 1121 1268 dicentes
1163 1230 1176 1268 :
1217 1216 1408 1269 Patres
1448 1217 1814 1272 comederunt

208 1317 357 1357 uvam
390 1301 670 1374 acerbam,
709 1310 765 1358 et
812 1305 1006 1361 dentes
1061 1307 1313 1363 ﬁliorum
1364 1309 1812 1381 obstupescunt?

205 1397 322 1450 Vivo
352 1411 472 1467 ego,
513 1395 648 1450 dicit
693 1399 964 1454 Dominus
1002 1401 1169 1470 Deus,
1210 1417 1337 1456 ecce
1374 1418 1570 1458 omnes
1604 1403 1811 1457 animae

207 1505 328 1545 mete
354 1495 499 1546 sunt.
524 1493 591 1547 Ut
614 1491 804 1546 anima
825 1493 1014 1563 patris,
1035 1493 1113 1548 ita
1137 1497 1194 1548 et
1219 1495 1411 1550 anima
1431 1495 1528 1550 ﬁlii
1545 1512 1674 1550 mea
1708 1502 1810 1552 est.

203 1587 382 1642 Anima
405 1606 531 1660 quae
547 1590 860 1661 peccaverit
884 1591 1004 1661 ipsa
1024 1592 1318 1648 morietur.
1343 1595 1410 1647 Et
1435 1594 1538 1662 vir,
1568 1594 1613 1648 si
1640 1594 1814 1648 fuerit

201 1681 382 1751 justus,
425 1688 480 1737 et
521 1683 718 1738 fecerit
749 1683 1031 1753 judicium
1079 1689 1136 1739 et
1171 1685 1474 1756 justitiam,
1507 1687 1576 1741 de
1615 1688 1814 1758 rapina

208 1790 303 1828 non
349 1775 677 1843 comederit,
728 1781 783 1832 et
824 1777 1015 1832 oculos
1064 1795 1196 1832 suos
1249 1795 1366 1834 non
1407 1781 1708 1836 elevaverit
1743 1780 1812 1835 ad

209 1866 334 1922 idola
356 1869 555 1924 domus
582 1870 770 1938 Israel,
799 1877 855 1925 et
879 1889 1121 1926 uxorem
1154 1873 1398 1944 proximi
1437 1874 1522 1928 sui
1553 1891 1667 1928 non
1694 1874 1811 1928 vio-

209 1960 400 2029 lavarit,
427 1967 481 2017 et
511 1962 583 2016 ad
626 1964 929 2019 mulierem
965 1971 1374 2021 menstruatam
1412 1984 1526 2022 non
1565 1968 1811 2036 accedat,

208 2060 253 2110 et
273 2054 558 2110 hominum
586 2073 701 2111 non
733 2058 1167 2130 contristaverit,
1191 2059 1399 2131 pignus
1425 2060 1668 2115 debitori
1695 2061 1815 2115 red-

209 2147 403 2214 diderit,
421 2166 524 2220 per
543 2150 658 2204 vim
675 2151 813 2205 nihil
831 2153 1111 2222 rapuerit;
1134 2169 1344 2224 panem
1364 2169 1531 2208 suum
1544 2153 1816 2208 esurienti

209 2240 416 2308 dederit,
445 2246 500 2298 et
524 2243 749 2298 nudum
778 2245 1065 2315 operuerit
1089 2246 1451 2315 vestimento;
1482 2247 1552 2301 ad
1577 2261 1814 2301 usuram
1834 2243 1890 2314 B

209 2351 303 2398 non
321 2346 762 2401 commodaverit
791 2351 846 2401 et
871 2347 1114 2418 amplius
1144 2364 1257 2402 non
1277 2347 1588 2420 acceperit;
1623 2348 1692 2402 ab
1713 2348 1817 2402 ini-

209 2437 394 2507 quitate
430 2439 698 2494 averterit
728 2455 961 2494 manum
991 2456 1175 2506 suam,
1197 2441 1480 2511 judicium
1507 2457 1704 2496 verum
1730 2442 1811 2496 fe-

212 2531 345 2596 cerit,
374 2531 518 2586 inter
548 2533 740 2588 virum
765 2538 821 2588 et
845 2533 1201 2604 proximum;
1231 2534 1290 2588 in
1331 2535 1628 2606 prmeeptis
1676 2535 1817 2589 meis

212 2623 574 2696 ambulaverit,
596 2630 654 2682 et
665 2626 885 2696 judicia
905 2645 1031 2682 mea
1048 2627 1376 2683 custodierit
1394 2634 1459 2684 ut
1483 2628 1654 2683 faciat
1679 2628 1818 2682 veri-

211 2721 359 2772 tatem
411 2735 423 2772 :
470 2719 562 2774 hic
607 2720 800 2792 justus
861 2726 964 2792 est,
1010 2722 1126 2776 vita
1176 2721 1342 2788 vivet,
1412 2722 1491 2778 ait
1551 2721 1818 2776 Dominus

215 2809 354 2865 Deus.
491 2882 726 2948 Epistola
758 2885 900 2934 Pauli
934 2885 1156 2948 apostoli
1181 2884 1245 2934 ad
1274 2885 1492 2936 Galatas.

269 2961 489 3034 Fratres,
519 2964 743 3020 fructus
783 2968 974 3020 autem
1015 2966 1246 3037 spiritus
1289 2971 1374 3021 est
1408 2967 1629 3033 caritas,
1677 2983 1815 3038 gau-

213 3054 367 3124 dium,
395 3074 522 3128 pax,
557 3058 979 3130 longanimitas,
1006 3059 1245 3128 bonitas,
1275 3059 1614 3131 benignitas,
1658 3060 1815 3128 fides,

213 3149 474 3219 modestia,
503 3151 916 3208 continentia‘.
943 3153 1220 3208 Adversus
1247 3153 1573 3224 hujusmodi
1599 3170 1712 3208 non
1739 3158 1821 3209 est

215 3240 307 3297 lex.
332 3244 427 3308 Qui
447 3249 644 3301 autem
675 3251 806 3300 sunt
830 3246 1064 3315 Christi,
1089 3263 1316 3301 carnem
1337 3263 1498 3301 suam
1525 3248 1817 3303 cruciﬁxe-

214 3342 329 3392 runt
343 3345 466 3393 cum
491 3340 646 3394 vitiis
671 3345 728 3394 et
750 3339 1235 3411 concupiscentiis.
1264 3340 1321 3396 Si
1339 3341 1541 3413 spiritu
1559 3341 1818 3412 vivimus,

217 3431 392 3502 spiritu
415 3438 472 3488 et
497 3433 878 3488 ambulemus.
909 3435 1032 3488 Non
1061 3434 1377 3488 efficiamur
1402 3435 1585 3489 inanis
1633 3435 1823 3506 gloriae

217 3525 399 3596 cupidi,
451 3527 694 3582 invicem
757 3531 1144 3598 provocantes,
1196 3528 1436 3582 invicem
1489 3528 1818 3584 invidentes.

1835 876 1892 946 Α
1912 863 2058 934 pulis
2083 863 2200 918 suis
2243 881 2256 918 :
2299 868 2483 919 Amen
2516 864 2640 919 dico
2669 865 2843 932 vobis,
2884 866 3101 920 facilius
3139 872 3224 921 est
3257 869 3537 924 camelum

1912 972 2014 1026 per
2037 957 2292 1012 foramen
2318 974 2451 1012 acus
2482 959 2740 1027 transire,
2772 975 2944 1030 quam
2977 960 3206 1014 divitem
3236 960 3443 1016 intrare
3478 963 3537 1016 in

1911 1066 2156 1121 regnum
2183 1051 2470 1106 caelorum.
2502 1051 2722 1106 Auditis
2747 1056 2939 1107 autem
2955 1052 3043 1107 his
3063 1054 3349 1125 discipulis
3373 1055 3538 1110 mira-

1911 1143 2121 1197 bantur
2173 1145 2352 1213 valde,
2411 1145 2660 1200 dicentes
2703 1164 2715 1199 :
2757 1145 2891 1210 Quis
2927 1162 3064 1216 ergo
3106 1148 3314 1218 poterit
3353 1149 3537 1204 salvus

1913 1237 2069 1291 esse?
2095 1237 2382 1309 Aspiciens
2411 1244 2602 1293 autem
2629 1241 2787 1293 Jesus
2817 1238 2960 1293 dixit
2982 1240 3094 1294 illis
3122 1241 3325 1312 :prud
3350 1242 3535 1297 homi-

1913 1345 2012 1384 nes
2052 1331 2157 1384 hoc
2198 1331 2545 1402 impossibile
2576 1336 2680 1398 est,
2723 1332 2874 1402 apud
2911 1335 3088 1387 Deum
3124 1339 3313 1389 autem
3352 1337 3542 1390 omnia

1913 1423 2201 1494 possibilia
2237 1431 2387 1480 sunt.
2428 1427 2578 1480 Tunc
2615 1425 2958 1496 respondens
2999 1428 3194 1480 Petrus
3245 1427 3386 1483 dixit
3425 1430 3476 1484 ei
3523 1447 3537 1484 :

1913 1518 2049 1572 Ecce
2073 1534 2179 1572 nos
2206 1519 2538 1588 reliquimus
2553 1519 2760 1587 omnia,
2793 1524 2849 1573 et
2873 1520 3050 1574 secuti
3078 1537 3273 1574 sumus
3305 1524 3357 1576 te
3375 1538 3387 1575 :
3404 1523 3539 1594 quid

1912 1625 2049 1681 ergo
2078 1612 2185 1666 erit
2208 1611 2372 1665 nobis
2391 1613 2418 1665 Ἰ
2445 1615 2602 1666 Jesus
2628 1617 2820 1667 autem
2847 1613 2990 1667 dixit
3016 1613 3129 1666 illis
3155 1631 3168 1668 :
3197 1617 3374 1670 Amen
3418 1616 3540 1670 dico

1912 1705 2086 1773 vobis,
2117 1705 2273 1776 quod
2305 1722 2398 1759 vos
2419 1706 2708 1777 quijsecuti
2737 1707 2868 1762 estis
2886 1723 2996 1774 me,
3017 1707 3540 1779 in’regeneratione,

1912 1815 2043 1853 cum
2070 1799 2278 1854 sederit
2319 1799 2487 1852 Filius
2519 1800 2762 1854 hominis
2803 1800 2861 1854 in
2899 1800 3030 1855 sede
3068 1802 3373 1871 majestatis
3402 1820 3538 1870 suae,

1913 1891 2177 1947 sedcbitis
2217 1879 2273 1946 et
2317 1909 2413 1946 vos
2452 1910 2622 1964 super
2658 1894 2815 1948 sedes
2865 1893 3180 1963 duodecim,
3224 1896 3544 1966 judicantcs

1913 1985 2208 2040 duodecim
2225 1985 2404 2040 tribus
2423 1987 2605 2040 Israel.
2624 1989 2688 2041 Et
2715 1987 2899 2041 omnis
2925 1987 3025 2058 qui
3046 1987 3538 2062 reliquitdomum,

1913 2079 1998 2134 vel
2029 2079 2228 2134 fratres
2253 2084 2350 2134 aut
2377 2095 2621 2149 sorores,
2652 2084 2751 2134 aut
2776 2084 3013 2150 patrem,
3037 2086 3136 2136 aut
3163 2088 3422 2152 matrem,
3445 2091 3544 2140 aut

1913 2189 2171 2242 uxorem,
2204 2177 2300 2227 aut
2329 2172 2488 2241 filios,
2518 2177 2618 2228 aut
2644 2190 2811 2244 agros
2835 2179 3068 2246 propter
3088 2191 3296 2230 nomen
3326 2194 3540 2247 mcum,

1914 2265 2242 2338 centuplum
2287 2265 2540 2336 accipiet,
2593 2270 2649 2320 et
2689 2267 2864 2322 vitam
2904 2272 3174 2323 aeternam
3213 2271 3538 2341 possidebit.

1914 2359 2069 2412 Multi
2112 2361 2305 2413 autem
2350 2343 2520 2414 erunt
2556 2359 2727 2431 primi
2775 2360 3084 2429 novissimi,
3145 2366 3201 2415 et
3253 2364 3541 2419 novissimi

1915 2451 2105 2524 primi.

2521 2539 2717 2578 INCIPIT
2757 2540 2933 2578 HISSA.

2289 2615 2537 2684 Collectio
2563 2619 2679 2680 post
2712 2617 3038 2680 prophetiam
3057 2619 3084 2659 b
3113 2657 3122 2666 .

1990 2695 2223 2750 Domine
2264 2698 2393 2751 Iesu
2419 2697 2657 2763 Christe,
2689 2714 2816 2768 spes
2843 2702 2900 2752 et
2929 2699 3078 2752 salus
3104 2700 3340 2756 humani
3367 2719 3540 2774 gene-

1918 2789 2014 2856 ris,
2045 2785 2142 2860 qui
2173 2790 2243 2844 ad
2272 2807 2373 2845 nos
2399 2791 2631 2846 veniens
2660 2807 2728 2845 ex
2771 2791 2884 2845 alto
2923 2791 3143 2847 visitare
3169 2793 3434 2865 dignatus
3463 2815 3542 2868 es,

1919 2886 1975 2936 et
2014 2882 2082 2937 de
2129 2883 2363 2954 antiqua
2400 2887 2582 2938 morte
2620 2884 2829 2954 peccati
2875 2899 2980 2955 per
3024 2885 3398 2943 miserationis
3431 2895 3544 2946 tuae

1918 2976 2187 3046 mysteria
2216 2977 2544 3046 redemisti;
2578 2977 2676 3048 qui
2701 2977 2954 3032 inluxisti
2979 2979 3160 3048 nobis,
3194 2981 3293 3053 qui
3321 2985 3542 3040 erraba-

1919 3086 2047 3124 mus
2080 3070 2138 3124 in
2181 3071 2448 3139 tenebris,
2487 3076 2542 3126 et
2579 3071 2806 3125 vitalem
2846 3071 2998 3126 diem
3034 3072 3094 3128 in
3120 3075 3323 3132 umbra
3350 3080 3546 3136 mortis

1920 3164 2242 3219 sedentibus
2277 3164 2546 3233 intulisti;
2588 3164 2822 3235 respice,
2859 3166 3118 3236 Domine,
3156 3174 3211 3224 et
3237 3170 3418 3244 dirige
3447 3191 3544 3245 pe-

1921 3257 2018 3312 des
2037 3263 2256 3313 nostros
2284 3258 2341 3312 in
2368 3259 2517 3313 viam
2543 3259 2716 3331 pacis.
2747 3260 2868 3312 Per.

2605 3350 2837 3400 Prasfatio
2853 3389 2862 3398 .

1992 3432 2224 3486 Domine
2257 3432 2402 3486 Deus
2429 3431 3010 3503 incomprehensibilis
3040 3437 3096 3487 et
3137 3435 3544 3510 inenarrabilis,

1921 3525 2019 3596 qui
2047 3525 2272 3579 dixisti:
2303 3526 2424 3579 Non
2464 3525 2591 3580 veni
2630 3541 2824 3579 vocare
2861 3525 3062 3595 justos,
3097 3528 3193 3582 sed
3232 3536 3549 3600 peccatores

218 3614 430 3689 Fratres,
461 3621 568 3675 etsi
597 3627 1023 3693 praeoccupatus
1042 3621 1216 3676 fuerit
1235 3622 1406 3676 homo
1432 3621 1491 3676 in
1520 3621 1713 3693 aliquo
1735 3623 1827 3678 de-
1847 3615 1900 3689 C
1925 3618 1995 3672 ad
2021 3617 2440 3689 paenitentiam;
2473 3624 2527 3674 et
2556 3634 2685 3673 cum
2711 3617 2967 3688 profectu
2992 3624 3183 3676 nostro
3215 3639 3330 3678 non
3359 3641 3545 3698 egeas,

217 3709 344 3781 licto,
369 3730 459 3769 vos
493 3715 594 3787 qui
629 3714 906 3786 spiritales
937 3716 1091 3783 estis,
1125 3715 1452 3786 hujusmodi
1479 3715 1743 3771 instruite
1763 3716 1822 3770 in

218 3804 392 3875 spiritu
417 3808 685 3877 lenitatis,
719 3809 1078 3864 considerans
1105 3812 1158 3864 te
1187 3809 1395 3881 ipsum,
1425 3825 1496 3864 ne
1527 3814 1583 3864 et
1609 3815 1670 3864 tu
1696 3813 1820 3864 ten-

218 3899 350 3955 teris.
381 3902 530 3957 Alter
557 3901 786 3957 alterius
811 3919 981 3958 onera
1007 3908 1246 3974 portate,
1277 3907 1333 3959 et
1358 3902 1433 3958 sic
1484 3903 1820 3975 adimplebi-

219 3990 276 4046 tis
301 3994 477 4066 legem
500 3995 733 4051 Christi.

354 4088 522 4138 Lectio
554 4089 720 4139 sancti
747 4088 1013 4152 Evangelii
1045 4087 1331 4139 secundum
1356 4087 1668 4139 Mattbteum.

280 4167 469 4224 Diebus
512 4170 646 4238 illis,
677 4170 947 4225 accedens
985 4187 1134 4225 unus
1173 4171 1242 4225 de
1281 4171 1486 4226 Scribis
1528 4171 1599 4226 ad
1628 4171 1822 4226 Domi-

222 4274 342 4315 num
365 4263 573 4330 Iesum,
605 4269 661 4319 et
697 4264 831 4319 dicit
855 4264 938 4318 illi
967 4281 980 4318 :
1014 4264 1275 4337 Magister
1317 4264 1484 4334 bone,
1520 4265 1657 4336 quid
1693 4264 1827 4320 boni

222 4351 418 4424 faciam,
449 4363 513 4412 ut
556 4357 798 4412 habeam
840 4357 1014 4412 vitam
1060 4359 1374 4414 aeternam?
1411 4357 1515 4422 Qui
1552 4358 1693 4413 dixit
1727 4359 1777 4414 ei
1809 4375 1822 4412 :

223 4448 337 4517 quid
362 4467 450 4505 me
473 4452 790 4523 interrogas
815 4452 883 4506 de
910 4452 1056 4508 bono
1079 4452 1106 4507 ?
1131 4453 1282 4508 Unus
1313 4456 1398 4508 est
1433 4452 1615 4506 bonus
1658 4454 1823 4507 Deus.

225 4538 272 4594 Si
296 4548 474 4599 autem
501 4546 585 4600 vis
609 4545 678 4599 ad
707 4546 880 4600 vitam
906 4545 1147 4617 ingredi,
1180 4561 1337 4601 serva
1373 4547 1656 4600 mandata.
1688 4545 1830 4601 Dicit

226 4631 292 4688 illi
319 4654 330 4689 :
359 4637 491 4701 Quae
511 4640 539 4694 ?
564 4640 720 4693 Jesus
744 4643 936 4694 autem
965 4639 1106 4694 dixit
1133 4655 1147 4692 :
1176 4639 1297 4693 Non
1327 4639 1698 4693 homicidium
1741 4639 1826 4694 fa-

227 4726 338 4798 cies,
363 4747 474 4786 non
493 4731 857 4800 adulterabis,
879 4749 992 4787 non
1019 4732 1191 4788 facies
1209 4731 1449 4801 furtum,
1479 4749 1593 4787 non
1623 4732 1830 4788 falsum

225 4823 582 4880 testimonium
611 4825 792 4895 dices;
825 4827 1039 4881 honora
1064 4830 1283 4896 patrem
1304 4832 1360 4881 et
1374 4831 1636 4898 matrem,
1665 4831 1720 4882 et
1745 4827 1828 4882 di-

226 4911 346 4984 liges
369 4919 691 4990 proximum
725 4923 889 4974 tuum
915 4921 1058 4975 sicut
1085 4920 1348 4991 teipsum.
1381 4921 1526 4975 Dicit
1566 4918 1645 4975 illi
1691 4920 1828 4976 adu-

1925 3711 2135 3784 gaudes
2160 3716 2350 3766 tamen
2376 3727 2546 3784 super
2572 3715 2921 3783 peccatorem
2952 3714 3341 3785 paenitentiam
3371 3736 3548 3791 agen-

1921 3810 2058 3875 tem,
2087 3805 2219 3877 quia
2246 3821 2360 3860 non
2386 3805 2466 3860 vis
2496 3810 2738 3861 mortem
2768 3809 3094 3877 peccatoris,
3125 3811 3222 3865 sed
3250 3816 3310 3867 ut
3324 3829 3551 3871 conver-

1921 3904 2076 3954 tatur
2100 3901 2156 3953 et
2183 3897 2350 3956 vivat.
2386 3900 2658 3955 Converte
2696 3917 2816 3970 nos,
2853 3901 3107 3972 Domine,
3150 3905 3221 3960 ad
3247 3911 3300 3962 te
3329 3913 3385 3963 et
3415 3925 3549 3966 con-

1924 3997 2230 4048 vertemur.
2258 3994 2529 4049 Converte
2559 4011 2661 4048 nos
2682 3995 2825 4049 Deus
2855 3994 3112 4052 salutaris
3159 4005 3367 4070 noster,
3397 4008 3452 4058 et
3479 4021 3552 4060 ne

1923 4087 2126 4158 perdas
2157 4103 2260 4141 nos
2297 4104 2426 4142 cum
2466 4088 2705 4159 peccatis
2748 4088 2972 4160 nostris,
3013 4107 3084 4146 ne
3126 4093 3311 4148 tradas
3355 4111 3458 4152 nos
3490 4098 3551 4154 in

1925 4180 2117 4235 tinem.
2147 4182 2224 4235 Ne
2251 4181 2424 4237 intres
2450 4181 2507 4236 in
2522 4182 2804 4253 judicium
2833 4200 2962 4237 cum
2989 4186 3161 4240 servis
3187 4187 3319 4258 tuis,
3348 4206 3419 4244 ne
3444 4195 3555 4246 tra-

1927 4274 2022 4330 das
2049 4275 2239 4329 bestiis
2273 4275 2520 4330 animam
2556 4276 2916 4331 confitentem
2953 4277 3073 4347 tibi,
3103 4287 3390 4337 memento
3415 4301 3549 4341 con-

1929 4368 2269 4440 gregationis
2297 4374 2430 4437 tuae,
2450 4373 2506 4425 et
2535 4369 2716 4440 dirige
2744 4386 2844 4424 nos
2863 4370 2921 4424 in
2947 4371 3033 4424 via
3057 4379 3226 4430 recta.
3257 4376 3402 4431 Doce
3426 4395 3549 4452 nos,

1928 4461 2182 4531 Domine,
2205 4462 2395 4527 facere
2439 4463 2791 4518 voluntatem
2830 4467 3004 4534 tuam,
3036 4467 3168 4537 quia
3208 4473 3268 4524 tu
3309 4486 3367 4525 es
3408 4473 3554 4530 Deus

1927 4559 2134 4610 noster.
2163 4556 2351 4610 Statue
2383 4555 2553 4627 pedes
2583 4554 2643 4610 in
2683 4559 3189 4631 consummatione,
3219 4568 3283 4617 ut
3306 4569 3360 4620 te
3387 4566 3551 4638 adju-

1928 4654 2091 4705 vante
2117 4649 2407 4704 vincamus
2434 4647 2652 4721 antiqui
2693 4649 2870 4705 hostis
2900 4651 3146 4723 insidias,
3189 4663 3251 4712 ut
3283 4659 3446 4716 liberi
3483 4663 3554 4720 ab

1928 4744 2282 4800 infcstatione
2319 4742 2557 4810 inimici,
2599 4743 2906 4800 serviamus
2933 4746 3036 4802 tibi
3076 4748 3137 4804 in
3171 4755 3460 4811 sanctitate
3499 4763 3556 4814 et

1922 4838 2142 4909 justitia
2160 4837 2423 4893 omnibus
2453 4837 2651 4892 diebus
2677 4839 2804 4894 vitae
2829 4845 3056 4897 nostrae.

2606 4931 2873 4982 Collectio.

228 4989 416 5066 lescens
450 5031 462 5068 :
508 5013 708 5070 Omnia
751 5015 872 5068 hac
922 5013 1214 5083 custodivi,
1260 5015 1399 5086 quid
1456 5015 1640 5070 adhuc
1691 4989 1908 5068 mihiD
2003 5012 2238 5067 Domine
2267 5013 2413 5068 Deus
2435 5013 2811 5085 omnipotens,
2840 5015 2938 5086 qui
2959 5017 3135 5071 salvos
3160 5019 3292 5075 facis
3316 5039 3550 5094 speran-

229 5101 397 5160 deest?
425 5107 514 5162 Ait
539 5107 618 5162 illi
656 5109 813 5163 Jesus
857 5123 870 5160 :
904 5108 958 5163 Si
988 5108 1069 5162 vis
1113 5107 1396 5179 perfectus
1423 5125 1563 5178 esse,
1592 5107 1747 5174 vade,
1778 5109 1834 5161 et

228 5198 386 5253 vende
412 5217 536 5272 quae
556 5201 747 5271 habes,
778 5207 834 5258 et
861 5202 930 5256 da
952 5202 1314 5274 pauperibus,
1347 5205 1404 5256 et
1447 5201 1678 5256 habebis
1715 5202 1833 5256 the-

229 5303 438 5348 saurum
467 5295 526 5350 in
565 5295 720 5361 caelo,
752 5299 808 5351 et
833 5295 980 5364 veni,
1009 5312 1242 5368 sequere
1263 5313 1375 5350 me.
1417 5295 1559 5350 Cum
1591 5294 1836 5349 audisset

230 5391 402 5440 autem
449 5388 772 5444 adulescens
818 5389 1074 5457 verbum,
1104 5389 1239 5444 abiit
1283 5389 1474 5444 tristis.
1514 5388 1644 5442 Erat
1681 5388 1834 5442 enim

230 5473 425 5535 habens
451 5483 653 5538 multas
679 5482 1074 5556 possessiones.
1105 5485 1260 5538 Jesus
1284 5487 1477 5538 autem
1501 5481 1644 5536 dixit
1669 5480 1832 5536 disci-

290 5619 312 5648 ‘
337 5624 431 5680 Hic
456 5641 655 5698 novem
680 5631 904 5698 tantum
941 5627 1156 5682 fructus
1193 5627 1435 5698 Spiritus
1464 5624 1660 5698 sancti,
1679 5632 1753 5698 fut
1775 5625 1838 5680 iu

233 5689 402 5770 Graeco
423 5697 537 5770 ;7iu
571 5697 918 5755 Lectionario
955 5689 1288 5755 Luxoviensi
1333 5699 1551 5768 decem,
1593 5689 1692 5752 ubi
1728 5714 1834 5770 pa-

235 5763 428 5840 tientia,
451 5769 845 5840 longanimitas.

299 5835 322 5875 δ
345 5837 478 5893 Hinc
512 5835 814 5916 colligitur,
847 5843 1098 5914 missam,
1130 5841 1175 5896 si
1199 5857 1316 5898 non
1354 5856 1597 5916 semper,
1639 5839 1838 5897 saltem

1932 5108 2015 5159 tes
2043 5105 2102 5160 in
2128 5111 2200 5160 te.
2225 5108 2306 5161 'I‘u
2328 5107 2782 5174 clementissime,
2813 5109 2910 5180 qui
2937 5126 3159 5166 revocas
3185 5122 3462 5189 errantes;
3493 5125 3557 5178 tu

1933 5198 2467 5268 misericordissima,
2512 5200 2610 5271 qui
2654 5217 2767 5255 non
2806 5201 3046 5274 despicis
3088 5215 3439 5282 peccatores;
3468 5220 3554 5286 tu,

1933 5292 2168 5348 Domine
2195 5295 2376 5360 Pater,
2407 5309 2538 5347 cum
2566 5293 2830 5349 ceciderit
2854 5296 3062 5366 justus,
3108 5317 3345 5359 manum
3378 5324 3553 5380 appo-

1933 5386 2049 5455 nis;
2081 5391 2142 5442 tu
2172 5387 2419 5442 excelsus
2446 5386 2504 5440 in
2533 5387 2701 5456 caelis,
2732 5387 2982 5446 habitare
3007 5397 3315 5464 promisisti
3351 5399 3410 5455 in
3438 5407 3554 5456 ter-

1935 5479 2034 5549 ris,
2062 5480 2160 5535 ubi
2186 5485 2315 5536 sunt
2340 5481 2669 5553 congregati
2700 5481 2758 5537 in
2788 5485 2885 5539 tuo
2912 5488 3141 5545 nomine
3166 5490 3278 5546 duo
3305 5493 3389 5548 vel
3410 5499 3553 5564 tres;

1935 5625 2256 5707 aliquando,
2296 5625 2614 5707 inchoatam
2648 5627 2820 5685 fuisse
2860 5647 2904 5707 _a
2941 5631 3178 5707 lectione
3219 5635 3552 5707 prophetiae,

1937 5696 2417 5775 quemadmodum
2445 5698 2504 5775 in
2535 5699 2831 5775 Parasceve
2857 5701 3052 5775 incipit
3079 5696 3274 5775 missas
3300 5696 3554 5766 Phasim-'-

1939 5765 2327 5825 ctiiicatorum.
2360 5770 2563 5825 Confer
2576 5776 2689 5826 tres
2713 5773 2849 5828 alias
2871 5765 3064 5830 missas
3085 5773 3444 5837 dominicales
3463 5765 3554 5838 in.

1939 5839 2134 5910 ferias,
2162 5841 2256 5896 ubi
2283 5841 2542 5898 similiter
2560 5841 2817 5898 Praefatio
2842 5848 2966 5915 post
2993 5844 3365 5915 prophetiam.
