4036 6188
443 283 544 334 547

1317 275 1648 330 APPENDIX
1691 275 1777 328 AD
1814 275 2035 330 OPERA
2073 275 2124 330 S.
2167 275 2464 330 GERMANI
2503 275 2928 332 PARISIENSIS.

3703 275 3810 327 3.349

435 393 515 458 te,
545 387 802 455 Domine,
851 389 1110 440 tenemus
1153 383 1578 454 promissorem,
1621 387 1683 436 ut
1721 383 1817 438 des
1847 381 2070 438 veniam
2095 395 2152 466 Α
2173 383 2302 454 plex
2343 383 2593 452 affectus,
2627 385 2898 455 patientia
2943 383 3122 454 fortis,
3171 381 3488 438 obedientia
3543 397 3808 452 perseve-

436 481 855 553 poenitentibus.
899 480 972 532 Te
1015 477 1306 531 inveniant
1337 493 1534 531 omnes
1563 477 1662 547 qui
1703 481 1966 547 qmerunt
1991 481 2066 550 te,

436 577 516 630 Tu
545 591 646 629 rex
673 573 862 645 gloriae
889 571 1158 640 Christus,
1189 575 1250 624 tu
1277 587 1376 624 rex
1400 569 1586 624 omnis
1623 573 1790 624 terra:
1813 571 1978 639 Deus,
2008 575 2070 624 tu

439 686 538 724 rex
565 669 856 722 virtutum.
881 665 956 720 Te
985 669 1457 734 perscrutatorem
1483 663 1954 717 conscientiarum
1972 680 2070 716 no-

436 767 678 817 strarum
721 759 923 812 scimus
975 776 988 812 :
1035 757 1161 812 ideo
1207 761 1262 811 et
1290 757 1512 812 veniam
1547 756 1792 828 petimus
1838 756 2066 810 delicto-

437 871 586 910 rum.
627 854 708 906 Tu
743 867 984 922 magnus
1029 851 1298 904 Dominus
1338 855 1396 904 et
1425 849 1718 904 laudabilis
1763 850 1940 904 valde.
1995 851 2068 904 Te

433 963 750 1018 precamur,
790 949 856 1000 ut.
897 945 970 998 sis
1015 943 1178 999 nobis
1221 944 1524 1015 propicius.
1573 947 1618 998 A
1656 949 1709 998 te
1755 959 2063 1014 speramus.

435 1039 634 1092 Averte
659 1033 860 1088 faciem
889 1038 1050 1088 tuam
1073 1051 1106 1088 a
1135 1034 1374 1104 peccatis
1399 1034 1621 1102 nostris,
1651 1037 1708 1088 et
1735 1049 1932 1088 omnes
1959 1033 2066 1086 ini-

433 1129 676 1202 quitates
713 1132 930 1182 nostras
972 1128 1115 1183 dele.
1163 1130 1236 1183 Te
1274 1128 1652 1195 obsecramus,
1697 1127 1796 1198 qui
1832 1126 2069 1198 prwmia

435 1239 600 1294 paras
616 1222 806 1294 justis,
831 1223 902 1276 da
923 1223 1146 1276 veniam
1169 1222 1572 1292 peccatoribus.
1597 1221 1718 1275 Tibi
1734 1221 2069 1276 confitemur

433 1317 582 1372 mala
607 1321 819 1385 nostra,
843 1321 908 1372 ut
933 1331 1256 1370 mereamur
1275 1315 1540 1386 consequi
1565 1316 1714 1369 bona
1743 1319 1856 1370 tua.

1069 1406 1190 1454 Post
1210 1403 1440 1454 nomina.

497 1477 732 1532 Domine
772 1479 916 1532 Deus
959 1477 1268 1544 Abraham,
1311 1477 1456 1530 Deus
1485 1477 1648 1544 Isaac,
1693 1475 1837 1530 Deus
1878 1473 2063 1542 Jacob,

436 1571 581 1625 Deus
613 1571 1088 1642 patriarcharum,
1135 1571 1567 1641 prophetarum,
1599 1569 1982 1639 apostolorum
2011 1569 2068 1621 et

435 1665 770 1730 martyrum,
803 1659 1172 1730 omniumque
1200 1661 1544 1728 sanctorum,
1575 1657 1717 1712 sicut
1751 1674 1853 1728 pro
1890 1656 2066 1727 piissi-

2169 493 2319 546 rans,
2343 495 2454 548 pax
2483 481 2779 548 perpetua,
2811 493 2972 532 mens
3003 493 3166 548 pura,
3191 480 3409 532 rectum
3439 477 3494 528 et
3519 475 3806 530 mundum

2169 589 2283 640 cor,
2327 571 2584 626 voluntas
2615 571 2782 638 bona,
2823 571 3164 626 conscientia
3195 575 3408 638 sancta,
3441 569 3808 638 compunctio

2169 665 2452 737 spiritalis,
2493 665 2670 718 virtus
2713 665 2938 733 animae,
2977 666 3088 718 vita
3123 664 3504 732 immaculata,
3543 661 3802 732 inrepre-

2169 759 2489 826 hensibilis;
2515 763 3018 830 consummatoque
3049 757 3281 812 viriliter
3305 773 3491 824 cursu,
3536 756 3598 809 in
3639 761 3804 810 tuum

2169 853 2406 908 feliciter
2435 868 2756 906 mereamur
2777 853 2990 906 intrare
3017 867 3284 922 regnum.
3313 851 3412 905 Cui
3437 850 3668 904 merito.

2435 945 2609 994 Lectio
2643 944 2993 1010 Apocalypsin
3019 945 3184 994 sancti
3206 943 3458 994 Johannis
3475 943 3518 991 ⁸.

2241 1017 2356 1086 Ego
2381 1016 2662 1071 Johannes
2687 1016 2798 1072 vidi
2824 1017 3114 1072 sedentem
3137 1033 3308 1088 super
3335 1016 3630 1082 thronum,
3665 1019 3722 1069 et
3747 1015 3800 1068 in

2169 1109 2398 1164 dextera
2423 1110 2664 1164 sedentis
2688 1126 2857 1182 super
2873 1111 3168 1179 thronum,
3189 1110 3398 1164 librum
3417 1109 3704 1180 scriptum
3723 1109 3810 1162 in-

2169 1209 2258 1258 tus
2287 1208 2344 1258 et
2367 1203 2523 1272 foris,
2569 1203 2858 1274 signatum
2886 1203 3088 1275 sigillis
3113 1208 3351 1274 septem.
3381 1204 3450 1256 Et
3477 1202 3588 1256 vidi
3631 1217 3802 1274 ange-

2167 1297 2290 1351 lum
2311 1297 2540 1364 fortem,
2561 1297 2964 1367 praedicantem
2991 1313 3124 1352 voce
3153 1313 3384 1368 magna,
3409 1301 3467 1351 et
3493 1295 3794 1350 dicentem:

2166 1391 2300 1455 Quis
2326 1395 2410 1445 est
2439 1389 2644 1461 dignus
2681 1391 2898 1462 aperire
2919 1391 3152 1457 librum,
3176 1395 3232 1445 et
3259 1391 3473 1444 solvere
3511 1389 3798 1460 signacula

2167 1484 2323 1554 ejus?
2349 1484 2416 1536 Et
2441 1499 2611 1537 nemo
2635 1489 2874 1554 poterat.
2905 1485 2970 1538 Et
2993 1501 3099 1556 ego
3131 1483 3340 1538 ﬂebam
3367 1483 3640 1551 multum,
3669 1481 3800 1552 quia

2167 1593 2336 1631 nemo
2361 1577 2566 1648 dignus
2593 1577 2855 1632 inventus
2894 1584 2978 1632 est
3003 1578 3222 1648 aperire
3251 1577 3484 1642 librum,
3519 1581 3576 1630 et
3609 1575 3798 1628 videre

2167 1685 2320 1726 eum.
2348 1671 2414 1724 Et
2432 1687 2580 1724 unus
2628 1671 2696 1725 de
2735 1670 3049 1726 senioribus
3079 1671 3216 1726 dicit
3241 1669 3382 1724 mihi
3408 1687 3421 1724 :
3449 1671 3524 1724 Ne
3553 1668 3798 1723 ﬂeveris.

433 1770 528 1808 ma
551 1752 934 1808 misericordia
959 1757 1054 1806 tua
1084 1752 1284 1806 dedisti
1321 1751 1399 1806 eis
1418 1751 1778 1822 voluntatem
1809 1750 2064 1804 veniendi
2085 1765 2142 1836 Β
2167 1765 2302 1820 Ecce
2331 1764 2464 1818 vicit
2489 1765 2598 1818 Leo
2639 1765 2708 1818 de
2749 1764 2896 1818 tribu
2935 1765 3096 1830 Juda’
3141 1763 3298 1818 radix
3337 1763 3528 1830 David,
3575 1763 3804 1834 aperire

435 1847 502 1902 ad
525 1851 612 1914 te;
643 1847 738 1914 ita,
762 1845 1197 1900 clementissime
1223 1847 1405 1914 Pater,
1427 1845 1496 1900 da
1513 1845 1685 1900 servis
1709 1844 1820 1898 tuis
1847 1844 2064 1898 intelle-

432 1945 606 2008 ctum,
637 1940 925 2006 virtutem,
959 1943 1015 1993 et
1045 1939 1491 2009 possibilitatem,
1525 1943 1588 1992 ut
1618 1937 1722 1992 tibi
1748 1937 2060 1992 secundum

429 2035 773 2088 voluntatem
797 2039 956 2088 tuam
985 2033 1312 2087 serviamus.
1337 2032 1577 2103 Spiritus
1605 2037 1734 2086 tuus
1761 2032 1940 2086 bonus
1970 2033 2060 2086 de-

430 2127 596 2182 ducat
618 2143 721 2181 nos
747 2127 806 2180 in
821 2127 910 2180 via
925 2129 1096 2180 recta.
1118 2127 1196 2178 Da
1215 2125 1614 2196 incipientibus
1631 2125 2055 2196 perfectionem,

429 2221 498 2276 da
517 2221 762 2292 parvnlis
793 2220 1162 2286 intellectum,
1194 2219 1264 2273 da
1289 2219 1648 2273 currentibus
1688 2218 2055 2289 adjutorium.

427 2317 504 2368 Da
527 2313 948 2385 negligentibus
989 2313 1506 2384 compunctionem,
1537 2313 1610 2366 da
1641 2311 1844 2383 tepidis
1887 2311 2052 2382 spiri—

427 2413 550 2462 tum
595 2407 927 2477 ferventem,
968 2407 1038 2462 da
1077 2407 1337 2478 perfectis
1367 2407 1578 2461 bonam
1615 2405 2055 2460 consummatio-

431 2517 582 2556 nem.
611 2502 897 2573 Loquatur
920 2517 980 2556 os
1003 2505 1260 2555 nostrum
1290 2501 1518 2554 laudem
1543 2505 1719 2569 tuam,
1743 2504 1798 2554 et
1823 2516 1922 2570 per
1949 2499 2056 2553 sin-

432 2595 596 2666 gulos
611 2595 730 2650 dies
751 2595 1151 2650 benedicamus
1161 2599 1237 2664 te,
1263 2599 1319 2648 et
1343 2593 1640 2648 laudemus
1665 2609 1870 2648 nomen
1893 2597 2054 2648 tuum

429 2691 488 2744 in
515 2693 728 2744 aeterna
753 2689 956 2744 saecula
981 2689 1340 2764 saeculorum.

1081 2778 1158 2828 Ad
1187 2791 1392 2841 pacem.

497 2853 644 2907 Deus
675 2869 784 2924 pax
816 2857 871 2905 et
900 2849 1098 2905 caritas
1124 2853 1179 2904 te
1206 2851 1610 2922 deprecamur;
1651 2847 1884 2902 Domine
1925 2864 2048 2902 san-

425 2952 532 3012 cte,
561 2949 724 3000 Pater
756 2945 1136 3016 omnipotens,
1173 2948 1380 2997 aeterne
1421 2945 1584 3010 Deus,
1629 2943 1806 2996 libera
1839 2959 1938 2996 nos
1983 2941 2054 2994 ab

426 3039 584 3092 omni
603 3038 951 3106 temtatione,
976 3037 1180 3107 adjuva
1199 3053 1300 3090 nos
1319 3036 1378 3089 in
1399 3035 1554 3089 omni
1575 3036 1902 3104 certamine,
1925 3050 2055 3090 con—

425 3131 602 3186 solare
631 3132 689 3184 in
716 3131 872 3184 omni
903 3129 1284 3184 tribulatione.
1325 3130 1394 3182 Da
1445 3127 1604 3182 nobis
1631 3128 1958 3199 patientiam
1997 3129 2056 3182 in
2075 3135 2130 3206 ρ

424 3225 692 3292 adversis,
721 3223 790 3278 da
823 3223 982 3278 nobis
1019 3228 1084 3276 ut
1123 3227 1178 3278 te
1219 3239 1360 3293 puro
1399 3223 1564 3277 corde
1607 3222 1926 3286 adoremus,
1951 3221 2056 3277 tibi

425 3319 638 3374 munda
657 3317 995 3373 conscientia
1019 3316 1344 3388 psallamus,
1365 3316 1466 3370 tibi
1485 3319 1600 3370 tota
1623 3316 1826 3370 virtute
1846 3317 2052 3370 servia-

423 3429 570 3468 mus.
612 3413 686 3467 Te
723 3409 1129 3486 benedicimus,
1177 3409 1414 3464 Trinitas
1455 3413 1664 3475 sancta,
1699 3409 1798 3463 tibi
1843 3410 2056 3480 gratias

420 3506 662 3578 agimus,
695 3512 751 3560 te
778 3522 878 3576 per
906 3504 1160 3575 singulos
1190 3503 1307 3558 dies
1351 3502 1666 3570 laudamus,
1697 3507 1750 3556 te
1785 3502 2050 3574 depreca-

419 3617 570 3666 mur,
601 3599 756 3654 Abba
783 3600 964 3654 Pater.
1005 3598 1196 3654 Suavis
1229 3597 1302 3652 sit
1339 3596 1586 3652 laudatio
1625 3602 1838 3666 nostra,
1869 3597 2050 3668 sitque

421 3693 774 3763 acceptabilis
800 3692 976 3746 oratio
1001 3697 1212 3746 nostra.

1071 3779 1403 3828 Contestatio.

493 3853 630 3906 Vere
673 3851 910 3922 dignum
954 3855 1008 3905 et
1037 3851 1260 3922 justum
1293 3855 1396 3918 est,
1443 3851 1676 3904 Domine
1727 3851 1844 3904 Rex
1895 3850 2050 3906 caele-

421 3945 612 4012 stium,
645 3945 760 3999 Rex
791 3959 1012 4014 regum,
1047 3945 1190 3998 Deus
1215 3943 1472 4012 deorum,
1504 3949 1558 3998 et
1585 3943 1854 3998 Dominus
1875 3944 2048 3998 domi-

420 4055 647 4106 norum,
681 4037 782 4091 tibi
811 4036 1018 4108 gratias
1043 4052 1231 4108 agere,
1251 4035 1488 4090 laudum
1515 4037 2044 4092 hostiasimmolare.

419 4131 631 4188 Exaudi
661 4131 973 4185 orationem
1004 4135 1058 4184 et
1100 4129 1552 4201 deprecationem
1589 4129 1935 4184 famulorum
1962 4131 2044 4185 fa-

419 4227 817 4296 mularumque
841 4229 1100 4293 tuarum;
1152 4223 1385 4278 auribus
1413 4223 1640 4296 percipe
1667 4223 1923 4278 lacrimas
1949 4241 2044 4279 eo-

419 4337 568 4388 rum,
601 4319 754 4374 Abba
779 4319 962 4373 Pater.
995 4317 1171 4388 Imple
1199 4317 1448 4372 nominis
1483 4317 1566 4372 tui
1598 4317 1850 4372 ofﬁcium
1879 4335 2048 4390 super

411 4415 652 4470 famulos
676 4417 732 4468 et
759 4412 998 4467 famulas
1027 4415 1182 4482 tuas;
1215 4416 1276 4466 tu
1306 4427 1399 4466 eos
1429 4428 1585 4484 rege,
1607 4416 1666 4466 tu
1699 4417 1948 4485 protege,
1982 4419 2046 4468 tu

414 4524 700 4583 conserva,
741 4511 804 4562 tu
847 4507 1148 4574 sanctifica,
1193 4509 1256 4560 tu
1299 4505 1571 4576 guberna,
1619 4509 1682 4560 tu
1731 4507 2121 4582 consolare.D

413 4600 565 4656 Sicut
607 4617 720 4655 non
749 4617 806 4654 es
833 4599 1168 4672 dedignatus
1204 4615 1551 4671 congregare
1587 4605 1644 4654 et
1668 4617 1866 4656 vocare
1912 4619 2038 4672 eos;

416 4691 493 4749 ita
505 4699 602 4748 tuo
616 4693 1048 4748 inflammentur
1060 4710 1273 4763 amore,
1304 4697 1368 4748 ut
1387 4711 1419 4747 a
1431 4697 1488 4749 te
1503 4711 1620 4749 non
1639 4693 2038 4766 despiciantur,

417 4785 655 4842 Domine
697 4785 1150 4854 clementissime,
1192 4791 1248 4840 et
1298 4787 1550 4857 piissime
1599 4789 1779 4844 Pater.
1820 4789 1928 4843 Oro
1963 4793 2038 4858 te,

413 4879 668 4949 Domine,
701 4897 816 4935 non
840 4885 1034 4950 pereat
1073 4879 1132 4932 in
1159 4877 1320 4932 nobis
1351 4879 1565 4934 factura
1593 4881 1959 4936 redemtionis
1987 4887 2042 4936 et

411 4975 627 5032 vocatio
655 4979 754 5030 tua
780 4989 793 5029 :
822 4973 966 5028 sicut
989 4971 1194 5027 vocasti
1221 4977 1489 5038 errantes,
1509 4973 1588 5027 ita
1611 4976 1824 5030 custodi
1851 4977 1908 5030 in
1936 4977 2042 5032 hoc

416 5069 546 5122 ovili
585 5069 925 5123 habitantes.
969 5068 1273 5122 Precamur
1317 5069 1390 5136 te,
1425 5067 1653 5122 Domine
1696 5074 1903 5138 sancte,
1931 5071 2038 5125 Pa-

415 5167 501 5216 ter
541 5161 916 5232 omnipotens,
951 5165 1162 5216 aeterne
1197 5163 1360 5230 Dens,
1391 5159 1592 5214 exaudi
1618 5161 1856 5216 famulos
1893 5169 2038 5230 tuos,

415 5253 544 5328 quia
583 5254 826 5326 benigna
872 5259 954 5309 est
989 5254 1375 5309 misericordia
1415 5257 1531 5308 tua.
1578 5253 1829 5310 Concede
1865 5257 1944 5310 eis
1981 5263 2044 5312 ut

413 5355 511 5404 tuo
550 5353 741 5402 sancto
784 5347 995 5418 Spiritu
1044 5347 1490 5414 intlammentur,
1547 5352 1642 5402 tua
1690 5347 1894 5404 virtute
1951 5350 2040 5404 lir-

411 5447 661 5508 mentur,
703 5445 800 5494 tuo
829 5439 1128 5511 splendore
1159 5441 1594 5512 inluminentur,
1623 5447 1722 5497 tua
1751 5443 1931 5514 gratia
1958 5459 2040 5498 re-

407 5538 672 5610 pleantur
725 5550 856 5590 cum
899 5539 997 5587 tuo
1042 5534 1321 5604 adjutorio
1369 5535 1682 5606 proﬁciant.
1741 5537 1892 5590 Dona
1937 5536 2037 5606 eis,

411 5631 671 5700 Domine,
699 5629 870 5694 ﬁdem
897 5631 1128 5696 rectam,
1158 5627 1446 5682 caritatem
1488 5631 1813 5700 perfectam,
1845 5630 2036 5686 humi-

409 5727 628 5786 litatem
655 5739 868 5780 veram.
897 5719 1173 5792 Concede,
1191 5721 1450 5792 Domine,
1469 5727 1532 5776 ut
1558 5723 1628 5778 sit
1653 5723 1712 5778 in
1731 5725 1892 5780 nobis
1910 5725 2039 5782 sim-

481 5819 502 5848 "
533 5817 656 5874 Htec
684 5823 766 5876 est
789 5817 882 5874 illa
907 5814 1224 5892 prophetia,
1256 5815 1324 5871 de
1351 5831 1462 5887 qua
1507 5817 1764 5886 superius
1799 5817 2034 5876 mentio.

2161 1857 2400 1926 librum;
2421 1862 2476 1911 et
2504 1861 2716 1928 septem
2745 1857 3034 1928 signacula
3059 1857 3198 1928 ejus.
3229 1859 3296 1910 Et
3319 1857 3453 1926 vidi,
3485 1861 3544 1910 et
3584 1871 3716 1910 ecce
3745 1856 3802 1910 in

2163 1951 2349 2004 medio
2381 1950 2572 2004 throni
2601 1955 2657 2004 et
2679 1955 2946 2021 quattuor
2969 1949 3308 2004 animalium
3340 1955 3397 2004 et
3413 1950 3472 2004 in
3489 1950 3684 2004 medio
3711 1965 3800 2003 se-

2159 2044 2386 2098 niorum
2425 2047 2652 2112 Agnum
2697 2047 2938 2098 stantem
2976 2043 3136 2115 quasi
3173 2044 3440 2112 occisum,
3489 2043 3802 2098 habentem

2159 2153 2375 2192 cornua
2404 2141 2640 2208 septem,
2673 2142 2730 2192 et
2753 2137 2942 2192 oculos
2970 2142 3208 2208 septem,
3233 2137 3332 2208 qui
3361 2142 3492 2192 sunt.
3519 2137 3806 2208 spiriritus

2159 2230 2255 2284 Dei
2287 2230 2440 2284 missi
2467 2231 2528 2284 in
2553 2245 2784 2285 omnem
2817 2234 3046 2284 terram.
3085 2231 3150 2284 Et
3187 2230 3361 2293 venit,
3393 2235 3450 2284 et
3475 2231 3694 2301 accepit
3729 2229 3802 2282 li-

2156 2323 2324 2378 brum
2355 2340 2368 2377 :
2401 2327 2457 2378 et
2480 2327 2748 2394 quattuor
2771 2324 3054 2390 animalia,
3089 2327 3145 2378 et
3171 2323 3372 2394 viginti
3408 2327 3683 2396 quattuor
3709 2339 3802 2378 se-

2156 2415 2343 2472 niores
2385 2417 2709 2472 ceciderunt
2745 2433 2940 2471 coram
2979 2419 3176 2488 Agno;
3217 2421 3274 2472 et
3315 2421 3548 2472 cantant
3581 2433 3800 2470 novum

2157 2511 2436 2564 canticum
2463 2511 2711 2566 dicentes
2745 2527 2758 2564 :
2791 2511 3003 2582 Dignus
3031 2527 3090 2566 es
3119 2511 3340 2581 aperire
3369 2511 3604 2580 librum,
3638 2515 3696 2565 et
3721 2511 3800 2564 si-

2158 2605 2396 2676 gnacula
2433 2605 2574 2676 ejus,
2619 2604 2886 2676 quoniam
2919 2604 3131 2658 occisus
3161 2621 3240 2674 es,
3283 2609 3340 2659 et
3365 2605 3654 2659 redemisti
3694 2621 3804 2660 nos

2157 2699 2272 2752 Deo
2301 2698 2359 2752 in
2377 2699 2656 2770 sanguine
2681 2703 2798 2752 tuo.
2829 2699 2894 2752 Et
2919 2714 3115 2752 omnes
3139 2699 3326 2752 audivi
3355 2699 3606 2752 dicentes
3639 2715 3654 2751 :
3691 2698 3798 2754 Se-

2157 2792 2310 2848 denti
2347 2793 2406 2846 in
2435 2793 2656 2846 Throno
2691 2797 2748 2847 et
2785 2795 2964 2863 Agno,
3009 2792 3355 2861 benedictio,
3397 2797 3454 2846 et
3497 2792 3704 2860 honor,
3741 2797 3802 2846 et

2157 2887 2351 2956 gloria,
2383 2891 2440 2940 et
2474 2891 2717 2957 potestas
2747 2885 2808 2939 in
2834 2886 3040 2940 saecula
3076 2886 3416 2940 saeculorum
3451 2901 3642 2940 amen.
3681 2887 3798 2950 Qui

2155 2979 2320 3035 habet
2351 2997 2548 3035 aurem
2575 2980 2784 3050 audiat,
2817 2979 2956 3051 quid
2982 2979 3223 3050 Spiritus
3249 2980 3394 3034 dicat
3415 2979 3692 3034 Ecclesiis.

2688 3089 2842 3128 MISSA
2887 3089 3258 3130 DOMINICALIS.

2433 3151 2662 3216 Epistola
2685 3153 2826 3202 Pauli
2853 3154 3076 3216 apostoli
3103 3152 3168 3202 ad
3193 3153 3504 3203 Corinthios.

2225 3225 2466 3292 Fratres,
2511 3241 2642 3279 cum
2680 3241 2816 3296 ergo
2860 3226 3112 3280 Christus
3155 3226 3496 3297 praedicatur
3551 3227 3706 3298 quod
3763 3244 3796 3280 a

2155 3318 2394 3372 mortuis
2421 3319 2750 3386 resurrexit,
2782 3321 3066 3392 quomodo
3095 3319 3290 3374 dicunt
3333 3320 3564 3392 quidam
3601 3320 3664 3374 in
3689 3337 3792 3375 vo-

2153 3411 2258 3480 bis,
2287 3411 2558 3483 quoniam
2581 3415 2914 3468 resurrectio
2941 3419 3298 3468 mortuorum
3325 3431 3440 3468 non
3471 3415 3596 3468 est?
3619 3414 3682 3469 Si
3697 3431 3794 3468 au-

2152 3510 2267 3560 tem
2291 3506 2626 3562 resurrectio
2655 3513 3015 3562 mortuorum
3039 3524 3154 3562 non
3181 3513 3284 3578 est,
3313 3524 3500 3579 neque
3529 3508 3788 3564 Christus

2151 3599 2480 3654 resurrexit.
2513 3599 2568 3654 Si
2607 3607 2798 3656 autem
2827 3619 2942 3656 non
2971 3601 3298 3672 resurrexit,
3335 3601 3456 3656 sine
3490 3618 3666 3656 causa
3707 3607 3786 3657 est

2152 3707 2286 3762 ergo
2315 3697 2369 3746 et
2399 3693 2721 3763 praedicatio
2755 3701 2967 3764 nostra,
3001 3699 3056 3750 et
3089 3695 3226 3750 ﬁdes
3255 3702 3434 3750 vestra
3461 3711 3662 3751 vacua.
3695 3697 3780 3752 ln-

2149 3786 2411 3842 venimur
2447 3791 2636 3842 autem
2687 3789 2810 3843 falsi
2849 3793 3013 3844 testes
3046 3791 3174 3860 Dei;
3229 3791 3496 3863 quoniam
3539 3793 3786 3846 testimo-

2149 3879 2308 3934 nium
2353 3881 2600 3935 diximus
2641 3881 2904 3937 adversus
2965 3883 3166 3954 Deum,
3219 3886 3372 3956 quod
3423 3887 3784 3942 suscitaverit

2147 3973 2452 4043 Christum,
2484 3991 2654 4046 quem
2679 3991 2792 4030 non
2819 3977 3122 4032 suscitavit.
3145 3978 3198 4032 Si
3227 3979 3378 4033 enim
3421 3981 3636 4034 mortui
3669 3999 3784 4036 non

2147 4073 2470 4138 resurgunt,
2501 4085 2685 4140 neque
2715 4069 2970 4126 Christus
2993 4073 3321 4128 resurrexit.
3349 4073 3508 4136 Quod
3535 4075 3582 4128 si
3615 4075 3780 4130 Chri-

2145 4164 2262 4214 stus
2289 4177 2402 4214 non
2429 4163 2759 4230 resurrexit,
2795 4164 2914 4218 sine
2942 4181 3108 4218 causa
3134 4171 3190 4220 et
3215 4165 3354 4220 fides
3379 4171 3564 4221 vestra
3591 4173 3700 4238 est,
3729 4173 3784 4223 et

2143 4253 2327 4307 adhuc
2357 4255 2486 4308 estis
2515 4255 2574 4310 in
2597 4257 2841 4327 peccatis
2868 4259 3083 4313 vestris.
3119 4260 3266 4330 Ergo
3304 4265 3360 4314 et
3384 4260 3482 4332 qui
3535 4261 3780 4318 dormie-

2143 4353 2296 4414 runt,
2337 4347 2396 4402 in
2444 4349 2662 4404 Christo
2698 4350 3012 4422 perierunt.
3057 4352 3112 4406 Si
3151 4353 3212 4406 in
3251 4353 3358 4408 hac
3393 4354 3510 4408 vita
3557 4356 3680 4410 sola
3719 4357 3776 4410 in

2145 4439 2364 4495 Christo
2391 4447 2678 4512 sperantes
2707 4459 2905 4498 sumus
2931 4447 3174 4514 tantum,
3209 4447 3651 4504 miserabiliores
3680 4467 3774 4504 su-

2143 4549 2270 4588 mus
2295 4535 2560 4590 omnibus
2583 4537 2930 4594 hominibus.
2967 4539 3244 4602 Quoniam
3269 4541 3330 4594 in
3361 4541 3542 4597 Adam
3571 4559 3772 4600 omnes

2145 4627 2486 4696 moriuntur,
2511 4630 2590 4684 ita
2607 4635 2662 4686 et
2681 4630 2740 4685 in
2759 4631 2978 4686 Christo
3009 4649 3206 4688 omnes
3225 4634 3686 4694 viviﬁcabuntur.

2295 4721 2470 4770 Lectio
2495 4723 2662 4772 sancti
2691 4723 2958 4788 Evangelii
2983 4726 3270 4776 secundum
3295 4727 3614 4780 Mattbieum.

2213 4793 2418 4847 Diebus
2447 4794 2578 4864 illis,
2607 4798 2925 4852 convocatis
2950 4799 3020 4853 ad
3051 4815 3108 4854 se
3139 4800 3408 4856 Dominus
3433 4803 3596 4858 Jesus
3647 4809 3766 4860 tur-

2143 4885 2246 4955 bis,
2276 4886 2422 4940 dixit
2453 4887 2533 4942 eis
2564 4905 2577 4943 :
2611 4891 2812 4945 Audite
2843 4897 2900 4946 et
2925 4891 3240 4964 intelligite.
3275 4895 3396 4950 Non
3423 4895 3576 4966 quod
3597 4897 3774 4954 intrat

2143 4980 2200 5034 in
2227 4997 2306 5050 os,
2349 4979 2676 5052 coinquinat
2705 4985 3040 5056 hominem;
3073 4987 3170 5042 sed
3215 4989 3366 5059 quod
3403 4993 3662 5062 procedit
3703 5009 3770 5048 ex

2143 5089 2258 5142 ore,
2287 5075 2394 5129 hoc
2418 5075 2750 5148 coinquinat
2779 5078 3090 5134 hominem.
3122 5083 3276 5136 Tunc
3303 5093 3666 5142 accesserunt
3693 5087 3774 5140 di-

2141 5167 2340 5238 scipuli
2360 5169 2500 5238 ejus,
2523 5175 2579 5224 et
2605 5171 2872 5226 dixerunt
2897 5173 2946 5227 ei
2977 5190 2990 5227 :
3021 5173 3135 5228 Scis
3163 5176 3296 5246 quia
3335 5177 3634 5248 Pharisaei,
3665 5197 3768 5235 au-

2141 5261 2257 5316 dito
2283 5261 2388 5316 hoc
2409 5263 2597 5332 verbo,
2631 5265 2984 5321 scandalizati
3027 5273 3178 5322 sunt.
3209 5273 3278 5324 At
3303 5270 3398 5325 ille
3421 5273 3772 5343 respondens

2141 5354 2219 5408 ait
2249 5373 2262 5410 :
2294 5356 2488 5410 Omnis
2507 5357 2798 5428 plantatio,
2811 5376 2983 5430 quam
3001 5377 3114 5416 non
3135 5363 3403 5432 plantavit
3419 5367 3584 5422 Pater
3605 5383 3772 5423 meus

2140 5449 2392 5518 cazlestis,
2439 5449 2832 5508 eradicabitur.
2865 5453 3040 5510 Sinite
3073 5455 3214 5526 illos,
3247 5459 3382 5514 caeci
3403 5465 3558 5530 sunt,
3597 5461 3772 5516 duces

2139 5557 2437 5598 caecorum.
2483 5544 2674 5600 Caacus
2721 5551 2912 5601 autem
2943 5547 2988 5602 si
3024 5565 3172 5604 caeco
3207 5550 3474 5608 ducatum
3515 5559 3768 5626 prestat,

2141 5635 2306 5691 ambo
2341 5637 2401 5692 in
2435 5637 2654 5694 foveam
2689 5639 2920 5696 cadunt.
2953 5642 3320 5714 Respondens
3355 5651 3548 5702 autem
3573 5647 3772 5704 Petrus

2137 5727 2280 5784 dixit
2329 5731 2380 5786 ei
2430 5749 2444 5788 :
2479 5731 2731 5790 Edissere
2777 5733 2942 5790 nobis
2983 5738 3308 5808 parabolam
3349 5739 3534 5798 istam.
3561 5745 3636 5798 At
3669 5743 3770 5800 ille
