3982 6190
215 293 294 346 549

779 285 1388 341 SACRAMENTARIUM
1425 284 1870 340 GALLICANUM.
1913 314 1979 321 —
2020 283 2383 339 LECTIONES
2421 284 2877 340 DOMINlCALES.

3405 292 3505 343 550

198 397 342 453 dixit:
363 393 540 449 Adhuc
561 396 616 446 et
633 408 726 446 vos
756 392 874 447 sine
907 393 1197 447 intellectu
1215 392 1387 446 estis?
1412 408 1529 447 non
1555 391 1764 446 intelli-
1789 404 1847 476 Α
1871 392 2091 462 guravit
2117 391 2172 445 in
2201 408 2386 445 curro.
2412 392 2582 460 Cujus
2607 392 2758 446 dono
2774 392 2944 446 vidua
2975 393 3262 448 benedixit
3281 395 3340 448 in
3356 395 3498 464 oleo,

199 491 302 563 gitis
324 488 442 560 quia
469 502 632 542 omne
661 487 812 557 quod
839 486 899 540 in
930 503 990 540 os
1011 485 1205 555 intrat,
1229 486 1289 540 in
1317 489 1573 540 ventrem
1597 485 1766 555 vadit,

1870 485 2048 555 ipsius
2077 485 2512 539 viviﬁcationem
2542 485 2791 540 Heliseus
2836 486 2973 540 vidit
3008 487 3067 540 in
3096 489 3372 559 sepulcro.
3400 489 3504 544 Cu-

197 585 309 639 etin
333 598 590 636 secessum
630 580 912 635 mittitur?
955 596 1083 651 quae
1123 583 1313 634 autem
1355 580 1669 651 procedunt
1703 580 1772 634 de
1864 578 1959 648 jus
1984 579 2314 650 patientiam
2339 578 2644 634 Hieremias
2669 580 2860 634 docuit
2884 580 2944 634 in
2964 580 3171 650 lacum,
3203 581 3378 652 ipsius
3398 583 3501 636 mi-

194 693 287 744 ore,
313 676 373 730 de
409 675 563 729 corde
609 678 835 743 exeunt,
869 677 927 728 et
960 690 1025 729 ea
1066 673 1432 744 coinquinant
1460 673 1768 728 hominem.

193 771 252 824 De
276 768 422 823 corde
447 767 594 822 enim
621 773 830 822 exeunt
853 767 1218 838 cogitationes
1240 767 1424 836 malae,
1449 766 1768 835 homicidia,

191 861 441 930 adulteria,
501 861 914 930 fornicationes,
981 861 1130 916 furta
1155 903 1168 930 ,
1229 861 1371 916 falsa
1430 860 1769 928 testimonia,

188 955 538 1027 blasphemiae;
567 955 688 1010 haec
727 960 859 1009 sunt
899 971 1026 1026 quae
1054 955 1422 1026 coinquinant
1458 954 1769 1008 hominem.

189 1049 285 1103 Non
308 1048 422 1103 lotis
445 1053 633 1104 autem
656 1048 920 1103 manibus
945 1049 1306 1117 manducare,
1321 1065 1435 1103 non
1449 1048 1775 1118 coinquinat

187 1141 454 1196 hominem.
499 1143 768 1198 Ecuassus
814 1159 938 1197 mm»:
963 1143 1214 1197 DOMINUS
1249 1144 1408 1197 Jasus
1455 1141 1677 1197 secessit
1716 1141 1774 1194 in

187 1239 342 1306 partes
366 1235 486 1305 Tyri
517 1239 573 1290 et
611 1235 827 1291 Sidonis
861 1253 872 1289 :
907 1239 962 1291 et
991 1252 1117 1291 ecce
1153 1235 1360 1290 mulier
1384 1236 1700 1304 Chananea,
1741 1251 1775 1288 a

186 1328 360 1382 ﬁnibus
402 1328 509 1382 illis
556 1345 800 1401 egressa,
847 1330 1136 1399 clamavit,
1169 1330 1358 1384 dicens
1385 1330 1437 1385 ei
1470 1347 1482 1384 :
1516 1329 1773 1383 Miserere

185 1423 292 1488 mei,
317 1422 560 1489 Domine,
590 1421 670 1476 ﬁli
697 1422 897 1492 David;
928 1423 1040 1477 ﬁlia
1082 1439 1209 1477 mea
1249 1423 1394 1478 male
1437 1440 1470 1477 a
1494 1422 1774 1476 daemonio

183 1520 403 1570 vexatur.
429 1516 537 1579 Qui
563 1532 675 1570 non
695 1517 985 1587 respondit
1011 1516 1063 1570 ei
1083 1516 1338 1571 verbum.
1363 1518 1427 1570 Et
1449 1515 1775 1571 accedentes

183 1609 406 1679 discipuli
427 1609 548 1680 ejus
573 1609 855 1681 rogabant
875 1626 1028 1676 eum,
1061 1611 1307 1666 dicentes
1341 1626 1354 1663 :
1381 1609 1606 1664 Dimitte
1627 1625 1772 1678 eam,

182 1701 288 1772 quia
325 1701 522 1757 clamat
562 1707 688 1773 post
723 1719 846 1758 nos.
878 1705 1000 1775 Ipse
1044 1707 1232 1758 autem
1264 1703 1608 1773 respondens
1649 1701 1727 1757 ait
1759 1719 1771 1755 :

1872 672 2232 727 sericordiam
2257 672 2557 726 Zerobabel
2582 673 2906 743 praedicavit
2939 674 2999 728 in
3029 675 3296 730 reditum.
3329 677 3502 747 Cujus

1875 782 2017 837 opus
2041 767 2498 821 Patriarcharum
2521 766 2705 820 forma
2731 767 3002 834 distinxit,
3033 768 3208 839 ipsius
3233 770 3504 841 propicia-

1873 859 2085 914 tionem
2113 859 2466 914 sacerdotum
2493 860 2834 930 praeparatio
2864 861 3176 916 declaravit.
3199 861 3370 932 Cujus
3386 863 3504 918 lon-

1875 953 2262 1023 ganimitatem
2284 953 2543 1022 judicum
2575 954 2809 1024 aequitas
2824 954 3077 1024 protulit,
3097 955 3272 1025 ipsius
3287 956 3504 1027 sapien-

1874 1047 2013 1101 tiam
2041 1062 2244 1118 regum
2271 1047 2383 1100 vita
2412 1047 2671 1101 deservit.
2699 1047 2870 1118 Cujus
2907 1048 3167 1118 spiritum
3194 1050 3500 1120 propheta-

1874 1157 2004 1195 rum
2032 1140 2233 1195 veritas
2273 1141 2622 1212 adprobavit,
2653 1141 2826 1211 ipsius
2851 1142 3154 1196 adventum
3183 1143 3503 1198 Zaccharias

1874 1234 2179 1306 castigatus
2208 1235 2469 1289 ostendit.
2509 1234 2678 1305 Cujus
2707 1234 3007 1289 introitum
3039 1236 3319 1291 Iohannes
3353 1255 3500 1308 prte-

1875 1345 2069 1382 cursor
2104 1329 2416 1392 admonuit,
2452 1328 2626 1399 ipsius
2664 1327 3015 1383 nativitatem
3046 1330 3216 1402 Virgo
3247 1332 3502 1402 protulit,

1874 1423 2030 1477 stella
2058 1422 2361 1493 praecessit.
2394 1422 2741 1492 Angelorum
2768 1439 2872 1476 vox
2901 1439 3056 1476 sacra
3083 1423 3302 1492 cecinit,
3322 1430 3507 1495 pasto-

1875 1533 2004 1570 rum
2027 1516 2262 1587 pervigil
2284 1515 2594 1570 sollicitudo
2615 1517 2874 1587 pervidit,
2899 1533 3202 1596 magorum
3225 1519 3506 1588 tripertita

1874 1609 2079 1664 oblatio
2105 1609 2356 1664 muneris
2384 1610 2696 1664 honoravit.
2725 1611 2895 1680 Cujus
2923 1610 3240 1680 passionem
3259 1612 3507 1666 mundus

1874 1719 1988 1757 non
2018 1703 2304 1772 sustinuit,
2334 1703 2418 1757 sol
2448 1703 2676 1774 refugit.
2708 1704 2879 1773 Cujus
2907 1705 3374 1760 resurrectionem
3403 1706 3503 1761 ad-

183 1795 276 1848 N‘on
301 1812 416 1850 sum
444 1796 648 1851 missus
689 1796 798 1850 nisi
825 1797 896 1851 ad
936 1813 1066 1850 oves
1101 1813 1231 1868 quas
1257 1796 1550 1868 perierunt
1574 1796 1775 1850 domus
1796 1781 1851 1852 Β
1875 1796 2131 1851 sistentes
2171 1801 2626 1851 sustentaverunt
2663 1796 2870 1868 angeli,
2924 1813 3055 1851 cum
3116 1804 3505 1870 resurgentem

185 1888 336 1943 lsrael.
362 1893 428 1943 At
456 1889 556 1943 illa
594 1891 768 1959 venit,
818 1894 875 1945 et
919 1891 1192 1945 adorabat
1235 1907 1365 1944 eum
1405 1890 1636 1945 dicens:
1668 1890 1774 1944 Do-

183 1981 327 2048 mine,
352 1982 555 2053 adjuva
580 2000 692 2038 me.
729 1984 835 2048 Qui
878 1985 1224 2055 respondens
1251 1984 1331 2038 ait
1361 2000 1373 2038 :
1415 1985 1537 2037 Non
1564 1988 1647 2037 est
1673 1982 1773 2037 bo-

181 2091 292 2129 num
314 2093 534 2132 sumere
570 2093 776 2148 panem
799 2076 1067 2147 ﬁliorum,
1097 2082 1153 2132 et
1177 2077 1401 2132 mittere
1429 2077 1675 2131 canibus.
1709 2080 1778 2132 At

180 2168 251 2222 illa
270 2170 399 2224 dixit
424 2188 436 2224 :
476 2170 662 2225 Etiam
688 2213 701 2240 ,
733 2172 969 2226 Domine
988 2214 1003 2239 ,
1031 2188 1165 2226 nam
1191 2175 1248 2227 et
1287 2171 1470 2226 catelli
1497 2171 1672 2226 edunt
1709 2171 1777 2227 de

180 2277 340 2317 mensa
363 2264 732 2319 dominorum
777 2282 1028 2320 suorum.
1069 2267 1222 2320 Tunc
1251 2264 1596 2336 respondens
1622 2265 1779 2319 Jesus

179 2356 238 2409 ait
260 2357 331 2410 illi
359 2375 371 2411 :
398 2359 440 2413 Ο
460 2359 693 2420 mulier,
715 2375 924 2431 magna
953 2364 1037 2413 est
1061 2357 1198 2414 ﬁdes
1225 2363 1350 2428 tua;
1379 2357 1477 2413 ﬁat
1505 2358 1608 2413 tibi
1634 2359 1778 2413 sicut

182 2449 259 2504 vis.
282 2451 341 2504 Et
364 2456 564 2506 sanata
589 2457 672 2507 est
698 2452 811 2506 ﬁlia
836 2453 958 2523 ejus
996 2469 1065 2508 ex
1091 2453 1184 2506 illa
1214 2452 1370 2506 hora.

763 2567 953 2606 INCIPIT
993 2567 1163 2604 MISSA.

236 2641 469 2710 Oremus,
515 2643 721 2697 fratres
757 2642 1046 2710 carissimi,
1088 2643 1409 2697 unianimes
1436 2647 1604 2714 atque
1642 2659 1775 2697 con-

179 2735 357 2802 cordes,
391 2741 454 2791 ut
480 2737 792 2790 Ecclesiam
819 2753 980 2790 suam
1017 2735 1285 2790 Dominus
1311 2735 1371 2789 in
1406 2752 1545 2807 pace
1571 2736 1776 2790 consti-

179 2832 291 2894 tuat,
317 2829 532 2884 clerum
576 2846 744 2885 suum
786 2830 992 2884 caelesti
1020 2829 1410 2885 benedictione
1447 2829 1776 2899 circumdet,

176 2921 364 2990 plebem
402 2939 569 2978 suam
610 2923 772 2978 donis
809 2924 1022 2994 repleat
1058 2921 1396 2994 spiritalium
1435 2923 1776 2995 gratiarum;

178 3019 226 3067 ut
256 3017 492 3086 quietam
527 3016 700 3071 vitam
747 3023 998 3089 agentes,
1029 3021 1240 3072 aeterno
1268 3017 1504 3072 Domino
1546 3017 1779 3072 inlibate

177 3109 472 3166 serviamus.

833 3181 1102 3231 Collectio.

231 3259 640 3334 Sempiternum
693 3261 1016 3332 Dominum,
1073 3261 1380 3332 inﬁnitum,
1439 3262 1779 3333 ingenitum,

177 3352 554 3427 immortalem,
597 3357 807 3412 devotte
861 3355 1086 3423 mentis,
1143 3356 1552 3411 desideriorum
1601 3357 1783 3412 cordis

174 3443 519 3506 habitatorem
551 3450 940 3522 deprecemur,
969 3452 1035 3503 ut
1064 3450 1366 3504 Ecclesiam
1404 3455 1652 3505 sanctam
1687 3467 1777 3504 ca~

174 3539 409 3599 tholicam
431 3548 720 3617 perpetua
745 3543 1070 3599 defensione
1097 3546 1342 3599 tueatur.

777 3633 896 3682 Post
922 3633 1150 3682 nomina.

228 3712 450 3769 Domine
479 3718 635 3770 Deus
661 3713 973 3768 dilectionis
997 3719 1053 3770 et
1077 3714 1252 3786 pacis,
1281 3714 1341 3768 in
1366 3713 1526 3785 cujus
1552 3714 1783 3768 dextera

172 3804 298 3860 salus
318 3813 511 3862 nostra
545 3812 648 3874 est,
664 3812 870 3878 praesta
891 3812 956 3861 ut
977 3807 1046 3861 ad
1072 3812 1127 3862 te
1155 3824 1270 3862 non
1298 3823 1393 3862 ore
1419 3812 1660 3874 tantum,
1687 3808 1783 3862 sed

169 3905 214 3952 et
250 3902 407 3957 corde
450 3901 780 3972 vigilemus.
828 3901 1110 3956 Timorem
1151 3901 1236 3956 tui
1285 3901 1531 3956 nominis
1579 3902 1785 3956 nostris

169 3992 338 4048 emitte
352 3995 687 4064 visceribus,
707 4000 762 4050 et
780 4011 1032 4049 amorem
1054 3995 1290 4050 infunde
1304 3995 1640 4067 pectoribus.
1657 3997 1780 4051 Per.

815 4087 890 4138 Ad
920 4101 1124 4153 pacem.

225 4167 402 4225 Presta
428 4169 621 4238 nobis,
651 4169 906 4239 Domine,
939 4169 1000 4224 in
1047 4169 1214 4224 domo
1237 4174 1336 4225 tua
1360 4174 1552 4225 sancta
1578 4169 1784 4225 unani-

165 4262 340 4318 mitate
378 4263 712 4320 viventibus
749 4279 946 4335 pacem
996 4263 1205 4319 habere
1258 4280 1433 4336 quam
1472 4263 1782 4332 tradimus;

167 4369 340 4424 pacem
367 4374 602 4414 servare
631 4374 803 4429 quam
838 4357 1114 4412 sumimus

827 4450 1157 4501 Conteslatio.

1803 3159 1857 3230 C

1880 1889 2332 1959 gloriﬁcaverunt
2358 1889 2553 1944 sancti.
2581 1889 2751 1959 Cujus
2776 1905 3023 1960 regnum
3055 1890 3379 1946 universum
3406 1909 3506 1947 εω-
3598 1959 3599 1963 η

1877 1983 2102 2038 lestium
2139 1987 2196 2038 et
2229 1981 2585 2037 terrestrium
2628 1982 3098 2054 infernorumque
3144 1990 3501 2055 concentum,

1877 2077 2230 2146 animalium,
2273 2077 2580 2145 seniorum,
2617 2077 2990 2148 signatorum,
3019 2076 3347 2133 incessabile
3373 2079 3504 2134 vece

1878 2171 2304 2242 proclamabant
2332 2170 2581 2225 dicentes
2611 2187 2624 2224 :
2664 2170 2918 2225 Sanctus.

2402 2293 2557 2332 MISSA
2599 2293 2962 2334 DOMINICALIS.

1973 2369 2146 2420 Lectio
2174 2369 2440 2420 Malachiee
2469 2371 2737 2434 prophetas
2756 2407 2773 2432 ,
2809 2371 3134 2422 dominicalis
3172 2372 3411 2436 legenda.

1952 2457 2072 2510 Hinc
2110 2455 2242 2510 dicit
2279 2457 2547 2511 Dominus
2581 2473 2594 2511 :
2631 2457 2834 2512 lnferte
2872 2474 3102 2512 omnem
3143 2458 3420 2512 decimam
3449 2458 3508 2513 in

1879 2549 2148 2604 horreum
2175 2565 2387 2618 meum,
2427 2555 2482 2604 et
2506 2551 2578 2604 sit
2603 2551 2758 2604 cibus
2796 2551 2856 2604 in
2899 2551 3067 2605 domo
3109 2567 3258 2621 mea,
3291 2557 3348 2606 et
3374 2568 3507 2623 pro-

1877 2642 2006 2698 bate
2030 2658 2122 2696 me
2160 2659 2331 2713 super
2357 2644 2482 2711 hoc,
2512 2643 2647 2697 dicit
2671 2645 2961 2698 Dominus.
3008 2645 3064 2698 Si
3090 2661 3204 2698 non
3231 2661 3508 2715 aperuero

1878 2735 2033 2790 vobis
2058 2741 2357 2790 cataractas
2386 2736 2527 2801 caeli,
2576 2742 2631 2790 et
2675 2737 2924 2791 eii'udero
2968 2738 3121 2791 vobis
3161 2738 3508 2793 benedictio-

1879 2846 2012 2884 nem
2038 2845 2215 2901 usque
2240 2829 2311 2883 ad
2334 2829 2739 2884 abundantiam
2771 2847 2782 2884 :
2815 2834 2872 2884 et
2896 2830 3196 2902 increpabo
3225 2848 3327 2902 pro
3352 2834 3508 2888 vobis

1879 2924 2262 2991 devorantem,
2279 2928 2336 2978 et
2354 2939 2470 2977 non
2491 2928 2816 2994 corrumpet
2831 2923 3080 2978 fructum
3099 2929 3267 2979 terrae
3287 2931 3504 2994 vestrae,

1879 3034 1982 3072 nec
2005 3016 2112 3072 erit
2137 3017 2341 3071 sterilis
2370 3017 2530 3072 vinea
2558 3017 2617 3071 in
2647 3033 2805 3088 agro,
2836 3017 2969 3071 dicit
2994 3019 3266 3073 Dominus
3293 3021 3507 3076 exerci-

1882 3116 2066 3165 tuum.
2115 3112 2183 3164 Et
2211 3111 2411 3166 beatos
2449 3128 2547 3166 vos
2585 3111 2778 3165 dicent
2818 3127 3019 3166 omnes
3066 3117 3287 3182 gentes.
3347 3115 3512 3170 Eritis

1884 3205 2041 3259 enim
2071 3221 2172 3259 vos
2191 3208 2346 3258 terra
2368 3205 2783 3271 desiderabilis,
2813 3205 2951 3259 dicit
2986 3206 3264 3260 Dominus
3299 3210 3510 3264 exerci-

1882 3301 2068 3353 tuum.
2098 3299 2464 3352 lnvaluerunt
2483 3314 2656 3368 super
2681 3315 2773 3351 me
2807 3299 2978 3352 verba
2997 3303 3204 3367 vestra,
3236 3300 3373 3355 dicit
3396 3303 3506 3358 Do-

1884 3392 2096 3457 minus,
2136 3395 2194 3445 et
2238 3391 2454 3445 dixistis
2491 3408 2504 3445 :
2545 3391 2691 3455 Quid
2733 3392 2906 3445 locuti
2941 3409 3139 3446 sumus
3177 3398 3377 3449 contra
3406 3395 3511 3450 te?

1883 3485 2107 3539 Dixistis
2138 3502 2150 3539 :
2187 3487 2374 3538 Vanus
2399 3488 2485 3538 est
2514 3485 2610 3554 qui
2634 3484 2804 3538 servit
2823 3485 2961 3539 Deo.
2994 3486 3428 3557 Convertimini,
3454 3493 3511 3544 et

1883 3582 2166 3648 videbitis,
2191 3581 2328 3654 quid
2361 3581 2431 3634 sit
2459 3580 2610 3634 inter
2629 3582 2849 3651 justum
2880 3586 2934 3636 et
2977 3583 3241 3654 impium,
3271 3588 3328 3638 et
3357 3586 3512 3640 inter

1883 3676 2228 3731 servientem
2257 3677 2439 3730 Deum
2466 3679 2524 3729 et
2551 3691 2664 3729 non
2693 3675 3038 3730 servientem
3067 3677 3137 3730 ei.
3173 3679 3313 3732 Ecce
3354 3681 3510 3736 enim

1885 3772 2006 3826 dies
2024 3772 2218 3826 veniet
2242 3787 2512 3825 succensa
2540 3771 2701 3840 quasi
2726 3770 3001 3838 caminus,
3027 3776 3084 3826 et
3108 3777 3279 3827 erunt
3309 3792 3512 3831 omnes

1884 3867 2114 3938 superbi
2133 3871 2190 3922 et
2208 3884 2413 3922 omnes
2432 3866 3082 3937 facientesimpietatem
3111 3869 3338 3942 stipula,
3353 3875 3411 3926 et
3431 3872 3515 3927 in-

1885 3961 2205 4016 ﬂammabit
2233 3978 2330 4016 eos
2361 3960 2482 4015 dies
2509 3960 2766 4014 veniens.
2790 3962 2859 4014 Et
2885 3962 3102 4016 orietur
3117 3963 3277 4018 vobis
3300 3965 3508 4020 timen-

1884 4056 2034 4111 tibus
2062 4072 2278 4110 nomen
2304 4071 2500 4110 meum
2531 4055 2613 4109 sol
2640 4055 2897 4124 justitias,
2917 4059 2976 4109 et
3004 4057 3216 4111 sanitas
3242 4059 3302 4112 in
3322 4061 3513 4129 pinnis

1886 4149 2027 4221 ejus.
2061 4151 2202 4204 Ecce
2229 4166 2338 4221 ego
2361 4149 2588 4203 mittam
2611 4148 2768 4203 vobis
2789 4149 3005 4203 Heliam
3026 4151 3390 4221 prophetam,
3417 4171 3516 4208 an-

1887 4247 2120 4314 tequam
2146 4243 2340 4298 veniat
2365 4243 2488 4297 dies
2511 4242 2738 4297 Domini
2765 4259 3013 4312 magnus
3034 4247 3091 4296 et
3127 4245 3412 4302 terribilis.
3446 4248 3513 4303 Et

1887 4341 2181 4393 convertet
2215 4353 2313 4391 cor
2337 4340 2567 4407 patrum
2609 4335 2681 4389 ad
2724 4335 2888 4401 filios,
2919 4339 2978 4389 et
3015 4353 3113 4391 cor
3150 4337 3404 4394 ﬁliorum
3438 4341 3513 4396 ad

1887 4435 2080 4502 patres
2103 4446 2339 4497 eorum;
2364 4447 2436 4483 ne
2457 4430 2606 4483 forte
2627 4427 2856 4482 veniam
2877 4432 2934 4483 et
2951 4431 3272 4500 percutiam
3293 4436 3510 4490 terram

225 4530 352 4586 Vere
373 4533 627 4605 dignum
653 4537 709 4586 et
725 4531 945 4602 justum
971 4535 1072 4599 est,
1100 4530 1460 4601 omnipotens
1494 4531 1657 4598 Deus,
1682 4546 1784 4601 per
1802 4529 1861 4602 D
1885 4525 2274 4590 anathemate,
2301 4523 2381 4577 ait
2407 4523 2685 4577 Dominus
2715 4523 2880 4577 Deus.

163 4620 426 4680 Christum
476 4626 784 4680 Dominum
837 4629 1118 4680 nostrum.
1149 4624 1322 4694 Cujus
1370 4639 1560 4678 vocem
1610 4623 1788 4678 Adam

165 4716 376 4787 audivit,
417 4726 478 4774 et
505 4719 698 4774 timuit
721 4719 894 4790 ipsius
918 4723 1242 4790 aspectum;
1276 4718 1411 4773 Abel
1432 4717 1711 4789 quaesivit,
1734 4722 1791 4773 et

162 4812 370 4867 meruit.
413 4814 597 4884 Cujus
640 4830 850 4868 nomen
893 4813 1086 4868 Enoch
1132 4812 1388 4882 credidit,
1437 4817 1493 4867 et
1534 4813 1785 4880 vocavit;

161 4901 316 4971 ipsius
339 4907 591 4977 gratiam
628 4908 739 4962 Noe
771 4906 1111 4978 justiticatus
1150 4907 1386 4961 invenit.
1416 4907 1588 4977 Cujus
1612 4907 1786 4962 bene-

159 4989 454 5050 dictionem
476 4995 767 5051 Abraham
788 5000 1010 5050 vocatus
1031 4996 1267 5067 accepit,
1299 4996 1471 5067 ipsius
1497 4996 1789 5052 caritatem

158 5085 289 5142 Isaac
311 5090 594 5160 probatus
621 5090 868 5161 agnovit.
896 5091 1069 5161 Cujus
1095 5090 1596 5146 sanctiﬁcationem
1619 5090 1787 5145 Jacob

158 5176 351 5237 electus
397 5184 668 5252 emeruit,
717 5183 894 5254 ipsius
935 5184 1132 5255 ignem
1169 5185 1378 5255 Moyses
1425 5185 1661 5240 miratus
1698 5184 1786 5237 in-

156 5276 341 5342 spexit.
372 5277 556 5348 Cujus
583 5277 851 5332 ducatum
887 5279 1047 5333 Jesus
1074 5277 1180 5332 sibi
1207 5279 1461 5333 conscius
1486 5277 1743 5333 adoravit
1771 5295 1784 5332 :

155 5364 316 5436 ipsius
343 5370 626 5425 suavitate
652 5371 908 5426 Debbora
950 5372 1196 5427 cantavit
1219 5373 1278 5426 in
1309 5388 1460 5426 voce.
1489 5372 1660 5442 Cujus
1685 5389 1786 5442 po-

156 5463 379 5518 tentiam
406 5463 638 5519 Gedeon
664 5465 926 5534 probavit
951 5466 1011 5520 in
1038 5467 1244 5521 vellere
1269 5483 1282 5520 :
1311 5465 1486 5536 ipsius
1510 5465 1790 5519 fortitudi-

155 5567 274 5608 nem
323 5557 571 5611 Samson
613 5558 855 5613 ostendit
896 5559 956 5613 in
1002 5559 1177 5614 crine.
1222 5558 1394 5630 Cujus
1437 5558 1789 5629 majestatem

157 5644 375 5704 Samuel
403 5649 552 5705 vidit
578 5651 636 5706 in
673 5658 897 5724 sancto,
928 5652 1102 5725 ipsius
1127 5651 1579 5724 magnitudinem
1621 5651 1788 5706 David

159 5741 422 5800 exultavit
450 5744 517 5799 in
543 5749 830 5819 tympano.
867 5747 1039 5818 Cujus
1067 5747 1345 5802 honorem
1375 5744 1637 5801 Salomon
1663 5745 1786 5818 glo-

163 5833 387 5892 riﬁcavit
415 5838 478 5893 in
509 5840 739 5912 templo,
769 5840 944 5913 ipsius
983 5842 1366 5896 ascensionem
1396 5840 1574 5895 Helias
1602 5839 1787 5912 prasti-

2183 4624 2412 4688 Epistola
2438 4623 2577 4672 Pauli
2611 4623 2831 4685 apostoli
2853 4623 2918 4673 ad
2942 4625 3216 4677 Romanos.

1962 4712 2203 4776 Fratres,
2228 4727 2343 4764 non
2359 4725 2498 4779 ergo
2525 4712 2732 4779 regnet
2751 4713 3048 4779 peccatum
3075 4711 3135 4765 in
3166 4718 3351 4770 vestro
3363 4732 3513 4771 more

1887 4806 1988 4860 tali
2031 4820 2291 4875 corpore,
2320 4806 2380 4857 ut
2409 4802 2693 4858 obediatis
2722 4805 3195 4875 concupiscentiis
3225 4808 3366 4878 ejus.
3400 4810 3512 4864 Sed

1889 4915 2076 4970 neque
2118 4897 2433 4951 exhibeatis
2468 4897 2732 4951 membra
2770 4902 2956 4952 vestra
2995 4916 3158 4954 arma
3196 4900 3516 4972 iniquitatis

1888 4995 2154 5064 peccato;
2186 4991 2285 5045 sed
2312 4990 2575 5045 exhibete
2598 5008 2695 5045 vos
2722 4993 2838 5045 Deo
2870 4996 3167 5062 tamquam
3189 5011 3254 5048 ex
3272 4998 3515 5052 mortuis

1889 5087 2160 5153 viventes,
2185 5089 2242 5139 et
2265 5085 2529 5139 membra
2560 5088 2745 5139 vestra
2777 5101 2940 5138 arma
2964 5085 3202 5154 justitias
3227 5089 3362 5145 Deo.
3385 5092 3518 5147 Pec-

1888 5183 2080 5235 catum
2107 5180 2262 5234 enim
2285 5179 2443 5234 vobis
2472 5196 2589 5233 non
2617 5178 3028 5232 dominabitur.
3062 5181 3185 5236 Non
3221 5184 3378 5239 enim
3411 5189 3514 5241 sub

1889 5275 2014 5346 lege
2042 5274 2196 5341 estis,
2238 5273 2339 5327 sed
2379 5271 2481 5326 sub
2523 5271 2730 5341 gratia.
2755 5271 2903 5335 Quid
2935 5289 3073 5344 ergo
3095 5274 3122 5328 ‘P
3152 5280 3516 5352 peccabimus

1889 5369 2165 5440 quoniam
2188 5384 2305 5422 non
2327 5382 2522 5420 sumus
2535 5365 2638 5418 sub
2657 5365 2803 5434 lege,
2827 5366 2930 5419 sed
2956 5368 3058 5422 sub
3080 5371 3267 5440 gratia
3286 5372 3313 5426 ἱ)
3332 5375 3510 5430 Absit.

1889 5463 2122 5517 Nescitis
2152 5461 2239 5515 cui
2271 5458 2600 5513 exhibuistis
2624 5475 2723 5512 vos
2761 5475 2953 5514 servos
2992 5461 3065 5516 ad
3101 5464 3512 5533 obediendum,

1888 5556 2031 5609 servi
2061 5554 2196 5608 estis
2217 5553 2337 5622 ejus
2363 5551 2454 5605 cui
2475 5551 2739 5623 obeditis,
2769 5553 2882 5608 sive
2909 5557 3125 5626 peccati
3148 5557 3206 5610 in
3245 5563 3512 5626 mortem,

1889 5648 2002 5702 sive
2045 5645 2390 5702 obeditionis
2434 5645 2506 5700 ad
2537 5646 2872 5718 justitiam?
2910 5649 3130 5704 Gratias
3169 5654 3358 5703 autem
3399 5651 3514 5707 Deo

1889 5741 2044 5814 quod
2078 5739 2260 5796 fuistis
2292 5739 2435 5795 servi
2463 5741 2697 5813 peccati,
2727 5742 2998 5797 obedistis
3023 5745 3217 5797 autem
3250 5757 3316 5797 ex
3341 5745 3516 5801 corde

1888 5836 1946 5891 in
1971 5852 2096 5891 eam
2126 5835 2373 5890 formam
2407 5834 2700 5900 doctrinae,
2725 5834 2782 5890 in
2806 5851 2916 5905 qua
2949 5835 3136 5889 traditi
3169 5835 3320 5892 estis.
3347 5837 3510 5895 Libe-
