4036 6188
465 291 558 344 551

1335 278 1666 336 ΑΡΡΕΝΒΙΧ
1703 277 1790 334 AD
1826 277 2050 334 OPERA
2086 277 2143 332 S.
2180 275 2481 332 GERMANI
2516 265 2943 332 PARISIENSIS.

3727 279 3832 331 552

466 395 576 452 rati
602 398 796 450 autem
821 410 856 447 a
883 393 1137 463 peccato,
1185 389 1329 444 servi
1365 387 1500 442 facti
1540 386 1674 442 estis
1706 385 1967 458 justitias,
2000 401 2103 457 per
2124 397 2182 470 Α
2200 385 2428 440 Patrem
2453 383 2936 456 omnipotentem,
2959 383 3058 455 qui
3075 385 3397 438 clamantes
3415 373 3490 438 ad
3510 399 3572 437 se
3584 383 3836 438 clemen-

464 492 658 545 Iesum
678 487 965 544 Christum
994 482 1323 538 Dominum.

619 592 794 644 Lectio
819 589 984 640 sancti
1010 587 1278 652 Evangelii
1301 585 1596 638 secundum
1621 584 1935 636 Mattheum.

536 683 730 740 Simile
751 681 964 735 factum
977 681 1063 732 est
1073 693 1320 749 regnum
1344 678 1616 732 cazlorum
1629 675 1873 741 homini,
1890 673 1990 746 qui
2009 689 2092 727 se—

467 776 705 833 minavit
721 775 940 828 bonum
968 787 1168 826 semen
1189 771 1248 826 in
1266 787 1407 842 agro
1427 787 1548 825 suo.
1572 769 1716 824 Cum
1735 771 1930 823 autem
1957 767 2090 821 dor-

466 871 678 926 mirent
702 866 992 932 homines,
1027 865 1182 920 venit
1208 865 1476 919 inimicus
1503 864 1646 935 ejus,
1674 867 1731 917 et
1750 860 2095 934 supersemi-

463 962 618 1018 navit
645 960 860 1015 zizania
899 959 958 1014 in
989 959 1181 1013 medio
1207 957 1399 1025 tritici,
1429 961 1488 1012 et
1525 956 1683 1011 abiit.
1727 956 1870 1011 Cum
1897 958 2090 1009 autem

459 1055 727 1112 crevisset
746 1053 926 1108 herba
945 1053 1264 1107 etfructum
1281 1051 1526 1120 fecisset,
1547 1053 1683 1104 tunc
1703 1052 2094 1120 apparuerunt

459 1149 694 1205 zizania.
725 1147 1080 1202 Accedentes
1107 1149 1302 1200 autem
1316 1145 1461 1199 servi
1489 1141 1922 1215 patrisfamilias
1943 1141 2094 1196 dixe-

460 1247 596 1299 runt
613 1242 666 1298 ei
689 1259 702 1297 :
722 1241 988 1308 Domine,
1013 1255 1206 1295 nonne
1233 1240 1452 1294 bonum
1485 1254 1686 1292 semen
1714 1235 2010 1291 seminasti
2034 1235 2090 1288 in

461 1353 604 1409 agro
634 1335 775 1390 tuo?
806 1333 956 1389 unde
979 1349 1118 1405 ergo
1144 1332 1320 1386 habet
1339 1331 1592 1386 zizania?
1616 1332 1685 1385 Et
1710 1330 1790 1384 ait
1807 1329 1945 1384 illis:
1979 1328 2089 1382 lni-

462 1431 644 1486 micus
668 1430 843 1484 homo
864 1429 971 1483 hoc
996 1427 1149 1482 fecit.
1185 1426 1344 1481 Servi
1374 1429 1570 1480 autem
1603 1424 1870 1478 dixerunt
1897 1423 1948 1477 ei
1970 1439 1984 1477 :
2003 1422 2093 1477 Vis

461 1524 630 1590 imus,
647 1527 705 1576 et
719 1521 1042 1592 colligimus
1059 1537 1129 1574 ea
1140 1519 1168 1574 ?
1189 1521 1258 1574 Et
1272 1519 1354 1574 ait
1369 1519 1477 1572 illis
1493 1535 1506 1574 :
1522 1519 1667 1585 Non,
1683 1533 1754 1571 ne
1777 1518 1922 1571 forte
1940 1515 2093 1570 colli-

463 1620 667 1688 gentes
695 1615 928 1682 zizania,
953 1613 1255 1668 eradicetis
1271 1613 1443 1666 simul
1463 1627 1593 1666 cum
1621 1610 1702 1664 eis
1733 1614 1791 1664 et
1815 1609 2089 1664 triticum.

463 1709 644 1765 Sinite
663 1713 902 1779 utraque
929 1723 1183 1761 crescere
1199 1723 1377 1776 usque
1391 1705 1464 1760 ad
1483 1719 1764 1769 messem;
1790 1703 1923 1756 etin
1946 1705 2091 1756 tem-

2201 482 2290 533 ter
2315 478 2566 546 exaudit,
2590 483 2649 533 et
2676 481 2972 550 sperantes
2995 476 3052 532 in
3081 494 3140 532 se
3172 493 3292 533 non
3319 475 3687 550 derelinquit.

2875 579 3144 630 Collectio.

2263 661 2448 725 Quam
2469 676 2687 732 magna
2713 664 2800 715 est
2825 659 3223 716 misericordia
3249 665 3367 728 tua,
3397 660 3666 727 Domine,
3697 661 3828 716 sub-

2192 753 2389 808 venire
2407 754 2667 826 captivis,
2690 753 2919 816 miseris
2943 771 3201 826 parcere,
3222 754 3524 825 indulgere
3545 754 3832 826 peccanti-

2191 846 2316 914 bus,
2346 848 2684 918 peregrinos
2709 847 3018 916 consolari,
3052 864 3356 920 oppressos
3383 849 3708 914 sublevare,
3739 863 3828 903 ro-

2193 944 2397 1012 gantes
2409 939 2608 995 audire
2625 959 2638 1008 ;
2660 957 2780 996 non
2797 941 3144 996 habentibus
3156 941 3315 1008 dare,
3332 941 3564 996 veniam
3581 957 3827 1012 peccan-

2191 1034 2343 1088 tibus
2370 1033 2528 1102 dare,
2554 1038 2757 1105 gentes
2781 1035 3058 1090 barbaras
3077 1035 3151 1090 ad
3175 1035 3602 1090 invocationem
3639 1037 3826 1091 nomi-

2194 1127 2281 1181 nis
2300 1127 2384 1181 tui
2414 1130 2769 1184 convertere.
2790 1129 2878 1183 Ad
2899 1128 3054 1184 illam
3085 1127 3542 1184 misericordiam
3559 1133 3827 1185 converte

2194 1237 2318 1287 nos,
2343 1237 2518 1292 quam
2545 1222 2884 1293 rogantibus
2909 1222 3074 1277 nobis
3103 1222 3231 1294 pius
3249 1226 3310 1276 et
3336 1222 3662 1277 misericors
3680 1225 3828 1278 Deus

2193 1313 2461 1368 exaudire
2484 1315 2740 1386 digneris
2758 1332 2863 1387 per
2889 1316 3278 1371 interventum
3311 1319 3522 1371 sanctae
3548 1316 3750 1372 Maria.

2819 1417 2942 1467 Post
2969 1416 3200 1467 nomina.

2264 1495 2590 1553 Caelestium
2609 1497 2738 1552 vita:
2772 1500 3005 1552 (eterna:
3027 1497 3340 1552 adoremus
3359 1497 3698 1563 Dominum,
3721 1497 3828 1551 fra-

2192 1594 2308 1645 tres
2335 1590 2637 1658 carissimi,
2671 1590 3004 1662 suppliciter
3029 1591 3429 1662 deprecemur,
3462 1595 3525 1645 ut
3547 1592 3826 1662 populum

2193 1700 2360 1738 suum
2396 1700 2628 1755 semper
2656 1683 2866 1755 ubique
2894 1683 3202 1752 custodiat,
3228 1687 3497 1755 protegat
3525 1687 3700 1754 atque
3727 1683 3824 1738 de-

463 1820 603 1875 pore
644 1801 844 1857 messis
881 1801 1069 1854 dicam
1104 1799 1453 1853 messoribus
1493 1815 1507 1852 :
1538 1795 1799 1867 Colligite
1841 1795 2092 1866 primum

2198 1777 2414 1845 fendat,
2447 1777 2736 1848 principes
2773 1776 3020 1848 mitiget,
3062 1780 3377 1848 potestates
3406 1777 3712 1848 gubernet,
3734 1776 3826 1848 ju-

459 1896 694 1962 zizania,
743 1898 801 1948 et
835 1894 1066 1964 alligate
1107 1909 1176 1946 ea
1209 1892 1269 1945 in
1301 1891 1600 1946 fasciculos
1645 1889 1719 1943 ad
1749 1889 2090 1944 comburen-

461 1987 886 2056 dum,triticum
908 1990 1102 2041 autem
1125 1988 1478 2056 congregate
1503 1984 1561 2038 in
1579 1984 1856 2039 horreum
1873 1999 2090 2038 meum.

531 2095 556 2124 II
582 2083 828 2137 Locutus
847 2085 933 2135 est
965 2080 1240 2135 Dominus
1273 2081 1434 2134 Jesus
1468 2078 1526 2132 in
1556 2078 1846 2149 parabolis
1878 2077 1952 2131 ad
1973 2080 2089 2131 tur-

460 2177 582 2245 bas,
607 2180 665 2230 et
687 2175 808 2230 sine
837 2174 1121 2246 parabolis
1142 2191 1260 2229 non
1290 2171 1636 2244 loquebatur
1664 2171 1766 2236 eis,
1793 2173 1856 2224 ut
1888 2171 2090 2241 imple-

463 2275 621 2326 retur
650 2268 806 2340 quod
845 2267 1062 2322 dictum
1100 2269 1186 2321 est
1212 2283 1318 2337 per
1361 2255 1707 2336 prophetam
1750 2263 2042 2318 dicentem
2076 2278 2089 2316 ς

371 2420 383 2431 κ
461 2363 730 2436 Aperiam
756 2361 816 2416 in
837 2359 1124 2433 parabolis
1146 2377 1209 2415 os
1230 2375 1448 2428 meum,
1476 2357 1786 2412 eructuabo
1817 2357 2094 2411 absconsa

462 2475 496 2513 a
525 2455 933 2512 constitutione
951 2453 1174 2510 mundi.
1196 2455 1352 2509 Tunc
1374 2451 1625 2506 dimissis
1640 2450 1843 2518 turbis,
1866 2449 2091 2504 venitin

463 2550 705 2606 domum
726 2567 740 2618 ;
767 2552 823 2604 et
839 2550 1202 2603 accesserunt
1219 2545 1289 2601 ad
1309 2562 1444 2601 eum
1465 2543 1725 2615 discipoli
1743 2544 1792 2614 ej
1802 2561 1886 2612 us,
1903 2543 2094 2597 dicen-

463 2648 584 2700 δεδι
613 2643 832 2700 Dissere
862 2641 1027 2698 nobis
1061 2641 1397 2713 parabolam
1423 2638 1773 2693 zizaniorum
1805 2637 1948 2708 agri.
1984 2636 2094 2700 Qui

459 2737 818 2809 respondens
843 2735 923 2790 ait
951 2752 964 2790 :
994 2735 1102 2799 Qui
1132 2733 1384 2788 seminat
1406 2733 1626 2786 bonum
1655 2747 1877 2798 semen,
1901 2731 1988 2783 est
2004 2729 2092 2783 Fi-

460 2831 568 2887 lius
587 2830 856 2886 hominis.
879 2831 1033 2900 Ager
1061 2831 1254 2882 autem
1287 2830 1374 2881 est
1401 2825 1671 2881 mundus.
1708 2825 1928 2879 Bonum
1957 2839 2092 2877 vero

463 2937 660 2975 semen
684 2917 762 2974 hii
781 2921 916 2974 sunt
934 2917 1037 2972 filii
1053 2917 1241 2987 regni,
1261 2914 1488 2970 Zizania
1511 2918 1705 2969 autem
1731 2913 1832 2968 lilii
1847 2915 1979 2967 sunt
2001 2928 2094 2966 ne-

461 3025 658 3081 quam.
677 3007 785 3072 Qui
796 3005 1201 3075 seminavitea,
1217 3009 1304 3059 est
1315 3004 1596 3059 diabolus.
1611 3003 1802 3058 Messis
1818 3018 1951 3058 vero
1963 3018 2096 3056 con-

463 3100 772 3156 summatio
799 3099 987 3154 saeculi
1015 3102 1101 3152 est
1143 3115 1156 3153 :
1186 3114 1472 3152 messores
1498 3100 1692 3152 autem
1719 3097 1911 3166 angeli
1939 3098 2087 3150 sunt.

460 3194 620 3252 Sicut
653 3210 792 3265 ergo
829 3192 1177 3264 colliguntur
1203 3191 1439 3257 zizania,
1480 3194 1538 3244 et
1572 3189 1707 3261 igne
1739 3189 2088 3245 comburun-

459 3291 573 3358 tur,
614 3288 692 3343 sic
725 3288 834 3342 erit
859 3287 916 3341 in
948 3285 1447 3341 consummatione
1475 3285 1684 3339 saeculi.
1717 3283 1898 3338 Mittet
1923 3282 2092 3338 Filius

460 3382 714 3440 hominis
734 3382 972 3453 angelos
992 3396 1144 3447 suos,
1165 3382 1222 3434 et
1242 3379 1516 3451 colligent
1537 3378 1608 3433 de
1625 3394 1808 3449 regno
1831 3377 1954 3448 ejus
1974 3393 2092 3432 om-

459 3478 556 3533 nia
575 3475 866 3542 scandala,
889 3479 946 3530 et
969 3492 1068 3530 eos
1098 3473 1195 3546 qui
1216 3473 1437 3528 faciunt
1462 3472 1849 3544 iniquitatem,
1873 3474 1930 3526 et
1955 3471 2088 3525 mit-

459 3574 586 3628 tent
609 3587 708 3627 eos
730 3570 788 3624 in
820 3568 1113 3625 caminum
1141 3567 1310 3639 ignis.
1338 3567 1419 3622 lbi
1449 3566 1558 3622 erit
1596 3567 1764 3621 ﬂetus
1789 3569 1848 3620 et
1881 3565 2092 3620 stridor

460 3664 741 3721 dentium.
787 3664 938 3718 Tunc
959 3662 1118 3734 “justi
1150 3661 1456 3732 fulgebunt
1493 3660 1638 3716 sicut
1681 3661 1763 3714 sol
1805 3659 1863 3713 in
1908 3675 2090 3730 regno

459 3756 642 3814 Patris
669 3772 891 3812 eorum.
925 3755 1034 3821 Qui
1059 3755 1236 3810 habet
1255 3771 1422 3810 aures
1449 3753 1742 3826 audiendi,
1767 3752 1980 3808 audiat.

1058 3894 1257 3935 INCIPIT

892 3975 1143 4026 Collectio
1167 3980 1285 4040 post
1306 3975 1651 4040 prophetiam.

533 4068 861 4135 Benedicta,
883 4069 1078 4122 sancte
1101 4066 1250 4120 Deus
1269 4065 1461 4131 Israel,
1477 4064 1644 4120 visita
1655 4064 1883 4136 plebem
1905 4068 2088 4132 tuam,

459 4163 704 4223 benedic
725 4161 1002 4236 populum
1020 4163 1207 4227 tuum,
1231 4162 1291 4213 et
1305 4157 1490 4213 libera
1507 4173 1641 4212 eum
1669 4173 1702 4211 a
1733 4157 1980 4229 peccatis
1999 4147 2092 4213 ed-

457 4273 608 4327 rum,
636 4261 695 4313 et
730 4257 958 4330 presta,
987 4252 1231 4310 Domine
1280 4251 1578 4319 virtutum,
1621 4254 1684 4305 ut
1711 4249 1782 4305 de
1824 4250 2092 4306 manibus

456 4352 824 4411 inimicorum
848 4351 1175 4404 nostrorum
1196 4344 1526 4412 liberemur,
1551 4347 1608 4399 et
1628 4343 1729 4398 tibi
1756 4343 1863 4400 soli
1879 4343 2090 4400 servire

458 4461 792 4504 mereamur
806 4459 934 4498 cum
941 4441 964 4514 j
973 4440 1080 4497 usti
1089 4439 1166 4495 tia
1175 4443 1235 4494 et
1247 4438 1426 4494 sancti
1433 4441 1548 4493 tate
1563 4437 1833 4494 omnibus
1845 4437 2088 4510 [diebus]

1308 3895 1482 3936 IISSA.

2195 1870 2350 1925 dices
2377 1874 2562 1942 regat,
2598 1874 2874 1926 nocentes
2905 1869 3204 1942 reprimat,
3233 1871 3428 1926 hostes
3453 1870 3718 1942 repellat,
3747 1871 3829 1924 la-

2191 1964 2530 2019 borantibus
2554 1980 2728 2036 opem
2761 1963 2994 2032 tribuat,
3027 1980 3330 2036 oppressos
3361 1963 3588 2030 liberet,
3608 1963 3831 2018 vinctos

2193 2057 2469 2124 dimittat,
2501 2057 2755 2129 captivos
2783 2062 3034 2125 revocet,
3065 2058 3256 2130 lapsos
3295 2057 3582 2124 restituat,
3613 2057 3828 2112 contri-

2193 2154 2282 2206 tos
2301 2152 2510 2219 foveat,
2529 2151 2836 2222 languidos
2847 2155 3028 2220 curet,
3051 2151 3268 2206 cunctis
3289 2149 3686 2206 misericordia
3707 2149 3834 2204 sub-

2193 2244 2404 2312 veniat,
2435 2245 2562 2315 pius
2580 2247 2639 2298 et
2668 2245 2994 2300 misericors
3021 2245 3172 2300 Deus
3196 2261 3395 2316 preces
3429 2247 3658 2318 nostras
3692 2260 3830 2316 pro-

2193 2337 2434 2410 piciatus
2461 2337 2747 2402 exaudiat.

2843 2407 2922 2458 Ad
2971 2421 3175 2473 pacem.

2265 2494 2414 2547 Deus
2438 2496 2605 2564 pater
2649 2493 3038 2565 omnipotens,
3087 2493 3272 2549 bonus
3307 2509 3372 2546 ac
3415 2493 3573 2546 mitis
3611 2508 3693 2560 es,
3735 2492 3832 2564 qui

2193 2586 2503 2642 Dominum
2544 2590 2806 2641 nostrum
2835 2587 3030 2642 Jesum
3060 2587 3347 2642 Christum
3377 2585 3487 2641 hoc
3517 2585 3718 2640 sedem
3745 2585 3834 2640 le-

2193 2680 2331 2734 titiaa
2353 2697 2482 2735 cum
2506 2697 2646 2752 ergo
2678 2679 2804 2752 quis
2821 2697 3162 2735 ascensurus
3190 2696 3250 2734 es
3280 2679 3336 2733 in
3370 2680 3574 2734 caelum
3595 2690 3837 2751 pacemc

2194 2790 2356 2828 suam
2377 2773 2514 2828 dare
2536 2773 2722 2842 nobis,
2741 2789 2943 2845 pacem
2969 2790 3129 2828 suam
3152 2773 3476 2844 relinquere
3503 2772 3682 2827 servis
3700 2772 3832 2828 tuis.

2193 2867 2452 2938 Respice,
2483 2866 2750 2935 Domine,
2775 2871 2987 2922 sancta:
3015 2867 3277 2922 Ecclesiae
3304 2869 3414 2920 tua:
3437 2865 3736 2921 catholicae
3757 2865 3830 2920 si-

2194 2977 2372 3031 gnum
2402 2961 2560 3032 pacis
2586 2960 2820 3032 inpone.
2855 2960 2978 3015 Fiat
3003 2961 3061 3015 in
3087 2959 3295 3015 virtute
3318 2959 3473 3032 quod
3499 2959 3572 3014 de
3604 2976 3676 3014 ea
3701 2957 3834 3015 dici-

2195 3058 2304 3122 tur,
2338 3057 2395 3108 et
2423 3071 2536 3126 quo
2569 3054 2766 3110 titulus
2795 3055 3125 3127 impleatur.
3149 3057 3357 3110 Pacem
3381 3057 3624 3108 teneant
3652 3069 3834 3108 sacer-

2112 3141 2166 3215 C
2193 3147 2374 3216 dotes,
2394 3165 2600 3220 pacem
2622 3149 2872 3203 habeant
2891 3149 3113 3216 divites,
3127 3164 3332 3220 pacem
3344 3147 3600 3202 habeant
3620 3163 3833 3220 paupe-

2192 3259 2304 3313 res,
2318 3259 2519 3314 pacem
2537 3241 2834 3314 gaudeant
2853 3243 3195 3314 locupletes;
3215 3257 3354 3313 pace
3376 3241 3690 3296 mitescant
3708 3241 3833 3296 bar-

2191 3337 2346 3392 barae
2367 3336 2662 3404 nationes;
2679 3353 2880 3408 pacem
2899 3335 3332 3403 videantliberi,
3351 3351 3555 3408 pacem
3575 3335 3832 3390 sentiant

2192 3430 2336 3485 servi
2355 3447 2368 3498 ;
2387 3446 2590 3502 pacem
2613 3429 2871 3500 cogitent
2881 3445 3050 3500 reges
3066 3445 3267 3501 pacem
3281 3429 3498 3484 faciant
3517 3428 3826 3501 principes,

2192 3540 2395 3595 pacem
2422 3526 2607 3590 tuam,
2632 3523 3024 3594 omnipotens,
3049 3522 3123 3577 da
3139 3522 3324 3590 nobis,
3344 3539 3447 3594 per
3461 3521 3825 3577 intercessio-

2193 3633 2326 3671 nem
2337 3616 2649 3672 beatissimi
2660 3617 2938 3672 Johannis
2951 3617 3214 3688 Baptistae
3225 3631 3556 3672 mereamur
3571 3616 3822 3688 accipere

2848 3710 3178 3760 Contestatio.

2261 3792 2404 3846 Vere
2427 3791 2670 3862 dignum
2694 3793 2753 3846 et
2765 3789 2988 3862 justum
3010 3793 3114 3858 est,
3137 3791 3506 3863 omnipotens
3530 3791 3701 3859 Deus,
3729 3791 3820 3864 qui

2191 3900 2322 3940 cum
2343 3883 2602 3956 patribus
2627 3883 2837 3941 nostris
2865 3883 3094 3940 veniam
3124 3883 3576 3957 supplicantibus

2191 3982 2268 4046 te,
2307 3977 2574 4046 Domine,
2604 3978 2740 4050 quia
2773 3981 3001 4050 tempus
3032 3981 3119 4032 est
3143 3994 3375 4033 necesse
3403 3977 3743 4050 penitendi,
3771 3982 3824 4034 et

2191 4087 2307 4126 non
2338 4071 2711 4143 egrediamur
2731 4070 2925 4126 alieni.
2947 4069 2991 4126 Ο
3014 4087 3289 4142 magnam
3300 4072 3505 4126 vallem
3522 4071 3820 4144 Josaphat,

2190 4164 2286 4220 ubi
2317 4181 2522 4221 omnes
2561 4165 2636 4220 ad
2665 4164 2949 4237 judicium
2993 4165 3247 4232 venient,
3277 4165 3374 4220 ubi
3401 4165 3512 4221 erit
3549 4164 3822 4220 discussio

2190 4258 2542 4330 interjustos
2568 4261 2628 4313 et
2653 4257 2898 4329 iniustos
2927 4275 2940 4314 :
2972 4262 3034 4312 ut
3053 4262 3477 4330 cognoscantur
3511 4259 3822 4315 mendaces

2191 4356 2248 4407 et
2271 4369 2501 4407 veraces
2524 4352 2585 4407 in
2608 4352 2706 4407 illo
2733 4350 2827 4407 die
2845 4353 3072 4422 judicii,
3106 4352 3200 4407 ubi
3229 4353 3388 4408 nulla
3423 4355 3511 4408 est
3537 4353 3819 4408 accusatio

2192 4463 2296 4501 nec
2331 4446 2636 4514 excusatio,
2667 4447 2762 4502 ubi
2790 4463 2895 4502 nec
2933 4447 3076 4502 fides
3105 4446 3293 4515 datur,
3323 4462 3430 4501 nec
3454 4445 3600 4502 fides
3635 4446 3819 4518 repel-

461 4539 671 4597 nostris
703 4541 798 4594 :et
850 4535 1034 4608 dirige
1082 4534 1262 4606 pedes
1304 4536 1530 4589 nostros
1581 4532 1638 4586 in
1693 4532 1783 4587 via
1827 4532 2000 4604 pacis,
2030 4514 2352 4606 utDIitur;
2387 4537 2486 4594 ubi
2522 4540 2664 4612 justi
2709 4541 3023 4610 solvuntur,
3075 4544 3135 4596 et
3175 4544 3506 4614 peccatores
3533 4514 3820 4595 ferro—ﬁxi

460 4633 812 4690 voluntatem
831 4633 991 4684 tuam
1007 4628 1066 4682 in
1090 4627 1358 4684 omnibus
1372 4627 1613 4700 implere
1636 4625 1938 4699 possimus.
1959 4627 2086 4693 Per,

1139 4733 1390 4785 Prmfatio.

529 4824 775 4882 Oremus
803 4821 1135 4886 Dominum,
1165 4820 1518 4876 dilectissimi
1547 4820 1732 4888 nobis,
1761 4819 1859 4892 qui
1887 4835 2088 4876 amara

458 4919 624 4976 nobis
650 4916 966 4974 adveniunt
990 4917 1258 4985 tempora
1278 4917 1336 4967 et
1357 4913 1661 4984 periculosi
1683 4913 2090 4986 adproximant

459 5013 614 5069 anni.
660 5009 1001 5068 Mutanturb
1041 5022 1242 5079 regna,
1278 5010 1557 5061 vocantur
1582 5011 1784 5077 gentes
1825 5025 1838 5062 :
1882 5003 2090 5063 excidit

423 5149 429 5155 .
458 5107 683 5173 caritas,
700 5104 952 5176 exsurgit
965 5101 1239 5175 iniquitas
1258 5117 1272 5156 :
1292 5099 1532 5156 increvit
1552 5100 1850 5171 cupiditas,
1877 5117 2090 5172 prmva-

457 5199 564 5255 luit
591 5198 884 5270 impietas;
917 5202 976 5252 et
1001 5197 1059 5252 in
1085 5195 1428 5252 miserorum
1451 5197 1729 5248 creaturas
1750 5194 1916 5266 fugit.
1940 5195 2086 5250 Dum

457 5306 598 5362 ergo
636 5293 866 5362 tempus
891 5295 994 5357 est,
1025 5292 1430 5345 convertamur
1454 5286 1528 5342 ad
1551 5286 1882 5354 Dominum,
1901 5286 2090 5343 ﬂecta-

459 5401 589 5442 mus
641 5399 850 5456 gcnua,
912 5399 1210 5438 curvemus
1259 5380 1526 5450 cervices,
1582 5396 1856 5452 rogemus
1908 5382 2085 5436 Deum

526 5552 550 5582 ι
579 5539 709 5595 Ηωο
729 5535 921 5592 Lectio
943 5535 1178 5608 estsine
1201 5535 1366 5591 titulo
1399 5534 1816 5608 inexemplari,
1845 5533 1942 5590 ubi
1969 5533 2084 5606 pri-

455 5626 583 5670 mus
608 5609 780 5682 hujus
803 5601 1099 5682 Lectionis
1115 5622 1308 5660 versus
1335 5605 1517 5662 minio
1547 5601 1862 5682 descriptus
1887 5601 1991 5682 est,
2025 5609 2088 5682 ut

455 5697 668 5752 nempe
686 5677 1064 5738 essetindicio
1086 5677 1209 5732 haec
1224 5693 1339 5732 non
1361 5677 1781 5750 consequenter
1797 5677 1910 5752 legi
1931 5677 2088 5750 apud

454 5753 789 5816 llatthaeum
814 5753 874 5808 in
901 5767 1031 5824 cap.
1046 5765 1175 5824 xm.

524 5824 554 5868 δ
582 5827 709 5880 Haec
733 5819 1154 5879 fortasse—dicta
1181 5821 1333 5886 sunt,
1359 5833 1488 5875 cum
1519 5819 1605 5872 vel
1633 5820 1832 5874 Franci
1861 5819 1919 5874 in
1952 5820 2081 5874 Gal-

2188 4637 2477 4688 tenentur.
2504 4633 2548 4688 Ο
2570 4650 2850 4706 magnum
2867 4650 3089 4706 regem,
3119 4635 3218 4706 qui
3234 4634 3306 4706 de
3329 4633 3620 4706 profundo
3637 4633 3820 4690 bonos

2189 4725 2440 4793 adducit,
2470 4729 2528 4780 et
2555 4728 2742 4782 malos
2771 4727 3016 4799 repellit.
3035 4727 3179 4783 Justi
3205 4727 3461 4798 eligendi
3507 4730 3665 4794 sunt,
3699 4741 3821 4798 pec-

2188 4823 2410 4874 catores
2437 4820 2762 4892 torquendi,
2788 4821 2926 4892 justi
2947 4820 3021 4876 ad
3046 4820 3241 4888 vitam,
3263 4825 3596 4892 peccatores
3621 4819 3699 4876 ad
3720 4835 3816 4892 ge-

2187 4912 2462 4967 hennam.
2491 4915 2605 4968 Nec
2629 4918 2796 4985 pater
2832 4914 3032 4982 filium,
3063 4930 3170 4969 nec
3197 4913 3350 4970 ﬁlius
3382 4917 3612 4986 patrem
3660 4914 3814 4985 luge-

2188 5006 2273 5062 bit
2290 5023 2302 5062 :
2319 5023 2377 5061 se
2405 5007 2796 5079 unusquisque
2813 5009 3151 5080 lugebitnec
3173 5009 3318 5064 ullus
3345 5009 3527 5064 ullum
3541 5007 3817 5080 requiret,

2189 5101 2325 5172 quia
2353 5100 2543 5157 omnis
2573 5101 2854 5173 cupiditas
2882 5102 3239 5174 requiescet!
3282 5103 3326 5158 Ο
3352 5118 3635 5174 magnum
3665 5100 3818 5156 diem

2179 5194 2402 5266 judicii,
2434 5195 2527 5250 ubi
2553 5211 2660 5250 nec
2677 5197 2926 5251 tortores
2955 5195 3248 5264 deficiunt,
3287 5212 3394 5252 nec
3429 5194 3644 5251 mortui
3692 5209 3817 5249 mo-

2186 5287 2450 5343 riunturl
2499 5289 2823 5344 Timeamus
2863 5289 3002 5344 dum
3038 5295 3213 5360 vacat,
3254 5306 3328 5345 ne
3363 5289 3675 5345 timeamus
3721 5285 3818 5342 ubi

2188 5398 2306 5437 non
2334 5386 2518 5438 vacat.
2542 5381 2870 5438 Timeamus
2896 5384 3246 5456 gehennam,
3284 5399 3411 5456 quae
3443 5386 3532 5438 est
3557 5382 3618 5438 in
3648 5384 3818 5437 aeter-

2185 5533 2346 5610 liam_,
2379 5535 2467 5592 vel
2493 5535 2945 5610 Langobardi‘in
2972 5537 3195 5610 Italiam
3226 5538 3582 5610 irruperunt.

2255 5619 2278 5648 °
2316 5608 2494 5682 Locus
2510 5607 2828 5682 corruptus.
2862 5608 3029 5666 Forte
3066 5607 3402 5682 legendum,
3429 5607 3666 5682 obsidem
3692 5607 3819 5682 lati-

2184 5677 2762 5820 ;fzggbisetrfliquis‘ti,
2791 5695 2910 5738 cum
2933 5683 2981 5738 is
3009 5677 3323 5739 ascensum
3347 5683 3406 5740 in
3431 5681 3620 5738 caelum
3647 5678 3821 5736 voluit
