3940 6178
400 249 502 312 5δὸ

1058 359 1134 410 Ad
1168 371 1370 424 pacem.

471 437 680 491 Pacem
709 438 867 490 tuam
899 430 1108 487 nostris
1136 429 1510 501 temporibus,
1536 429 1856 495 boneJesu,
1889 427 2030 482 inla-

1279 249 1608 307 APPENDIX
1649 249 1736 305 AD
1772 247 1993 305 OPERA
2031 248 2087 303 S.
2131 245 2431 304 GERMANI
2471 247 2898 304 PARISIENSIS.
3133 327 3140 332 ι

2049 382 2107 455 Α
2127 359 2186 411 et
2215 355 2469 428 spatiosa
2499 355 2591 410 via
2616 371 2744 428 quas
2763 355 2920 410 ducit
2939 353 3018 455 ad
3053 354 3464 426 perditionem,
3506 359 3566 410 et
3606 347 3782 410 multi

3670 249 3776 303 556

2129 453 2262 503 sunt
2278 450 2378 521 qui
2392 449 2616 506 intrant
2631 465 2740 522 per
2753 465 2905 504 eam.
2931 448 3112 514 Quam
3130 452 3377 520 angusta
3388 451 3556 520 porta
3577 452 3635 503 et
3650 452 3784 504 arta

399 529 558 597 bere:
588 529 646 584 ίη
669 545 783 600 qua
812 529 897 580 θεί
915 522 1214 597 ΡῙθηίίυάο
1235 522 1556 578 daemonis
1577 526 1712 591 tum:
1740 525 1798 577 et
1821 524 2030 594 Prses“!
2129 543 2219 597 via
2247 559 2374 614 qua
2407 543 2566 598 ducit
2597 543 2672 597 ad
2697 543 2896 610 vitam,
2929 545 2986 596 et
3013 542 3176 614 pauci
3205 546 3338 596 sunt
3358 543 3452 614 qui
3475 542 3785 597 inveniunt

401 625 464 676 ut
492 637 692 694 pacem
726 636 899 691 quam
930 634 1082 672 nunc
1104 633 1204 672 ore
1227 616 1574 690 proferimus
1605 631 1835 687 semper
1863 613 2028 686 spiri-

400 715 503 770 tali
541 731 710 769 sensu
739 728 1074 768 conservare
1100 727 1450 766 mereamur.

1048 813 1380 864 Contestatio.

469 888 613 940 Vere
635 885 875 956 dignum
892 887 950 940 et
967 884 1190 955 justum
1221 887 1324 951 est,
1355 883 1724 954 omnipotens
1751 883 1920 946 Deus,
1936 879 2031 952 qui

399 983 635 1052 peccato
662 977 832 1050 primi
868 981 1124 1050 parentis
1161 977 1463 1033 hominem
1513 993 1549 1030 a
1593 975 1789 1031 salutis
1824 974 2035 1028 finibus

399 1075 752 1139 exulantem,
775 1072 1004 1144 pietatis
1021 1071 1382 1142 indulgentia
1403 1070 1476 1125 ad
1495 1069 1723 1124 veniam
1741 1069 2032 1140 vitamque

399 1166 697 1234 revocasti,
723 1165 1005 1221 mittendo
1021 1165 1186 1220 nobis
1209 1163 1581 1235 Unigenitum
1603 1167 1766 1218 tuum
1785 1162 2038 1218 Salvato-

397 1277 524 1316 rem
558 1263 841 1327 nostrum,
871 1275 974 1331 per
1001 1275 1174 1330 quem
1202 1260 1512 1330 languores
1538 1260 1762 1312 nostros
1781 1271 2032 1325 curares,

401 1357 636 1426 peccata
667 1353 1008 1420 dimitteres,
1035 1352 1362 1424 potentiam
1391 1351 1571 1406 hostis
1589 1349 1811 1421 antiqui
1837 1353 2034 1404 conte-

400 1463 578 1514 reres,
605 1446 967 1501 infernorum
996 1463 1173 1500 nexus
1197 1446 1532 1514 resolveres,
1559 1443 1811 1516 paradisi
1840 1447 2035 1514 portas

404 1540 678 1612 aperires,
711 1539 886 1594 fidem
907 1540 1232 1607 innovares,
1265 1539 1442 1594 vitam
1468 1538 1710 1593 mortuis
1739 1537 2034 1604 redderes,

403 1634 505 1689 Dei
531 1633 679 1689 filios
710 1634 950 1699 faceres,
983 1636 1040 1688 et
1065 1633 1139 1688 ad
1185 1633 1432 1688 caelestia
1470 1647 1653 1704 regna
1693 1631 2037 1703 perduceres

401 1727 676 1784 Dominus
705 1731 900 1782 noster
915 1728 1076 1782 Jesus
1105 1726 1379 1782 Christus.
1409 1725 1513 1782 Cui
1542 1725 1774 1780 merito.

989 1815 1102 1865 Alia
1125 1813 1460 1864 Contestatio.

475 1891 618 1942 Vere
646 1886 889 1958 dignum
921 1889 978 1940 et
995 1887 1218 1958 justum
1249 1889 1354 1956 est,
1382 1885 1911 1958 omnipotensDeus
1935 1901 2040 1956 per

405 1981 689 2042 Christum
718 1980 1032 2035 Dominum
1070 1983 1352 2035 nostrum.
1401 1979 1508 2045 Qui
1553 1979 1754 2035 videns
1800 1977 2039 2034 humani

405 2075 634 2148 generis
669 2073 967 2142 fabricam,
999 2073 1180 2128 hostis
1203 2073 1424 2144 antiqui
1455 2073 1840 2144 extinguentis
1873 2073 2036 2127 falla-

403 2170 576 2238 ciam,
609 2168 670 2223 in
691 2171 846 2224 terra
866 2167 1166 2223 descendit
1187 2167 1462 2223 Dominus
1491 2171 1688 2222 noster
1705 2169 1732 2222 ,Ι
1739 2183 1866 2222 esus
1885 2167 2042 2224 Chri-

404 2267 543 2332 stus,
573 2266 736 2317 utero
761 2264 1071 2334 conceptus
1113 2264 1200 2316 est
1236 2261 1524 2333 virginali,
1565 2262 1716 2316 Deus
1761 2264 1820 2316 et
1860 2261 2038 2316 homo

404 2356 700 2429 processit.
725 2356 908 2411 Homo
927 2354 1154 2410 videtur
1173 2355 1232 2410 in
1259 2371 1521 2426 corpore,
1545 2355 1695 2410 Deus
1714 2358 1909 2410 autem
1922 2371 2042 2410 ma-

405 2450 708 2505 nifestatus
735 2452 822 2504 est
843 2449 901 2503 in
931 2449 1159 2504 virtute.
1184 2449 1366 2505 Homo
1391 2449 1500 2504 fuit
1520 2449 1752 2521 quando
1779 2465 1911 2504 cum
1942 2451 2036 2504 Ju-

406 2542 544 2599 dmis
566 2541 914 2610 ambulavit;
942 2543 1090 2597 Deus
1111 2546 1307 2597 autem
1332 2543 1734 2598 manifestatus
1760 2546 1845 2597 est
1857 2559 2040 2614 quan-

408 2636 482 2692 do
503 2637 881 2709 paralyticum
903 2635 1141 2707 triginta
1158 2640 1287 2692 octo
1301 2653 1586 2692 annorum
1614 2638 1734 2692 solo
1762 2638 1936 2692 verbo
1952 2654 2044 2692 cu-

406 2731 570 2786 ravit.
608 2730 790 2786 Homo
834 2729 943 2784 fuit
974 2729 1049 2784 ad
1091 2730 1474 2802 frequentiam
1506 2731 1870 2803 nuptiarum;
1895 2733 2044 2787 Deus

408 2827 604 2879 autem
636 2823 1038 2878 manifestatus
1067 2829 1152 2879 est
1187 2823 1419 2896 quando
1455 2841 1635 2896 aquas
1673 2825 1955 2880 convertit
1983 2825 2043 2880 in

407 2918 628 2972 vinum.
661 2919 838 2972 Homo
878 2917 986 2972 fuit
1017 2917 1250 2989 quando
1289 2917 1362 2972 ad
1409 2917 1688 2990 piscinam
1722 2918 1873 2974 Siloe
1913 2936 2044 2974 cum

409 3009 697 3082 discipulis
716 3010 892 3078 venit;
917 3012 1066 3065 Deus
1080 3013 1274 3065 autem
1291 3011 1692 3066 manifestatus
1709 3015 1795 3066 cst
1811 3013 2043 3084 quando

409 3120 624 3158 caecum
652 3121 684 3158 a
717 3103 1012 3158 nativitate
1040 3103 1421 3159 inluminavit.
1453 3105 1638 3160 Homo
1673 3105 1782 3160 fuit
1809 3107 2042 3178 quando
2063 3123 2119 3200 ρ

409 3197 618 3252 mulier
653 3197 938 3269 peccatrix
963 3197 1231 3269 lacrymis
1256 3197 1434 3269 pedes
1466 3198 1632 3266 lavit;
1672 3200 1822 3254 Deus
1849 3203 2043 3256 autem

407 3290 811 3346 manifestatus
847 3293 932 3345 est
961 3290 1192 3362 quando
1223 3307 1353 3346 eam
1381 3308 1413 3346 a
1442 3291 1717 3364 profluvio
1743 3294 2042 3365 sanguinis

407 3385 688 3440 liberavit.
717 3385 899 3440 Homo
925 3383 1033 3439 fuit
1064 3384 1298 3456 quando
1328 3386 1387 3440 in
1411 3403 1555 3441 nave
1575 3386 1879 3452 dormivit;
1899 3388 2042 3442 Deus

409 3482 604 3534 autem
628 3478 1034 3534 manifestatus
1057 3481 1142 3532 est
1168 3479 1401 3550 quando
1429 3479 1689 3535 ventibus
1714 3480 1774 3535 in
1803 3497 1964 3537 mare
1982 3485 2044 3536 ut

408 3573 738 3644 quiscerent
784 3572 1105 3644 imperavit.
1161 3574 1344 3629 Homo
1379 3573 1488 3628 fuit
1523 3574 1755 3646 quando
1781 3575 1955 3630 Maria
1987 3579 2045 3630 et

407 3666 626 3722 Martha
643 3682 747 3738 pro
773 3667 951 3722 fratre
977 3682 1110 3721 eum
1133 3667 1452 3738 rogabant:
1482 3669 1632 3723 Deus
1653 3671 1846 3724 autem
1861 3669 2043 3724 mani-

407 3759 648 3814 festatus
672 3764 757 3814 est
785 3759 1018 3831 quando
1038 3760 1316 3814 Lazarum
1347 3761 1795 3832 quatriduanum
1821 3763 1892 3818 de
1913 3779 2040 3818 mo-

411 3855 694 3907 numento
723 3852 1094 3908 resuscitavit.
1127 3853 1312 3909 Homo
1339 3854 1448 3909 fuit
1501 3857 1732 3927 quando
1777 3857 1836 3911 in
1876 3874 2041 3912 cruce

410 3944 726 4018 pependit;
753 3947 900 4000 Deus
918 3948 1114 4000 autem
1139 3947 1543 4004 manifestatus
1558 3953 1646 4004 est
1670 3951 1902 4022 quando
1934 3955 2044 4007 ter-

409 4039 493 4094 tia
517 4039 608 4095 die
635 4039 944 4094 resurrexit
974 4056 1008 4093 a
1037 4040 1300 4109 mortuis,
1329 4041 1478 4096 sedit
1507 4043 1582 4097 ad
1611 4043 1910 4100 dexteram
1935 4048 2042 4102 Pa-

411 4132 536 4203 tris,
571 4133 903 4206 interpellat
928 4149 1032 4205 pro
1076 4134 1327 4206 peccatis
1361 4137 1589 4191 nostris.
1633 4137 1769 4202 Quis
1817 4157 1934 4196 non
1973 4141 2042 4195 ti-

413 4231 573 4284 meat
620 4229 796 4283 talem
834 4227 1142 4282 Dominum
1185 4229 1404 4301 Regem
1445 4233 1748 4300 internum,
1785 4237 1886 4288 aut
1918 4234 2044 4306 quis

412 4338 530 4378 non
556 4325 876 4394 prostratus
901 4321 1144 4376 adoret?
1168 4322 1261 4378 cui
1288 4323 1517 4380 merito.

940 4431 1100 4472 MISSA
1138 4433 1506 4475 DOMINICALIS.

2055 1757 2114 1829 B

2137 653 2289 691 eam.
2317 636 2627 691 Adtendite
2650 653 2682 691 a
2701 636 2860 692 falsis
2886 635 3304 707 prophetis,qui
3325 636 3565 690 veniunt
3585 636 3657 690 ad
3677 652 3783 690 vos

2133 729 2191 784 in
2214 729 2572 785 vestimentis
2604 730 2817 798 ovium,
2847 729 3192 784 intrinsecus
3221 733 3415 785 autem
3452 729 3622 802 [sunt]
3655 729 3778 800 lupi

2131 827 2457 894 rapaces.A
2485 824 2763 879 fructibus
2791 840 2990 879 eorum
3033 824 3393 894 cognoscetis
3431 840 3548 878 eos.
3597 824 3779 878 Num-

2133 917 2272 987 quid
2303 917 2582 988 colligunt
2607 917 2680 972 de
2705 917 2884 988 spinis
2910 933 3062 982 uvas,
3106 921 3206 972 aut
3236 917 3307 972 de
3337 917 3562 972 tribulis
3597 916 3778 971 ficus?

2135 1010 2226 1065 Sic
2258 1011 2449 1066 omnis
2473 1011 2646 1066 arbor
2671 1011 2828 1066 bona
2850 1011 3069 1066 fructus
3095 1011 3281 1066 bonos
3300 1011 3466 1077 facit;
3497 1011 3655 1065 mala
3681 1027 3778 1064 au-

2135 1108 2254 1158 tem
2279 1104 2452 1160 arbor
2469 1105 2686 1160 fructus
2700 1105 2883 1160 malos
2902 1103 3057 1160 facit.
3075 1105 3198 1159 Non
3221 1108 3410 1176 potest
3428 1105 3599 1159 arbor
3620 1105 3780 1160 bona

2137 1199 2352 1253 fructus
2377 1200 2561 1254 malos
2586 1199 2799 1266 facere,
2832 1215 3021 1270 neque
3053 1199 3224 1252 arbor
3249 1199 3404 1253 mala
3435 1199 3652 1253 fructus
3676 1199 3780 1253 bo-

2137 1308 2242 1347 nos
2281 1293 2491 1347 facere.
2517 1292 2716 1348 Omnis
2747 1291 2918 1346 arbor
2946 1307 3074 1364 quae
3103 1308 3220 1347 non
3237 1292 3378 1347 facit
3395 1293 3644 1347 fructum
3672 1292 3775 1347 bo-

2138 1403 2297 1452 num,
2332 1386 2642 1452 excidetur,
2671 1386 2804 1440 etin
2835 1385 3036 1457 ignem
3079 1387 3358 1441 mittetur.
3396 1387 3520 1441 Non
3571 1402 3779 1441 omnes

2137 1479 2234 1550 qui
2261 1479 2456 1534 dicent
2473 1480 2636 1547 mihi,
2664 1481 2929 1547 Domine,
2967 1480 3233 1548 Domine,
3263 1479 3563 1535 intrabunt
3590 1479 3650 1534 in
3681 1496 3774 1534 re-

2137 1589 2314 1644 gnum
2345 1573 2617 1628 caelorum
2644 1590 2658 1640 ;
2693 1573 2796 1628 sed
2827 1573 2928 1644 qui
2950 1574 3169 1628 faciunt
3194 1575 3550 1628 voluntatem
3591 1573 3782 1628 Patris

2136 1666 2246 1722 mei
2261 1666 2358 1738 qui
2369 1666 2428 1720 in
2442 1666 2591 1721 cadis
2607 1667 2824 1738 est,ipsi
2837 1666 3134 1722 intrabunt
3149 1668 3209 1722 in
3221 1683 3468 1738 regnum
3479 1668 3779 1722 caelorum.

2717 1769 2908 1833 Incipit
2931 1769 3201 1834 Apologia.

2209 1856 2356 1908 Ante
2384 1855 2579 1909 oculos
2601 1857 2748 1922 tuos,
2763 1855 3026 1922 Domine,
3045 1856 3241 1927 culpas
3261 1871 3403 1927 quas
3423 1855 3688 1920 fecimus,
3724 1858 3786 1910 et

2138 1949 2338 2020 plagas
2364 1964 2508 2019 quas
2539 1949 2865 2020 excepimus
2893 1949 3262 2004 conferimus.
3287 1949 3468 2004 Minus
3507 1952 3594 2004 est
3619 1948 3786 2020 quod

2139 2041 2409 2113 patimur,
2442 2041 2629 2112 majus
2649 2045 2736 2097 est
2755 2043 2910 2114 quod
2941 2059 3254 2098 meremur.
3287 2043 3510 2098 Peccati
3545 2059 3786 2114 poenam

2140 2135 2438 2204 sentimus,
2483 2140 2540 2190 et
2574 2137 2796 2207 peccati
2834 2137 3213 2208 pertinaciam
3257 2153 3376 2192 non
3411 2137 3686 2192 vitamus.
3719 2137 3784 2191 In

2139 2228 2380 2300 ﬂagellis
2407 2229 2536 2294 tuis,
2563 2230 2828 2300 Domine,
2865 2230 3149 2301 fragilitas
3180 2234 3376 2286 nostra
3410 2230 3681 2297 vincitur,
3729 2234 3789 2285 et

2139 2321 2414 2393 iniquitas
2463 2339 2580 2378 non
2619 2326 2893 2378 mutatur.
2935 2324 3091 2378 Mens
3126 2327 3344 2395 aegrota
3369 2327 3697 2396 torquetur,
3727 2328 3788 2378 et

2140 2416 2328 2470 cervix
2354 2415 2499 2471 dura
2523 2433 2639 2472 non
2665 2416 2931 2472 flectitur.
2958 2417 3084 2472 Vita
3112 2417 3170 2472 in
3198 2417 3395 2474 dolore
3419 2416 3693 2490 suspirat,
3727 2421 3792 2472 et

2141 2509 2200 2564 in
2231 2526 2403 2581 opere
2431 2527 2548 2566 non
2593 2510 2914 2566 inmendat.
2948 2511 3006 2566 Si
3039 2515 3323 2582 expectas,
3359 2512 3630 2579 Domine,
3662 2527 3788 2567 non

2143 2603 2515 2675 corrigimus;
2539 2605 2584 2659 si
2597 2604 2870 2674 vindicas,
2891 2621 3007 2661 non
3028 2605 3320 2660 duramus.
3335 2606 3702 2662 Conﬁtemur
3721 2606 3786 2660 in

2143 2697 2531 2753 confractione
2573 2698 2727 2770 quod
2751 2699 3014 2754 lsesimus.
3045 2700 3101 2755 Si
3135 2699 3482 2771 oppresseris
3511 2716 3788 2767 manum,

2145 2791 2410 2846 facienda
2435 2792 2854 2863 promittimus;
2881 2792 2924 2846 si
2956 2793 3323 2865 suspenderis
3346 2793 3630 2864 gladium,
3656 2810 3794 2866 pro-

2144 2884 2320 2939 missa
2343 2902 2460 2940 non
2496 2885 2754 2941 facimus.
2794 2886 2848 2943 Si
2875 2887 3069 2954 ferias,
3101 2888 3413 2942 clamamus
3440 2891 3504 2941 ut
3533 2903 3790 2960 parcas;

2144 2978 2190 3033 si
2210 2979 2420 3034 iterum
2441 2980 2785 3052 peperceris,
2807 2985 2863 3034 te
2886 2995 3264 3052 provocamus
3283 2985 3346 3036 ut
3367 2981 3558 3036 ferias.
3589 2980 3654 3038 Si
3679 2999 3792 3037 an-

2145 3072 2331 3144 gustia
2360 3073 2601 3142 venerit,
2621 3077 2852 3146 tempus
2868 3075 3115 3146 petimus
3129 3075 3470 3146 pzenitendi;
3491 3077 3536 3131 si
3550 3077 3794 3132 miseri-

2143 3167 2339 3222 cordia
2349 3167 2588 3236 venerit,
2605 3167 2900 3224 abutimur
2913 3169 3250 3240 paenitentia
3263 3170 3334 3224 ab
3361 3170 3790 3227 misericordia.

2141 3262 2216 3316 Te
2256 3262 2514 3316 volumus
2553 3261 2854 3317 observare
2905 3262 3061 3334 quod
3085 3263 3350 3334 jusseris;
3406 3267 3461 3319 te
3509 3265 3792 3320 nolumus

2144 3354 2419 3409 obaudire
2459 3355 2614 3427 quod
2654 3355 2876 3411 feceris.
2907 3356 3110 3424 Habes,
3141 3357 3405 3426 Domine,
3437 3359 3793 3413 conﬁtentes

2142 3465 2291 3504 reos.
2323 3449 2498 3504 Parce
2542 3449 2676 3522 quia
2705 3450 2833 3522 pius
2865 3468 2944 3520 es,
2977 3450 3112 3522 quia
3137 3451 3238 3506 tibi
3269 3453 3450 3506 multa
3483 3452 3789 3509 miseratio

2142 3541 2522 3614 perabundat.
2553 3545 2784 3612 Pra-sta,
2821 3543 3081 3614 Domine,
3110 3544 3233 3600 sine
3261 3545 3471 3600 merito
3499 3546 3660 3618 quod
3689 3564 3786 3603 ro.

2143 3652 2370 3708 gamus,
2423 3637 2522 3708 qui
2569 3637 2750 3692 fecisti
2807 3655 2874 3692 ex
2922 3638 3103 3694 nihilo
3159 3639 3256 3711 qui
3300 3644 3610 3711 rogarent:
3646 3640 3790 3713 quia

2148 3727 2347 3804 [justis]
2373 3730 2613 3802 praemia
2641 3731 2876 3800 tribues,
2907 3735 2964 3787 et
2989 3732 3382 3804 peccatoribus
3402 3732 3638 3790 veniam
3661 3749 3788 3790 non

2143 3823 2387 3896 negasti.
2418 3824 2601 3896 Rogo,
2624 3824 2816 3881 inclite
2845 3827 3030 3882 Pater.
3075 3867 3089 3882 .
3135 3867 3149 3881 .
3194 3867 3206 3882 .
3252 3869 3264 3882 .
3310 3863 3323 3882 .

2754 3945 2950 3988 INCIPIT
2989 3945 3148 3988 HISSA
3157 3973 3170 3986 .

2814 4023 3096 4088 Prw/atto.

2215 4103 2399 4161 Deum
2439 4123 2506 4162 ac
2546 4103 2860 4163 Dominum
2907 4114 3189 4178 nostrum,
3229 4109 3436 4165 fratres
3474 4107 3789 4180 carissimi,

2145 4197 2542 4272 deprecemur,
2577 4205 2641 4256 ut
2665 4201 2950 4258 custodiat
2973 4202 3034 4257 in
3061 4203 3226 4259 nobis
3252 4220 3396 4275 opus
3429 4203 3794 4277 redemptio—

2145 4292 2232 4348 nis
2251 4310 2395 4363 suaa;
2452 4298 2510 4349 et
2543 4293 2641 4367 qui
2697 4295 2874 4350 vitam
2910 4302 3166 4352 nostram
3207 4313 3402 4353 emere
3439 4315 3543 4352 sua
3593 4305 3792 4356 morte

2145 4387 2414 4458 dignatus
2431 4391 2518 4444 est
2533 4388 2607 4450 ad
2627 4392 2904 4446 mternam
2935 4390 3100 4446 nobis
3128 4391 3548 4447 beatitudinem
3575 4407 3790 4448 conse-

412 4497 642 4561 Epistola
660 4496 808 4548 Pauli
832 4497 1054 4561 apostoli
1071 4497 1133 4546 ad
1157 4499 1434 4560 Romanos,
1454 4499 1780 4552 dominicalis
1802 4502 2044 4569 legenda.
2065 4498 2124 4573 D
2148 4482 2458 4553 quendam:
2489 4481 2668 4538 donet
2692 4500 2894 4556 Pacem
2921 4485 3280 4557 temporibus
3299 4485 3528 4554 Ποδίτίδν
3545 4486 3792 4542 (Ἠέλι’

487 4578 731 4645 Fratres,
764 4578 872 4632 hoc
899 4580 987 4632 est
1010 4577 1250 4633 verbum
1281 4579 1417 4635 ﬁdei
1446 4581 1600 4652 quod
1624 4583 2040 4654 praedicamus:

417 4670 554 4743 quia
579 4671 625 4725 si
651 4669 976 4725 conﬁtearis
1000 4669 1058 4724 in
1091 4687 1190 4726 ore
1217 4675 1316 4728 tuo
1339 4672 1649 4730 Dominum
1671 4677 1888 4746 Jesum,
1909 4683 1967 4734 et
1985 4679 2044 4736 in

415 4764 590 4822 corde
628 4766 728 4819 tuo
771 4763 1106 4832 credideris,
1143 4766 1300 4836 quod
1323 4767 1472 4822 Deus
1500 4768 1662 4824 illum
1695 4760 1982 4828 suscitavit
2013 4791 2047 4829 a

415 4857 680 4926 mortuis,
703 4857 891 4912 salvus
915 4855 1046 4912 eris.
1076 4858 1260 4913 Corde
1287 4859 1446 4916 enim
1472 4862 1726 4918 creditur
1767 4865 1842 4920 ad
1876 4866 2045 4938 justi-

415 4953 582 5021 tiam,
639 4969 777 5007 aure
821 4953 1018 5006 autem
1069 4951 1352 5008 confessio
1388 4945 1452 5009 fit
1489 4955 1563 5010 ad
1588 4958 1854 5015 salutem.
1904 4961 2050 5017 Dicit

419 5047 576 5102 enim
608 5045 900 5118 Scriptura
927 5061 939 5100 :
973 5044 1170 5100 Omnis
1198 5047 1292 5118 qui
1319 5047 1628 5106 crediderit
1651 5051 1710 5108 in
1735 5050 2048 5124 illum,non

419 5139 821 5196 confundetur.
845 5141 968 5194 Non
999 5139 1155 5194 enim
1177 5143 1262 5195 est
1273 5141 1562 5199 distinctio
1580 5146 1764 5202 Judaei
1779 5150 2046 5207 etGrasci.

419 5235 564 5290 Nam
593 5233 749 5288 idem
775 5233 1053 5288 Dominus
1081 5235 1365 5305 omnium,
1404 5237 1559 5292 dives
1584 5239 1643 5293 in
1671 5243 2050 5316 omnibusqui

418 5325 689 5384 invocant
717 5343 869 5382 eum.
905 5327 1106 5382 Omnis
1141 5328 1293 5384 enim
1331 5331 1426 5402 qui
1458 5332 1806 5391 invocaverit
1837 5357 2048 5395 nomen

420 5421 669 5488 Domini,
703 5421 887 5475 salvus
914 5422 1040 5476 erit.

579 5510 750 5560 Lectio
776 5511 937 5560 sancti
968 5511 1234 5575 Evangelii
1264 5515 1552 5566 secundum
1581 5519 1894 5572 Matthreum.

491 5583 700 5638 Omnia
737 5599 876 5653 ergo
921 5599 1294 5654 quascumque
1337 5587 1504 5640 vultis
1547 5594 1603 5642 ut
1643 5591 1856 5648 faciant
1897 5589 2054 5652 vobis

421 5676 708 5744 homines,
737 5679 795 5730 et
821 5692 922 5731 vos
946 5674 1114 5729 facite
1147 5675 1247 5730 eis.
1277 5678 1404 5732 Haec
1436 5684 1522 5735 est
1549 5683 1705 5740 enim
1732 5686 1818 5742 lex
1850 5692 1908 5744 et
1927 5708 2054 5762 pro-

422 5771 630 5860 phetae.
653 5771 868 5826 Intrate
880 5781 986 5840 per
1009 5771 1312 5842 angustam
1334 5773 1582 5845 portam,
1603 5778 1738 5850 quia
1753 5780 1869 5837 lata
1888 5789 2056 5857 porta

2147 4579 2265 4631 tem
2295 4575 2482 4632 cordis
2512 4581 2569 4632 et
2592 4576 2866 4649 corporis,
2895 4577 3192 4634 decessum
3232 4578 3523 4647 vitiorum,
3555 4596 3788 4636 succes-

2146 4669 2372 4726 sionem
2402 4671 2695 4739 virtutum,
2718 4671 3066 4728 desiderium
3098 4673 3442 4730 futurorum.
3475 4675 3608 4730 Per.

2819 4775 3088 4826 Collectio.

2218 4856 2458 4914 Domine
2488 4861 2636 4915 Deus
2679 4863 2892 4930 noster,
2924 4858 3146 4934 suscipe
3191 4877 3391 4934 preces
3433 4861 3792 4934 supplicum,

2149 4953 2208 5006 et
2243 4952 2588 5008 famolorum
2636 4957 2868 5010 tuorum
2909 4955 3200 5023 orationes
3230 4955 3518 5027 benignus
3557 4957 3802 5012 exaudi.

2151 5045 2437 5101 Debemus
2461 5045 2688 5102 deferre
2720 5047 2793 5103 ad
2819 5048 3112 5120 publicum
3141 5048 3406 5117 crimina,
3440 5049 3488 5102 si
3522 5049 3600 5104 ad
3632 5049 3806 5120 judi-

2151 5137 2302 5193 cium
2329 5140 2904 5196 nolumussustenere
2935 5145 3245 5198 tormenta.
3275 5142 3567 5197 Debemus
3595 5143 3802 5200 humi-

2153 5232 2278 5286 liari
2321 5250 2515 5288 coram
2545 5235 2895 5303 hominibus,
2934 5237 2979 5291 si
3019 5237 3282 5292 volumus
3321 5251 3517 5292 coram
3569 5239 3811 5309 angelis
3907 5219 3909 5283 Ι

2152 5325 2405 5396 gloriari.
2435 5327 2725 5383 Debemus
2749 5330 2944 5401 lugere
2973 5330 3032 5384 in
3061 5332 3286 5398 stendo,
3321 5331 3366 5384 si
3405 5331 3678 5386 volumus
3705 5349 3812 5388 re-

2154 5436 2332 5490 gnare
2367 5438 2496 5475 cum
2541 5422 2783 5478 Christo.
2833 5424 3121 5479 Debemus
3151 5425 3435 5480 honorem
3473 5441 3813 5495 expernere
3903 5485 3905 5490 ,

2153 5515 2552 5585 temporalem,
2576 5516 2621 5570 si
2643 5517 2917 5573 obtenere
2931 5519 3195 5574 volumus
3219 5518 3466 5590 gloriam
3481 5519 3812 5592 sempiter-

2154 5623 2311 5661 nam.
2339 5608 2662 5664 Timeamus
2693 5612 2874 5666 Deum
2905 5613 3189 5667 occultum
3227 5613 3286 5666 in
3320 5612 3684 5668 conscientia
3729 5617 3818 5670 te-
3901 5645 3903 5670 ;

2155 5703 2322 5770 stem,
2356 5705 2415 5758 et
2439 5703 2731 5776 publicum
2761 5705 2820 5760 in
2853 5706 3278 5763 examinatione
3310 5722 3644 5764 censorem.
3671 5707 3812 5766 Non

2156 5793 2251 5852 ille
2281 5797 2486 5872 quaerit
2512 5814 2616 5874 pro
2670 5798 2999 5874 ignorantia
3041 5799 3488 5870 confessionem,
3535 5800 3646 5860 sed
3697 5817 3816 5880 ιιι-ρ
3897 5885 3899 5900 Ι

3907 5219 3909 5283 l

3903 5485 3905 5577 l

3896 5917 3899 6017 ἱ
