4036 6188
218 376 303 428 ὅὸἷ
822 368 1433 427 SACRAMENTARIUM
1469 368 1913 425 GALLICANUM.
1960 398 2023 406 —
2062 367 2426 424 LECTIONES
2462 369 2923 427 DUMINICALES.

3452 380 3552 433 558

212 464 575 535 misericordia
605 477 1005 534 confessorem.
1044 478 1263 533 Fratres
1306 476 1600 547 carissimi,
1640 476 1823 531 Domi-
1843 489 1902 563 Α
1926 476 2028 532 tibi
2065 476 2245 532 ﬁlium
2290 477 2573 549 genuisse,
2624 495 2796 551 quem
2846 481 2924 535 sic
2971 480 3271 540 festinabat
3318 484 3541 557 offerre,

210 589 340 628 num
367 572 750 645 deprecemur,
788 577 855 627 ut
881 572 959 627 sic
988 572 1237 627 absolvat
1259 570 1438 643 pietas
1463 570 1728 639 humiles,
1755 576 1821 627 ut

209 684 314 722 non
337 666 528 739 puniat
548 666 814 723 severitas
840 670 1218 721 contumaces.
1247 666 1373 720 Per.

812 747 934 796 Post
964 745 1197 795 nomina.

273 817 569 873 Offerentes
582 818 715 888 Deo,
736 818 938 873 fratres
952 817 1242 888 carissimi,
1256 816 1529 889 spiritalia
1560 833 1817 887 munera,

208 912 439 967 divinam
465 912 820 966 clementiam
849 912 1240 983 deprecemur,
1278 915 1343 965 ut
1361 912 1462 965 has
1491 911 1817 978 oblationes,

208 1022 336 1077 quas
354 1006 412 1058 in
425 1005 954 1059 commemoratione
966 1009 1288 1059 sanctorum
1315 1009 1371 1059 et
1389 1020 1492 1076 pro
1506 1004 1681 1059 salute
1695 1020 1817 1059 om-

205 1098 354 1153 nium
370 1098 717 1153 credentium
734 1097 1045 1167 offerimus,
1065 1097 1231 1169 plena
1246 1097 1471 1170 pietatis
1488 1114 1603 1152 sua
1628 1097 1821 1170 digna-

205 1192 346 1248 tione
363 1192 644 1263 suscipiat,
674 1196 935 1247 nostrum
953 1192 1211 1247 omnium
1237 1208 1432 1263 preces
1460 1192 1745 1247 exaudiat.

404 1271 410 1277 ’
858 1272 935 1322 Ad
963 1285 1164 1336 pacem.

268 1343 408 1398 Deus
433 1341 548 1397 vita
573 1343 948 1410 credentium,
981 1343 1142 1414 regio
1188 1341 1467 1412 vivorum,
1508 1341 1821 1413 expectatio

207 1436 462 1505 ﬁdelium,
509 1437 847 1492 resurrectio
898 1441 1276 1507 mortuorum,
1338 1436 1688 1508 captivorum
1728 1452 1818 1490 re-

206 1531 417 1600 demtio,
466 1531 752 1586 aternitas
794 1531 1200 1599 redemtorum,
1244 1530 1528 1601 benignus
1571 1529 1824 1584 indultor

206 1624 634 1697 supplicantium
678 1641 873 1696 preces
912 1625 1122 1696 accipe,
1168 1623 1604 1696 suffragantium
1652 1624 1822 1678 inter-

208 1719 533 1775 cessionibus
564 1718 846 1790 mitigare,
884 1718 1276 1774 conﬁtentium
1304 1722 1528 1790 peccata
1556 1717 1774 1773 dimitte
1803 1734 1816 1771 :

208 1817 256 1867 et
284 1828 416 1885 quos
459 1813 755 1868 redemere
792 1812 1060 1884 dignatus
1099 1829 1157 1867 es
1182 1811 1504 1868 humilitate
1529 1827 1818 1884 corporea,

207 1910 482 1978 protegere
515 1905 767 1978 digneris
789 1906 994 1961 virtute
1021 1905 1228 1961 divina.

831 1985 1165 2035 Contestatio.

271 2057 396 2112 Vere
438 2057 685 2129 dignum
730 2062 786 2113 et
842 2057 1066 2128 justum
1104 2060 1207 2123 est,
1254 2056 1611 2129 omnipotens
1654 2058 1819 2124 Deus,

208 2151 335 2207 Deus
356 2152 664 2221 Abraham,
687 2153 832 2207 Deus
860 2153 1029 2222 Isaac,
1054 2152 1197 2207 Deus
1220 2151 1389 2206 Jacob
1416 2167 1429 2206 :
1466 2151 1626 2222 cujus
1654 2151 1821 2206 verbo

211 2245 442 2311 universa
454 2251 642 2300 creata
663 2250 814 2314 sunt,
833 2245 994 2316 cujus
1010 2243 1212 2316 spiritu
1227 2244 1415 2299 omnia
1425 2242 1818 2316 nunciantur',

209 2354 307 2393 una
331 2338 611 2408 divinitas,
641 2343 696 2393 et
722 2338 872 2394 trina
896 2337 1191 2409 maiestas;
1233 2342 1435 2394 natura
1472 2338 1817 2409 inseparabio

208 2432 282 2502 lis,
304 2449 541 2504 persona
567 2432 889 2502 individua;
940 2433 1085 2487 Deus
1124 2448 1274 2487 unus
1321 2436 1376 2487 et
1423 2431 1597 2500 solus,
1640 2432 1822 2487 unitas

209 2525 410 2599 triplex,
429 2527 906 2598 incomprehensa
918 2526 1044 2597 conj
1053 2525 1265 2596 unctio,
1287 2525 1525 2581 indivisa
1537 2525 1819 2581 distinctio

210 2636 358 2692 quem
382 2637 565 2676 unum
604 2619 1131 2690 insubstantialiter,
1185 2619 1404 2675 trinum
1448 2619 1822 2691 personaliter

210 2715 570 2785 nominamus,
592 2713 893 2782 credimus,
915 2712 1271 2769 conﬁtemur.
1294 2714 1375 2768 Tu
1397 2729 1456 2768 es
1476 2713 1630 2768 enim
1650 2714 1817 2783 Deus,

202 2808 258 2857 et
277 2820 378 2859 non
404 2810 485 2860 est
514 2803 832 2859 secundum
862 2818 1033 2874 opera
1058 2806 1176 2858 tua.
1203 2802 1284 2856 Tu
1321 2800 1571 2856 fundasti
1608 2805 1819 2856 terram

213 2912 359 2968 super
383 2914 628 2970 aquam;
657 2899 721 2952 tu
747 2896 935 2967 legem
962 2895 1233 2951 creaturis
1262 2894 1529 2950 omnibus
1553 2894 1816 2966 posuisti;

212 2992 293 3062 qui
315 2990 369 3047 in
390 3008 503 3047 uno
525 2991 715 3046 trinus
728 3007 984 3062 appares,
1006 2990 1069 3045 in
1094 2989 1278 3045 tribus
1302 3006 1451 3044 unus
1465 2988 1815 3061 agnosceris:

212 3083 351 3141 Pater
372 3085 684 3158 ingenitus,
718 3084 886 3139 Filius
910 3100 1060 3139 unus
1100 3086 1185 3139 est
1224 3087 1543 3155 generatus,
1584 3082 1821 3154 Spiritus

213 3183 408 3234 sanctus
424 3196 578 3235 unus
603 3184 687 3235 est
712 3196 784 3234 ex
801 3177 828 3217 δ
855 3180 1018 3233 Patre
1055 3177 1385 3250 procedens,
1413 3176 1565 3232 Patri
1590 3181 1646 3232 ct
1684 3176 1818 3231 Filio

213 3278 509 3330 maternus.
558 3274 676 3329 Una
700 3278 891 3328 tamen
919 3272 979 3327 in
1021 3242 1203 3327 tribus
1239 3242 1419 3326 virtus
1456 3276 1513 3326 et
1553 3271 1815 3342 dignitas,
1839 3242 1894 3318 Ο

210 3372 444 3438 potestas,
473 3373 647 3439 atque
671 3367 750 3423 ita
774 3366 1073 3438 conjuncta
1101 3364 1296 3421 divisio
1319 3382 1333 3420 :
1381 3381 1507 3437 quae
1534 3363 1635 3419 tibi
1677 3369 1821 3420 esset

215 3458 365 3531 gloria
382 3462 436 3517 in
462 3461 640 3531 calis,
671 3460 926 3533 potentia
950 3459 1009 3515 in
1034 3460 1216 3532 aquis,
1244 3458 1520 3531 sapientia
1543 3459 1603 3513 in
1622 3460 1813 3528 terris,

213 3553 363 3611 Virtus
392 3555 450 3610 in
476 3554 718 3627 abyssis,
745 3554 968 3611 claritas
993 3553 1053 3608 in
1078 3552 1317 3625 angelis,
1339 3552 1586 3624 dignitas
1612 3552 1673 3607 in
1693 3569 1818 3623 pro-

213 3646 389 3719 phetis,
416 3648 734 3705 sublimitas
760 3648 820 3703 in
847 3646 1224 3720 evangelistis,
1254 3646 1557 3702 auctoritas
1584 3646 1643 3701 in
1678 3662 1815 3717 apo-

214 3741 371 3811 stolis;
400 3744 583 3815 pietas
605 3742 663 3797 in
687 3742 1003 3814 praeceptis,
1028 3740 1373 3813 placabilitas
1396 3741 1458 3795 in
1477 3739 1721 3812 templis,
1742 3740 1818 3795 fec

214 3834 394 3891 stivitas
411 3837 467 3892 in
487 3836 853 3906 holocaustis,
877 3834 1110 3908 largitas
1127 3835 1187 3890 in
1206 3834 1498 3900 ministris,
1514 3850 1618 3906 per
1638 3834 1820 3889 Domi-

214 3942 332 3984 num
342 3929 731 3987 nostrum.Cui
743 3930 1036 4001 angelicus
1051 3927 1422 3984 ﬁammiferus
1434 3928 1640 3983 chorus
1658 3928 1821 3983 terri-

215 4019 307 4079 bile
317 4022 537 4081 exhibet
552 4023 907 4096 obsequium:
924 4039 1095 4095 quem
1109 4022 1384 4078 cherubin
1397 4026 1453 4078 et
1463 4022 1665 4077 seraﬁn
1675 4021 1821 4077 auri-

217 4131 325 4188 gam
345 4120 634 4175 sedentem
653 4117 859 4191 pavida
883 4117 1229 4189 subjectione
1253 4116 1554 4186 mirantur;
1571 4120 1701 4172 ante
1729 4132 1820 4172 cu-

210 4209 288 4281 jus
309 4217 664 4286 conspectum
692 4229 790 4268 sex
807 4211 1070 4284 quaterni
1093 4210 1381 4266 seniorum
1396 4210 1665 4266 miriﬁcus
1681 4210 1818 4266 ordo

218 4305 584 4375 splendiﬁuam
606 4305 911 4361 nitentium
942 4320 1300 4378 gemmarum
1331 4321 1598 4360 coronam
1626 4304 1820 4376 capitis

217 4400 392 4455 vcrtice
421 4401 787 4475 gestantium;
801 4399 1134 4454 animalium
1147 4415 1371 4471 quoque
1389 4398 1621 4454 diversis
1638 4398 1821 4453 numi-

218 4505 333 4548 num
354 4496 599 4552 vultibus
622 4494 945 4567 variataque
963 4498 1127 4565 terga
1153 4493 1453 4565 Evangelia
1476 4508 1590 4548 una
1610 4509 1667 4547 se
1680 4493 1817 4564 jun-

172 4617 180 4625 -
222 4593 404 4660 gentes,
439 4606 692 4664 perenne
725 4589 1065 4661 jubilatione
1123 4587 1461 4643 conlaudant
1524 4587 1812 4643 dicentes:

221 4677 443 4741 Sanctus.

633 4753 957 4810 Contestatio
975 4751 1041 4809 de
1063 4753 1367 4810 Abraham.

438 4831 624 4899 Incipit
646 4834 959 4885 Contestatio
985 4832 1309 4883 dominicalis
1328 4830 1566 4882 dicenda.

278 4902 402 4960 Vere
427 4906 666 4979 dignum
691 4910 747 4962 et
757 4906 980 4977 justum
1006 4909 1110 4974 est,
1142 4903 1497 4975 omnipotens
1524 4904 1693 4972 Deus,
1720 4902 1819 4974 qui

224 4995 425 5054 Abrahae
453 4999 660 5056 famolo
690 5003 787 5056 tuo
817 4998 1050 5054 unicum
1068 4998 1271 5065 ﬁlium,
1300 5013 1472 5070 quem
1496 4996 1616 5069 ipse
1646 4996 1816 5051 dede-

227 5102 312 5160 ras,
337 5091 394 5148 in
419 5093 752 5149 sacriﬁcium
778 5094 881 5149 tibi
916 5093 1209 5148 victimam
1232 5107 1348 5147 esse
1366 5091 1604 5163 jussisti.
1637 5090 1680 5146 0
1704 5091 1815 5145 Do-

227 5183 351 5241 mine
375 5186 431 5242 in
460 5188 839 5260 promittendo
865 5186 1068 5253 ﬁdelis,
1098 5186 1156 5241 in
1183 5185 1524 5257 perﬁciendo
1550 5184 1815 5249 liberalis,

226 5290 351 5333 nunc
374 5297 476 5353 per
498 5282 750 5338 sterilem
778 5297 971 5337 senem
999 5280 1347 5350 fecundasti;
1374 5279 1472 5335 sed
1501 5283 1566 5333 ut
1600 5278 1818 5333 devotio

225 5375 651 5444 comprobaretur
679 5376 738 5430 in
759 5379 938 5448 patre,
961 5372 1179 5429 aﬁecﬁo
1204 5376 1642 5446 postponeretur
1664 5372 1818 5427 inso-

225 5459 344 5532 bole,
374 5473 426 5523 et
449 5486 561 5540 qua
584 5471 841 5526 futurum
870 5468 1153 5523 nesciebat
1170 5467 1452 5523 affectum.
1485 5467 1613 5522 Plus
1640 5467 1814 5540 siqui-

228 5553 334 5613 dem
353 5562 566 5632 gavisus
586 5569 668 5619 est
692 5564 931 5619 offerens
948 5562 1049 5619 tibi
1068 5562 1268 5633 ﬁlium,
1286 5578 1457 5634 quam
1476 5561 1817 5633 promissum

227 5652 496 5711 crediderit
522 5658 887 5715 nasciturum.
926 5658 1030 5712 Pro
1057 5656 1166 5712 hoc
1194 5655 1349 5711 enim
1388 5672 1504 5710 non
1552 5655 1678 5725 sibi,
1721 5655 1818 5711 sed

285 5774 306 5856 _'
327 5779 483 5856 [orte
503 5782 828 5856 legendum,
852 5786 1199 5841 muniuntur.

284 5844 309 5928 ξ)
336 5851 467 5909 Hinc
488 5844 638 5928 patet
661 5844 1066 5928 hanc'missam,
1080 5856 1341 5912 usitatam
1367 5852 1540 5928 fuisse
1557 5859 1686 5928 ante
1716 5855 1815 5928 ad-

229 5913 569 5982 ditamentum
593 5913 851 6000 Filioque,
877 5927 1027 6001 quod
1048 5927 1170 5999 jam
1198 5927 1455 6001 superius
1482 5926 1729 5984 vidimus
1759 5926 1814 5983 in

1921 588 1951 627 e
1977 587 2112 644 rege
2141 571 2371 627 devotus
2397 577 2577 644 pater,
2606 589 2736 629 cum
2762 574 3030 631 sacriﬁcio
3048 576 3170 647 jam
3200 583 3394 650 parato
3431 579 3549 637 ibat

1920 669 1978 721 et
2002 665 2233 721 devotus
2276 666 2429 721 ﬁlius
2463 683 2594 722 cum
2634 669 2919 724 sacerdote
2958 671 3226 741 perfecto.
3274 674 3351 728 Ita
3394 674 3550 730 enim

1918 763 2227 832 utrumque
2252 760 2361 815 sibi
2384 764 2512 816 vota
2536 766 2923 833 contexerant,
2954 769 3019 819 ut
3044 781 3149 819 nec
3176 770 3339 836 pater
3352 768 3421 823 de
3449 768 3553 824 ﬁlii

1918 852 2206 908 voluntate
2251 859 2395 909 esset
2429 861 2737 927 suspectus,
2781 873 2885 912 nec
2919 856 3066 913 ﬁlius
3108 859 3178 914 de
3220 860 3395 931 patris
3446 879 3547 917 vo-

1920 947 2133 1003 luntate
2156 952 2302 1003 esset
2320 948 2609 1005 sollicitus.
2637 951 2888 1006 Consulit
2923 952 3149 1007 victima
3181 955 3548 1024 sacerdotem,

1922 1047 1978 1096 et
2015 1058 2401 1113 percussorem
2447 1060 2615 1099 suum
2665 1045 2976 1101 moriturus
3023 1047 3376 1120 interrogat:
3413 1051 3550 1106 Ecce

1920 1136 2078 1191 adest
2105 1136 2253 1208 ignis
2279 1140 2336 1191 et
2371 1138 2547 1209 ligna,
2579 1138 2679 1193 ubi
2709 1144 2794 1195 est
2835 1140 2951 1195 ovis
2992 1157 3118 1212 qua
3165 1146 3249 1197 est
3290 1143 3361 1198 ad
3400 1144 3557 1201 victi-

1921 1245 2076 1289 mam
2093 1230 2120 1284 ?
2146 1229 2189 1285 Ο
2214 1232 2633 1301 expectacolum
2659 1233 2898 1305 dignum
2924 1235 3073 1290 Deo!
3104 1251 3137 1290 ο
3159 1234 3429 1293 invictum
3450 1238 3550 1294 de-

1923 1323 2156 1378 votionis
2198 1324 2577 1396 triumphum,
2620 1331 2675 1381 et
2716 1344 2988 1400 magnum
3026 1333 3083 1383 et
3111 1329 3439 1387 inviolabile
3470 1350 3555 1388 sa-

1921 1421 2298 1472 cramentum.
2327 1420 2554 1474 Devotio
2582 1420 2800 1475 dicebat
2829 1438 2842 1475 :
2876 1423 3330 1494 Percute;pietas
3346 1425 3549 1481 clama-

1920 1511 2059 1565 bat:
2106 1514 2294 1566 Parce.
2334 1513 2430 1566 Illa
2462 1514 2822 1584 provocabat,
2868 1514 2974 1570 ista
3018 1516 3329 1573 revocabat.
3385 1519 3552 1575 Filius

1921 1609 2111 1659 tamen
2138 1606 2447 1660 moriturus
2466 1606 2706 1677 jacebat,
2736 1625 2850 1663 non
2882 1608 3113 1664 vincolis
3140 1610 3332 1665 arduis
3352 1610 3551 1669 inreti-

1920 1702 2033 1768 tus,
2065 1700 2163 1755 sed
2188 1700 2439 1756 ofﬁcium
2480 1701 2700 1773 pietatis
2744 1703 2994 1759 indutus.
3025 1704 3173 1758 Totis
3220 1722 3356 1778 ergo
3393 1713 3557 1778 pater

1920 1793 2223 1849 visceribus
2275 1794 2333 1849 in
2362 1812 2462 1850 sua
2489 1795 2704 1850 viscera
2731 1796 3001 1851 feriturus
3023 1796 3302 1870 insurgit,
3333 1804 3389 1855 et
3418 1801 3549 1855 nul-

1844 1870 1899 1942 Β
1922 1887 2036 1941 1am
2062 1887 2371 1943 devotionis
2388 1905 2505 1944 sua
2532 1889 2732 1945 aﬁ‘erre
2756 1890 2972 1961 patitur
2992 1892 3334 1962 tarditatem,
3363 1910 3467 1949 nec
3482 1910 3551 1950 ex

1921 1981 2181 2037 tarditate
2209 1982 2454 2053 perdidit
2476 1984 2814 2039 mercedem.
2836 1984 2943 2039 Sed
2972 2000 3097 2039 ecce
3124 1985 3402 2057 divinitas,
3421 2003 3550 2059 qua

1914 2074 2160 2145 jusserat
2200 2080 2268 2131 ut
2298 2076 2511 2145 feriret,
2557 2078 2765 2133 iterum
2812 2076 3073 2133 dicebat:
3121 2080 3311 2150 Parce,
3360 2097 3547 2152 parce,

1922 2168 2126 2241 inquit,
2183 2169 2379 2225 devote
2426 2174 2605 2242 pater,
2656 2187 2847 2242 parce,
2900 2171 3162 2244 religiose
3228 2189 3546 2245 percussor,

1920 2277 2110 2333 parce,
2144 2263 2266 2318 sine
2293 2263 2533 2319 crimine
2562 2264 2858 2336 parricida.
2889 2267 3006 2337 Ego
3050 2265 3230 2321 libens
3265 2249 3550 2323 victimam

1922 2357 2082 2410 tuam
2137 2357 2454 2429 acceptavi;
2508 2363 2702 2413 votum
2748 2374 2865 2413 non
2905 2359 3164 2431 reprobo,
3210 2359 3548 2416 sacriﬁcium

1919 2447 2110 2519 laudo,
2153 2449 2324 2505 ﬁdem
2356 2467 2473 2506 non
2514 2452 2748 2523 repello.
2794 2454 2877 2507 Tu
2906 2452 3137 2524 quidem
3164 2469 3279 2508 non
3304 2454 3550 2526 perimes

1918 2540 2122 2612 ﬁlium,
2153 2544 2250 2598 sed
2274 2544 2410 2598 facti
2449 2545 2533 2599 tui
2575 2562 2679 2616 per
2719 2547 2917 2601 sacula
2961 2551 3154 2602 manet
3202 2548 3547 2620 exemplum.

1920 2634 1964 2689 0
1988 2635 2216 2706 qualem
2242 2653 2364 2691 rem
2389 2636 2403 2690 1
2432 2653 2536 2692 nec
2565 2638 2716 2692 ﬁlius
2742 2638 2936 2693 timuit
2954 2639 3200 2708 victima,
3238 2656 3343 2695 nec
3390 2644 3552 2712 pater

1919 2726 2179 2795 inventus
2203 2730 2516 2801 parricida:
2545 2732 2818 2802 quoniam
2848 2733 3157 2788 adventum
3198 2733 3417 2788 Domini
3452 2751 3549 2789 no-

1920 2822 2021 2876 stri
2045 2823 2176 2879 Iesu
2200 2823 2405 2878 Christi
2441 2825 2792 2896 expectabat,
2827 2831 2958 2882 ante
2985 2827 3147 2898 cujus
3183 2832 3548 2899 conspectum

1920 2931 2116 2973 omnes
2142 2916 2328 2989 angeli
2354 2920 2524 2990 atque
2552 2919 2896 2991 archangeli.

2316 3025 2443 3074 Item
2467 3025 2781 3076 Contestatio
2798 3024 3144 3077 dominicalis.

1988 3117 2128 3174 Vere
2154 3117 2395 3191 dignum
2434 3124 2490 3175 et
2511 3120 2733 3191 justum
2772 3125 2854 3176 est
2888 3122 3241 3177 credentium
3272 3123 3548 3196 populum

1920 3227 2143 3284 semper
2168 3214 2278 3268 Deo
2307 3213 2492 3269 dicere
2528 3215 2740 3286 laudes,
2782 3220 2839 3270 et
2883 3216 2944 3270 in
2988 3216 3207 3272 Christo
3250 3217 3548 3273 dominica

1919 3306 2279 3361 sublimitatis
2306 3308 2573 3379 praferre
2599 3309 2887 3378 virtutem,
2917 3314 2974 3366 et
3000 3310 3060 3365 in
3083 3310 3201 3366 ﬁlio
3225 3311 3547 3367 misericor-

1917 3399 2047 3455 dem
2076 3400 2386 3471 pradicare
2413 3402 2699 3473 pietatem,
2728 3419 2829 3474 per
2847 3419 3019 3474 quem
3056 3407 3259 3458 cuncta
3290 3406 3543 3476 protulit,

1919 3493 2177 3548 universa
2206 3494 2471 3550 restituit.
2501 3495 2729 3550 Sublata
2756 3499 2889 3550 sunt
2915 3496 3107 3551 omnia
3143 3514 3270 3569 qua
3297 3498 3545 3570 prophe-

1917 3586 2042 3642 ticis
2066 3588 2295 3643 vocibus
2321 3592 2428 3643 ate
2454 3589 2849 3643 mandaveras:
2880 3589 3130 3661 perfecta
3157 3596 3290 3646 sunt
3323 3596 3544 3661 cuncta,

1918 3696 2045 3753 qua
2074 3681 2143 3737 de
2183 3681 2426 3737 adventu
2467 3686 2583 3738 tua
2620 3682 2975 3738 sublimitatis
3015 3689 3144 3740 ante
3181 3685 3548 3757 pradixeras.

1917 3776 1998 3829 Tu
2027 3791 2086 3830 es
2114 3775 2222 3831 Leo
2247 3775 2317 3831 de
2340 3776 2492 3831 tribu
2515 3776 2660 3831 Juda
2693 3776 2853 3831 fortis
2879 3777 2939 3832 in
2966 3778 3198 3850 proelio;
3231 3783 3295 3834 tu
3334 3780 3549 3837 catulus

1916 3867 2095 3924 leonis
2123 3884 2424 3943 resurgens
2449 3870 2624 3926 victor
2646 3889 2680 3926 a
2718 3870 2993 3942 mortuis;
3040 3876 3104 3928 tu
3148 3889 3316 3929 verus
3368 3891 3551 3947 agnus

1919 3963 2036 4033 Dei,
2058 3962 2153 4018 diu
2183 3965 2454 4037 quasitus
2480 3965 2551 4020 ad
2568 3964 2874 4036 victimam,
2902 3983 3006 4038 per
3029 3967 3189 4039 cujus
3215 3968 3553 4041 sanguinem

1917 4056 2140 4129 placata
2167 4061 2302 4113 sunt
2327 4059 2548 4129 omnia;
2572 4065 2632 4115 tu
2663 4061 2807 4132 lapis
2828 4061 3116 4132 angularis
3143 4060 3552 4117 adiﬁcantibus

1919 4157 2162 4224 spretus,
2191 4152 2251 4208 id
2279 4153 2538 4208 Ecclesia
2573 4154 2754 4227 capite
2798 4153 3157 4223 constitutus,
3204 4153 3551 4211 admirabilis

1917 4246 2279 4317 postmodum
2306 4245 2555 4303 effectus.
2587 4248 2668 4302 Tu
2697 4248 2953 4302 sacerdos
2989 4247 3239 4303 excelsus
3286 4253 3342 4304 et
3381 4263 3550 4303 verus

1919 4339 2197 4395 minister.
2220 4340 2302 4394 Tu
2333 4340 2490 4411 virga
2513 4339 2582 4395 de
2608 4340 2794 4414 radice
2822 4341 2971 4395 Jesse
3001 4341 3235 4413 prolata.
3267 4341 3348 4395 Tu
3397 4346 3546 4397 tem-

1918 4433 2080 4505 plum
2105 4449 2322 4500 verum,
2360 4434 2515 4505 quod
2553 4450 2656 4504 pro
2690 4438 2881 4488 nostra
2916 4433 3264 4489 redemtione
3305 4440 3547 4506 prostra-

1918 4531 2043 4581 tum
2071 4529 2175 4581 est.
2201 4527 2282 4581 Tu
2299 4532 2428 4597 post
2446 4526 2699 4581 triduum
2725 4542 3025 4598 resurgens
3052 4526 3209 4582 vivus
3226 4544 3260 4582 a
3284 4527 3543 4586 mortuis.

1800 4627 1812 4643 ’
1836 4622 1897 4695 Ι)
1918 4621 2000 4675 Tu
2028 4620 2207 4692 igitur
2233 4619 2293 4675 in
2318 4620 2432 4675 Noe
2466 4622 2652 4675 rector
2678 4637 2843 4689 arca,
2886 4637 3002 4675 non
3045 4620 3228 4677 solum
3275 4623 3407 4695 Noe,
3450 4626 3548 4681 sed

1920 4714 2173 4769 Ecclesia
2214 4714 2579 4787 gubernator.
2635 4716 2694 4769 In
2737 4714 3021 4770 Abraham
3066 4714 3424 4773 ﬁdelissimus
3454 4736 3548 4790 pa-

1919 4807 2180 4879 triarcha,
2203 4808 2262 4863 in
2284 4809 2428 4863 Isaac
2448 4808 2846 4880 gloriosissima
2860 4809 3040 4864 hostia
3067 4810 3261 4882 patris,
3298 4811 3357 4866 in
3376 4813 3543 4869 Jacob

1918 4918 2160 4956 summa
2193 4902 2481 4974 patientia
2508 4903 2795 4975 magister,
2826 4903 2885 4958 in
2918 4904 3123 4975 Joseph
3148 4903 3546 4963 misericordia

1916 4996 2271 5069 pradicator,
2315 4996 2373 5051 in
2416 4997 2600 5069 Moyse
2634 4997 2929 5053 laudabilis
2966 4998 3102 5065 dux,
3143 4998 3203 5052 in
3252 4999 3419 5056 David
3454 5017 3548 5073 pa-

1916 5089 2163 5145 triarcha
2213 5091 2533 5162 praclarus,
2577 5091 2636 5145 in
2679 5092 2982 5163 Salomone
3029 5091 3545 5151 abundantissimus

1916 5184 2041 5239 fons
2066 5185 2355 5257 sapientia
2383 5186 2444 5240 in
2475 5185 2607 5239 Isaia
2626 5191 2821 5240 auctor
2839 5185 3096 5240 omnium
3116 5187 3544 5262 prophetarum,

1917 5278 1977 5333 in
2014 5279 2267 5335 Johanne
2318 5280 2536 5352 primus
2580 5279 2841 5351 baptista,
2886 5279 2947 5347 in
3000 5279 3281 5352 Stephano
3329 5284 3548 5355 primus

1916 5378 2151 5447 martyr,
2199 5374 2257 5428 in
2285 5375 2447 5428 Petro
2472 5372 2804 5443 negantium
2831 5371 2989 5444 ﬁdes,
3021 5373 3081 5428 in
3106 5376 3279 5432 Paulo
3306 5377 3548 5450 Spiritus

1917 5473 2143 5523 sanctus
2159 5466 2477 5522 Paraclitus.
2496 5466 2655 5530 Quod
2674 5466 2878 5523 merito
2896 5467 3017 5538 tibi,
3044 5469 3298 5542 Domine,
3317 5473 3543 5528 conlau-

1917 5561 2052 5617 dant
2077 5578 2246 5633 opera
2270 5560 2385 5628 illa,
2414 5559 2616 5631 viginti
2642 5565 2884 5633 quatuor
2910 5561 3177 5633 seniores,
3210 5569 3266 5619 et
3305 5570 3546 5636 quatuor

1916 5654 2180 5710 animalia
2200 5670 2363 5709 senas
2385 5654 2501 5710 alas
2526 5654 2821 5727 habentes,
2851 5655 3101 5714 dicentes
3125 5674 3138 5712 :
3169 5657 3419 5713 Sanctus.

1918 5779 2570 5925 gzsozitﬁ:;ea§ymboli,
2612 5798 2741 5855 pag.
2797 5785 2900 5837 313
2948 5782 3080 5854 (hui.
3129 5781 3258 5838 edit.
3299 5784 3400 5844 col.
3439 5785 3544 5844 490
