4036 6188
415 369 516 428 559

805 480 930 529 ltem
963 477 1275 528 Contestatio
1299 475 1642 527 dominicalis.

483 556 624 610 Vere
645 553 885 624 dignum
913 555 968 604 et
996 550 1216 620 justum
1258 554 1360 612 est,
1405 551 1766 622 omnipotens
1805 550 2042 605 verbum

413 647 663 702 veritatis
684 649 740 700 et
763 646 958 698 lumen
995 641 1282 697 claritatis.
1323 643 1507 698 Gloria
1542 643 1604 698 in
1637 643 1866 698 excelsis
1899 645 2036 710 Deo,

413 745 469 796 et
496 741 556 794 in
586 745 734 794 terra
765 754 881 809 pax
906 735 1234 790 hominibus
1257 736 1419 791 bona:
1460 737 1778 806 voluntatis,
1828 737 1938 807 die,
1980 737 2041 791 in

411 851 526 907 qua
553 838 717 887 natus
741 836 826 885 est
846 829 1133 884 Dominus.
1165 829 1262 885 Die
1288 836 1478 885 sancto
1505 830 1797 885 Dominico
1828 830 2038 902 baptis-

412 944 571 982 mum
601 923 870 979 introivit.
903 923 999 978 Die
1022 928 1217 978 sancto
1253 923 1542 978 Dominico
1571 923 1878 979 resurrexit
1928 925 2038 978 Do-

411 1020 622 1075 minus.
653 1018 752 1073 Die
781 1023 970 1072 sancto
1001 1017 1291 1071 Dominico
1321 1017 1452 1072 fecit
1475 1018 1756 1072 mirabilia
1794 1019 1855 1072 in
1893 1019 2042 1072 Cana

411 1113 656 1182 Galileze,
685 1129 858 1184 aquas
884 1111 942 1166 in
969 1111 1098 1165 vina
1131 1112 1426 1166 convertit.
1471 1111 1568 1166 Die
1609 1117 1801 1167 sancto
1847 1111 2038 1167 Domi-

410 1207 552 1262 nico-
565 1207 632 1262 de
658 1206 910 1278 quinque
931 1205 1173 1276 panibus
1199 1209 1256 1260 et
1281 1205 1499 1260 duobus
1525 1205 1772 1275 piscibus
1791 1205 2042 1276 quinque

410 1301 591 1356 millia
610 1300 910 1354 hominum
929 1299 1098 1370 pavit.
1126 1299 1222 1353 Die
1249 1305 1438 1353 sancto
1467 1299 1754 1354 Dominico
1773 1300 2041 1354 siccatum

412 1400 497 1452 est
519 1410 675 1450 mare
700 1397 830 1447 ante
851 1393 1127 1464 populum
1151 1393 1374 1463 Moysis.
1405 1392 1503 1448 Die
1533 1396 1724 1446 sancto
1753 1392 2042 1447 Dominico

413 1489 703 1544 ordinatus
741 1490 826 1541 est
841 1484 1072 1541 Petrus"
1099 1486 1409 1540 secundum
1452 1487 1746 1557 Apostolus
1787 1486 1847 1540 in
1890 1487 2043 1540 Novo

414 1583 792 1639 Testamento.
847 1579 946 1634 Die
1004 1583 1194 1634 sancto
1253 1578 1541 1634 Dominico
1597 1597 1754 1635 mare
1809 1580 2045 1652 pedibus

413 1675 738 1730 ambulavit.
789 1673 886 1727 Die
933 1676 1124 1727 sancto
1170 1673 1457 1728 Dominico
1501 1673 1748 1744 respexit
1785 1673 1843 1728 in
1897 1677 2044 1728 terra

415 1768 736 1840 Babylonis,
763 1772 820 1821 et
854 1766 991 1820 vidit
1023 1772 1137 1821 tres
1173 1766 1425 1822 civitates
1461 1768 1742 1837 ardentes,
1784 1784 1902 1822 una
1937 1769 2040 1822 Ba-

1290 357 1624 426 APPENDIX
1661 368 1749 425 AD
1785 353 2006 426 orans
2044 370 2100 426 s.
2139 352 2438 427 GERMANI
2475 363 2904 426 pmsxnvsxs.

3660 369 3758 424 {itit

2062 490 2120 564 Α
2143 478 2392 550 gaudens
2429 477 2658 550 propria
2695 477 2989 533 reduceret
3027 476 3098 531 ad
3145 476 3286 544 loca,
3329 475 3411 531 ita
3451 475 3772 548 principem

2139 577 2394 628 nostrum
2432 589 2656 644 semper
2701 571 2972 626 victorem
3004 574 3196 626 contra
3235 573 3468 625 cunctos
3507 569 3771 625 adversa-

2139 667 2254 721 rios
2278 666 2538 734 viviticet,
2585 666 2805 720 salvum
2840 669 3085 734 tueatur,
3125 666 3416 718 conservet
3460 663 3728 718 inlaesum
3757 680 3770 718 :

2139 760 2237 832 qui
2267 760 2670 815 Melchisedech
2698 764 2754 814 et
2779 759 3067 813 Abraham
3095 762 3305 813 aeterno
3345 762 3604 828 tempore
3644 757 3775 812 feli-

2139 853 2280 908 citer
2303 870 2540 924 regnare
2568 852 2732 925 [fecit]
2767 853 2826 906 in
2851 853 3153 907 mundum.
3182 853 3290 906 Per
3315 851 3648 906 Dominum.

2215 1017 2446 1073 Domine
2484 1019 2632 1073 Deus
2680 945 3090 1090 οωηξῗὲὶέῗιξῗ.
3124 1016 3224 1088 qui
3271 1033 3375 1088 per
3438 1015 3776 1088 sapientiam

2139 1112 2609 1182 inaestimabilem,
2651 1129 2764 1184 qua
2821 1112 2897 1168 ita
2961 1110 3282 1183 disposuisti
3345 1110 3649 1177 mundum,
3713 1114 3776 1165 ut

2139 1207 2351 1279 absque
2383 1206 2612 1278 regibus
2640 1211 2697 1261 et
2731 1205 3082 1278 principibus
3102 1204 3260 1260 nulla
3278 1221 3408 1260 cum
3429 1220 3569 1276 pace
3588 1203 3772 1259 subsi-

2141 1303 2353 1356 sterent
2377 1299 2696 1355 climactera
2713 1298 2924 1369 seculi,
2947 1299 3216 1371 quatinus
3234 1299 3515 1354 bonorum
3535 1297 3770 1354 ﬂorente

2133 1393 2374 1466 justitia,
2416 1399 2615 1448 cuncta
2637 1393 2868 1448 subacta
2904 1393 3256 1448 tabescerent
3299 1392 3649 1464 perﬁdorum
3679 1409 3772 1447 ne-

2143 1488 2341 1560 quitia.
2373 1487 2551 1556 Unde,
2587 1487 2838 1557 Domine,
2867 1492 2922 1542 te
2958 1486 3240 1558 supplices
3276 1487 3668 1558 deprecamur,
3706 1485 3771 1540 ti-

2141 1581 2310 1653 bique
2340 1580 2554 1635 devotis
2579 1580 2866 1635 mentibus
2900 1580 2961 1635 in
2995 1580 3099 1634 hac
3133 1580 3223 1635 die
3255 1579 3548 1636 fundimus
3585 1595 3778 1652 preces

2141 1692 2249 1748 pro
2275 1674 2422 1729 ﬁdeli
2449 1673 2668 1729 famulo
2689 1679 2786 1728 tuo
2811 1673 3072 1745 principe
3097 1679 3294 1728 nostro
3317 1674 3401 1730 ill.
3461 1679 3632 1745 atque
3674 1690 3778 1744 pro

2143 1768 2404 1823 universo
2430 1769 2682 1823 exercitu
2705 1767 2879 1822 illius.
2897 1769 2977 1822 Ita
3001 1784 3153 1835 eum,
3183 1767 3438 1836 Domine,
3461 1784 3566 1840 per
3590 1767 3782 1822 dexte-

413 1861 570 1931 billa,
593 1861 836 1915 secunda
869 1859 1188 1931 Babylonis,
1217 1861 1384 1914 tertia
1424 1861 1803 1933 Landoglado.
1837 1861 2048 1916 Babilla
2065 1865 2123 1936 B
2147 1879 2268 1918 ram
2296 1860 2518 1917 virtutis
2538 1866 2649 1917 tua!
2677 1866 2872 1916 contra
2913 1877 3111 1916 omnes
3152 1861 3498 1916 adversarios
3554 1875 3784 1932 semper

415 1955 622 2010 cedunt
661 1955 830 2026 pedes
857 1959 1245 2025 peccatorum;
1297 1954 1592 2025 Babylonis
1629 1955 1838 2010 cedunt
1875 1955 2046 2026 pedes

415 2049 850 2116 fornicatorum;
880 2047 1236 2119 Landoglado
1275 2049 1482 2103 cedunt
1510 2049 1611 2120 qui
1653 2049 2047 2104 contradicunt

415 2143 585 2198 verbo
630 2141 868 2197 Domini.
939 2141 1015 2195 lbi
1067 2147 1226 2195 sonat
1271 2158 1398 2196 ossa
1442 2142 1738 2214 morigcna
1788 2149 2042 2215 peccato-

416 2253 549 2293 rum
577 2236 624 2304 ι),
655 2240 712 2290 et
736 2235 958 2306 linguas
997 2235 1200 2289 aridas.
1237 2236 1441 2290 Omnia
1469 2252 1844 2309 quaecumque
1874 2237 2048 2292 voluit

417 2331 691 2386 Dominus
727 2329 855 2383 fecit
902 2329 961 2382 in
1005 2329 1140 2384 ca‘lo
1178 2332 1235 2384 et
1271 2329 1331 2384 in
1370 2334 1539 2400 terra,
1596 2331 1653 2385 in
1695 2330 1840 2385 mari
1885 2337 1941 2385 et
1987 2331 2045 2385 in

416 2424 648 2496 abyssis.
665 2422 959 2478 Descendit
983 2422 1052 2476 ad
1080 2422 1370 2478 infernum
1395 2429 1451 2480 et
1470 2423 1671 2480 exinde
1701 2425 1833 2479 tulit
1847 2424 2042 2494 Adam,

419 2523 476 2574 et
502 2517 706 2573 direxit
730 2532 864 2570 eum
907 2515 966 2570 in
997 2515 1342 2588 paradisum,
1372 2522 1428 2573 et
1473 2517 1720 2572 restituit
1763 2534 1896 2573 eum
1934 2535 2048 2572 una

419 2628 551 2668 cum
587 2596 941 2683 patriarchis.
984 2609 1176 2665 Merito
1207 2611 1331 2680 tibi,
1375 2611 1631 2681 Domine,
1667 2612 1854 2666 omnis
1894 2615 2047 2667 terra

417 2705 615 2762 adorat
643 2708 698 2760 te
723 2710 779 2760 et
805 2704 1122 2758 conﬁtetur.

793 2795 920 2843 ltem
944 2791 1256 2844 Contestatio
1285 2791 1611 2843 dominicalis
1631 2806 1672 2844 ο.

489 2877 629 2931 Vere
656 2875 895 2948 dignum
925 2879 981 2928 et
997 2874 1220 2945 justum
1248 2878 1352 2942 est,
1384 2875 1743 2946 omnipotens
1793 2877 1958 2945 Deus,
1993 2880 2048 2930 te

420 2971 756 3042 angelorum
781 2973 973 3040 aptare
1003 2967 1132 3022 licet
1161 2967 1254 3021 illa
1280 2968 1340 3022 in
1367 2968 1702 3038 caelestibus,
1734 2974 1788 3024 te
1818 2970 1878 3024 in
1917 2985 2046 3042 per-

420 3064 570 3118 sonis
597 3062 831 3128 trinum,
861 3077 1044 3115 unum
1073 3061 1249 3115 Deum
1298 3060 1355 3115 in
1397 3061 1668 3117 Trinitate
1711 3063 1831 3118 sine
1881 3080 2051 3117 cessa-

418 3155 570 3213 tione
595 3154 996 3210 conlaudantes
1025 3153 1434 3209 demonstrant.
1470 3155 1575 3211 Sed
1610 3161 1799 3211 nostra
1829 3156 2049 3229 exigui-

2144 1973 2262 2012 esse
2279 1956 2480 2028 jubeas
2505 1973 2636 2012 cum
2657 1954 2963 2027 triumphis
2987 1955 3280 2025 victorem,
3307 1955 3453 2010 sicut
3490 1954 3782 2027 quondam

2143 2050 2444 2106 auxiliatus
2470 2067 2529 2106 es
2564 2050 2755 2123 Moysi,
2779 2050 2918 2105 dum
2943 2050 3209 2105 adversus
3233 2049 3491 2104 inimicos
3516 2065 3650 2104 suos
3704 2048 3786 2103 di-

2145 2144 2378 2215 micans,
2409 2145 2526 2200 Hur
2549 2144 2781 2200 brachia
2807 2144 2956 2199 illius
2993 2148 3332 2199 sustentaret
3358 2160 3536 2215 usque
3561 2143 3635 2198 ad
3656 2159 3782 2196 ves-

2143 2255 2339 2311 peram
2360 2256 2376 2308 ;
2395 2239 2601 2310 illeque
2627 2238 2844 2294 lumina
2867 2239 3056 2293 levans
3080 2238 3150 2293 ad
3168 2238 3356 2305 caelos,
3388 2253 3519 2292 mox
3547 2241 3604 2292 te
3626 2235 3788 2291 auxi-

2143 2332 2335 2402 liante,
2366 2333 2624 2400 Domine,
2667 2349 2846 2404 usque
2885 2333 2957 2387 ad
2985 2331 3432 2386 internecionem
3473 2346 3604 2385 suos
3645 2346 3778 2402 per-

2145 2425 2317 2481 cussit
2335 2430 2504 2498 atque
2532 2426 2834 2496 prostravit
2863 2425 3231 2481 adversarios.
3275 2423 3514 2479 Proinde
3553 2428 3630 2491 te,
3671 2423 3785 2478 Do-

2147 2518 2320 2589 mine,
2348 2519 2586 2574 subnixe
2614 2519 2990 2592 deposcimus,
3009 2524 3076 2574 ut
3099 2519 3285 2574 taliter
3307 2518 3572 2590 princeps
3590 2521 3790 2572 noster

2146 2613 2207 2668 in
2236 2613 2451 2668 cunctis
2477 2619 2578 2668 tuo
2598 2613 2817 2685 jugiter
2841 2613 3018 2669 fultus
3041 2612 3276 2682 auxilio,
3313 2612 3644 2667 innumeros
3681 2627 3791 2682 per

2146 2723 2324 2762 annos
2351 2707 2588 2763 feliciter
2613 2707 2798 2778 vigeat
2824 2707 2885 2762 in
2907 2724 3106 2779 regno.
3130 2708 3234 2762 Per
3257 2705 3584 2762 Dominum.

2769 2801 2889 2850 Post
2911 2799 3140 2850 nomina.

2221 2883 2554 2938 Dominator
2593 2882 2846 2950 Domine,
2875 2883 2974 2954 qui
3011 2880 3338 2954 superstites
3375 2883 3544 2951 atque
3588 2877 3794 2933 defun-

2149 2982 2288 3045 ctos,
2332 2976 2475 3030 sicut
2512 2975 2776 3042 volueris,
2818 2975 3134 3031 misericors
3171 2980 3271 3029 tuo
3313 2978 3472 3028 tenes
3514 2972 3574 3026 in
3616 2976 3789 3041 nutu,

2149 3071 2340 3126 adesto
2381 3069 2644 3142 precibus
2687 3069 2924 3139 nostris;
2973 3074 3035 3124 ut
3077 3069 3408 3125 Sanctorum
3461 3065 3796 3121 nominibus

2151 3164 2460 3233 recensitis,
2483 3163 2708 3219 illorum
2732 3164 2952 3219 meritis
2975 3163 3330 3234 adjuvemur,
3358 3165 3527 3233 atque
3555 3160 3682 3214 haec
3708 3175 3795 3214 sa-

418 3255 524 3321 tas,
550 3248 836 3322 terrigeno
863 3247 1091 3320 pulvere
1117 3246 1507 3320 circumsepta,
1539 3251 1821 3322 quomodo
1848 3250 2054 3322 poterit

2157 3258 2378 3327 criﬁcia,
2405 3275 2534 3330 qua:
2562 3257 2665 3312 tibi
2688 3257 2998 3327 otferimus,
3028 3261 3085 3312 et
3128 3255 3442 3311 viventibus
3479 3253 3793 3326 proﬁciant

421 3346 490 3402 de
509 3344 620 3399 tuis
650 3341 1024 3398 ineffabilibus
1051 3341 1336 3413 operibus,
1365 3343 1548 3398 saltim
1577 3345 1938 3416 paucissima,
1990 3343 2052 3399 in

419 3438 613 3496 laudes
643 3454 906 3511 promere
931 3436 1142 3492 verba?
1179 3437 1493 3508 praesertim
1535 3454 1666 3492 cum
1703 3438 1906 3493 caelum
1948 3438 2051 3494 tibi

419 3533 580 3590 sedes
605 3532 695 3596 sit,
725 3537 873 3587 terra
897 3535 1089 3586 autem
1125 3529 1429 3586 scabellum
1459 3531 1669 3602 pedum
1702 3535 1966 3603 tuorum;
1997 3536 2055 3587 et

421 3628 622 3682 cuncta
648 3625 889 3679 visibilia
915 3630 971 3680 et
995 3623 1295 3679 invisibilia
1311 3624 1530 3696 pugillo
1557 3626 1917 3695 concludens,
1945 3643 2050 3698 po-

421 3720 544 3775 lum
568 3718 750 3790 reples
775 3723 1100 3773 sanctorum
1127 3718 1464 3788 angelorum
1499 3720 1753 3790 catervis,
1793 3720 2053 3775 tellurem

422 3829 526 3886 per
552 3813 758 3883 gradus
784 3812 1082 3866 hominum
1111 3811 1336 3866 locatim
1367 3810 1616 3884 disponis
1660 3813 1916 3869 mirifice.
1963 3814 2055 3870 Sic

423 3922 670 3978 namque
714 3908 768 3960 te
809 3902 1105 3960 ordinante
1143 3904 1350 3976 regalis
1387 3907 1636 3977 potentia
1667 3907 2052 3980 principatum

426 4000 574 4074 gerit
595 3999 654 4054 in
683 3999 916 4069 mundo,
939 3999 1208 4070 quatinus
1233 3998 1292 4061 in
1321 3999 1535 4054 cunctis
1554 4005 1610 4056 te
1645 4002 1824 4056 Deum
1860 4003 2052 4057 Domi-

422 4110 564 4152 num
591 4099 647 4150 et
675 4091 1070 4149 auxiliatorem
1101 4107 1269 4147 suum
1307 4109 1530 4164 semper
1569 4111 1690 4151 esse
1736 4102 2051 4167 cognoscat.

421 4186 682 4258 Proinde,
722 4185 979 4254 Domine,
1026 4183 1266 4242 subnixe
1312 4187 1688 4260 deposcimus,
1737 4195 1798 4244 ut
1838 4191 2058 4262 prolixa

422 4299 527 4358 per
541 4286 796 4356 tempora
811 4280 916 4338 isto
931 4279 988 4336 in
1010 4281 1212 4338 saeculo
1238 4281 1470 4355 paciﬁce
1489 4288 1545 4338 et
1559 4283 1797 4338 feliciter
1816 4284 2057 4357 principi

423 4383 616 4435 nostro
659 4377 928 4433 concedas
969 4392 1230 4449 regnare,
1270 4381 1327 4432 et
1365 4377 1702 4450 quandoque
1735 4383 1862 4450 post
1886 4395 2059 4434 anno-

423 4487 556 4529 rum
581 4473 762 4528 multa
790 4471 1070 4528 curricula
1092 4476 1338 4543 peracta,
1366 4476 1555 4528 tecum
1574 4477 1786 4528 aeterno
1815 4478 1972 4545 aptes
1998 4473 2060 4530 in

2150 3353 2222 3408 ad
2275 3352 2537 3421 salutem,
2579 3355 2637 3407 et
2687 3351 2967 3407 defunctis
3011 3349 3361 3422 opitulentur
3406 3347 3476 3403 ad
3525 3348 3796 3420 requiem

2152 3450 2443 3502 aeternam.
2482 3445 2574 3500 llis
2609 3445 2796 3500 inlatis
2833 3444 3166 3500 muneribus
3206 3443 3469 3516 princeps
3509 3447 3706 3497 noster
3735 3445 3796 3497 et

2151 3541 2446 3596 universus
2473 3541 2752 3595 exercitus
2778 3539 2931 3594 illius
2965 3538 3025 3594 in
3059 3537 3322 3594 omnibus
3347 3538 3527 3592 victor
3549 3552 3658 3608 ope
3684 3552 3792 3607 po-

2149 3635 2326 3690 tiatur
2347 3634 2536 3689 divina
2561 3633 2994 3706 deprecantibus
3019 3633 3202 3688 nobis.
3226 3631 3447 3687 Etsicut
3470 3630 3610 3686 olim
3623 3631 3790 3685 Iosue

2153 3729 2290 3784 dum
2318 3728 2523 3800 septies
2548 3745 2679 3783 cum
2707 3727 2858 3783 tubis
2885 3727 3096 3782 moenia
3123 3727 3323 3782 circuit
3351 3725 3590 3794 Hierico,
3615 3740 3788 3780 ruen-

2152 3823 2303 3878 tibus
2331 3822 2511 3877 muris
2537 3821 2662 3877 ilico
2689 3821 2979 3878 victoriam
3007 3821 3157 3893 cepit
3196 3821 3265 3876 de
3317 3819 3487 3888 urbe;
3529 3818 3628 3887 ita,
3680 3818 3790 3873 Do-

2154 3916 2306 3972 mine
2334 3917 2694 3988 omnipotens
2733 3917 2900 3986 Deus,
2947 3919 3173 3970 orantes
3216 3913 3593 3986 deposcimus,
3637 3917 3706 3968 ut
3747 3912 3794 3967 si

2154 4011 2253 4083 qui
2281 4009 2527 4066 fortassis
2552 4010 2735 4065 conati
2761 4010 2977 4065 fuerint
3005 4008 3278 4082 principis
3304 4007 3480 4062 nostri
3510 4006 3795 4062 contraire

2154 4104 2428 4176 imperiis,
2474 4104 2578 4158 sub
2604 4104 2845 4176 pedibus
2874 4104 3024 4158 illius
3049 4103 3341 4158 tabescant
3377 4099 3620 4156 feliciter
3655 4117 3794 4173 pro-

2156 4197 2333 4254 strati.
2363 4199 2588 4265 Prazsta,
2620 4198 2764 4254 Deus
2791 4197 3168 4269 omnipotens.

2809 4285 2886 4336 Ad
2931 4299 3135 4350 pacem.

2229 4368 2494 4425 Mediator
2541 4367 2664 4423 caeli
2711 4372 2768 4424 et
2807 4369 2994 4434 terrm,
3040 4366 3398 4438 omnipotens
3446 4365 3594 4420 Deus
3634 4365 3796 4420 Jesus

2157 4462 2429 4528 Christus,
2465 4462 2562 4534 qui
2592 4465 2789 4533 pacata
2815 4467 2986 4534 atque
3013 4460 3246 4533 pacifica
3273 4459 3576 4515 hominum
3603 4455 3796 4530 diligis

425 4583 604 4639 regno
621 4584 725 4638 per
743 4566 1044 4620 Dominum
1062 4571 1318 4622 nostrum
1335 4567 1527 4622 Jesum
1546 4566 1832 4623 Christum
1855 4568 2057 4625 Filium
2077 4622 2131 4639 ἢ
2158 4557 2346 4625 Corda;
2378 4561 2432 4612 te
2459 4555 2736 4628 supplices
2765 4555 3167 4627 deprecamur;
3205 4559 3271 4609 ιη
3304 4571 3415 4626 Pax
3451 4553 3564 4622 mas
3618 4567 3793 4624 quam

425 4665 610 4730 tuum,
639 4659 732 4714 cui
755 4660 956 4714 merito
979 4677 1174 4715 omnes
1201 4661 1420 4733 Angeli,
1451 4666 1558 4718 etc.

889 4763 1048 4804 MISSA
1088 4765 1192 4805 Ριιο
1233 4765 1488 4807 rumores
1526 4751 1574 4807 δ.

497 4829 714 4903 Regem
743 4844 964 4901 regum,
993 4832 1164 4901 atque
1191 4834 1524 4886 cunctorum
1553 4834 1918 4905 regnantium
1960 4833 2058 4890 Do-

425 4925 649 4982 minum
677 4925 858 4979 Deum
881 4923 1352 4994 omnipotentem,
1379 4924 1483 4980 sub
1507 4925 1668 4997 cujus
1697 4932 1839 4982 nutu
1869 4932 1924 4983 et
1952 4928 2061 4984 vir-

427 5023 546 5074 tute
577 5019 834 5074 universa
860 5031 1036 5090 regna
1053 5021 1335 5071 terrarum
1359 5017 1450 5088 pia
1470 5019 1859 5076 moderatione
1875 5021 2056 5078 subsi-

430 5113 606 5181 stunt,
631 5113 833 5167 fratres
859 5109 1224 5181 dilectissimi,
1260 5111 1627 5168 unianimiter
1651 5115 2054 5188 deprecemur;

433 5213 497 5265 ut
527 5207 844 5281 principem
869 5213 1126 5266 nostrum
1164 5210 1263 5267 tali
1288 5210 1509 5284 jugiter
1548 5214 1774 5268 tueatur
1825 5214 2056 5288 auxilio,

432 5301 586 5376 quali
605 5301 885 5359 Abraham
905 5305 1190 5376 quondam
1210 5323 1341 5362 cum
1361 5305 1627 5362 trecentis
1647 5307 1840 5364 decem
1856 5314 1912 5366 et
1935 5315 2060 5367 octo

432 5395 748 5454 vernaculis
783 5397 897 5452 suis
929 5399 997 5453 de
1038 5399 1289 5472 quinque
1334 5401 1564 5474 regibus
1600 5418 1729 5457 cum
1763 5403 2061 5478 phalangis

432 5489 727 5566 prostratis
771 5490 1057 5546 victoriam
1085 5494 1423 5550 referentem
1458 5495 1798 5554 mirabiliter
1833 5498 2063 5558 salvavit

433 5601 564 5642 cum
591 5585 910 5657 triumpho.
938 5585 1007 5640 Ut
1033 5591 1294 5656 nepotem
1320 5605 1485 5645 suum
1518 5590 1679 5662 Loth,
1715 5593 1771 5648 et
1810 5589 2058 5666 praedam

505 5703 531 5774 _‘
558 5705 645 5760 Sic
672 5703 842 5758 habet
861 5707 1018 5758 vetus
1045 5705 1350 5774 exvmplar.

505 5772 535 5814 ι»
557 5780 644 5851 gn
669 5775 996 5851 legendum,
1020 5791 1077 5851 os
1112 5772 1435 5851 Amorrhaji,
1470 5795 1634 5846 genas
1667 5786 2010 5851 peccatorum
2033 5787 2061 5840 ?

469 5916 476 5925 .
505 5857 528 5886 ο
567 5847 1430 5926 Hoclocoanteponitursecunda
1443 5847 1780 5921 quidem—sed
1793 5855 2062 5926 antiquis-

439 5918 578 5974 sima
598 5933 789 5996 manu,
814 5918 981 5974 missa
998 5935 1099 5992 pro
1118 5918 1347 5990 regibus
1367 5936 1378 5973 :
1398 5918 1566 5994 quam
1589 5927 1714 5998 post
1731 5918 2058 5996 sequentem

2077 4622 2138 4694 Β
2159 4622 2461 4706 tenendam
2487 4622 2602 4704 tuis
2635 4622 2914 4722 reliquisti
2941 4622 3234 4721 Apostolis,
3280 4622 3500 4720 jugiter
3542 4622 3800 4718 perseven

2159 4761 2289 4800 rans
2307 4744 2512 4800 nostris
2535 4744 2721 4815 vigeat
2747 4743 2806 4798 in
2831 4743 3131 4799 cordibus:
3161 4748 3218 4798 et
3246 4742 3390 4797 sicut
3417 4741 3588 4796 David
3618 4756 3797 4814 quon-

2158 4839 2291 4894 dam
2316 4838 2448 4894 forti
2474 4853 2648 4893 manu
2673 4838 2864 4910 spurio
2894 4853 3158 4910 percusso
3187 4837 3345 4892 Golia
3372 4851 3570 4908 pacem
3615 4834 3794 4890 Saulis

2157 4931 2292 4988 fecit
2315 4932 2376 4987 in
2401 4932 2632 5004 populo,
2661 4931 2738 4987 ita
2763 4931 3027 5005 princeps
3051 4935 3244 4987 noster
3255 4936 3310 4986 te
3333 4929 3650 5003 Opitulante
3675 4927 3796 4982 uni-

2157 5026 2332 5082 versis
2361 5021 2587 5081 devictis
2614 5026 2866 5098 undique
2893 5023 3419 5098 gentibuspacitice
3463 5022 3794 5079 innumeros

2159 5137 2262 5194 per
2287 5136 2462 5176 annos
2490 5136 2590 5174 suo
2615 5117 2850 5176 feliciter
2873 5117 3166 5192 splendeat
3188 5117 3249 5174 in
3277 5134 3477 5192 regno.

2780 5221 3112 5273 Contestatio.

2231 5304 2478 5378 Dignum
2505 5309 2562 5360 et
2576 5298 2798 5376 justum
2824 5307 2926 5374 est,
2958 5297 3189 5358 Domine
3227 5303 3374 5358 Deus
3410 5299 3792 5374 omnipotens,

2158 5398 2351 5456 laudes
2393 5416 2596 5455 vocum
2620 5403 2966 5469 nostrarum,
2991 5395 3038 5452 si
3061 5398 3144 5452 fas
3162 5401 3264 5464 est,
3293 5394 3660 5452 concentibus
3689 5409 3791 5449 an-

2162 5493 2416 5566 gelorum
2445 5497 2658 5566 aptare,
2676 5492 2807 5548 licet
2830 5491 2912 5547 illi
2936 5479 2996 5547 in
3021 5491 3336 5547 caelestibus
3361 5494 3416 5546 te
3437 5487 3497 5544 in
3535 5487 3792 5562 personis

2161 5587 2396 5657 trinum,
2440 5605 2617 5644 unum
2658 5585 2833 5642 Deum
2875 5579 2932 5642 in
2983 5585 3272 5642 divinitate
3318 5584 3438 5640 sine
3483 5583 3793 5639 cessatione

2157 5711 2652 5782 Contestationem,
2685 5714 2742 5770 in
2768 5732 2881 5786 qua
2910 5713 2978 5786 de
2999 5730 3134 5786 rege
3159 5712 3367 5786 agitur,
3399 5709 3720 5786 referimus.

2229 5787 2254 5827 ἀ
2290 5789 2448 5842 Hunc
2485 5781 2740 5858 titulum,
2785 5781 2896 5858 'qui
2917 5784 3009 5858 in,
3036 5781 3363 5858 eiemplari-
3396 5781 3593 5858 deest,_
3621 5787 3790 5858 atque

2157 5857 2298 5938 alios
2341 5855 2594 5930 ejusdem
2643 5851 2835 5913 missai
2878 5851 3520 5938 _titulos_supplevimus.
3562 5851 3634 5908 In
3683 5851 3788 5906 hac

2160 5927 2330 5984 missa
2354 5924 2578 6004 semper
2602 5945 2788 5986 sermo
2813 5933 2897 5984 est
2922 5929 2991 5984 de
3015 5924 3290 6004 principe,
3314 5941 3430 5982 non
3458 5924 3530 5981 de
3557 5938 3714 6010 rege.
