3940 6178
231 323 321 383 25M

869 312 1478 379 SACILUIENTARIL'M
1514 313 1958 379 eumenen.
2001 350 2067 363 —
2107 318 2472 379 LEC'l‘lUNES
2510 314 2971 381 DOMINICALES.

3493 316 3593 386 uel

226 429 628 496 conlaudantes
660 435 1069 495 demonstrent.
1100 435 1208 493 Sed
1253 440 1446 492 nostra
1486 432 1706 495 exilitas
1742 439 1860 491 ter-
1884 445 1943 521 Α
1963 443 2027 497 ut
2044 437 2144 513 qui
2172 442 2303 495 ante
2329 439 2389 494 in
2413 437 2631 496 deserta
2648 442 2705 496 et
2723 440 2879 496 arida
2905 437 3210 497 solitudine
3236 436 3590 512 tenebamur,

227 533 426 605 rigeno
452 533 684 605 pulvere
702 532 1097 604 circumsepta,
1120 530 1404 604 quomodo
1426 530 1635 602 poterit
1653 530 1723 586 de
1748 530 1862 586 tuis

142 656 155 673 -
229 626 602 684 ineffabilibus
631 626 894 699 operibus
912 626 1100 681 saltim
1126 625 1486 698 paucissima,
1516 628 1647 693 etc.,
1677 629 1740 681 ut
1766 640 1858 680 su-

225 738 345 795 pra,
374 738 508 795 pag.
536 724 639 778 378
671 721 801 793 (huj.
832 722 963 776 edit.
986 722 1088 775 col.
1116 723 1217 775 559
1236 735 1425 775 versus
1463 719 1740 791 medium).

709 831 966 872 LEGENDIS
1013 830 1371 871 COTTIDIANIS.

520 895 751 960 Epistola
782 896 925 946 Pauli
954 896 1174 958 apostoli
1207 894 1273 944 ad
1307 897 1581 944 Romanos.

298 968 542 1036 Fratres,
571 985 710 1040 rogo
743 985 839 1023 vos
871 973 936 1024 ut
964 967 1267 1022 observetis
1303 983 1397 1022 eos
1424 967 1526 1039 qui
1565 965 1864 1022 dissensio-

234 1079 331 1118 nes
356 1067 414 1118 et
437 1061 795 1129 offendicula,
823 1067 1033 1134 praeter
1061 1062 1375 1116 doctrinam
1405 1077 1577 1133 quam
1602 1077 1697 1115 vos
1717 1060 1865 1116 didi-

231 1156 400 1225 cistis,
433 1157 667 1225 faciunt,
698 1161 754 1212 et
779 1156 1052 1212 declinate
1079 1157 1148 1211 ab
1184 1155 1313 1211 illis.
1347 1155 1680 1227 Hujusmodi
1712 1154 1867 1210 enim

233 1251 453 1309 Christo
478 1250 713 1306 Domino
742 1255 935 1306 nostro
965 1266 1083 1305 non
1108 1248 1379 1318 serviunt,
1412 1250 1507 1304 sed
1535 1266 1637 1305 suo
1664 1248 1865 1318 ventri,

234 1349 287 1401 et
334 1362 439 1417 per
479 1345 669 1400 dulces
721 1361 1009 1399 sermones
1039 1348 1095 1398 et
1125 1343 1545 1398 benedictiones
1594 1343 1870 1399 seducunt
1910 1404 1913 1407 _

233 1439 402 1495 corda
426 1438 835 1494 innocentium.
866 1439 1060 1493 Vestra
1086 1436 1240 1492 enim
1279 1437 1599 1493 obedientia
1628 1436 1687 1491 in
1714 1435 1870 1491 omni

233 1535 354 1590 loco
381 1533 670 1605 divulgata
695 1536 796 1587 est.
829 1532 1053 1587 Gaudeo
1092 1532 1269 1602 igitur
1305 1530 1363 1585 in
1403 1530 1579 1601 vobis,
1622 1531 1718 1585 sed
1747 1530 1870 1585 volo

232 1644 330 1681 vos
354 1626 635 1698 sapientes
655 1641 773 1681 esse
794 1625 854 1679 in
879 1625 1047 1694 bono,
1067 1630 1123 1679 et
1148 1625 1426 1696 simplices
1452 1624 1513 1679 in
1544 1624 1871 1679 malo.Deus

235 1725 428 1775 autem
450 1719 603 1791 pacis
633 1722 885 1773 conteret
909 1719 1148 1774 Satanan
1175 1718 1278 1772 sub
1306 1717 1543 1789 pedibus
1562 1716 1757 1771 vestris
1782 1732 1874 1770 ve-

1961 535 2093 591 vitae
2113 535 2391 607 patefacto
2412 534 2643 589 salutari
2664 535 2887 606 spiritu,
2912 533 3232 607 rigaremur
3245 537 3413 592 misso
3432 537 3594 594 nobis

1961 631 2090 686 Iesu
2115 628 2338 685 Christo
2358 628 2496 683 Filio
2524 633 2625 685 tuo
2650 629 2892 684 Domino
2912 630 3046 699 Deo,
3070 632 3223 703 Rege
3245 636 3299 687 et
3318 632 3599 689 Salvatore

1961 727 2172 792 nostro,
2201 723 2298 795 qui
2312 723 2372 778 in
2386 740 2443 779 se
2462 723 2667 779 delicta
2691 728 2881 780 nostra
2903 724 3232 796 suscipiens,
3248 729 3303 780 et
3327 725 3598 799 quicquid

1963 819 2135 873 homo
2163 821 2331 873 antea
2355 822 2704 891 peccaverat,
2731 818 3007 891 sanguine
3034 835 3137 873 suo
3160 818 3418 889 abluens,
3445 820 3599 876 nati-

1964 912 2194 968 vitatem
2233 928 2438 967 novam
2481 912 2837 967 credentibus
2861 916 2919 968 et
2954 913 3024 968 ad
3060 930 3118 968 se
3144 914 3599 987 confugientibus

1965 1006 2230 1078 patefecit
2255 1023 2268 1060 :
2299 1006 2359 1061 in
2383 1005 2544 1077 cujus
2568 1005 2839 1061 ineffabili
2867 1006 3043 1079 gratia
3073 1007 3397 1079 gloriantes,
3434 1024 3593 1080 qum-

1967 1117 2182 1171 sumus,
2215 1100 2466 1168 Domine,
2489 1102 2557 1155 ut
2576 1105 2785 1156 statuas
2811 1100 2871 1156 in
2894 1102 2984 1156 via
3008 1103 3179 1169 recta,
3207 1118 3348 1174 quos
3372 1102 3597 1159 ﬁrmas-

1966 1194 2011 1273 ti
2035 1211 2137 1267 per
2168 1195 2408 1267 gratiam
2431 1211 2535 1267 per
2570 1195 2857 1252 Christum
2882 1196 3187 1251 Dominum
3211 1200 3490 1253 nostrum.

2612 1306 2771 1346 MISSA
2815 1308 2956 1347 ALIA.

2371 1368 2601 1431 Epistola
2626 1369 2862 1431 Apostoli
2886 1369 2951 1418 ad
2975 1369 3192 1419 Galatas.

2042 1441 2279 1507 Fratres,
2306 1456 2504 1495 omnes
2527 1457 2630 1494 nos
2653 1440 2999 1495 manifestari
3025 1444 3248 1512 oportet
3276 1446 3406 1497 ante
3430 1442 3606 1498 tribu-

1969 1534 2063 1589 nal
2083 1534 2310 1602 Christi,
2341 1539 2404 1589 ut
2428 1534 2637 1589 referat
2665 1534 3055 1606 unusquisque
3080 1534 3312 1607 propria
3355 1536 3605 1607 corporis

1971 1627 2056 1682 sui
2077 1632 2245 1698 prout
2270 1628 2461 1698 gessit,
2491 1628 2605 1682 sive
2630 1629 2863 1694 bonum,
2890 1627 3005 1683 sive
3036 1628 3273 1683 malum.
3302 1630 3601 1693 Quaecum-

1970 1736 2081 1792 que
2100 1720 2254 1775 enim
2278 1721 2641 1775 seminaverit
2668 1722 2861 1791 homo,
2885 1722 3006 1777 hinc
3032 1728 3087 1776 et
3104 1727 3311 1777 metet:
3336 1723 3608 1794 quoniam

233 1813 450 1870 lociter.
478 1812 665 1868 Gratia
694 1811 917 1867 Domini
954 1812 1131 1867 nostri
1171 1812 1299 1866 Iesu
1334 1811 1539 1865 Christi
1564 1809 1872 1865 vobiscum.
1895 1823 1951 1897 Β
1975 1814 2074 1886 qui
2099 1814 2338 1869 seminat
2366 1815 2426 1869 in
2451 1831 2638 1875 carne,
2672 1815 2741 1869 de
2778 1831 2947 1869 carne
2990 1819 3045 1869 et
3085 1819 3261 1870 metet
3289 1817 3606 1887 corruptio-

284 1972 297 1984 _
465 1907 641 1957 Lectio
670 1906 836 1956 sancti
864 1904 1133 1969 Evangelii
1159 1904 1448 1955 secundum
1474 1906 1681 1954 Lucam.

308 1991 371 2045 ln
398 1989 494 2044 illo
525 1993 803 2059 tempore,
835 1987 1050 2041 factum
1102 1990 1184 2040 est
1223 2003 1336 2040 una
1379 1986 1603 2040 dierum
1650 1985 1879 2040 sedebat

231 2086 392 2140 Iesus
438 2083 663 2149 docens,
718 2086 773 2136 et
819 2085 985 2135 erant
1024 2078 1293 2134 Pharisaei
1332 2079 1605 2145 sedentes,
1654 2083 1711 2133 et
1734 2078 1877 2150 legis

230 2178 491 2235 doctores
517 2176 617 2248 qui
645 2178 914 2230 venerant
939 2190 1008 2229 ex
1030 2173 1187 2228 omni
1208 2172 1431 2227 castello
1452 2172 1675 2227 Galileae
1697 2176 1753 2227 et
1776 2174 1874 2227 Iu-

232 2272 323 2329 dae
347 2275 403 2327 et
426 2270 762 2335 Jerusalem,
792 2273 848 2326 et
875 2268 1051 2324 virtus
1078 2272 1199 2322 erat
1224 2266 1449 2322 Domini
1474 2266 1543 2321 ad
1565 2266 1877 2321 sanandum

232 2383 352 2423 eos.
380 2367 448 2421 Et
493 2380 621 2420 ecce
663 2363 769 2419 viri
814 2366 1103 2435 portantes
1146 2360 1439 2415 hominem
1475 2360 1535 2415 in
1568 2360 1729 2425 lecto,
1779 2360 1876 2431 qui

235 2464 361 2516 erat
385 2457 742 2530 paralyticus,
772 2460 827 2511 et
855 2455 1183 2527 quaerebant
1210 2470 1342 2508 eum
1371 2453 1599 2523 inferre,
1629 2458 1878 2524 et‘pone—

235 2570 299 2611 re
328 2557 461 2607 ante
484 2567 637 2606 eum.
668 2552 734 2606 Et
759 2566 874 2605 non
900 2548 1250 2605 invenientes
1276 2564 1388 2619 qua
1417 2551 1574 2619 parte
1603 2546 1766 2602 illum
1786 2546 1875 2601 in:

230 2648 454 2703 ferrent
482 2661 599 2717 prae
624 2643 809 2713 turba,
838 2642 1214 2698 ascenderunt
1238 2658 1407 2713 supra
1433 2644 1647 2696 tectum
1668 2657 1771 2712 per
1799 2644 1879 2695 te-

233 2740 398 2815 gulas
418 2743 475 2794 et
493 2738 878 2793 submiserunt
894 2736 1056 2791 illum
1073 2736 1133 2790 in
1154 2734 1343 2791 medio
1358 2738 1486 2789 ante
1503 2735 1529 2789 I
1533 2750 1714 2789 esum.
1736 2734 1880 2797 Quo-

231 2850 369 2891 rum
405 2832 576 2888 ﬁdem
622 2836 687 2886 ut
730 2830 887 2899 vidit,
916 2829 1062 2884 dixit
1093 2847 1107 2884 :
1140 2830 1335 2895 Homo,
1366 2827 1739 2883 remittuntur
1778 2826 1879 2882 tibi

230 2931 467 3000 peccata
490 2930 608 2980 tua.
636 2926 705 2980 Et
730 2928 1022 2995 coeperunt
1062 2923 1313 2994 cogitare
1348 2921 1557 2977 Scribae
1591 2926 1647 2976 et
1688 2920 1882 2976 Phari-

230 3022 356 3091 saei,
386 3021 636 3076 dicentes
669 3036 683 3073 :
712 3019 846 3083 Quis
873 3021 958 3072 est
976 3017 1069 3072 hic
1087 3017 1115 3071 Τ
1143 3016 1277 3088 quid
1307 3015 1560 3087 loquitur
1577 3016 1604 3070 *ἰ
1623 3014 1882 3086 blasphe-

232 3121 358 3172 mat
375 3125 422 3169 ι.
456 3113 589 3179 Quis
613 3117 797 3185 potest
821 3111 1106 3167 dimittere
1128 3114 1373 3181 peccata,
1395 3108 1505 3164 nisi
1524 3109 1675 3164 solus
1698 3109 1883 3164 Deus?

1976 1924 2109 1963 nem
2134 1926 2149 1977 ;
2181 1908 2281 1980 qui
2303 1911 2495 1963 autem
2525 1908 2769 1963 seminat
2786 1908 2847 1962 in
2875 1907 3097 1980 spiritu,
3127 1908 3195 1963 de
3216 1908 3415 1980 spiritu
3436 1914 3613 1967 metet
3658 1908 3674 1917 “

1975 2002 2147 2057 vitam
2175 2006 2466 2056 aeternam.
2494 2003 2713 2056 Bonum
2737 2004 2930 2057 autem
2954 2001 3238 2072 facientes,
3254 2019 3367 2057 non
3389 2002 3613 2058 deﬁcia-

1974 2113 2124 2151 mus.
2148 2097 2298 2168 Ergo
2321 2095 2459 2154 dum
2482 2099 2709 2167 tempus
2728 2096 3027 2166 habemus,
3051 2113 3354 2168 operemur
3371 2097 3522 2151 bona
3538 2097 3611 2153 ad

1976 2206 2173 2246 omnes
2199 2188 2476 2259 homines,
2509 2188 2751 2244 maxime
2776 2193 2967 2246 autem
2989 2190 3059 2245 ad
3086 2190 3419 2247 domesticos
3454 2189 3610 2261 ﬁdei,

1976 2284 2037 2339 in
2055 2283 2296 2338 Christo.

2146 2376 2320 2426 Lectio
2343 2376 2510 2426 sancti
2533 2376 2802 2439 Evangelii
2823 2376 3113 2428 secundum
3135 2375 3448 2427 Matthmum.

2049 2457 2255 2512 Diebus
2267 2457 2375 2512 illis
2394 2458 2766 2530 interrogavit
2777 2458 3080 2513 Dominum
3092 2458 3281 2513 Iesum
3296 2474 3446 2514 unus
3465 2459 3612 2515 Pha-

1977 2552 2175 2607 risaeus
2192 2552 2335 2623 legis
2361 2552 2557 2608 doctor
2585 2556 2808 2607 tentans
2833 2568 2964 2607 eum
2989 2568 3003 2605 :
3034 2551 3316 2623 Magister,
3353 2553 3509 2624 quod
3528 2555 3614 2609 est

1977 2641 2309 2696 mandatum
2337 2657 2612 2712 magnum
2642 2641 2702 2694 in
2728 2642 2854 2712 lege
2873 2642 2901 2696 ?
2927 2640 3019 2695 Ait
3055 2641 3140 2695 illi
3173 2642 3331 2695 Iesus
3364 2658 3377 2696 :
3407 2641 3615 2713 Diliges

1980 2734 2285 2789 Dominum
2314 2735 2493 2789 Deum
2521 2739 2686 2789 tuum
2714 2734 2775 2789 in
2804 2739 2923 2789 toto
2947 2734 3117 2789 corde
3144 2737 3263 2803 tuo,
3304 2737 3363 2788 et
3398 2735 3459 2789 in
3494 2738 3615 2790 tota

1978 2828 2169 2883 anima
2192 2832 2309 2897 tua,
2341 2831 2398 2883 et
2424 2828 2483 2881 in
2507 2830 2624 2882 tota
2648 2832 2838 2882 mente
2864 2832 2983 2882 tua.
3022 2827 3136 2882 Hoc
3174 2831 3260 2883 est
3296 2827 3615 2884 maximum

1980 2927 2037 2977 et
2061 2921 2313 2993 primum
2353 2921 2708 2976 mandatum.
2745 2920 3068 2977 Secundum
3106 2924 3298 2976 autem
3324 2920 3507 2977 simile
3531 2927 3615 2978 est

1980 3015 2113 3071 huic
2145 3034 2159 3070 :
2190 3015 2397 3086 Diliges
2420 3014 2749 3086 proximum
2768 3019 2933 3069 tuum
2958 3014 3102 3069 sicut
3126 3018 3181 3069 te
3206 3014 3413 3086 ipsum.
3439 3016 3501 3070 In
3526 3016 3615 3071 his

1982 3109 2201 3165 duobus
2234 3108 2517 3163 mandatis
2555 3109 2820 3163 universa
2860 3109 2951 3163 lex
2975 3108 3185 3179 pendet
3218 3113 3274 3163 et
3300 3110 3612 3181 prophetia.

231 3208 516 3281 Cognovit
540 3210 731 3261 autem
756 3208 913 3260 Iesus
940 3204 1306 3277 cogitationes
1326 3219 1545 3271 eorum,
1576 3206 1634 3258 et
1652 3219 1883 3275 respon-
1903 3201 1957 3275 C
1982 3202 2349 3275 Congregatis
2372 3205 2564 3257 autem
2593 3202 2907 3269 Pharismis,
2936 3202 3309 3273 interrogavit
3335 3219 3430 3258 eos
3453 3205 3610 3260 Iesus

233 3300 380 3355 dens
415 3296 558 3353 dixit
604 3296 675 3351 ad
706 3295 831 3349 illos
860 3310 873 3347 :
906 3293 1053 3358 Quid
1093 3292 1352 3364 cogitatis
1380 3292 1440 3346 in
1467 3292 1728 3347 cordibus
1756 3308 1878 3347 ves-

232 3392 370 3448 tris?
386 3391 524 3463 quid
541 3395 623 3445 est
640 3388 860 3444 facilius
880 3388 1065 3443 dicere
1086 3403 1100 3439 :
1117 3385 1492 3441 Dimittuntur
1511 3385 1613 3441 tibi
1633 3390 1879 3457 peccata,

233 3504 311 3541 an
344 3485 552 3552 dicere,
576 3484 754 3555 Surge
777 3481 1067 3536 etambula
1088 3480 1115 3535 ?
1138 3484 1200 3534 ut
1227 3484 1418 3534 autem
1446 3478 1630 3534 sciatis
1654 3479 1784 3559 quia
1812 3479 1878 3532 ﬁ-

232 3580 354 3634 lius
373 3576 624 3633 hominis
646 3579 981 3647 potestatem
1008 3573 1250 3628 habetin
1279 3577 1431 3627 terra
1457 3572 1740 3627 dimittere
1760 3589 1884 3644 pec-

235 3673 384 3736 cata,
408 3667 489 3721 ait
516 3665 825 3738 paralytico
854 3681 868 3719 :
897 3663 1018 3719 Tibi
1049 3663 1172 3719 dico
1201 3679 1392 3734 surge,
1421 3666 1478 3717 et
1507 3663 1637 3717 tolle
1673 3663 1885 3718 lectum

235 3767 430 3830 tuum,
455 3764 510 3816 et
534 3759 673 3815 vade
698 3759 759 3814 in
786 3759 1020 3814 domum
1046 3763 1230 3812 tuamv
1248 3758 1315 3812 Et
1333 3756 1623 3811 confestim
1648 3773 1885 3829 surgens

234 3872 437 3912 coram
465 3854 597 3923 illis,
639 3853 768 3908 tulit
804 3852 1016 3907 lectum
1051 3851 1111 3906 in
1151 3867 1266 3922 quo
1297 3849 1541 3921 jacebat,
1570 3855 1627 3905 et
1652 3850 1792 3905 abiit
1826 3851 1886 3905 in

234 3951 482 4006 domum
525 3964 686 4002 suam
725 3946 1093 4019 magniﬁcans
1136 3946 1338 4014 Deum,
1370 3949 1427 4000 et
1450 3948 1646 4017 stupor
1679 3944 1882 4016 adpre-

236 4043 449 4100 hendit
472 4057 689 4111 omnes,
725 4045 782 4097 et
807 4038 1249 4112 magniﬁcabant
1274 4039 1475 4095 Deum.

607 4156 763 4197 MISSA
802 4155 1126 4196 COTTIDIANA
1162 4153 1522 4194 DOMINICALIS.

308 4236 597 4303 Placatus,
625 4233 884 4303 Domine,
915 4248 1265 4304 quaesumus,
1296 4231 1565 4309 quicquid
1601 4247 1888 4287 meremur

238 4335 459 4399 averte,
492 4344 600 4384 nec
628 4327 778 4400 apud
808 4331 864 4382 te
892 4326 1092 4383 delicta
1118 4329 1308 4380 nostra
1344 4325 1474 4397 plus
1509 4324 1752 4394 valeant,
1790 4324 1886 4380 sed

237 4422 635 4481 misericordia
658 4426 755 4477 tua
791 4437 1017 4494 semper
1049 4436 1153 4474 nos
1186 4424 1505 4491 peccatores
1538 4418 1883 4490 praeveniat;

236 4524 297 4575 et
323 4534 436 4591 per
463 4531 691 4589 precem
718 4514 1028 4587 supplicem
1066 4514 1147 4568 ita
1178 4529 1282 4567 nos
1311 4512 1546 4584 dignare
1585 4511 1883 4582 respicere,

235 4618 297 4669 et
320 4630 356 4668 a
377 4609 601 4667 cunctis
619 4608 1018 4681 iniquitatibus
1043 4606 1252 4662 nostris
1277 4605 1541 4662 emunda.

925 4697 1136 4746 Secreta
1161 4696 1209 4744 ι).

306 4774 529 4829 Prazsta
564 4769 774 4842 populo
814 4774 935 4836 tuo,
967 4767 1224 4837 Domine,
1255 4783 1600 4839 quaesumus,
1633 4765 1884 4821 consola-

230 4866 412 4922 tionis
460 4864 758 4931 auxilium,
806 4863 875 4918 da
901 4862 1129 4917 veniam
1170 4860 1410 4933 peccatis
1451 4860 1676 4929 nostris,
1718 4862 1774 4914 et
1815 4858 1886 4913 ab

232 4960 407 5018 omni
436 4975 541 5014 nos
560 4958 858 5029 iniquitate
887 4955 1123 5022 custodi,
1154 4960 1209 5010 et
1237 4953 1371 5027 quia
1394 4954 1647 5013 humana
1668 4952 1884 5025 fragili-

233 5060 322 5110 tas
354 5051 772 5109 incessabiliter
791 5054 1042 5106 meretur
1070 5048 1301 5116 offensa,
1330 5047 1566 5104 celerius
1586 5047 1647 5103 in
1667 5052 1764 5104 tua
1788 5045 1891 5102 mi-

231 5146 561 5205 sericordia
589 5144 953 5218 gaudeamus.

886 5230 1222 5282 Contestatio.

304 5311 457 5364 Vere
482 5307 723 5379 dignum
762 5309 817 5361 et
845 5304 1064 5376 justum
1108 5304 1192 5359 est
1227 5302 1584 5375 omnipotens
1626 5301 1791 5370 Deus,
1834 5303 1889 5355 te

224 5418 475 5475 semper
499 5401 656 5455 cultu
683 5398 967 5455 servitutis
991 5398 1260 5453 humanae
1282 5397 1537 5463 laudare,
1565 5395 1664 5468 qui
1685 5394 1889 5450 divinis

225 5495 583 5552 muneribus
604 5493 737 5563 tuis,
767 5496 823 5548 et
850 5492 1171 5548 caelestibus
1190 5490 1475 5547 beneﬁciis
1495 5490 1554 5545 in
1575 5492 1771 5545 nostra
1788 5488 1892 5543 hu-

225 5591 485 5647 militate
510 5588 705 5659 largus
731 5586 800 5642 ad
826 5587 1013 5642 lucem
1052 5603 1155 5642 nos
1192 5586 1263 5642 de
1291 5584 1541 5641 tenebris
1570 5583 1843 5639 revocasti
1875 5599 1889 5636 :

303 5744 333 5773 ³
352 5744 483 5799 Non
501 5741 701 5797 dubito
713 5740 853 5814 quin
869 5741 981 5813 leg.
997 5740 1070 5795 sit
1083 5743 1148 5794 ut
1165 5739 1226 5793 in
1252 5737 1490 5808 Vulgata
1513 5752 1527 5791 :
1561 5738 1694 5805 Quis
1713 5742 1792 5793 est
1809 5739 1895 5793 hic

303 5817 333 5867 αἶ
347 5817 601 5867 loauitur
617 5811 1154 5867 blasnhemias.Nihil
1168 5815 1360 5866 tamen
1375 5811 1595 5863 mutare
1608 5808 1793 5863 visum
1811 5813 1896 5864 est

227 5817 333 5889 qui
347 5817 601 5884 loquitur
617 5817 1154 5882 blasphemias.Nihil
1168 5817 1360 5866 tamen
1375 5817 1595 5863 mutare
1608 5817 1793 5863 visum
1811 5817 1891 5864 est

310 5888 342 5930 1³
387 5886 634 5945 Secretaa
684 5883 959 5955 ejusmodi
1016 5882 1295 5939 orationes
1332 5885 1464 5938 sunt
1512 5896 1581 5935 ex
1616 5879 1726 5938 ritu
1777 5882 1891 5938 Ro-

1904 4584 1964 4655 D

1980 3296 2172 3352 dicens
2217 3313 2231 3350 :
2276 3295 2419 3360 Quid
2448 3295 2606 3350 vobis
2633 3296 2855 3350 videtur
2880 3296 2949 3350 de
2978 3295 3253 3364 fChristo?
3281 3296 3442 3366 cujus
3468 3296 3618 3353 ﬁlius

1982 3391 2107 3445 est?
2131 3389 2334 3444 Dicunt
2359 3389 2430 3459 ei,
2460 3390 2653 3444 David.
2690 3389 2781 3443 Ait
2813 3389 2920 3442 illis
2948 3405 2961 3442 :
2991 3388 3281 3452 Quomodo
3324 3404 3461 3460 ergo
3504 3391 3615 3445 Da-

1980 3483 2075 3537 vid
2094 3483 2152 3537 in
2173 3482 2375 3554 spiritu
2400 3487 2563 3536 vocat
2582 3499 2714 3537 eum
2742 3481 3065 3549 Dominum,
3094 3481 3287 3536 dicens
3316 3498 3328 3535 :
3353 3482 3503 3537 Dixit
3515 3483 3617 3537 Do-

1983 3576 2175 3631 minus
2200 3575 2439 3641 Domino
2466 3591 2615 3642 meo,
2642 3574 2772 3630 sede
2796 3592 2829 3629 a
2859 3573 3070 3629 dextris
3106 3574 3267 3641 meis,
3295 3574 3474 3630 donec
3510 3592 3616 3647 po-

1982 3686 2118 3725 nam
2130 3669 2388 3724 inimicos
2404 3673 2528 3724 tuos
2550 3669 2855 3724 scabellum
2875 3668 3089 3741 pedum
3104 3672 3338 3723 tuorum
3352 3669 3380 3723 ἵ
3401 3668 3456 3724 Si
3478 3685 3616 3742 ergo

1982 3762 2155 3818 David
2179 3767 2338 3818 vocat
2358 3779 2492 3818 eum
2517 3762 2843 3831 Dominum,
2866 3762 3148 3833 quomodo
3174 3760 3323 3816 ﬁlius
3352 3762 3475 3833 ejus
3505 3764 3616 3819 est?

1984 3859 2051 3912 Et
2077 3873 2247 3912 nemo
2274 3859 2499 3929 poterat
2516 3856 2856 3927 respondere
2881 3855 2934 3910 ei
2959 3855 3216 3923 verbum,
3237 3871 3422 3927 neque
3449 3872 3620 3912 ausus

1983 3950 2093 4005 fuit
2129 3950 2431 4022 quisquam
2467 3967 2537 4005 ex
2564 3950 2657 4005 illa
2680 3949 2770 4005 die
2798 3965 2933 4004 eum
2957 3949 3204 4021 amplius
3244 3948 3616 4023 interrogare.

2450 4061 2576 4101 ITEI
2614 4059 2773 4100 HISSA
2809 4060 3167 4100 DOMINICALIS.

2052 4136 2422 4207 Omnipotens
2448 4136 2791 4207 sempiterne
2818 4136 2984 4204 Deus,
3014 4133 3103 4188 cui
3132 4136 3377 4205 potestas
3396 4137 3480 4188 est
3497 4132 3619 4189 sine

1985 4228 2096 4284 ﬁne
2125 4229 2450 4299 miserandi,
2484 4228 2698 4300 respice
2724 4228 3001 4300 propitius
3019 4227 3091 4281 ad
3119 4225 3457 4281 humilitatis
3482 4242 3614 4280 nos-

1985 4327 2086 4377 trae
2114 4323 2424 4394 supplicem
2446 4322 2794 4390 servitutem,
2827 4337 3000 4392 quam
3028 4323 3158 4374 ante
3185 4323 3241 4374 te
3266 4335 3370 4389 per
3389 4335 3616 4390 precem

1986 4416 2296 4487 subjectam
2341 4415 2752 4487 praetendimus
2797 4420 2853 4469 et
2892 4417 3100 4485 priests.
3130 4417 3193 4467 ut
3233 4411 3336 4466 tibi
3371 4411 3620 4467 subditas

1987 4515 2206 4565 mentes
2233 4514 2576 4581 perpetuum
2599 4507 2942 4563 defensionis
2965 4511 3149 4562 servet
3170 4504 3465 4561 auxilium.

2055 4676 2203 4729 Deus
2217 4687 2241 4716 ο
2273 4674 2333 4729 in
2352 4678 2409 4730 te
2434 4602 3099 4747 spemntitsigrfotgtitudo,
3127 4673 3319 4729 adesto
3338 4672 3621 4745 propicius

1985 4768 2436 4824 invocationibus
2472 4768 2698 4839 nostris;
2730 4772 2788 4825 et
2824 4766 2959 4840 quia
2999 4767 3120 4822 sine
3156 4772 3215 4822 te
3259 4767 3402 4822 nihil
3437 4769 3624 4838 potest

1986 4862 2244 4919 mortalis
2270 4863 2594 4933 inﬁrmitas,
2620 4866 2825 4935 praesta
2857 4861 3134 4916 auxilium
3163 4860 3358 4932 gratias
3398 4862 3531 4928 tuas,
3557 4863 3625 4915 ut

1989 4952 2049 5012 in
2075 4957 2377 5028 sequendis
2396 4957 2676 5013 mandatis
2702 4956 2836 5025 tuis,
2865 4959 2922 5011 et
2946 4955 3235 5009 voluntate
3254 4952 3358 5009 tibi
3377 4957 3433 5009 et
3457 4953 3623 5009 actio—

1988 5066 2061 5107 ne
2087 5051 2429 5123 placeamus.

2636 5118 2969 5170 Contestatio.

2060 5204 2199 5259 Vere
2226 5202 2467 5275 dignum
2502 5205 2558 5256 et
2585 5200 2808 5272 justum
2844 5204 2926 5255 est
2945 5196 3301 5272 omnipotens
3328 5201 3493 5270 Deus,
3523 5216 3627 5274 per

1990 5314 2163 5370 quem
2187 5299 2399 5369 Moyses
2422 5294 2667 5350 famulus
2692 5297 2824 5349 tuus
2840 5295 3115 5366 populum
3141 5311 3307 5350 suum
3341 5294 3538 5350 eduxit
3562 5294 3621 5349 in

1991 5392 2196 5448 Christi
2218 5390 2575 5462 triumphum
2600 5404 2702 5460 per
2724 5387 2989 5443 baculum
3011 5389 3211 5444 crucis.
3234 5388 3393 5444 Unde
3416 5393 3472 5444 et
3491 5388 3627 5458 bap-

1992 5486 2226 5540 tismum
2268 5484 2388 5556 ejus
2432 5481 2769 5555 signiﬁcavit
2810 5482 2869 5538 in
2901 5483 3136 5539 mundo.
3167 5485 3296 5540 luna
3334 5480 3501 5536 Maria
3528 5496 3621 5534 ca-

1992 5579 2163 5635 nebat
2203 5578 2263 5633 in
2304 5582 2594 5651 tympano,
2635 5577 2788 5634 unde
2831 5578 3015 5650 passio
3057 5575 3261 5633 Christi
3307 5571 3626 5628 veneranda

1994 5750 2183 5802 mano,
2210 5738 2277 5789 ut
2301 5733 2561 5805 superius
2585 5734 2964 5790 observatum.

2068 5820 2091 5848 ο
2122 5797 2247 5861 Hinc
2261 5822 2328 5860 ex
2350 5797 2796 5862 Sacramentario
2813 5802 3157 5875 Gregoriano
3176 5800 3245 5855 ad
3273 5797 3624 5859 Dominicam

1994 5879 2239 5955 primam
2264 5882 2393 5955 post
2414 5878 2794 5935 Pentecosten.
