  <div class='ocr_page' id='page_1' title='image "/cluster/home/n/w/nwhite01/storage/ocr_20150623/72/hvd.32044054758768/287.png"; bbox 0 0 4036 6188; ppageno 0'>
   <div class='ocr_carea' id='block_1_1' title="bbox 364 308 465 363">
    <p class='ocr_par' dir='ltr' id='par_1_1' title="bbox 364 308 465 363">
     <span class='ocr_line' id='line_1_1' title="bbox 364 308 465 363; baseline -0.02 0"><span class='ocrx_word' id='word_1_1' title='bbox 364 308 465 363; x_wconf 79' lang='grc'><strong>563</strong></span> 
     </span>
    </p>
   </div>
   <div class='ocr_carea' id='block_1_2' title="bbox 1242 282 2854 349">
    <p class='ocr_par' dir='ltr' id='par_1_2' title="bbox 1242 282 2854 349">
     <span class='ocr_line' id='line_1_2' title="bbox 1242 282 2854 349; baseline -0.006 0"><span class='ocrx_word' id='word_1_2' title='bbox 1242 287 1574 349; x_wconf 80' lang='lat' dir='ltr'><strong>APPENDIX</strong></span> <span class='ocrx_word' id='word_1_3' title='bbox 1610 286 1697 342; x_wconf 75' lang='lat' dir='ltr'><strong>AD</strong></span> <span class='ocrx_word' id='word_1_4' title='bbox 1733 285 1956 342; x_wconf 75' lang='lat' dir='ltr'><strong>OPERA</strong></span> <span class='ocrx_word' id='word_1_5' title='bbox 1992 285 2046 341; x_wconf 85' lang='lat' dir='ltr'><strong>S.</strong></span> <span class='ocrx_word' id='word_1_6' title='bbox 2085 283 2386 342; x_wconf 74' lang='lat' dir='ltr'><strong>GERMANI</strong></span> <span class='ocrx_word' id='word_1_7' title='bbox 2421 282 2854 341; x_wconf 69' lang='lat' dir='ltr'><strong>PARISIENSIS.</strong></span> 
     </span>
    </p>
   </div>
   <div class='ocr_carea' id='block_1_3' title="bbox 3627 282 3733 339">
    <p class='ocr_par' dir='ltr' id='par_1_3' title="bbox 3627 282 3733 339">
     <span class='ocr_line' id='line_1_3' title="bbox 3627 282 3733 339; baseline -0.019 0"><span class='ocrx_word' id='word_1_8' title='bbox 3627 282 3733 339; x_wconf 65' lang='grc'><strong>564</strong></span> 
     </span>
    </p>
   </div>
   <div class='ocr_carea' id='block_1_4' title="bbox 365 388 3733 491">
    <p class='ocr_par' dir='ltr' id='par_1_4' title="bbox 365 388 3733 491">
     <span class='ocr_line' id='line_1_4' title="bbox 365 388 3733 491; baseline -0.007 -22"><span class='ocrx_word' id='word_1_9' title='bbox 365 407 753 485; x_wconf 68' lang='lat' dir='ltr'><strong>depignitur&#39;.</strong></span> <span class='ocrx_word' id='word_1_10' title='bbox 793 406 918 465; x_wconf 67' lang='lat' dir='ltr'><strong>[una</strong></span> <span class='ocrx_word' id='word_1_11' title='bbox 956 403 1120 460; x_wconf 82' lang='lat' dir='ltr'><strong>Jonas</strong></span> <span class='ocrx_word' id='word_1_12' title='bbox 1151 396 1473 455; x_wconf 87' lang='lat' dir='ltr'><strong>vaticinavit</strong></span> <span class='ocrx_word' id='word_1_13' title='bbox 1512 394 1784 464; x_wconf 87' lang='lat' dir='ltr'><strong>inclusus,</strong></span> <span class='ocrx_word' id='word_1_14' title='bbox 1834 393 1988 450; x_wconf 91' lang='lat' dir='ltr'><strong>unde</strong></span> <span class='ocrx_word' id='word_1_15' title='bbox 2010 391 2541 491; x_wconf 69' lang='lat' dir='ltr'><strong>Aarchisynagogi,</strong></span> <span class='ocrx_word' id='word_1_16' title='bbox 2567 395 2624 447; x_wconf 90' lang='lat' dir='ltr'><strong>et</strong></span> <span class='ocrx_word' id='word_1_17' title='bbox 2647 392 2787 448; x_wconf 81' lang='lat' dir='ltr'>vidit</span> <span class='ocrx_word' id='word_1_18' title='bbox 2808 390 3142 459; x_wconf 74' lang='lat' dir='ltr'><strong>tumultum,</strong></span> <span class='ocrx_word' id='word_1_19' title='bbox 3186 393 3248 448; x_wconf 89' lang='lat' dir='ltr'><strong>et</strong></span> <span class='ocrx_word' id='word_1_20' title='bbox 3277 390 3479 449; x_wconf 78' lang='lat' dir='ltr'><strong>ﬂentes</strong></span> <span class='ocrx_word' id='word_1_21' title='bbox 3514 392 3574 447; x_wconf 86' lang='lat' dir='ltr'><strong>et</strong></span> <span class='ocrx_word' id='word_1_22' title='bbox 3602 388 3733 491; x_wconf 30' lang='lat' dir='ltr'><strong>eju-l</strong></span> 
     </span>
    </p>
   </div>
   <div class='ocr_carea' id='block_1_5' title="bbox 366 488 1987 574">
    <p class='ocr_par' dir='ltr' id='par_1_5' title="bbox 366 488 1987 574">
     <span class='ocr_line' id='line_1_5' title="bbox 366 488 1987 574; baseline -0.012 -10"><span class='ocrx_word' id='word_1_23' title='bbox 366 505 612 565; x_wconf 84' lang='lat' dir='ltr'><strong>Ecclesia</strong></span> <span class='ocrx_word' id='word_1_24' title='bbox 638 500 945 574; x_wconf 74' lang='lat' dir='ltr'><strong>margarita</strong></span> <span class='ocrx_word' id='word_1_25' title='bbox 988 500 1042 554; x_wconf 92' lang='lat' dir='ltr'><strong>te</strong></span> <span class='ocrx_word' id='word_1_26' title='bbox 1076 493 1397 552; x_wconf 81' lang='lat' dir='ltr'><strong>fecundant.</strong></span> <span class='ocrx_word' id='word_1_27' title='bbox 1428 493 1557 546; x_wconf 68' lang='lat' dir='ltr'><strong>luna</strong></span> <span class='ocrx_word' id='word_1_28' title='bbox 1583 488 1753 545; x_wconf 83' lang='lat' dir='ltr'>David</span> <span class='ocrx_word' id='word_1_29' title='bbox 1778 488 1987 561; x_wconf 90' lang='lat' dir='ltr'><strong>psalle-</strong></span> 
     </span>
    </p>
   </div>
   <div class='ocr_carea' id='block_1_6' title="bbox 366 578 1987 666">
    <p class='ocr_par' dir='ltr' id='par_1_6' title="bbox 366 578 1987 666">
     <span class='ocr_line' id='line_1_6' title="bbox 366 578 1987 666; baseline -0.013 -13"><span class='ocrx_word' id='word_1_30' title='bbox 366 596 465 653; x_wconf 91' lang='lat' dir='ltr'><strong>bat</strong></span> <span class='ocrx_word' id='word_1_31' title='bbox 492 596 553 651; x_wconf 91' lang='lat' dir='ltr'><strong>in</strong></span> <span class='ocrx_word' id='word_1_32' title='bbox 577 594 823 666; x_wconf 84' lang='lat' dir='ltr'><strong>cythara,</strong></span> <span class='ocrx_word' id='word_1_33' title='bbox 858 587 1003 643; x_wconf 91' lang='lat' dir='ltr'><strong>unde</strong></span> <span class='ocrx_word' id='word_1_34' title='bbox 1034 584 1236 641; x_wconf 84' lang='lat' dir='ltr'>Paulus</span> <span class='ocrx_word' id='word_1_35' title='bbox 1276 581 1571 654; x_wconf 85' lang='lat' dir='ltr'><strong>Apostolus</strong></span> <span class='ocrx_word' id='word_1_36' title='bbox 1602 578 1942 652; x_wconf 77' lang='lat' dir='ltr'><strong>praedicabat</strong></span> <span class='ocrx_word' id='word_1_37' title='bbox 1974 595 1987 632; x_wconf 89' lang='lat'><strong>:</strong></span> 
     </span>
    </p>
   </div>
   <div class='ocr_carea' id='block_1_7' title="bbox 364 672 1990 751">
    <p class='ocr_par' dir='ltr' id='par_1_7' title="bbox 364 672 1990 751">
     <span class='ocr_line' id='line_1_7' title="bbox 364 672 1990 751; baseline -0.014 -3"><span class='ocrx_word' id='word_1_38' title='bbox 364 690 819 748; x_wconf 82' lang='lat' dir='ltr'><strong>Fundamentum</strong></span> <span class='ocrx_word' id='word_1_39' title='bbox 843 681 996 737; x_wconf 86' lang='lat' dir='ltr'>aliud</span> <span class='ocrx_word' id='word_1_40' title='bbox 1014 695 1183 736; x_wconf 90' lang='lat' dir='ltr'><strong>nemo</strong></span> <span class='ocrx_word' id='word_1_41' title='bbox 1200 680 1386 751; x_wconf 88' lang='lat' dir='ltr'><strong>potest</strong></span> <span class='ocrx_word' id='word_1_42' title='bbox 1398 690 1609 748; x_wconf 90' lang='lat' dir='ltr'><strong>ponere</strong></span> <span class='ocrx_word' id='word_1_43' title='bbox 1620 673 1728 729; x_wconf 91' lang='lat' dir='ltr'><strong>nisi</strong></span> <span class='ocrx_word' id='word_1_44' title='bbox 1738 672 1990 728; x_wconf 90' lang='lat' dir='ltr'><strong>Christus</strong></span> 
     </span>
    </p>
   </div>
   <div class='ocr_carea' id='block_1_8' title="bbox 362 765 1991 847">
    <p class='ocr_par' dir='ltr' id='par_1_8' title="bbox 362 765 1991 847">
     <span class='ocr_line' id='line_1_8' title="bbox 362 765 1991 847; baseline -0.014 -6"><span class='ocrx_word' id='word_1_45' title='bbox 362 788 537 842; x_wconf 84' lang='lat' dir='ltr'><strong>Jesus.</strong></span> <span class='ocrx_word' id='word_1_46' title='bbox 579 784 705 836; x_wconf 75' lang='lat' dir='ltr'><strong>Lvne</strong></span> <span class='ocrx_word' id='word_1_47' title='bbox 744 779 908 832; x_wconf 90' lang='lat' dir='ltr'><strong>Petro</strong></span> <span class='ocrx_word' id='word_1_48' title='bbox 952 773 1235 847; x_wconf 81' lang='lat' dir='ltr'><strong>mergenti</strong></span> <span class='ocrx_word' id='word_1_49' title='bbox 1280 787 1481 827; x_wconf 88' lang='lat' dir='ltr'><strong>manus</strong></span> <span class='ocrx_word' id='word_1_50' title='bbox 1520 767 1853 841; x_wconf 83' lang='lat' dir='ltr'><strong>porrigitur,</strong></span> <span class='ocrx_word' id='word_1_51' title='bbox 1892 765 1991 821; x_wconf 92' lang='lat' dir='ltr'><strong>ubi</strong></span> 
     </span>
    </p>
   </div>
   <div class='ocr_carea' id='block_1_9' title="bbox 362 860 1987 938">
    <p class='ocr_par' dir='ltr' id='par_1_9' title="bbox 362 860 1987 938">
     <span class='ocr_line' id='line_1_9' title="bbox 362 860 1987 938; baseline -0.012 -5"><span class='ocrx_word' id='word_1_52' title='bbox 362 874 651 935; x_wconf 90' lang='lat' dir='ltr'><strong>titubantis</strong></span> <span class='ocrx_word' id='word_1_53' title='bbox 685 871 823 927; x_wconf 83' lang='lat' dir='ltr'><strong>ﬁdes</strong></span> <span class='ocrx_word' id='word_1_54' title='bbox 850 869 1128 938; x_wconf 91' lang='lat' dir='ltr'><strong>munitur,</strong></span> <span class='ocrx_word' id='word_1_55' title='bbox 1167 866 1247 922; x_wconf 89' lang='lat' dir='ltr'><strong>ibi</strong></span> <span class='ocrx_word' id='word_1_56' title='bbox 1285 867 1454 938; x_wconf 89' lang='lat' dir='ltr'><strong>caput</strong></span> <span class='ocrx_word' id='word_1_57' title='bbox 1493 862 1752 919; x_wconf 59' lang='lat' dir='ltr'><strong>Ecclesiae</strong></span> <span class='ocrx_word' id='word_1_58' title='bbox 1779 860 1987 916; x_wconf 81' lang='lat' dir='ltr'><strong>confir-</strong></span> 
     </span>
    </p>
   </div>
   <div class='ocr_carea' id='block_1_10' title="bbox 360 954 1986 1034">
    <p class='ocr_par' dir='ltr' id='par_1_10' title="bbox 360 954 1986 1034">
     <span class='ocr_line' id='line_1_10' title="bbox 360 954 1986 1034; baseline -0.012 -6"><span class='ocrx_word' id='word_1_59' title='bbox 360 974 570 1028; x_wconf 85' lang='lat' dir='ltr'><strong>matur.</strong></span> <span class='ocrx_word' id='word_1_60' title='bbox 605 969 731 1024; x_wconf 77' lang='lat' dir='ltr'><strong>INDE</strong></span> <span class='ocrx_word' id='word_1_61' title='bbox 756 966 993 1022; x_wconf 84' lang='lat' dir='ltr'><strong>Lazarus</strong></span> <span class='ocrx_word' id='word_1_62' title='bbox 1021 963 1089 1019; x_wconf 91' lang='lat' dir='ltr'><strong>de</strong></span> <span class='ocrx_word' id='word_1_63' title='bbox 1116 960 1373 1034; x_wconf 91' lang='lat' dir='ltr'><strong>sepulcro</strong></span> <span class='ocrx_word' id='word_1_64' title='bbox 1399 957 1679 1031; x_wconf 89' lang='lat' dir='ltr'><strong>proditur,</strong></span> <span class='ocrx_word' id='word_1_65' title='bbox 1721 954 1870 1010; x_wconf 90' lang='lat' dir='ltr'><strong>unde</strong></span> <span class='ocrx_word' id='word_1_66' title='bbox 1896 970 1986 1009; x_wconf 86' lang='lat' dir='ltr'><strong>re-</strong></span> 
     </span>
    </p>
   </div>
   <div class='ocr_carea' id='block_1_11' title="bbox 364 1047 1993 1131">
    <p class='ocr_par' dir='ltr' id='par_1_11' title="bbox 364 1047 1993 1131">
     <span class='ocr_line' id='line_1_11' title="bbox 364 1047 1993 1131; baseline -0.01 -12"><span class='ocrx_word' id='word_1_67' title='bbox 364 1062 632 1119; x_wconf 87' lang='lat' dir='ltr'><strong>surrectio</strong></span> <span class='ocrx_word' id='word_1_68' title='bbox 644 1059 849 1117; x_wconf 83' lang='lat' dir='ltr'><strong>Christi</strong></span> <span class='ocrx_word' id='word_1_69' title='bbox 864 1058 1102 1131; x_wconf 90' lang='lat' dir='ltr'><strong>gloriosa</strong></span> <span class='ocrx_word' id='word_1_70' title='bbox 1114 1051 1721 1111; x_wconf 88' lang='lat' dir='ltr'><strong>laudatur.Gaudentes</strong></span> <span class='ocrx_word' id='word_1_71' title='bbox 1732 1065 1803 1103; x_wconf 89' lang='lat' dir='ltr'><strong>an</strong></span> <span class='ocrx_word' id='word_1_72' title='bbox 1810 1047 1922 1121; x_wconf 92' lang='lat' dir='ltr'><strong>geli</strong></span> <span class='ocrx_word' id='word_1_73' title='bbox 1936 1051 1993 1103; x_wconf 90' lang='lat' dir='ltr'><strong>et</strong></span> 
     </span>
    </p>
   </div>
   <div class='ocr_carea' id='block_1_12' title="bbox 360 1141 1986 1225">
    <p class='ocr_par' dir='ltr' id='par_1_12' title="bbox 360 1141 1986 1225">
     <span class='ocr_line' id='line_1_12' title="bbox 360 1141 1986 1225; baseline -0.01 -11"><span class='ocrx_word' id='word_1_74' title='bbox 360 1157 675 1215; x_wconf 79' lang='lat' dir='ltr'><strong>exultantes</strong></span> <span class='ocrx_word' id='word_1_75' title='bbox 683 1154 889 1210; x_wconf 89' lang='lat' dir='ltr'><strong>archan</strong></span> <span class='ocrx_word' id='word_1_76' title='bbox 897 1152 1025 1225; x_wconf 89' lang='lat' dir='ltr'><strong>geli,</strong></span> <span class='ocrx_word' id='word_1_77' title='bbox 1053 1148 1350 1206; x_wconf 87' lang='lat' dir='ltr'><strong>cherubim</strong></span> <span class='ocrx_word' id='word_1_78' title='bbox 1366 1162 1594 1219; x_wconf 92' lang='lat' dir='ltr'><strong>quoque</strong></span> <span class='ocrx_word' id='word_1_79' title='bbox 1606 1161 1669 1200; x_wconf 91' lang='lat' dir='ltr'><strong>ac</strong></span> <span class='ocrx_word' id='word_1_80' title='bbox 1681 1141 1986 1214; x_wconf 89' lang='lat' dir='ltr'><strong>seraphim.</strong></span> 
     </span>
    </p>
   </div>
   <div class='ocr_carea' id='block_1_13' title="bbox 654 1257 1703 1308">
    <p class='ocr_par' dir='ltr' id='par_1_13' title="bbox 654 1257 1703 1308">
     <span class='ocr_line' id='line_1_13' title="bbox 654 1257 1703 1308; baseline -0.01 0"><span class='ocrx_word' id='word_1_81' title='bbox 654 1269 777 1308; x_wconf 70' lang='lat' dir='ltr'><strong>ITEM</strong></span> <span class='ocrx_word' id='word_1_82' title='bbox 816 1266 972 1308; x_wconf 75' lang='lat' dir='ltr'><strong>ALIAS</strong></span> <span class='ocrx_word' id='word_1_83' title='bbox 1004 1264 1295 1307; x_wconf 85' lang='lat' dir='ltr'><strong>LECTIONES</strong></span> <span class='ocrx_word' id='word_1_84' title='bbox 1335 1257 1703 1303; x_wconf 76' lang='lat' dir='ltr'><strong>COTTIDIANAS.</strong></span> 
     </span>
    </p>
   </div>
   <div class='ocr_carea' id='block_1_14' title="bbox 1042 1337 1338 1390">
    <p class='ocr_par' dir='ltr' id='par_1_14' title="bbox 1042 1337 1338 1390">
     <span class='ocr_line' id='line_1_14' title="bbox 1042 1337 1338 1390; baseline -0.014 0"><span class='ocrx_word' id='word_1_85' title='bbox 1042 1338 1119 1390; x_wconf 81' lang='lat' dir='ltr'><strong>Ad</strong></span> <span class='ocrx_word' id='word_1_86' title='bbox 1149 1337 1338 1388; x_wconf 89' lang='lat' dir='ltr'><strong>Titum.</strong></span> 
     </span>
    </p>
   </div>
   <div class='ocr_carea' id='block_1_15' title="bbox 432 1415 1991 1497">
    <p class='ocr_par' dir='ltr' id='par_1_15' title="bbox 432 1415 1991 1497">
     <span class='ocr_line' id='line_1_15' title="bbox 432 1415 1991 1497; baseline -0.013 -12"><span class='ocrx_word' id='word_1_87' title='bbox 432 1429 672 1497; x_wconf 82' lang='lat' dir='ltr'><strong>Fratres,</strong></span> <span class='ocrx_word' id='word_1_88' title='bbox 702 1426 826 1481; x_wconf 69' lang='lat' dir='ltr'><strong>haec</strong></span> <span class='ocrx_word' id='word_1_89' title='bbox 862 1424 1095 1495; x_wconf 89' lang='lat' dir='ltr'><strong>loquere</strong></span> <span class='ocrx_word' id='word_1_90' title='bbox 1131 1423 1187 1475; x_wconf 89' lang='lat' dir='ltr'><strong>et</strong></span> <span class='ocrx_word' id='word_1_91' title='bbox 1223 1417 1544 1483; x_wconf 85' lang='lat' dir='ltr'><strong>exhortare,</strong></span> <span class='ocrx_word' id='word_1_92' title='bbox 1572 1415 1629 1469; x_wconf 92' lang='lat' dir='ltr'><strong>et</strong></span> <span class='ocrx_word' id='word_1_93' title='bbox 1657 1427 1834 1484; x_wconf 90' lang='lat' dir='ltr'><strong>argue</strong></span> <span class='ocrx_word' id='word_1_94' title='bbox 1860 1427 1991 1467; x_wconf 91' lang='lat' dir='ltr'><strong>cum</strong></span> 
     </span>
    </p>
   </div>
   <div class='ocr_carea' id='block_1_16' title="bbox 362 1505 1994 1593">
    <p class='ocr_par' dir='ltr' id='par_1_16' title="bbox 362 1505 1994 1593">
     <span class='ocr_line' id='line_1_16' title="bbox 362 1505 1994 1593; baseline -0.013 -13"><span class='ocrx_word' id='word_1_95' title='bbox 362 1523 521 1581; x_wconf 88' lang='lat' dir='ltr'><strong>omni</strong></span> <span class='ocrx_word' id='word_1_96' title='bbox 534 1519 792 1593; x_wconf 89' lang='lat' dir='ltr'><strong>imperio.</strong></span> <span class='ocrx_word' id='word_1_97' title='bbox 814 1519 989 1573; x_wconf 90' lang='lat' dir='ltr'><strong>Nemo</strong></span> <span class='ocrx_word' id='word_1_98' title='bbox 1004 1520 1060 1571; x_wconf 92' lang='lat' dir='ltr'><strong>te</strong></span> <span class='ocrx_word' id='word_1_99' title='bbox 1074 1514 1418 1569; x_wconf 89' lang='lat' dir='ltr'><strong>contemnat.</strong></span> <span class='ocrx_word' id='word_1_100' title='bbox 1439 1509 1689 1564; x_wconf 83' lang='lat' dir='ltr'><strong>Admone</strong></span> <span class='ocrx_word' id='word_1_101' title='bbox 1701 1506 1821 1561; x_wconf 89' lang='lat' dir='ltr'><strong>illos</strong></span> <span class='ocrx_word' id='word_1_102' title='bbox 1841 1505 1994 1577; x_wconf 88' lang='lat' dir='ltr'><strong>prin-</strong></span> 
     </span>
    </p>
   </div>
   <div class='ocr_carea' id='block_1_17' title="bbox 357 1599 1987 1689">
    <p class='ocr_par' dir='ltr' id='par_1_17' title="bbox 357 1599 1987 1689">
     <span class='ocr_line' id='line_1_17' title="bbox 357 1599 1987 1689; baseline -0.013 -15"><span class='ocrx_word' id='word_1_103' title='bbox 357 1616 581 1689; x_wconf 90' lang='lat' dir='ltr'><strong>cipibus</strong></span> <span class='ocrx_word' id='word_1_104' title='bbox 611 1619 667 1672; x_wconf 91' lang='lat' dir='ltr'><strong>et</strong></span> <span class='ocrx_word' id='word_1_105' title='bbox 692 1611 1063 1686; x_wconf 85' lang='lat' dir='ltr'><strong>potestatibus</strong></span> <span class='ocrx_word' id='word_1_106' title='bbox 1082 1606 1333 1663; x_wconf 88' lang='lat' dir='ltr'><strong>subditos</strong></span> <span class='ocrx_word' id='word_1_107' title='bbox 1353 1621 1490 1669; x_wconf 90' lang='lat' dir='ltr'><strong>esse,</strong></span> <span class='ocrx_word' id='word_1_108' title='bbox 1518 1601 1808 1657; x_wconf 90' lang='lat' dir='ltr'><strong>neminem</strong></span> <span class='ocrx_word' id='word_1_109' title='bbox 1839 1599 1987 1654; x_wconf 89' lang='lat' dir='ltr'><strong>blas-</strong></span> 
     </span>
    </p>
   </div>
   <div class='ocr_carea' id='block_1_18' title="bbox 359 1696 1995 1785">
    <p class='ocr_par' dir='ltr' id='par_1_18' title="bbox 359 1696 1995 1785">
     <span class='ocr_line' id='line_1_18' title="bbox 359 1696 1995 1785; baseline -0.013 -17"><span class='ocrx_word' id='word_1_110' title='bbox 359 1712 656 1785; x_wconf 88' lang='lat' dir='ltr'><strong>phemare,</strong></span> <span class='ocrx_word' id='word_1_111' title='bbox 678 1724 795 1764; x_wconf 90' lang='lat' dir='ltr'><strong>non</strong></span> <span class='ocrx_word' id='word_1_112' title='bbox 821 1704 1095 1777; x_wconf 90' lang='lat' dir='ltr'><strong>litigiosos</strong></span> <span class='ocrx_word' id='word_1_113' title='bbox 1128 1717 1268 1771; x_wconf 88' lang='lat' dir='ltr'><strong>esse,</strong></span> <span class='ocrx_word' id='word_1_114' title='bbox 1301 1698 1398 1754; x_wconf 80' lang='lat' dir='ltr'><strong>sed</strong></span> <span class='ocrx_word' id='word_1_115' title='bbox 1424 1696 1735 1765; x_wconf 83' lang='lat' dir='ltr'><strong>modestos;</strong></span> <span class='ocrx_word' id='word_1_116' title='bbox 1764 1709 1995 1750; x_wconf 92' lang='lat' dir='ltr'><strong>omnem</strong></span> 
     </span>
    </p>
   </div>
   <div class='ocr_carea' id='block_1_19' title="bbox 364 1788 2077 1868">
    <p class='ocr_par' dir='ltr' id='par_1_19' title="bbox 364 1788 2077 1868">
     <span class='ocr_line' id='line_1_19' title="bbox 364 1788 2077 1868; baseline -0.013 -6"><span class='ocrx_word' id='word_1_117' title='bbox 364 1804 724 1862; x_wconf 84' lang='lat' dir='ltr'><strong>ostendentes</strong></span> <span class='ocrx_word' id='word_1_118' title='bbox 742 1795 1243 1856; x_wconf 88' lang='lat' dir='ltr'><strong>mansuetudinem</strong></span> <span class='ocrx_word' id='word_1_119' title='bbox 1259 1793 1330 1848; x_wconf 89' lang='lat' dir='ltr'><strong>ad</strong></span> <span class='ocrx_word' id='word_1_120' title='bbox 1350 1808 1551 1848; x_wconf 90' lang='lat' dir='ltr'><strong>omnes</strong></span> <span class='ocrx_word' id='word_1_121' title='bbox 1564 1788 1846 1846; x_wconf 88' lang='lat' dir='ltr'><strong>homines.</strong></span> <span class='ocrx_word' id='word_1_122' title='bbox 1862 1788 1998 1842; x_wconf 88' lang='lat' dir='ltr'><strong>Era-</strong></span> <span class='ocrx_word' id='word_1_123' title='bbox 2021 1795 2077 1868; x_wconf 85' lang='lat' dir='ltr'><strong>B</strong></span> 
     </span>
    </p>
   </div>
   <div class='ocr_carea' id='block_1_20' title="bbox 365 1880 1998 1962">
    <p class='ocr_par' dir='ltr' id='par_1_20' title="bbox 365 1880 1998 1962">
     <span class='ocr_line' id='line_1_20' title="bbox 365 1880 1998 1962; baseline -0.013 -7"><span class='ocrx_word' id='word_1_124' title='bbox 365 1915 494 1956; x_wconf 90' lang='lat' dir='ltr'><strong>mus</strong></span> <span class='ocrx_word' id='word_1_125' title='bbox 520 1896 674 1953; x_wconf 87' lang='lat' dir='ltr'><strong>enim</strong></span> <span class='ocrx_word' id='word_1_126' title='bbox 700 1899 755 1950; x_wconf 90' lang='lat' dir='ltr'><strong>et</strong></span> <span class='ocrx_word' id='word_1_127' title='bbox 790 1910 893 1949; x_wconf 91' lang='lat' dir='ltr'><strong>nos</strong></span> <span class='ocrx_word' id='word_1_128' title='bbox 929 1889 1234 1962; x_wconf 86' lang='lat' dir='ltr'><strong>aliquando</strong></span> <span class='ocrx_word' id='word_1_129' title='bbox 1262 1886 1591 1959; x_wconf 78' lang='lat' dir='ltr'><strong>insipientes</strong></span> <span class='ocrx_word' id='word_1_130' title='bbox 1617 1887 1674 1939; x_wconf 90' lang='lat' dir='ltr'><strong>et</strong></span> <span class='ocrx_word' id='word_1_131' title='bbox 1699 1880 1998 1950; x_wconf 86' lang='lat' dir='ltr'><strong>increduli,</strong></span> 
     </span>
    </p>
   </div>
   <div class='ocr_carea' id='block_1_21' title="bbox 363 1974 1997 2061">
    <p class='ocr_par' dir='ltr' id='par_1_21' title="bbox 363 1974 1997 2061">
     <span class='ocr_line' id='line_1_21' title="bbox 363 1974 1997 2061; baseline -0.013 -12"><span class='ocrx_word' id='word_1_132' title='bbox 363 1995 634 2061; x_wconf 87' lang='lat' dir='ltr'><strong>errantes,</strong></span> <span class='ocrx_word' id='word_1_133' title='bbox 662 1987 963 2046; x_wconf 85' lang='lat' dir='ltr'><strong>servientes</strong></span> <span class='ocrx_word' id='word_1_134' title='bbox 1002 1982 1289 2041; x_wconf 87' lang='lat' dir='ltr'><strong>desideriis</strong></span> <span class='ocrx_word' id='word_1_135' title='bbox 1314 1984 1372 2036; x_wconf 91' lang='lat' dir='ltr'><strong>et</strong></span> <span class='ocrx_word' id='word_1_136' title='bbox 1399 1977 1781 2050; x_wconf 82' lang='lat' dir='ltr'><strong>voluptatibus</strong></span> <span class='ocrx_word' id='word_1_137' title='bbox 1808 1974 1997 2044; x_wconf 89' lang='lat' dir='ltr'><strong>variis,</strong></span> 
     </span>
    </p>
   </div>
   <div class='ocr_carea' id='block_1_22' title="bbox 364 2069 2002 2151">
    <p class='ocr_par' dir='ltr' id='par_1_22' title="bbox 364 2069 2002 2151">
     <span class='ocr_line' id='line_1_22' title="bbox 364 2069 2002 2151; baseline -0.012 -8"><span class='ocrx_word' id='word_1_138' title='bbox 364 2088 424 2143; x_wconf 90' lang='lat' dir='ltr'><strong>in</strong></span> <span class='ocrx_word' id='word_1_139' title='bbox 448 2085 661 2142; x_wconf 88' lang='lat' dir='ltr'><strong>malitia</strong></span> <span class='ocrx_word' id='word_1_140' title='bbox 686 2088 743 2140; x_wconf 93' lang='lat' dir='ltr'><strong>et</strong></span> <span class='ocrx_word' id='word_1_141' title='bbox 767 2080 978 2138; x_wconf 89' lang='lat' dir='ltr'><strong>invidia</strong></span> <span class='ocrx_word' id='word_1_142' title='bbox 1005 2081 1257 2151; x_wconf 89' lang='lat' dir='ltr'><strong>agentes.</strong></span> <span class='ocrx_word' id='word_1_143' title='bbox 1290 2075 1435 2131; x_wconf 89' lang='lat' dir='ltr'><strong>Cum</strong></span> <span class='ocrx_word' id='word_1_144' title='bbox 1460 2076 1652 2128; x_wconf 89' lang='lat' dir='ltr'><strong>autem</strong></span> <span class='ocrx_word' id='word_1_145' title='bbox 1680 2069 2002 2141; x_wconf 84' lang='lat' dir='ltr'><strong>benignitas</strong></span> 
     </span>
    </p>
   </div>
   <div class='ocr_carea' id='block_1_23' title="bbox 370 2164 2001 2247">
    <p class='ocr_par' dir='ltr' id='par_1_23' title="bbox 370 2164 2001 2247">
     <span class='ocr_line' id='line_1_23' title="bbox 370 2164 2001 2247; baseline -0.011 -9"><span class='ocrx_word' id='word_1_146' title='bbox 370 2184 428 2237; x_wconf 88' lang='lat' dir='ltr'><strong>et</strong></span> <span class='ocrx_word' id='word_1_147' title='bbox 454 2179 777 2237; x_wconf 86' lang='lat' dir='ltr'><strong>humanitas</strong></span> <span class='ocrx_word' id='word_1_148' title='bbox 800 2173 1065 2247; x_wconf 85' lang='lat' dir='ltr'><strong>apparuit</strong></span> <span class='ocrx_word' id='word_1_149' title='bbox 1088 2168 1347 2225; x_wconf 88' lang='lat' dir='ltr'><strong>salutaris</strong></span> <span class='ocrx_word' id='word_1_150' title='bbox 1372 2166 1552 2223; x_wconf 84' lang='lat' dir='ltr'><strong>nostri</strong></span> <span class='ocrx_word' id='word_1_151' title='bbox 1571 2167 1597 2221; x_wconf 89' lang='lat' dir='ltr'>J</span> <span class='ocrx_word' id='word_1_152' title='bbox 1602 2182 1701 2221; x_wconf 91' lang='lat' dir='ltr'><strong>esu</strong></span> <span class='ocrx_word' id='word_1_153' title='bbox 1720 2164 2001 2241; x_wconf 80' lang='lat' dir='ltr'><strong>Christi...</strong></span> 
     </span>
    </p>
   </div>
   <div class='ocr_carea' id='block_1_24' title="bbox 581 2260 1798 2329">
    <p class='ocr_par' dir='ltr' id='par_1_24' title="bbox 581 2260 1798 2329">
     <span class='ocr_line' id='line_1_24' title="bbox 581 2260 1798 2329; baseline -0.014 -6"><span class='ocrx_word' id='word_1_154' title='bbox 581 2270 756 2322; x_wconf 86' lang='lat' dir='ltr'><strong>Lectio</strong></span> <span class='ocrx_word' id='word_1_155' title='bbox 789 2268 955 2318; x_wconf 81' lang='lat' dir='ltr'><strong>sancti</strong></span> <span class='ocrx_word' id='word_1_156' title='bbox 975 2263 1245 2329; x_wconf 83' lang='lat' dir='ltr'><strong>Evangelii</strong></span> <span class='ocrx_word' id='word_1_157' title='bbox 1269 2260 1557 2312; x_wconf 89' lang='lat' dir='ltr'><strong>secundum</strong></span> <span class='ocrx_word' id='word_1_158' title='bbox 1586 2261 1798 2309; x_wconf 87' lang='lat' dir='ltr'><strong>Lucam.</strong></span> 
     </span>
    </p>
   </div>
   <div class='ocr_carea' id='block_1_25' title="bbox 436 2343 2000 2429">
    <p class='ocr_par' dir='ltr' id='par_1_25' title="bbox 436 2343 2000 2429">
     <span class='ocr_line' id='line_1_25' title="bbox 436 2343 2000 2429; baseline -0.011 -15"><span class='ocrx_word' id='word_1_159' title='bbox 436 2361 710 2429; x_wconf 90' lang='lat' dir='ltr'><strong>Tempore</strong></span> <span class='ocrx_word' id='word_1_160' title='bbox 735 2355 831 2410; x_wconf 91' lang='lat' dir='ltr'><strong>illo</strong></span> <span class='ocrx_word' id='word_1_161' title='bbox 863 2354 981 2409; x_wconf 91' lang='lat' dir='ltr'><strong>ibat</strong></span> <span class='ocrx_word' id='word_1_162' title='bbox 1001 2351 1274 2407; x_wconf 90' lang='lat' dir='ltr'><strong>Dominus</strong></span> <span class='ocrx_word' id='word_1_163' title='bbox 1299 2350 1457 2403; x_wconf 90' lang='lat' dir='ltr'><strong>Jesus</strong></span> <span class='ocrx_word' id='word_1_164' title='bbox 1482 2345 1542 2400; x_wconf 89' lang='lat' dir='ltr'><strong>in</strong></span> <span class='ocrx_word' id='word_1_165' title='bbox 1569 2343 1849 2400; x_wconf 88' lang='lat' dir='ltr'><strong>civitatem</strong></span> <span class='ocrx_word' id='word_1_166' title='bbox 1874 2358 2000 2415; x_wconf 66' lang='lat' dir='ltr'><strong>quas</strong></span> 
     </span>
    </p>
   </div>
   <div class='ocr_carea' id='block_1_26' title="bbox 358 2437 2002 2515">
    <p class='ocr_par' dir='ltr' id='par_1_26' title="bbox 358 2437 2002 2515">
     <span class='ocr_line' id='line_1_26' title="bbox 358 2437 2002 2515; baseline -0.01 -6"><span class='ocrx_word' id='word_1_167' title='bbox 358 2458 595 2508; x_wconf 78' lang='lat' dir='ltr'><strong>vocatur</strong></span> <span class='ocrx_word' id='word_1_168' title='bbox 637 2450 820 2515; x_wconf 92' lang='lat' dir='ltr'><strong>Naim,</strong></span> <span class='ocrx_word' id='word_1_169' title='bbox 857 2452 915 2503; x_wconf 89' lang='lat' dir='ltr'><strong>et</strong></span> <span class='ocrx_word' id='word_1_170' title='bbox 954 2446 1110 2501; x_wconf 90' lang='lat' dir='ltr'><strong>ibant</strong></span> <span class='ocrx_word' id='word_1_171' title='bbox 1152 2459 1286 2498; x_wconf 91' lang='lat' dir='ltr'><strong>cum</strong></span> <span class='ocrx_word' id='word_1_172' title='bbox 1323 2441 1420 2496; x_wconf 91' lang='lat' dir='ltr'><strong>illo</strong></span> <span class='ocrx_word' id='word_1_173' title='bbox 1470 2437 1731 2511; x_wconf 87' lang='lat' dir='ltr'><strong>discipuli</strong></span> <span class='ocrx_word' id='word_1_174' title='bbox 1777 2438 1898 2508; x_wconf 86' lang='lat' dir='ltr'><strong>ejus</strong></span> <span class='ocrx_word' id='word_1_175' title='bbox 1944 2442 2002 2493; x_wconf 91' lang='lat' dir='ltr'><strong>et</strong></span> 
     </span>
    </p>
   </div>
   <div class='ocr_carea' id='block_1_27' title="bbox 366 2532 2002 2617">
    <p class='ocr_par' dir='ltr' id='par_1_27' title="bbox 366 2532 2002 2617">
     <span class='ocr_line' id='line_1_27' title="bbox 366 2532 2002 2617; baseline -0.01 -15"><span class='ocrx_word' id='word_1_176' title='bbox 366 2546 531 2602; x_wconf 88' lang='lat' dir='ltr'><strong>turba</strong></span> <span class='ocrx_word' id='word_1_177' title='bbox 556 2543 799 2617; x_wconf 90' lang='lat' dir='ltr'><strong>copiosa.</strong></span> <span class='ocrx_word' id='word_1_178' title='bbox 830 2543 969 2597; x_wconf 92' lang='lat' dir='ltr'><strong>Cum</strong></span> <span class='ocrx_word' id='word_1_179' title='bbox 999 2543 1188 2595; x_wconf 89' lang='lat' dir='ltr'><strong>autem</strong></span> <span class='ocrx_word' id='word_1_180' title='bbox 1210 2534 1691 2607; x_wconf 83' lang='lat' dir='ltr'><strong>adpropinquaret</strong></span> <span class='ocrx_word' id='word_1_181' title='bbox 1709 2535 1889 2603; x_wconf 62' lang='lat' dir='ltr'><strong>portae</strong></span> <span class='ocrx_word' id='word_1_182' title='bbox 1927 2532 2002 2587; x_wconf 92' lang='lat' dir='ltr'><strong>ci-</strong></span> 
     </span>
    </p>
   </div>
   <div class='ocr_carea' id='block_1_28' title="bbox 363 2625 2000 2709">
    <p class='ocr_par' dir='ltr' id='par_1_28' title="bbox 363 2625 2000 2709">
     <span class='ocr_line' id='line_1_28' title="bbox 363 2625 2000 2709; baseline -0.011 -13"><span class='ocrx_word' id='word_1_183' title='bbox 363 2640 570 2709; x_wconf 86' lang='lat' dir='ltr'><strong>vitatis,</strong></span> <span class='ocrx_word' id='word_1_184' title='bbox 595 2641 653 2693; x_wconf 92' lang='lat' dir='ltr'><strong>et</strong></span> <span class='ocrx_word' id='word_1_185' title='bbox 663 2652 789 2693; x_wconf 91' lang='lat' dir='ltr'><strong>ecce</strong></span> <span class='ocrx_word' id='word_1_186' title='bbox 811 2635 1109 2690; x_wconf 81' lang='lat' dir='ltr'><strong>defunctus</strong></span> <span class='ocrx_word' id='word_1_187' title='bbox 1130 2630 1469 2686; x_wconf 77' lang='lat' dir='ltr'><strong>efferebatur</strong></span> <span class='ocrx_word' id='word_1_188' title='bbox 1495 2626 1644 2681; x_wconf 80' lang='lat' dir='ltr'><strong>filius</strong></span> <span class='ocrx_word' id='word_1_189' title='bbox 1662 2625 1864 2680; x_wconf 90' lang='lat' dir='ltr'><strong>unicus</strong></span> <span class='ocrx_word' id='word_1_190' title='bbox 1884 2641 2000 2680; x_wconf 89' lang='lat' dir='ltr'><strong>ma-</strong></span> 
     </span>
    </p>
   </div>
   <div class='ocr_carea' id='block_1_29' title="bbox 361 2719 2001 2793">
    <p class='ocr_par' dir='ltr' id='par_1_29' title="bbox 361 2719 2001 2793">
     <span class='ocr_line' id='line_1_29' title="bbox 361 2719 2001 2793; baseline -0.009 -3"><span class='ocrx_word' id='word_1_191' title='bbox 361 2734 464 2789; x_wconf 87' lang='lat' dir='ltr'><strong>tris</strong></span> <span class='ocrx_word' id='word_1_192' title='bbox 493 2749 631 2788; x_wconf 74' lang='lat' dir='ltr'><strong>suae.</strong></span> <span class='ocrx_word' id='word_1_193' title='bbox 664 2732 731 2786; x_wconf 91' lang='lat' dir='ltr'><strong>Et</strong></span> <span class='ocrx_word' id='word_1_194' title='bbox 750 2731 870 2785; x_wconf 66' lang='lat' dir='ltr'><strong>haec</strong></span> <span class='ocrx_word' id='word_1_195' title='bbox 898 2727 1065 2782; x_wconf 92' lang='lat' dir='ltr'><strong>vidua</strong></span> <span class='ocrx_word' id='word_1_196' title='bbox 1091 2728 1230 2793; x_wconf 90' lang='lat' dir='ltr'><strong>erat,</strong></span> <span class='ocrx_word' id='word_1_197' title='bbox 1260 2727 1316 2779; x_wconf 92' lang='lat' dir='ltr'><strong>et</strong></span> <span class='ocrx_word' id='word_1_198' title='bbox 1344 2722 1510 2777; x_wconf 85' lang='lat' dir='ltr'><strong>turba</strong></span> <span class='ocrx_word' id='word_1_199' title='bbox 1552 2719 1793 2775; x_wconf 86' lang='lat' dir='ltr'><strong>civitatis</strong></span> <span class='ocrx_word' id='word_1_200' title='bbox 1820 2720 2001 2775; x_wconf 91' lang='lat' dir='ltr'><strong>multa</strong></span> 
     </span>
    </p>
   </div>
   <div class='ocr_carea' id='block_1_30' title="bbox 365 2813 2001 2890">
    <p class='ocr_par' dir='ltr' id='par_1_30' title="bbox 365 2813 2001 2890">
     <span class='ocr_line' id='line_1_30' title="bbox 365 2813 2001 2890; baseline -0.011 -6"><span class='ocrx_word' id='word_1_201' title='bbox 365 2844 497 2883; x_wconf 90' lang='lat' dir='ltr'><strong>eum</strong></span> <span class='ocrx_word' id='word_1_202' title='bbox 530 2826 634 2882; x_wconf 91' lang='lat' dir='ltr'><strong>illi.</strong></span> <span class='ocrx_word' id='word_1_203' title='bbox 660 2826 841 2890; x_wconf 90' lang='lat' dir='ltr'><strong>Quam</strong></span> <span class='ocrx_word' id='word_1_204' title='bbox 867 2838 1000 2877; x_wconf 90' lang='lat' dir='ltr'><strong>cum</strong></span> <span class='ocrx_word' id='word_1_205' title='bbox 1026 2820 1255 2875; x_wconf 83' lang='lat' dir='ltr'><strong>vidisset</strong></span> <span class='ocrx_word' id='word_1_206' title='bbox 1287 2815 1578 2882; x_wconf 88' lang='lat' dir='ltr'><strong>Dominus,</strong></span> <span class='ocrx_word' id='word_1_207' title='bbox 1612 2813 2001 2869; x_wconf 88' lang='lat' dir='ltr'><strong>misericordia</strong></span> 
     </span>
    </p>
   </div>
   <div class='ocr_carea' id='block_1_31' title="bbox 364 2906 2001 2990">
    <p class='ocr_par' dir='ltr' id='par_1_31' title="bbox 364 2906 2001 2990">
     <span class='ocr_line' id='line_1_31' title="bbox 364 2906 2001 2990; baseline -0.01 -13"><span class='ocrx_word' id='word_1_208' title='bbox 364 2925 553 2977; x_wconf 88' lang='lat' dir='ltr'><strong>motus</strong></span> <span class='ocrx_word' id='word_1_209' title='bbox 577 2935 749 2990; x_wconf 87' lang='lat' dir='ltr'><strong>super</strong></span> <span class='ocrx_word' id='word_1_210' title='bbox 772 2934 919 2985; x_wconf 88' lang='lat' dir='ltr'><strong>eam,</strong></span> <span class='ocrx_word' id='word_1_211' title='bbox 948 2915 1091 2970; x_wconf 81' lang='lat' dir='ltr'><strong>dixit</strong></span> <span class='ocrx_word' id='word_1_212' title='bbox 1115 2913 1226 2967; x_wconf 89' lang='lat' dir='ltr'><strong>illi:</strong></span> <span class='ocrx_word' id='word_1_213' title='bbox 1244 2910 1368 2966; x_wconf 91' lang='lat' dir='ltr'><strong>Noli</strong></span> <span class='ocrx_word' id='word_1_214' title='bbox 1395 2909 1548 2964; x_wconf 83' lang='lat' dir='ltr'><strong>ﬂere.</strong></span> <span class='ocrx_word' id='word_1_215' title='bbox 1582 2910 1646 2962; x_wconf 88' lang='lat' dir='ltr'><strong>Et</strong></span> <span class='ocrx_word' id='word_1_216' title='bbox 1671 2906 1920 2977; x_wconf 89' lang='lat' dir='ltr'><strong>accessit,</strong></span> <span class='ocrx_word' id='word_1_217' title='bbox 1944 2909 2001 2962; x_wconf 89' lang='lat' dir='ltr'><strong>et</strong></span> 
     </span>
    </p>
   </div>
   <div class='ocr_carea' id='block_1_32' title="bbox 363 3002 1999 3085">
    <p class='ocr_par' dir='ltr' id='par_1_32' title="bbox 363 3002 1999 3085">
     <span class='ocr_line' id='line_1_32' title="bbox 363 3002 1999 3085; baseline -0.009 -15"><span class='ocrx_word' id='word_1_218' title='bbox 363 3013 559 3085; x_wconf 84' lang='lat' dir='ltr'><strong>tetigit</strong></span> <span class='ocrx_word' id='word_1_219' title='bbox 582 3012 853 3066; x_wconf 91' lang='lat' dir='ltr'><strong>loculum.</strong></span> <span class='ocrx_word' id='word_1_220' title='bbox 886 3008 975 3063; x_wconf 83' lang='lat' dir='ltr'><strong>Hii</strong></span> <span class='ocrx_word' id='word_1_221' title='bbox 1012 3012 1203 3061; x_wconf 90' lang='lat' dir='ltr'><strong>autem</strong></span> <span class='ocrx_word' id='word_1_222' title='bbox 1242 3003 1341 3076; x_wconf 89' lang='lat' dir='ltr'><strong>qui</strong></span> <span class='ocrx_word' id='word_1_223' title='bbox 1375 3002 1676 3075; x_wconf 85' lang='lat' dir='ltr'><strong>portabant</strong></span> <span class='ocrx_word' id='word_1_224' title='bbox 1704 3003 1999 3056; x_wconf 89' lang='lat' dir='ltr'><strong>steterunt.</strong></span> 
     </span>
    </p>
   </div>
   <div class='ocr_carea' id='block_1_33' title="bbox 367 3093 1999 3166">
    <p class='ocr_par' dir='ltr' id='par_1_33' title="bbox 367 3093 1999 3166">
     <span class='ocr_line' id='line_1_33' title="bbox 367 3093 1999 3166; baseline -0.009 -4"><span class='ocrx_word' id='word_1_225' title='bbox 367 3109 437 3163; x_wconf 86' lang='lat' dir='ltr'><strong>Et</strong></span> <span class='ocrx_word' id='word_1_226' title='bbox 463 3106 543 3161; x_wconf 89' lang='lat' dir='ltr'><strong>ait</strong></span> <span class='ocrx_word' id='word_1_227' title='bbox 585 3124 598 3160; x_wconf 89' lang='lat'><strong>:</strong></span> <span class='ocrx_word' id='word_1_228' title='bbox 643 3103 984 3159; x_wconf 85' lang='lat' dir='ltr'><strong>Adulescens</strong></span> <span class='ocrx_word' id='word_1_229' title='bbox 1028 3099 1130 3155; x_wconf 85' lang='lat' dir='ltr'><strong>tibi</strong></span> <span class='ocrx_word' id='word_1_230' title='bbox 1157 3098 1301 3166; x_wconf 92' lang='lat' dir='ltr'><strong>dico,</strong></span> <span class='ocrx_word' id='word_1_231' title='bbox 1339 3111 1529 3166; x_wconf 89' lang='lat' dir='ltr'><strong>surge.</strong></span> <span class='ocrx_word' id='word_1_232' title='bbox 1563 3095 1630 3149; x_wconf 89' lang='lat' dir='ltr'><strong>Et</strong></span> <span class='ocrx_word' id='word_1_233' title='bbox 1666 3093 1873 3149; x_wconf 92' lang='lat' dir='ltr'><strong>resedit</strong></span> <span class='ocrx_word' id='word_1_234' title='bbox 1901 3093 1999 3165; x_wconf 88' lang='lat' dir='ltr'><strong>qui</strong></span> 
     </span>
    </p>
   </div>
   <div class='ocr_carea' id='block_1_34' title="bbox 2088 478 3735 558">
    <p class='ocr_par' dir='ltr' id='par_1_34' title="bbox 2088 478 3735 558">
     <span class='ocr_line' id='line_1_34' title="bbox 2088 478 3735 558; baseline 0 -17"><span class='ocrx_word' id='word_1_235' title='bbox 2088 486 2271 543; x_wconf 84' lang='lat' dir='ltr'><strong>iantes</strong></span> <span class='ocrx_word' id='word_1_236' title='bbox 2296 478 2562 542; x_wconf 79' lang='lat' dir='ltr'><strong>multum.</strong></span> <span class='ocrx_word' id='word_1_237' title='bbox 2593 487 2660 541; x_wconf 90' lang='lat' dir='ltr'><strong>Et</strong></span> <span class='ocrx_word' id='word_1_238' title='bbox 2698 486 2988 558; x_wconf 89' lang='lat' dir='ltr'><strong>ingressus</strong></span> <span class='ocrx_word' id='word_1_239' title='bbox 3013 486 3093 543; x_wconf 89' lang='lat' dir='ltr'><strong>ait</strong></span> <span class='ocrx_word' id='word_1_240' title='bbox 3112 486 3192 543; x_wconf 88' lang='lat' dir='ltr'><strong>eis</strong></span> <span class='ocrx_word' id='word_1_241' title='bbox 3219 502 3233 543; x_wconf 89' lang='lat'><strong>:</strong></span> <span class='ocrx_word' id='word_1_242' title='bbox 3257 486 3402 552; x_wconf 88' lang='lat' dir='ltr'><strong>Quid</strong></span> <span class='ocrx_word' id='word_1_243' title='bbox 3416 484 3735 542; x_wconf 88' lang='lat' dir='ltr'><strong>turbamini</strong></span> 
     </span>
    </p>
   </div>
   <div class='ocr_carea' id='block_1_35' title="bbox 2091 579 3839 653">
    <p class='ocr_par' dir='ltr' id='par_1_35' title="bbox 2091 579 3839 653">
     <span class='ocr_line' id='line_1_35' title="bbox 2091 579 3839 653; baseline -0.001 -16"><span class='ocrx_word' id='word_1_244' title='bbox 2091 585 2147 637; x_wconf 91' lang='lat' dir='ltr'><strong>et</strong></span> <span class='ocrx_word' id='word_1_245' title='bbox 2171 580 2405 653; x_wconf 89' lang='lat' dir='ltr'><strong>ploratis</strong></span> <span class='ocrx_word' id='word_1_246' title='bbox 2423 581 2450 635; x_wconf 89' lang='lat'><strong>?</strong></span> <span class='ocrx_word' id='word_1_247' title='bbox 2505 580 2693 652; x_wconf 86' lang='lat' dir='ltr'><strong>puella</strong></span> <span class='ocrx_word' id='word_1_248' title='bbox 2718 597 2832 636; x_wconf 92' lang='lat' dir='ltr'><strong>non</strong></span> <span class='ocrx_word' id='word_1_249' title='bbox 2875 586 2960 637; x_wconf 89' lang='lat' dir='ltr'><strong>est</strong></span> <span class='ocrx_word' id='word_1_250' title='bbox 2990 585 3236 650; x_wconf 88' lang='lat' dir='ltr'><strong>mortua,</strong></span> <span class='ocrx_word' id='word_1_251' title='bbox 3277 580 3374 636; x_wconf 91' lang='lat' dir='ltr'><strong>sed</strong></span> <span class='ocrx_word' id='word_1_252' title='bbox 3403 579 3637 636; x_wconf 91' lang='lat' dir='ltr'><strong>dormit.</strong></span> <span class='ocrx_word' id='word_1_253' title='bbox 3668 579 3739 636; x_wconf 84' lang='lat' dir='ltr'><strong>Et</strong></span> <span class='ocrx_word' id='word_1_254' title='bbox 3808 605 3839 627; x_wconf 71' lang='grc' dir='ltr'><strong>ο</strong></span> 
     </span>
    </p>
   </div>
   <div class='ocr_carea' id='block_1_36' title="bbox 2092 673 3739 746">
    <p class='ocr_par' dir='ltr' id='par_1_36' title="bbox 2092 673 3739 746">
     <span class='ocr_line' id='line_1_36' title="bbox 2092 673 3739 746; baseline -0.001 -16"><span class='ocrx_word' id='word_1_255' title='bbox 2092 673 2415 730; x_wconf 88' lang='lat' dir='ltr'><strong>inridebant</strong></span> <span class='ocrx_word' id='word_1_256' title='bbox 2440 690 2594 732; x_wconf 90' lang='lat' dir='ltr'><strong>eum.</strong></span> <span class='ocrx_word' id='word_1_257' title='bbox 2611 676 2733 745; x_wconf 91' lang='lat' dir='ltr'><strong>Ipse</strong></span> <span class='ocrx_word' id='word_1_258' title='bbox 2763 690 2897 730; x_wconf 89' lang='lat' dir='ltr'><strong>vero</strong></span> <span class='ocrx_word' id='word_1_259' title='bbox 2925 674 3117 746; x_wconf 91' lang='lat' dir='ltr'><strong>ejectis</strong></span> <span class='ocrx_word' id='word_1_260' title='bbox 3142 674 3426 739; x_wconf 85' lang='lat' dir='ltr'><strong>omnibus,</strong></span> <span class='ocrx_word' id='word_1_261' title='bbox 3454 673 3739 729; x_wconf 86' lang='lat' dir='ltr'><strong>adsumsit</strong></span> 
     </span>
    </p>
   </div>
   <div class='ocr_carea' id='block_1_37' title="bbox 2090 768 3739 841">
    <p class='ocr_par' dir='ltr' id='par_1_37' title="bbox 2090 768 3739 841">
     <span class='ocr_line' id='line_1_37' title="bbox 2090 768 3739 841; baseline 0 -19"><span class='ocrx_word' id='word_1_262' title='bbox 2090 773 2310 840; x_wconf 89' lang='lat' dir='ltr'><strong>patrem</strong></span> <span class='ocrx_word' id='word_1_263' title='bbox 2352 772 2407 824; x_wconf 91' lang='lat' dir='ltr'><strong>et</strong></span> <span class='ocrx_word' id='word_1_264' title='bbox 2433 773 2671 823; x_wconf 85' lang='lat' dir='ltr'><strong>matrem</strong></span> <span class='ocrx_word' id='word_1_265' title='bbox 2716 769 2938 840; x_wconf 68' lang='lat' dir='ltr'><strong>puellae,</strong></span> <span class='ocrx_word' id='word_1_266' title='bbox 2982 774 3036 824; x_wconf 88' lang='lat' dir='ltr'><strong>et</strong></span> <span class='ocrx_word' id='word_1_267' title='bbox 3077 768 3177 841; x_wconf 92' lang='lat' dir='ltr'><strong>qui</strong></span> <span class='ocrx_word' id='word_1_268' title='bbox 3214 785 3407 823; x_wconf 90' lang='lat' dir='ltr'><strong>secum</strong></span> <span class='ocrx_word' id='word_1_269' title='bbox 3445 772 3630 823; x_wconf 90' lang='lat' dir='ltr'><strong>erant.</strong></span> <span class='ocrx_word' id='word_1_270' title='bbox 3670 768 3739 824; x_wconf 85' lang='lat' dir='ltr'><strong>Et</strong></span> 
     </span>
    </p>
   </div>
   <div class='ocr_carea' id='block_1_38' title="bbox 2091 862 3736 935">
    <p class='ocr_par' dir='ltr' id='par_1_38' title="bbox 2091 862 3736 935">
     <span class='ocr_line' id='line_1_38' title="bbox 2091 862 3736 935; baseline 0.001 -19"><span class='ocrx_word' id='word_1_271' title='bbox 2091 862 2411 934; x_wconf 85' lang='lat' dir='ltr'><strong>ingreditur</strong></span> <span class='ocrx_word' id='word_1_272' title='bbox 2452 862 2550 916; x_wconf 91' lang='lat' dir='ltr'><strong>ubi</strong></span> <span class='ocrx_word' id='word_1_273' title='bbox 2588 865 2710 916; x_wconf 91' lang='lat' dir='ltr'><strong>erat</strong></span> <span class='ocrx_word' id='word_1_274' title='bbox 2742 863 2929 935; x_wconf 88' lang='lat' dir='ltr'><strong>puella</strong></span> <span class='ocrx_word' id='word_1_275' title='bbox 2947 863 3161 934; x_wconf 90' lang='lat' dir='ltr'><strong>jacens,</strong></span> <span class='ocrx_word' id='word_1_276' title='bbox 3191 867 3246 917; x_wconf 89' lang='lat' dir='ltr'><strong>et</strong></span> <span class='ocrx_word' id='word_1_277' title='bbox 3268 867 3466 917; x_wconf 89' lang='lat' dir='ltr'><strong>tenens</strong></span> <span class='ocrx_word' id='word_1_278' title='bbox 3492 877 3736 917; x_wconf 88' lang='lat' dir='ltr'><strong>manum</strong></span> 
     </span>
    </p>
   </div>
   <div class='ocr_carea' id='block_1_39' title="bbox 2090 954 3732 1030">
    <p class='ocr_par' dir='ltr' id='par_1_39' title="bbox 2090 954 3732 1030">
     <span class='ocr_line' id='line_1_39' title="bbox 2090 954 3732 1030; baseline 0.001 -20"><span class='ocrx_word' id='word_1_279' title='bbox 2090 956 2297 1030; x_wconf 70' lang='lat' dir='ltr'><strong>puellae</strong></span> <span class='ocrx_word' id='word_1_280' title='bbox 2324 961 2380 1012; x_wconf 91' lang='lat' dir='ltr'><strong>et</strong></span> <span class='ocrx_word' id='word_1_281' title='bbox 2403 954 2538 1011; x_wconf 87' lang='lat' dir='ltr'><strong>tibi:</strong></span> <span class='ocrx_word' id='word_1_282' title='bbox 2561 955 2752 1011; x_wconf 89' lang='lat' dir='ltr'><strong>Tabita</strong></span> <span class='ocrx_word' id='word_1_283' title='bbox 2778 955 2949 1026; x_wconf 89' lang='lat' dir='ltr'><strong>cumi,</strong></span> <span class='ocrx_word' id='word_1_284' title='bbox 2978 956 3131 1028; x_wconf 89' lang='lat' dir='ltr'><strong>quod</strong></span> <span class='ocrx_word' id='word_1_285' title='bbox 3157 961 3240 1011; x_wconf 92' lang='lat' dir='ltr'><strong>est</strong></span> <span class='ocrx_word' id='word_1_286' title='bbox 3269 955 3732 1027; x_wconf 90' lang='lat' dir='ltr'><strong>interpretatum,</strong></span> 
     </span>
    </p>
   </div>
   <div class='ocr_carea' id='block_1_40' title="bbox 2091 1049 3734 1122">
    <p class='ocr_par' dir='ltr' id='par_1_40' title="bbox 2091 1049 3734 1122">
     <span class='ocr_line' id='line_1_40' title="bbox 2091 1049 3734 1122; baseline -0.001 -18"><span class='ocrx_word' id='word_1_287' title='bbox 2091 1050 2298 1122; x_wconf 91' lang='lat' dir='ltr'><strong>puella,</strong></span> <span class='ocrx_word' id='word_1_288' title='bbox 2326 1049 2427 1105; x_wconf 90' lang='lat' dir='ltr'><strong>tibi</strong></span> <span class='ocrx_word' id='word_1_289' title='bbox 2453 1050 2598 1116; x_wconf 91' lang='lat' dir='ltr'><strong>dico,</strong></span> <span class='ocrx_word' id='word_1_290' title='bbox 2629 1066 2816 1122; x_wconf 86' lang='lat' dir='ltr'><strong>surge.</strong></span> <span class='ocrx_word' id='word_1_291' title='bbox 2835 1051 2899 1105; x_wconf 89' lang='lat' dir='ltr'><strong>Et</strong></span> <span class='ocrx_word' id='word_1_292' title='bbox 2924 1050 3218 1106; x_wconf 88' lang='lat' dir='ltr'><strong>confestim</strong></span> <span class='ocrx_word' id='word_1_293' title='bbox 3247 1050 3493 1105; x_wconf 83' lang='lat' dir='ltr'><strong>surrexit</strong></span> <span class='ocrx_word' id='word_1_294' title='bbox 3518 1050 3734 1121; x_wconf 88' lang='lat' dir='ltr'><strong>puella,</strong></span> 
     </span>
    </p>
   </div>
   <div class='ocr_carea' id='block_1_41' title="bbox 2092 1143 3737 1200">
    <p class='ocr_par' dir='ltr' id='par_1_41' title="bbox 2092 1143 3737 1200">
     <span class='ocr_line' id='line_1_41' title="bbox 2092 1143 3737 1200; baseline -0.001 -1"><span class='ocrx_word' id='word_1_295' title='bbox 2092 1149 2148 1199; x_wconf 87' lang='lat' dir='ltr'><strong>et</strong></span> <span class='ocrx_word' id='word_1_296' title='bbox 2190 1143 2538 1199; x_wconf 83' lang='lat' dir='ltr'><strong>ambulabat.</strong></span> <span class='ocrx_word' id='word_1_297' title='bbox 2581 1145 2712 1199; x_wconf 88' lang='lat' dir='ltr'><strong>Erat</strong></span> <span class='ocrx_word' id='word_1_298' title='bbox 2746 1148 2938 1199; x_wconf 90' lang='lat' dir='ltr'><strong>autem</strong></span> <span class='ocrx_word' id='word_1_299' title='bbox 2974 1160 3256 1200; x_wconf 89' lang='lat' dir='ltr'><strong>annorum</strong></span> <span class='ocrx_word' id='word_1_300' title='bbox 3296 1143 3621 1200; x_wconf 90' lang='lat' dir='ltr'><strong>duodecim.</strong></span> <span class='ocrx_word' id='word_1_301' title='bbox 3671 1144 3737 1199; x_wconf 86' lang='lat' dir='ltr'><strong>Et</strong></span> 
     </span>
    </p>
   </div>
   <div class='ocr_carea' id='block_1_42' title="bbox 2092 1236 3738 1311">
    <p class='ocr_par' dir='ltr' id='par_1_42' title="bbox 2092 1236 3738 1311">
     <span class='ocr_line' id='line_1_42' title="bbox 2092 1236 3738 1311; baseline 0 -19"><span class='ocrx_word' id='word_1_302' title='bbox 2092 1237 2487 1310; x_wconf 87' lang='lat' dir='ltr'><strong>obstipuerunt</strong></span> <span class='ocrx_word' id='word_1_303' title='bbox 2514 1240 2742 1309; x_wconf 84' lang='lat' dir='ltr'><strong>stupore</strong></span> <span class='ocrx_word' id='word_1_304' title='bbox 2762 1238 3032 1308; x_wconf 90' lang='lat' dir='ltr'><strong>maximo,</strong></span> <span class='ocrx_word' id='word_1_305' title='bbox 3055 1242 3112 1294; x_wconf 91' lang='lat' dir='ltr'><strong>et</strong></span> <span class='ocrx_word' id='word_1_306' title='bbox 3130 1238 3405 1311; x_wconf 63' lang='lat' dir='ltr'><strong>praecepit</strong></span> <span class='ocrx_word' id='word_1_307' title='bbox 3432 1236 3546 1294; x_wconf 85' lang='lat' dir='ltr'><strong>illis</strong></span> <span class='ocrx_word' id='word_1_308' title='bbox 3573 1236 3738 1293; x_wconf 85' lang='lat' dir='ltr'><strong>vehe-</strong></span> 
     </span>
    </p>
   </div>
   <div class='ocr_carea' id='block_1_43' title="bbox 2091 1331 2897 1390">
    <p class='ocr_par' dir='ltr' id='par_1_43' title="bbox 2091 1331 2897 1390">
     <span class='ocr_line' id='line_1_43' title="bbox 2091 1331 2897 1390; baseline 0.001 -4"><span class='ocrx_word' id='word_1_309' title='bbox 2091 1336 2316 1390; x_wconf 87' lang='lat' dir='ltr'><strong>menter</strong></span> <span class='ocrx_word' id='word_1_310' title='bbox 2341 1336 2404 1387; x_wconf 87' lang='lat' dir='ltr'><strong>ut</strong></span> <span class='ocrx_word' id='word_1_311' title='bbox 2428 1347 2596 1388; x_wconf 92' lang='lat' dir='ltr'><strong>nemo</strong></span> <span class='ocrx_word' id='word_1_312' title='bbox 2622 1331 2681 1387; x_wconf 91' lang='lat' dir='ltr'><strong>id</strong></span> <span class='ocrx_word' id='word_1_313' title='bbox 2712 1331 2897 1388; x_wconf 90' lang='lat' dir='ltr'><strong>sciret.</strong></span> 
     </span>
    </p>
   </div>
   <div class='ocr_carea' id='block_1_44' title="bbox 2649 1455 3194 1497">
    <p class='ocr_par' dir='ltr' id='par_1_44' title="bbox 2649 1455 3194 1497">
     <span class='ocr_line' id='line_1_44' title="bbox 2649 1455 3194 1497; baseline 0.004 -4"><span class='ocrx_word' id='word_1_314' title='bbox 2649 1456 2808 1496; x_wconf 70' lang='lat' dir='ltr'><strong>MISSA</strong></span> <span class='ocrx_word' id='word_1_315' title='bbox 2857 1455 3194 1497; x_wconf 71' lang='lat' dir='ltr'><strong>COTTIDIANA.</strong></span> 
     </span>
    </p>
   </div>
   <div class='ocr_carea' id='block_1_45' title="bbox 2164 1537 3736 1611">
    <p class='ocr_par' dir='ltr' id='par_1_45' title="bbox 2164 1537 3736 1611">
     <span class='ocr_line' id='line_1_45' title="bbox 2164 1537 3736 1611; baseline 0.001 -19"><span class='ocrx_word' id='word_1_316' title='bbox 2164 1539 2523 1607; x_wconf 80' lang='lat' dir='ltr'><strong>Quaesumus,</strong></span> <span class='ocrx_word' id='word_1_317' title='bbox 2554 1538 2915 1611; x_wconf 89' lang='lat' dir='ltr'><strong>omnipotens</strong></span> <span class='ocrx_word' id='word_1_318' title='bbox 2944 1539 3110 1607; x_wconf 90' lang='lat' dir='ltr'><strong>Deus,</strong></span> <span class='ocrx_word' id='word_1_319' title='bbox 3137 1555 3210 1595; x_wconf 89' lang='lat' dir='ltr'><strong>ne</strong></span> <span class='ocrx_word' id='word_1_320' title='bbox 3253 1555 3356 1594; x_wconf 93' lang='lat' dir='ltr'><strong>nos</strong></span> <span class='ocrx_word' id='word_1_321' title='bbox 3388 1543 3486 1594; x_wconf 86' lang='lat' dir='ltr'><strong>tua</strong></span> <span class='ocrx_word' id='word_1_322' title='bbox 3513 1537 3736 1594; x_wconf 86' lang='lat' dir='ltr'><strong>miseri-</strong></span> 
     </span>
    </p>
   </div>
   <div class='ocr_carea' id='block_1_46' title="bbox 2095 1632 3737 1707">
    <p class='ocr_par' dir='ltr' id='par_1_46' title="bbox 2095 1632 3737 1707">
     <span class='ocr_line' id='line_1_46' title="bbox 2095 1632 3737 1707; baseline -0.001 -21"><span class='ocrx_word' id='word_1_323' title='bbox 2095 1632 2288 1687; x_wconf 88' lang='lat' dir='ltr'><strong>cordia</strong></span> <span class='ocrx_word' id='word_1_324' title='bbox 2315 1632 2650 1707; x_wconf 87' lang='lat' dir='ltr'><strong>dereliquat,</strong></span> <span class='ocrx_word' id='word_1_325' title='bbox 2680 1649 2810 1705; x_wconf 67' lang='lat' dir='ltr'><strong>quae</strong></span> <span class='ocrx_word' id='word_1_326' title='bbox 2851 1638 2908 1688; x_wconf 92' lang='lat' dir='ltr'><strong>et</strong></span> <span class='ocrx_word' id='word_1_327' title='bbox 2934 1637 3179 1689; x_wconf 89' lang='lat' dir='ltr'><strong>terrores</strong></span> <span class='ocrx_word' id='word_1_328' title='bbox 3206 1638 3428 1689; x_wconf 89' lang='lat' dir='ltr'><strong>nostros</strong></span> <span class='ocrx_word' id='word_1_329' title='bbox 3456 1638 3737 1701; x_wconf 86' lang='lat' dir='ltr'><strong>amoveat,</strong></span> 
     </span>
    </p>
   </div>
   <div class='ocr_carea' id='block_1_47' title="bbox 2102 1725 2852 1798">
    <p class='ocr_par' dir='ltr' id='par_1_47' title="bbox 2102 1725 2852 1798">
     <span class='ocr_line' id='line_1_47' title="bbox 2102 1725 2852 1798; baseline -0.001 -17"><span class='ocrx_word' id='word_1_330' title='bbox 2102 1730 2158 1783; x_wconf 91' lang='lat' dir='ltr'><strong>et</strong></span> <span class='ocrx_word' id='word_1_331' title='bbox 2174 1725 2341 1782; x_wconf 88' lang='lat' dir='ltr'><strong>noxia</strong></span> <span class='ocrx_word' id='word_1_332' title='bbox 2366 1732 2565 1783; x_wconf 84' lang='lat' dir='ltr'><strong>cuncta</strong></span> <span class='ocrx_word' id='word_1_333' title='bbox 2593 1726 2852 1798; x_wconf 90' lang='lat' dir='ltr'><strong>depellat.</strong></span> 
     </span>
    </p>
   </div>
   <div class='ocr_carea' id='block_1_48' title="bbox 2799 1830 3027 1881">
    <p class='ocr_par' dir='ltr' id='par_1_48' title="bbox 2799 1830 3027 1881">
     <span class='ocr_line' id='line_1_48' title="bbox 2799 1830 3027 1881; baseline 0.009 -2"><span class='ocrx_word' id='word_1_334' title='bbox 2799 1830 3027 1881; x_wconf 86' lang='lat' dir='ltr'><strong>Secreta.</strong></span> 
     </span>
    </p>
   </div>
   <div class='ocr_carea' id='block_1_49' title="bbox 2172 1914 3738 1988">
    <p class='ocr_par' dir='ltr' id='par_1_49' title="bbox 2172 1914 3738 1988">
     <span class='ocr_line' id='line_1_49' title="bbox 2172 1914 3738 1988; baseline 0.001 -19"><span class='ocrx_word' id='word_1_335' title='bbox 2172 1914 2376 1970; x_wconf 85' lang='lat' dir='ltr'><strong>Munda</strong></span> <span class='ocrx_word' id='word_1_336' title='bbox 2411 1931 2539 1982; x_wconf 91' lang='lat' dir='ltr'><strong>nos,</strong></span> <span class='ocrx_word' id='word_1_337' title='bbox 2570 1915 2824 1986; x_wconf 91' lang='lat' dir='ltr'><strong>Domine,</strong></span> <span class='ocrx_word' id='word_1_338' title='bbox 2868 1916 3125 1971; x_wconf 83' lang='lat' dir='ltr'><strong>sacrificii</strong></span> <span class='ocrx_word' id='word_1_339' title='bbox 3174 1916 3468 1988; x_wconf 68' lang='lat' dir='ltr'><strong>praesentis</strong></span> <span class='ocrx_word' id='word_1_340' title='bbox 3509 1916 3738 1983; x_wconf 73' lang='lat' dir='ltr'><strong>effectu,</strong></span> 
     </span>
    </p>
   </div>
   <div class='ocr_carea' id='block_1_50' title="bbox 2102 2008 3743 2081">
    <p class='ocr_par' dir='ltr' id='par_1_50' title="bbox 2102 2008 3743 2081">
     <span class='ocr_line' id='line_1_50' title="bbox 2102 2008 3743 2081; baseline 0.001 -18"><span class='ocrx_word' id='word_1_341' title='bbox 2102 2012 2159 2063; x_wconf 92' lang='lat' dir='ltr'><strong>et</strong></span> <span class='ocrx_word' id='word_1_342' title='bbox 2182 2008 2388 2080; x_wconf 84' lang='lat' dir='ltr'><strong>perfice</strong></span> <span class='ocrx_word' id='word_1_343' title='bbox 2416 2008 2712 2064; x_wconf 89' lang='lat' dir='ltr'><strong>miserator</strong></span> <span class='ocrx_word' id='word_1_344' title='bbox 2735 2010 2795 2065; x_wconf 91' lang='lat' dir='ltr'><strong>in</strong></span> <span class='ocrx_word' id='word_1_345' title='bbox 2823 2010 3006 2079; x_wconf 90' lang='lat' dir='ltr'><strong>nobis,</strong></span> <span class='ocrx_word' id='word_1_346' title='bbox 3024 2015 3089 2065; x_wconf 92' lang='lat' dir='ltr'><strong>ut</strong></span> <span class='ocrx_word' id='word_1_347' title='bbox 3114 2009 3236 2081; x_wconf 87' lang='lat' dir='ltr'><strong>ejus</strong></span> <span class='ocrx_word' id='word_1_348' title='bbox 3261 2025 3591 2066; x_wconf 88' lang='lat' dir='ltr'><strong>mereamur</strong></span> <span class='ocrx_word' id='word_1_349' title='bbox 3620 2025 3743 2066; x_wconf 77' lang='lat' dir='ltr'><strong>esse</strong></span> 
     </span>
    </p>
   </div>
   <div class='ocr_carea' id='block_1_51' title="bbox 2101 2102 2423 2177">
    <p class='ocr_par' dir='ltr' id='par_1_51' title="bbox 2101 2102 2423 2177">
     <span class='ocr_line' id='line_1_51' title="bbox 2101 2102 2423 2177; baseline 0 -19"><span class='ocrx_word' id='word_1_350' title='bbox 2101 2102 2423 2177; x_wconf 88' lang='lat' dir='ltr'><strong>participes.</strong></span> 
     </span>
    </p>
   </div>
   <div class='ocr_carea' id='block_1_52' title="bbox 2748 2174 3085 2224">
    <p class='ocr_par' dir='ltr' id='par_1_52' title="bbox 2748 2174 3085 2224">
     <span class='ocr_line' id='line_1_52' title="bbox 2748 2174 3085 2224; baseline 0 0"><span class='ocrx_word' id='word_1_351' title='bbox 2748 2174 3085 2224; x_wconf 87' lang='lat' dir='ltr'><strong>Contestatio.</strong></span> 
     </span>
    </p>
   </div>
   <div class='ocr_carea' id='block_1_53' title="bbox 2170 2259 3743 2332">
    <p class='ocr_par' dir='ltr' id='par_1_53' title="bbox 2170 2259 3743 2332">
     <span class='ocr_line' id='line_1_53' title="bbox 2170 2259 3743 2332; baseline 0.003 -20"><span class='ocrx_word' id='word_1_352' title='bbox 2170 2259 2308 2313; x_wconf 86' lang='lat' dir='ltr'><strong>Vere</strong></span> <span class='ocrx_word' id='word_1_353' title='bbox 2342 2259 2581 2331; x_wconf 91' lang='lat' dir='ltr'><strong>dignum</strong></span> <span class='ocrx_word' id='word_1_354' title='bbox 2628 2264 2683 2315; x_wconf 93' lang='lat' dir='ltr'><strong>et</strong></span> <span class='ocrx_word' id='word_1_355' title='bbox 2714 2260 2934 2332; x_wconf 88' lang='lat' dir='ltr'><strong>justum</strong></span> <span class='ocrx_word' id='word_1_356' title='bbox 2978 2264 3082 2330; x_wconf 91' lang='lat' dir='ltr'><strong>est,</strong></span> <span class='ocrx_word' id='word_1_357' title='bbox 3136 2261 3501 2332; x_wconf 91' lang='lat' dir='ltr'><strong>omnipotens</strong></span> <span class='ocrx_word' id='word_1_358' title='bbox 3545 2262 3743 2316; x_wconf 89' lang='lat' dir='ltr'><strong>Deus:</strong></span> 
     </span>
    </p>
   </div>
   <div class='ocr_carea' id='block_1_54' title="bbox 2100 2353 3750 2427">
    <p class='ocr_par' dir='ltr' id='par_1_54' title="bbox 2100 2353 3750 2427">
     <span class='ocr_line' id='line_1_54' title="bbox 2100 2353 3750 2427; baseline 0.002 -21"><span class='ocrx_word' id='word_1_359' title='bbox 2100 2368 2265 2408; x_wconf 89' lang='lat' dir='ltr'><strong>verus</strong></span> <span class='ocrx_word' id='word_1_360' title='bbox 2318 2353 2491 2409; x_wconf 93' lang='lat' dir='ltr'><strong>homo</strong></span> <span class='ocrx_word' id='word_1_361' title='bbox 2530 2371 2757 2409; x_wconf 89' lang='lat' dir='ltr'><strong>carnem</strong></span> <span class='ocrx_word' id='word_1_362' title='bbox 2790 2355 2993 2409; x_wconf 90' lang='lat' dir='ltr'><strong>sumsit</strong></span> <span class='ocrx_word' id='word_1_363' title='bbox 3026 2356 3094 2410; x_wconf 92' lang='lat' dir='ltr'><strong>de</strong></span> <span class='ocrx_word' id='word_1_364' title='bbox 3122 2355 3369 2427; x_wconf 88' lang='lat' dir='ltr'><strong>Virgine,</strong></span> <span class='ocrx_word' id='word_1_365' title='bbox 3400 2370 3567 2411; x_wconf 87' lang='lat' dir='ltr'><strong>verus</strong></span> <span class='ocrx_word' id='word_1_366' title='bbox 3594 2356 3750 2411; x_wconf 85' lang='lat' dir='ltr'><strong>Deus</strong></span> 
     </span>
    </p>
   </div>
   <div class='ocr_carea' id='block_1_55' title="bbox 2100 2447 3748 2521">
    <p class='ocr_par' dir='ltr' id='par_1_55' title="bbox 2100 2447 3748 2521">
     <span class='ocr_line' id='line_1_55' title="bbox 2100 2447 3748 2521; baseline 0.001 -19"><span class='ocrx_word' id='word_1_367' title='bbox 2100 2463 2219 2502; x_wconf 90' lang='lat' dir='ltr'><strong>non</strong></span> <span class='ocrx_word' id='word_1_368' title='bbox 2253 2447 2483 2503; x_wconf 90' lang='lat' dir='ltr'><strong>abstulit</strong></span> <span class='ocrx_word' id='word_1_369' title='bbox 2518 2448 2931 2520; x_wconf 84' lang='lat' dir='ltr'><strong>virginitatem;</strong></span> <span class='ocrx_word' id='word_1_370' title='bbox 2982 2465 3147 2503; x_wconf 88' lang='lat' dir='ltr'><strong>verus</strong></span> <span class='ocrx_word' id='word_1_371' title='bbox 3192 2450 3364 2504; x_wconf 89' lang='lat' dir='ltr'><strong>homo</strong></span> <span class='ocrx_word' id='word_1_372' title='bbox 3416 2449 3634 2521; x_wconf 88' lang='lat' dir='ltr'><strong>positus</strong></span> <span class='ocrx_word' id='word_1_373' title='bbox 3684 2450 3748 2504; x_wconf 90' lang='lat' dir='ltr'><strong>in</strong></span> 
     </span>
    </p>
   </div>
   <div class='ocr_carea' id='block_1_56' title="bbox 2100 2541 3752 2614">
    <p class='ocr_par' dir='ltr' id='par_1_56' title="bbox 2100 2541 3752 2614">
     <span class='ocr_line' id='line_1_56' title="bbox 2100 2541 3752 2614; baseline 0.001 -19"><span class='ocrx_word' id='word_1_374' title='bbox 2100 2541 2395 2613; x_wconf 68' lang='lat' dir='ltr'><strong>prtesepio,</strong></span> <span class='ocrx_word' id='word_1_375' title='bbox 2421 2558 2586 2597; x_wconf 91' lang='lat' dir='ltr'><strong>verus</strong></span> <span class='ocrx_word' id='word_1_376' title='bbox 2623 2542 2769 2597; x_wconf 91' lang='lat' dir='ltr'><strong>Deus</strong></span> <span class='ocrx_word' id='word_1_377' title='bbox 2791 2543 2962 2614; x_wconf 86' lang='lat' dir='ltr'><strong>Magis</strong></span> <span class='ocrx_word' id='word_1_378' title='bbox 3005 2543 3221 2597; x_wconf 89' lang='lat' dir='ltr'><strong>stellam</strong></span> <span class='ocrx_word' id='word_1_379' title='bbox 3266 2543 3532 2599; x_wconf 86' lang='lat' dir='ltr'><strong>ostendit.</strong></span> <span class='ocrx_word' id='word_1_380' title='bbox 3566 2544 3752 2598; x_wconf 86' lang='lat' dir='ltr'><strong>Verus</strong></span> 
     </span>
    </p>
   </div>
   <div class='ocr_carea' id='block_1_57' title="bbox 2100 2635 3753 2709">
    <p class='ocr_par' dir='ltr' id='par_1_57' title="bbox 2100 2635 3753 2709">
     <span class='ocr_line' id='line_1_57' title="bbox 2100 2635 3753 2709; baseline 0.002 -20"><span class='ocrx_word' id='word_1_381' title='bbox 2100 2635 2270 2689; x_wconf 91' lang='lat' dir='ltr'><strong>homo</strong></span> <span class='ocrx_word' id='word_1_382' title='bbox 2294 2635 2604 2706; x_wconf 86' lang='lat' dir='ltr'><strong>baptizatus</strong></span> <span class='ocrx_word' id='word_1_383' title='bbox 2623 2653 2655 2689; x_wconf 92' lang='lat' dir='ltr'><strong>a</strong></span> <span class='ocrx_word' id='word_1_384' title='bbox 2679 2636 2952 2705; x_wconf 69' lang='lat' dir='ltr'><strong>Iohanne,</strong></span> <span class='ocrx_word' id='word_1_385' title='bbox 2981 2653 3145 2691; x_wconf 88' lang='lat' dir='ltr'><strong>verus</strong></span> <span class='ocrx_word' id='word_1_386' title='bbox 3165 2638 3312 2692; x_wconf 90' lang='lat' dir='ltr'><strong>Deus</strong></span> <span class='ocrx_word' id='word_1_387' title='bbox 3331 2653 3507 2709; x_wconf 89' lang='lat' dir='ltr'><strong>aquas</strong></span> <span class='ocrx_word' id='word_1_388' title='bbox 3534 2637 3753 2692; x_wconf 85' lang='lat' dir='ltr'><strong>Johan-</strong></span> 
     </span>
    </p>
   </div>
   <div class='ocr_carea' id='block_1_58' title="bbox 2100 2729 3752 2803">
    <p class='ocr_par' dir='ltr' id='par_1_58' title="bbox 2100 2729 3752 2803">
     <span class='ocr_line' id='line_1_58' title="bbox 2100 2729 3752 2803; baseline 0.002 -20"><span class='ocrx_word' id='word_1_389' title='bbox 2100 2730 2188 2784; x_wconf 90' lang='lat' dir='ltr'><strong>nis</strong></span> <span class='ocrx_word' id='word_1_390' title='bbox 2216 2729 2597 2785; x_wconf 86' lang='lat' dir='ltr'><strong>sanctiﬁcavit.</strong></span> <span class='ocrx_word' id='word_1_391' title='bbox 2629 2731 2802 2784; x_wconf 88' lang='lat' dir='ltr'><strong>Verus</strong></span> <span class='ocrx_word' id='word_1_392' title='bbox 2834 2730 3006 2785; x_wconf 89' lang='lat' dir='ltr'><strong>homo</strong></span> <span class='ocrx_word' id='word_1_393' title='bbox 3048 2731 3119 2786; x_wconf 91' lang='lat' dir='ltr'><strong>ad</strong></span> <span class='ocrx_word' id='word_1_394' title='bbox 3153 2731 3383 2803; x_wconf 87' lang='lat' dir='ltr'><strong>nuptias</strong></span> <span class='ocrx_word' id='word_1_395' title='bbox 3413 2730 3545 2799; x_wconf 84' lang='lat' dir='ltr'><strong>fuit,</strong></span> <span class='ocrx_word' id='word_1_396' title='bbox 3574 2747 3752 2786; x_wconf 89' lang='lat' dir='ltr'><strong>verus</strong></span> 
     </span>
    </p>
   </div>
   <div class='ocr_carea' id='block_1_59' title="bbox 2101 2823 3748 2895">
    <p class='ocr_par' dir='ltr' id='par_1_59' title="bbox 2101 2823 3748 2895">
     <span class='ocr_line' id='line_1_59' title="bbox 2101 2823 3748 2895; baseline 0.002 -19"><span class='ocrx_word' id='word_1_397' title='bbox 2101 2823 2246 2878; x_wconf 88' lang='lat' dir='ltr'><strong>Deus</strong></span> <span class='ocrx_word' id='word_1_398' title='bbox 2273 2840 2443 2895; x_wconf 87' lang='lat' dir='ltr'><strong>aquas</strong></span> <span class='ocrx_word' id='word_1_399' title='bbox 2462 2823 2521 2877; x_wconf 91' lang='lat' dir='ltr'><strong>in</strong></span> <span class='ocrx_word' id='word_1_400' title='bbox 2549 2823 2745 2878; x_wconf 89' lang='lat' dir='ltr'><strong>vinum</strong></span> <span class='ocrx_word' id='word_1_401' title='bbox 2774 2824 3067 2879; x_wconf 87' lang='lat' dir='ltr'><strong>convertit.</strong></span> <span class='ocrx_word' id='word_1_402' title='bbox 3101 2826 3273 2879; x_wconf 86' lang='lat' dir='ltr'><strong>Verus</strong></span> <span class='ocrx_word' id='word_1_403' title='bbox 3292 2824 3464 2879; x_wconf 89' lang='lat' dir='ltr'><strong>homo</strong></span> <span class='ocrx_word' id='word_1_404' title='bbox 3488 2824 3748 2879; x_wconf 83' lang='lat' dir='ltr'><strong>dormie-</strong></span> 
     </span>
    </p>
   </div>
   <div class='ocr_carea' id='block_1_60' title="bbox 2099 2915 3754 2990">
    <p class='ocr_par' dir='ltr' id='par_1_60' title="bbox 2099 2915 3754 2990">
     <span class='ocr_line' id='line_1_60' title="bbox 2099 2915 3754 2990; baseline 0.002 -20"><span class='ocrx_word' id='word_1_405' title='bbox 2099 2915 2194 2970; x_wconf 88' lang='lat' dir='ltr'><strong>bat</strong></span> <span class='ocrx_word' id='word_1_406' title='bbox 2228 2916 2288 2970; x_wconf 88' lang='lat' dir='ltr'><strong>in</strong></span> <span class='ocrx_word' id='word_1_407' title='bbox 2314 2932 2475 2983; x_wconf 90' lang='lat' dir='ltr'><strong>nave,</strong></span> <span class='ocrx_word' id='word_1_408' title='bbox 2507 2934 2672 2972; x_wconf 92' lang='lat' dir='ltr'><strong>verus</strong></span> <span class='ocrx_word' id='word_1_409' title='bbox 2715 2918 2859 2971; x_wconf 89' lang='lat' dir='ltr'><strong>Deus</strong></span> <span class='ocrx_word' id='word_1_410' title='bbox 2886 2917 3098 2972; x_wconf 86' lang='lat' dir='ltr'><strong>sedavit</strong></span> <span class='ocrx_word' id='word_1_411' title='bbox 3122 2921 3539 2990; x_wconf 87' lang='lat' dir='ltr'><strong>tempestatem.</strong></span> <span class='ocrx_word' id='word_1_412' title='bbox 3568 2918 3754 2973; x_wconf 80' lang='lat' dir='ltr'><strong>Verus</strong></span> 
     </span>
    </p>
   </div>
   <div class='ocr_carea' id='block_1_61' title="bbox 2100 3010 3757 3081">
    <p class='ocr_par' dir='ltr' id='par_1_61' title="bbox 2100 3010 3757 3081">
     <span class='ocr_line' id='line_1_61' title="bbox 2100 3010 3757 3081; baseline 0.001 -16"><span class='ocrx_word' id='word_1_413' title='bbox 2100 3010 2274 3065; x_wconf 90' lang='lat' dir='ltr'><strong>homo</strong></span> <span class='ocrx_word' id='word_1_414' title='bbox 2300 3010 2469 3065; x_wconf 75' lang='lat' dir='ltr'><strong>fidem</strong></span> <span class='ocrx_word' id='word_1_415' title='bbox 2500 3011 2741 3067; x_wconf 85' lang='lat' dir='ltr'><strong>miratur</strong></span> <span class='ocrx_word' id='word_1_416' title='bbox 2769 3010 3135 3081; x_wconf 87' lang='lat' dir='ltr'><strong>centurionis,</strong></span> <span class='ocrx_word' id='word_1_417' title='bbox 3160 3027 3323 3066; x_wconf 86' lang='lat' dir='ltr'><strong>verus</strong></span> <span class='ocrx_word' id='word_1_418' title='bbox 3351 3012 3496 3066; x_wconf 91' lang='lat' dir='ltr'><strong>Deus</strong></span> <span class='ocrx_word' id='word_1_419' title='bbox 3526 3012 3757 3067; x_wconf 85' lang='lat' dir='ltr'><strong>sanavit</strong></span> 
     </span>
    </p>
   </div>
   <div class='ocr_carea' id='block_1_62' title="bbox 2102 3104 3756 3176">
    <p class='ocr_par' dir='ltr' id='par_1_62' title="bbox 2102 3104 3756 3176">
     <span class='ocr_line' id='line_1_62' title="bbox 2102 3104 3756 3176; baseline 0.001 -17"><span class='ocrx_word' id='word_1_420' title='bbox 2102 3121 2346 3176; x_wconf 89' lang='lat' dir='ltr'><strong>puerum</strong></span> <span class='ocrx_word' id='word_1_421' title='bbox 2394 3104 2586 3176; x_wconf 88' lang='lat' dir='ltr'><strong>ipsius.</strong></span> <span class='ocrx_word' id='word_1_422' title='bbox 2637 3106 2813 3160; x_wconf 87' lang='lat' dir='ltr'><strong>Verus</strong></span> <span class='ocrx_word' id='word_1_423' title='bbox 2857 3106 3030 3160; x_wconf 89' lang='lat' dir='ltr'><strong>homo</strong></span> <span class='ocrx_word' id='word_1_424' title='bbox 3070 3121 3242 3176; x_wconf 91' lang='lat' dir='ltr'><strong>super</strong></span> <span class='ocrx_word' id='word_1_425' title='bbox 3279 3121 3451 3176; x_wconf 88' lang='lat' dir='ltr'><strong>aquas</strong></span> <span class='ocrx_word' id='word_1_426' title='bbox 3504 3106 3756 3176; x_wconf 88' lang='lat' dir='ltr'><strong>pedibus</strong></span> 
     </span>
    </p>
   </div>
   <div class='ocr_carea' id='block_1_63' title="bbox 366 3169 3751 3271">
    <p class='ocr_par' dir='ltr' id='par_1_63' title="bbox 366 3169 3751 3271">
     <span class='ocr_line' id='line_1_63' title="bbox 366 3169 3751 3271; baseline 0 -18"><span class='ocrx_word' id='word_1_427' title='bbox 366 3202 490 3258; x_wconf 84' lang='lat' dir='ltr'><strong>erat</strong></span> <span class='ocrx_word' id='word_1_428' title='bbox 531 3202 808 3267; x_wconf 90' lang='lat' dir='ltr'><strong>mortuus,</strong></span> <span class='ocrx_word' id='word_1_429' title='bbox 837 3201 892 3251; x_wconf 89' lang='lat' dir='ltr'><strong>ct</strong></span> <span class='ocrx_word' id='word_1_430' title='bbox 917 3194 1085 3267; x_wconf 80' lang='lat' dir='ltr'><strong>coepit</strong></span> <span class='ocrx_word' id='word_1_431' title='bbox 1114 3191 1287 3265; x_wconf 81' lang='lat' dir='ltr'><strong>loqui,</strong></span> <span class='ocrx_word' id='word_1_432' title='bbox 1332 3193 1389 3245; x_wconf 73' lang='lat' dir='ltr'><strong>et</strong></span> <span class='ocrx_word' id='word_1_433' title='bbox 1431 3188 1584 3244; x_wconf 75' lang='lat' dir='ltr'><strong>dedit</strong></span> <span class='ocrx_word' id='word_1_434' title='bbox 1624 3188 1788 3243; x_wconf 75' lang='lat' dir='ltr'><strong>illum</strong></span> <span class='ocrx_word' id='word_1_435' title='bbox 1831 3187 2003 3243; x_wconf 67' lang='lat' dir='ltr'><strong>matri</strong></span> <span class='ocrx_word' id='word_1_436' title='bbox 2022 3169 2076 3243; x_wconf 67' lang='grc' dir='ltr'>Ο</span> <span class='ocrx_word' id='word_1_437' title='bbox 2102 3169 2434 3267; x_wconf 64' lang='lat' dir='ltr'><strong>ambulavit,</strong></span> <span class='ocrx_word' id='word_1_438' title='bbox 2458 3215 2624 3254; x_wconf 91' lang='lat' dir='ltr'><strong>verus</strong></span> <span class='ocrx_word' id='word_1_439' title='bbox 2653 3201 2793 3255; x_wconf 88' lang='lat' dir='ltr'><strong>Deus</strong></span> <span class='ocrx_word' id='word_1_440' title='bbox 2836 3202 2998 3254; x_wconf 91' lang='lat' dir='ltr'><strong>Petro</strong></span> <span class='ocrx_word' id='word_1_441' title='bbox 3025 3169 3307 3271; x_wconf 77' lang='lat' dir='ltr'><strong>mergenti</strong></span> <span class='ocrx_word' id='word_1_442' title='bbox 3330 3169 3578 3254; x_wconf 69' lang='lat' dir='ltr'><strong>manum</strong></span> <span class='ocrx_word' id='word_1_443' title='bbox 3605 3216 3751 3271; x_wconf 91' lang='lat' dir='ltr'><strong>por-</strong></span> 
     </span>
    </p>
   </div>
   <div class='ocr_carea' id='block_1_64' title="bbox 368 3281 2006 3364">
    <p class='ocr_par' dir='ltr' id='par_1_64' title="bbox 368 3281 2006 3364">
     <span class='ocr_line' id='line_1_64' title="bbox 368 3281 2006 3364; baseline -0.01 -12"><span class='ocrx_word' id='word_1_444' title='bbox 368 3311 508 3352; x_wconf 64' lang='lat' dir='ltr'><strong>sue.</strong></span> <span class='ocrx_word' id='word_1_445' title='bbox 551 3291 777 3364; x_wconf 88' lang='lat' dir='ltr'><strong>Accepit</strong></span> <span class='ocrx_word' id='word_1_446' title='bbox 812 3295 1003 3345; x_wconf 91' lang='lat' dir='ltr'><strong>autem</strong></span> <span class='ocrx_word' id='word_1_447' title='bbox 1030 3288 1203 3343; x_wconf 87' lang='lat' dir='ltr'><strong>timor</strong></span> <span class='ocrx_word' id='word_1_448' title='bbox 1246 3300 1461 3353; x_wconf 91' lang='lat' dir='ltr'><strong>omnes,</strong></span> <span class='ocrx_word' id='word_1_449' title='bbox 1488 3286 1544 3338; x_wconf 92' lang='lat' dir='ltr'><strong>et</strong></span> <span class='ocrx_word' id='word_1_450' title='bbox 1568 3281 2006 3355; x_wconf 83' lang='lat' dir='ltr'><strong>magniﬁcabant</strong></span> 
     </span>
    </p>
   </div>
   <div class='ocr_carea' id='block_1_65' title="bbox 369 3374 2005 3456">
    <p class='ocr_par' dir='ltr' id='par_1_65' title="bbox 369 3374 2005 3456">
     <span class='ocr_line' id='line_1_65' title="bbox 369 3374 2005 3456; baseline -0.009 -11"><span class='ocrx_word' id='word_1_451' title='bbox 369 3391 550 3445; x_wconf 90' lang='lat' dir='ltr'><strong>Deum</strong></span> <span class='ocrx_word' id='word_1_452' title='bbox 593 3386 863 3451; x_wconf 87' lang='lat' dir='ltr'><strong>dicentes,</strong></span> <span class='ocrx_word' id='word_1_453' title='bbox 897 3382 1031 3456; x_wconf 89' lang='lat' dir='ltr'><strong>quia</strong></span> <span class='ocrx_word' id='word_1_454' title='bbox 1067 3380 1349 3453; x_wconf 88' lang='lat' dir='ltr'><strong>propheta</strong></span> <span class='ocrx_word' id='word_1_455' title='bbox 1382 3393 1624 3449; x_wconf 87' lang='lat' dir='ltr'><strong>magnus</strong></span> <span class='ocrx_word' id='word_1_456' title='bbox 1667 3375 1914 3432; x_wconf 84' lang='lat' dir='ltr'><strong>surrexit</strong></span> <span class='ocrx_word' id='word_1_457' title='bbox 1945 3374 2005 3431; x_wconf 90' lang='lat' dir='ltr'><strong>in</strong></span> 
     </span>
    </p>
   </div>
   <div class='ocr_carea' id='block_1_66' title="bbox 368 3474 1690 3555">
    <p class='ocr_par' dir='ltr' id='par_1_66' title="bbox 368 3474 1690 3555">
     <span class='ocr_line' id='line_1_66' title="bbox 368 3474 1690 3555; baseline -0.011 -15"><span class='ocrx_word' id='word_1_458' title='bbox 368 3482 553 3555; x_wconf 89' lang='lat' dir='ltr'><strong>nobis,</strong></span> <span class='ocrx_word' id='word_1_459' title='bbox 584 3486 639 3537; x_wconf 94' lang='lat' dir='ltr'><strong>et</strong></span> <span class='ocrx_word' id='word_1_460' title='bbox 664 3480 796 3554; x_wconf 91' lang='lat' dir='ltr'><strong>quia</strong></span> <span class='ocrx_word' id='word_1_461' title='bbox 824 3480 972 3534; x_wconf 89' lang='lat' dir='ltr'><strong>Deus</strong></span> <span class='ocrx_word' id='word_1_462' title='bbox 991 3474 1235 3531; x_wconf 90' lang='lat' dir='ltr'><strong>visitavit</strong></span> <span class='ocrx_word' id='word_1_463' title='bbox 1253 3474 1479 3546; x_wconf 91' lang='lat' dir='ltr'><strong>plebem</strong></span> <span class='ocrx_word' id='word_1_464' title='bbox 1506 3488 1690 3526; x_wconf 90' lang='lat' dir='ltr'><strong>suam.</strong></span> 
     </span>
    </p>
   </div>
   <div class='ocr_carea' id='block_1_67' title="bbox 757 3587 1608 3635">
    <p class='ocr_par' dir='ltr' id='par_1_67' title="bbox 757 3587 1608 3635">
     <span class='ocr_line' id='line_1_67' title="bbox 757 3587 1608 3635; baseline -0.009 -2"><span class='ocrx_word' id='word_1_465' title='bbox 757 3595 881 3635; x_wconf 82' lang='lat' dir='ltr'><strong>ITEM</strong></span> <span class='ocrx_word' id='word_1_466' title='bbox 920 3590 1214 3633; x_wconf 79' lang='lat' dir='ltr'><strong>LECTIONES</strong></span> <span class='ocrx_word' id='word_1_467' title='bbox 1255 3587 1608 3630; x_wconf 55' lang='lat' dir='ltr'><strong>COTTIDIANl.</strong></span> 
     </span>
    </p>
   </div>
   <div class='ocr_carea' id='block_1_68' title="bbox 609 3661 1730 3732">
    <p class='ocr_par' dir='ltr' id='par_1_68' title="bbox 609 3661 1730 3732">
     <span class='ocr_line' id='line_1_68' title="bbox 609 3661 1730 3732; baseline -0.01 -14"><span class='ocrx_word' id='word_1_468' title='bbox 609 3668 839 3732; x_wconf 83' lang='lat' dir='ltr'><strong>Epistola</strong></span> <span class='ocrx_word' id='word_1_469' title='bbox 867 3664 1007 3716; x_wconf 87' lang='lat' dir='ltr'><strong>Pauli</strong></span> <span class='ocrx_word' id='word_1_470' title='bbox 1035 3661 1258 3729; x_wconf 90' lang='lat' dir='ltr'><strong>apostoli</strong></span> <span class='ocrx_word' id='word_1_471' title='bbox 1287 3661 1354 3711; x_wconf 87' lang='lat' dir='ltr'><strong>ad</strong></span> <span class='ocrx_word' id='word_1_472' title='bbox 1381 3661 1730 3711; x_wconf 86' lang='lat' dir='ltr'><strong>Colossenses.</strong></span> 
     </span>
    </p>
   </div>
   <div class='ocr_carea' id='block_1_69' title="bbox 443 3737 2005 3817">
    <p class='ocr_par' dir='ltr' id='par_1_69' title="bbox 443 3737 2005 3817">
     <span class='ocr_line' id='line_1_69' title="bbox 443 3737 2005 3817; baseline -0.009 -11"><span class='ocrx_word' id='word_1_473' title='bbox 443 3752 683 3817; x_wconf 83' lang='lat' dir='ltr'><strong>Fratres,</strong></span> <span class='ocrx_word' id='word_1_474' title='bbox 711 3747 931 3802; x_wconf 89' lang='lat' dir='ltr'><strong>induite</strong></span> <span class='ocrx_word' id='word_1_475' title='bbox 955 3761 1072 3811; x_wconf 91' lang='lat' dir='ltr'><strong>vos,</strong></span> <span class='ocrx_word' id='word_1_476' title='bbox 1100 3744 1244 3798; x_wconf 92' lang='lat' dir='ltr'><strong>sicut</strong></span> <span class='ocrx_word' id='word_1_477' title='bbox 1278 3742 1439 3797; x_wconf 92' lang='lat' dir='ltr'><strong>electi</strong></span> <span class='ocrx_word' id='word_1_478' title='bbox 1467 3742 1586 3811; x_wconf 91' lang='lat' dir='ltr'><strong>Dei,</strong></span> <span class='ocrx_word' id='word_1_479' title='bbox 1631 3740 1845 3795; x_wconf 89' lang='lat' dir='ltr'><strong>viscera</strong></span> <span class='ocrx_word' id='word_1_480' title='bbox 1895 3737 2005 3792; x_wconf 90' lang='lat' dir='ltr'><strong>mi-</strong></span> 
     </span>
    </p>
   </div>
   <div class='ocr_carea' id='block_1_70' title="bbox 377 3832 2007 3911">
    <p class='ocr_par' dir='ltr' id='par_1_70' title="bbox 377 3832 2007 3911">
     <span class='ocr_line' id='line_1_70' title="bbox 377 3832 2007 3911; baseline -0.008 -12"><span class='ocrx_word' id='word_1_481' title='bbox 377 3842 695 3901; x_wconf 79' lang='lat' dir='ltr'><strong>sericordiae</strong></span> <span class='ocrx_word' id='word_1_482' title='bbox 733 3838 1167 3911; x_wconf 89' lang='lat' dir='ltr'><strong>benignitatem,</strong></span> <span class='ocrx_word' id='word_1_483' title='bbox 1209 3836 1611 3902; x_wconf 87' lang='lat' dir='ltr'><strong>humilitatem,</strong></span> <span class='ocrx_word' id='word_1_484' title='bbox 1649 3832 2007 3901; x_wconf 89' lang='lat' dir='ltr'><strong>modestiam,</strong></span> 
     </span>
    </p>
   </div>
   <div class='ocr_carea' id='block_1_71' title="bbox 374 3924 2010 4011">
    <p class='ocr_par' dir='ltr' id='par_1_71' title="bbox 374 3924 2010 4011">
     <span class='ocr_line' id='line_1_71' title="bbox 374 3924 2010 4011; baseline -0.009 -18"><span class='ocrx_word' id='word_1_485' title='bbox 374 3936 729 4011; x_wconf 89' lang='lat' dir='ltr'><strong>patientiam,</strong></span> <span class='ocrx_word' id='word_1_486' title='bbox 759 3934 1153 4004; x_wconf 89' lang='lat' dir='ltr'><strong>supportantes</strong></span> <span class='ocrx_word' id='word_1_487' title='bbox 1179 3929 1443 3999; x_wconf 91' lang='lat' dir='ltr'><strong>invicem,</strong></span> <span class='ocrx_word' id='word_1_488' title='bbox 1472 3931 1529 3984; x_wconf 91' lang='lat' dir='ltr'><strong>et</strong></span> <span class='ocrx_word' id='word_1_489' title='bbox 1554 3928 1829 3983; x_wconf 90' lang='lat' dir='ltr'><strong>donantes</strong></span> <span class='ocrx_word' id='word_1_490' title='bbox 1854 3924 2010 3980; x_wconf 90' lang='lat' dir='ltr'><strong>vobis</strong></span> 
     </span>
    </p>
   </div>
   <div class='ocr_carea' id='block_1_72' title="bbox 374 4021 2006 4104">
    <p class='ocr_par' dir='ltr' id='par_1_72' title="bbox 374 4021 2006 4104">
     <span class='ocr_line' id='line_1_72' title="bbox 374 4021 2006 4104; baseline -0.009 -16"><span class='ocrx_word' id='word_1_491' title='bbox 374 4031 529 4104; x_wconf 91' lang='lat' dir='ltr'><strong>ipsis,</strong></span> <span class='ocrx_word' id='word_1_492' title='bbox 578 4030 623 4084; x_wconf 89' lang='lat' dir='ltr'><strong>si</strong></span> <span class='ocrx_word' id='word_1_493' title='bbox 666 4027 791 4100; x_wconf 91' lang='lat' dir='ltr'><strong>quis</strong></span> <span class='ocrx_word' id='word_1_494' title='bbox 837 4026 1103 4081; x_wconf 88' lang='lat' dir='ltr'><strong>adversus</strong></span> <span class='ocrx_word' id='word_1_495' title='bbox 1157 4023 1407 4095; x_wconf 87' lang='lat' dir='ltr'><strong>aliquem</strong></span> <span class='ocrx_word' id='word_1_496' title='bbox 1456 4022 1627 4077; x_wconf 88' lang='lat' dir='ltr'><strong>habet</strong></span> <span class='ocrx_word' id='word_1_497' title='bbox 1675 4021 2006 4093; x_wconf 84' lang='lat' dir='ltr'><strong>queerelam.</strong></span> 
     </span>
    </p>
   </div>
   <div class='ocr_carea' id='block_1_73' title="bbox 371 4113 2011 4187">
    <p class='ocr_par' dir='ltr' id='par_1_73' title="bbox 371 4113 2011 4187">
     <span class='ocr_line' id='line_1_73' title="bbox 371 4113 2011 4187; baseline -0.009 -6"><span class='ocrx_word' id='word_1_498' title='bbox 371 4126 525 4182; x_wconf 90' lang='lat' dir='ltr'><strong>Sicut</strong></span> <span class='ocrx_word' id='word_1_499' title='bbox 560 4127 617 4179; x_wconf 91' lang='lat' dir='ltr'><strong>et</strong></span> <span class='ocrx_word' id='word_1_500' title='bbox 661 4121 932 4176; x_wconf 93' lang='lat' dir='ltr'><strong>Dominus</strong></span> <span class='ocrx_word' id='word_1_501' title='bbox 977 4117 1220 4187; x_wconf 91' lang='lat' dir='ltr'><strong>donavit,</strong></span> <span class='ocrx_word' id='word_1_502' title='bbox 1272 4116 1352 4171; x_wconf 90' lang='lat' dir='ltr'><strong>ita</strong></span> <span class='ocrx_word' id='word_1_503' title='bbox 1385 4119 1441 4170; x_wconf 87' lang='lat' dir='ltr'><strong>et</strong></span> <span class='ocrx_word' id='word_1_504' title='bbox 1465 4131 1581 4169; x_wconf 90' lang='lat' dir='ltr'><strong>vos.</strong></span> <span class='ocrx_word' id='word_1_505' title='bbox 1611 4115 1791 4185; x_wconf 92' lang='lat' dir='ltr'><strong>Super</strong></span> <span class='ocrx_word' id='word_1_506' title='bbox 1817 4113 2011 4168; x_wconf 90' lang='lat' dir='ltr'><strong>omnia</strong></span> 
     </span>
    </p>
   </div>
   <div class='ocr_carea' id='block_1_74' title="bbox 372 4207 2008 4284">
    <p class='ocr_par' dir='ltr' id='par_1_74' title="bbox 372 4207 2008 4284">
     <span class='ocr_line' id='line_1_74' title="bbox 372 4207 2008 4284; baseline -0.009 -8"><span class='ocrx_word' id='word_1_507' title='bbox 372 4224 564 4275; x_wconf 89' lang='lat' dir='ltr'><strong>autem</strong></span> <span class='ocrx_word' id='word_1_508' title='bbox 588 4218 711 4273; x_wconf 73' lang='lat' dir='ltr'><strong>haec</strong></span> <span class='ocrx_word' id='word_1_509' title='bbox 738 4214 1054 4283; x_wconf 88' lang='lat' dir='ltr'><strong>caritatem,</strong></span> <span class='ocrx_word' id='word_1_510' title='bbox 1085 4211 1234 4284; x_wconf 92' lang='lat' dir='ltr'><strong>quod</strong></span> <span class='ocrx_word' id='word_1_511' title='bbox 1264 4215 1347 4266; x_wconf 91' lang='lat' dir='ltr'><strong>est</strong></span> <span class='ocrx_word' id='word_1_512' title='bbox 1380 4208 1673 4265; x_wconf 89' lang='lat' dir='ltr'><strong>vinculum</strong></span> <span class='ocrx_word' id='word_1_513' title='bbox 1707 4207 2008 4279; x_wconf 89' lang='lat' dir='ltr'><strong>perfectio-</strong></span> 
     </span>
    </p>
   </div>
   <div class='ocr_carea' id='block_1_75' title="bbox 371 4302 1794 4386">
    <p class='ocr_par' dir='ltr' id='par_1_75' title="bbox 371 4302 1794 4386">
     <span class='ocr_line' id='line_1_75' title="bbox 371 4302 1794 4386; baseline -0.011 -14"><span class='ocrx_word' id='word_1_514' title='bbox 371 4314 481 4386; x_wconf 90' lang='lat' dir='ltr'><strong>nis,</strong></span> <span class='ocrx_word' id='word_1_515' title='bbox 513 4318 569 4371; x_wconf 91' lang='lat' dir='ltr'><strong>et</strong></span> <span class='ocrx_word' id='word_1_516' title='bbox 595 4328 706 4385; x_wconf 90' lang='lat' dir='ltr'><strong>pax</strong></span> <span class='ocrx_word' id='word_1_517' title='bbox 730 4309 936 4366; x_wconf 89' lang='lat' dir='ltr'><strong>Christi</strong></span> <span class='ocrx_word' id='word_1_518' title='bbox 968 4307 1183 4363; x_wconf 86' lang='lat' dir='ltr'><strong>exultet</strong></span> <span class='ocrx_word' id='word_1_519' title='bbox 1211 4305 1271 4361; x_wconf 92' lang='lat' dir='ltr'><strong>in</strong></span> <span class='ocrx_word' id='word_1_520' title='bbox 1290 4304 1552 4360; x_wconf 89' lang='lat' dir='ltr'><strong>cordibus</strong></span> <span class='ocrx_word' id='word_1_521' title='bbox 1574 4302 1794 4358; x_wconf 86' lang='lat' dir='ltr'><strong>vestris.</strong></span> 
     </span>
    </p>
   </div>
   <div class='ocr_carea' id='block_1_76' title="bbox 576 4401 1797 4469">
    <p class='ocr_par' dir='ltr' id='par_1_76' title="bbox 576 4401 1797 4469">
     <span class='ocr_line' id='line_1_76' title="bbox 576 4401 1797 4469; baseline -0.01 -8"><span class='ocrx_word' id='word_1_522' title='bbox 576 4410 751 4461; x_wconf 88' lang='lat' dir='ltr'><strong>Lectio</strong></span> <span class='ocrx_word' id='word_1_523' title='bbox 783 4407 948 4458; x_wconf 87' lang='lat' dir='ltr'><strong>sancti</strong></span> <span class='ocrx_word' id='word_1_524' title='bbox 971 4402 1242 4469; x_wconf 84' lang='lat' dir='ltr'><strong>Evangelii</strong></span> <span class='ocrx_word' id='word_1_525' title='bbox 1264 4401 1553 4453; x_wconf 89' lang='lat' dir='ltr'><strong>secundum</strong></span> <span class='ocrx_word' id='word_1_526' title='bbox 1589 4403 1797 4450; x_wconf 86' lang='lat' dir='ltr'><strong>Lucam.</strong></span> 
     </span>
    </p>
   </div>
   <div class='ocr_carea' id='block_1_77' title="bbox 446 4485 2012 4563">
    <p class='ocr_par' dir='ltr' id='par_1_77' title="bbox 446 4485 2012 4563">
     <span class='ocr_line' id='line_1_77' title="bbox 446 4485 2012 4563; baseline -0.008 -10"><span class='ocrx_word' id='word_1_527' title='bbox 446 4500 507 4553; x_wconf 91' lang='lat' dir='ltr'><strong>ln</strong></span> <span class='ocrx_word' id='word_1_528' title='bbox 533 4496 729 4552; x_wconf 90' lang='lat' dir='ltr'><strong>diebus</strong></span> <span class='ocrx_word' id='word_1_529' title='bbox 757 4494 885 4563; x_wconf 90' lang='lat' dir='ltr'><strong>illis,</strong></span> <span class='ocrx_word' id='word_1_530' title='bbox 913 4493 1127 4548; x_wconf 86' lang='lat' dir='ltr'><strong>factum</strong></span> <span class='ocrx_word' id='word_1_531' title='bbox 1171 4495 1256 4545; x_wconf 92' lang='lat' dir='ltr'><strong>est</strong></span> <span class='ocrx_word' id='word_1_532' title='bbox 1293 4505 1426 4543; x_wconf 90' lang='lat' dir='ltr'><strong>cum</strong></span> <span class='ocrx_word' id='word_1_533' title='bbox 1466 4487 1705 4543; x_wconf 88' lang='lat' dir='ltr'><strong>redisset</strong></span> <span class='ocrx_word' id='word_1_534' title='bbox 1740 4485 2012 4541; x_wconf 89' lang='lat' dir='ltr'><strong>Dominus</strong></span> 
     </span>
    </p>
   </div>
   <div class='ocr_carea' id='block_1_78' title="bbox 2106 3293 3756 3365">
    <p class='ocr_par' dir='ltr' id='par_1_78' title="bbox 2106 3293 3756 3365">
     <span class='ocr_line' id='line_1_78' title="bbox 2106 3293 3756 3365; baseline -0.001 -16"><span class='ocrx_word' id='word_1_535' title='bbox 2106 3293 2269 3349; x_wconf 88' lang='lat' dir='ltr'><strong>rexit.</strong></span> <span class='ocrx_word' id='word_1_536' title='bbox 2304 3294 2477 3347; x_wconf 91' lang='lat' dir='ltr'><strong>Verus</strong></span> <span class='ocrx_word' id='word_1_537' title='bbox 2506 3293 2681 3348; x_wconf 91' lang='lat' dir='ltr'><strong>homo</strong></span> <span class='ocrx_word' id='word_1_538' title='bbox 2713 3310 2885 3365; x_wconf 86' lang='lat' dir='ltr'><strong>super</strong></span> <span class='ocrx_word' id='word_1_539' title='bbox 2909 3294 3183 3348; x_wconf 86' lang='lat' dir='ltr'><strong>Lazarum</strong></span> <span class='ocrx_word' id='word_1_540' title='bbox 3210 3294 3382 3361; x_wconf 82' lang='lat' dir='ltr'><strong>ﬂevit,</strong></span> <span class='ocrx_word' id='word_1_541' title='bbox 3404 3309 3571 3348; x_wconf 91' lang='lat' dir='ltr'><strong>verus</strong></span> <span class='ocrx_word' id='word_1_542' title='bbox 3596 3294 3756 3348; x_wconf 86' lang='lat' dir='ltr'><strong>Deus</strong></span> 
     </span>
    </p>
   </div>
   <div class='ocr_carea' id='block_1_79' title="bbox 2106 3387 3751 3453">
    <p class='ocr_par' dir='ltr' id='par_1_79' title="bbox 2106 3387 3751 3453">
     <span class='ocr_line' id='line_1_79' title="bbox 2106 3387 3751 3453; baseline 0.001 -11"><span class='ocrx_word' id='word_1_543' title='bbox 2106 3405 2219 3442; x_wconf 93' lang='lat' dir='ltr'><strong>una</strong></span> <span class='ocrx_word' id='word_1_544' title='bbox 2243 3403 2376 3442; x_wconf 91' lang='lat' dir='ltr'><strong>voce</strong></span> <span class='ocrx_word' id='word_1_545' title='bbox 2404 3388 2669 3442; x_wconf 88' lang='lat' dir='ltr'><strong>Lazarum</strong></span> <span class='ocrx_word' id='word_1_546' title='bbox 2692 3387 2761 3441; x_wconf 92' lang='lat' dir='ltr'><strong>ab</strong></span> <span class='ocrx_word' id='word_1_547' title='bbox 2790 3387 2982 3441; x_wconf 91' lang='lat' dir='ltr'><strong>inferis</strong></span> <span class='ocrx_word' id='word_1_548' title='bbox 3009 3387 3314 3443; x_wconf 84' lang='lat' dir='ltr'><strong>suscitavit.</strong></span> <span class='ocrx_word' id='word_1_549' title='bbox 3342 3388 3477 3453; x_wconf 87' lang='lat' dir='ltr'><strong>Quis</strong></span> <span class='ocrx_word' id='word_1_550' title='bbox 3513 3404 3637 3443; x_wconf 90' lang='lat' dir='ltr'><strong>non</strong></span> <span class='ocrx_word' id='word_1_551' title='bbox 3676 3388 3751 3443; x_wconf 85' lang='lat' dir='ltr'><strong>ti-</strong></span> 
     </span>
    </p>
   </div>
   <div class='ocr_carea' id='block_1_80' title="bbox 2107 3485 3748 3557">
    <p class='ocr_par' dir='ltr' id='par_1_80' title="bbox 2107 3485 3748 3557">
     <span class='ocr_line' id='line_1_80' title="bbox 2107 3485 3748 3557; baseline 0.002 -17"><span class='ocrx_word' id='word_1_552' title='bbox 2107 3491 2257 3541; x_wconf 89' lang='lat' dir='ltr'><strong>meat</strong></span> <span class='ocrx_word' id='word_1_553' title='bbox 2283 3486 2453 3542; x_wconf 89' lang='lat' dir='ltr'><strong>talem</strong></span> <span class='ocrx_word' id='word_1_554' title='bbox 2472 3485 2795 3555; x_wconf 91' lang='lat' dir='ltr'><strong>Dominum,</strong></span> <span class='ocrx_word' id='word_1_555' title='bbox 2821 3486 3035 3557; x_wconf 80' lang='lat' dir='ltr'><strong>Regem</strong></span> <span class='ocrx_word' id='word_1_556' title='bbox 3062 3490 3341 3541; x_wconf 85' lang='lat' dir='ltr'><strong>aeternum</strong></span> <span class='ocrx_word' id='word_1_557' title='bbox 3355 3486 3382 3541; x_wconf 84' lang='lat'><strong>?</strong></span> <span class='ocrx_word' id='word_1_558' title='bbox 3402 3486 3494 3542; x_wconf 91' lang='lat' dir='ltr'><strong>cui</strong></span> <span class='ocrx_word' id='word_1_559' title='bbox 3514 3486 3748 3543; x_wconf 85' lang='lat' dir='ltr'><strong>merito.</strong></span> 
     </span>
    </p>
   </div>
   <div class='ocr_carea' id='block_1_81' title="bbox 2108 3581 2363 3636">
    <p class='ocr_par' dir='ltr' id='par_1_81' title="bbox 2108 3581 2363 3636">
     <span class='ocr_line' id='line_1_81' title="bbox 2108 3581 2363 3636; baseline 0 -1"><span class='ocrx_word' id='word_1_560' title='bbox 2108 3581 2363 3636; x_wconf 89' lang='lat' dir='ltr'><strong>Sanctus.</strong></span> 
     </span>
    </p>
   </div>
   <div class='ocr_carea' id='block_1_82' title="bbox 2490 3666 3351 3707">
    <p class='ocr_par' dir='ltr' id='par_1_82' title="bbox 2490 3666 3351 3707">
     <span class='ocr_line' id='line_1_82' title="bbox 2490 3666 3351 3707; baseline 0 -2"><span class='ocrx_word' id='word_1_561' title='bbox 2490 3667 2613 3706; x_wconf 69' lang='lat' dir='ltr'><strong>ITEI</strong></span> <span class='ocrx_word' id='word_1_562' title='bbox 2651 3666 2940 3707; x_wconf 72' lang='lat' dir='ltr'><strong>LECTIONES</strong></span> <span class='ocrx_word' id='word_1_563' title='bbox 2981 3666 3351 3707; x_wconf 72' lang='lat' dir='ltr'><strong>COTTIDIANAS.</strong></span> 
     </span>
    </p>
   </div>
   <div class='ocr_carea' id='block_1_83' title="bbox 2364 3743 3524 3809">
    <p class='ocr_par' dir='ltr' id='par_1_83' title="bbox 2364 3743 3524 3809">
     <span class='ocr_line' id='line_1_83' title="bbox 2364 3743 3524 3809; baseline 0 -15"><span class='ocrx_word' id='word_1_564' title='bbox 2364 3743 2593 3807; x_wconf 84' lang='lat' dir='ltr'><strong>Epistola</strong></span> <span class='ocrx_word' id='word_1_565' title='bbox 2624 3744 2768 3794; x_wconf 85' lang='lat' dir='ltr'><strong>Pauli</strong></span> <span class='ocrx_word' id='word_1_566' title='bbox 2799 3743 3018 3807; x_wconf 82' lang='lat' dir='ltr'><strong>apostoli</strong></span> <span class='ocrx_word' id='word_1_567' title='bbox 3051 3743 3118 3793; x_wconf 91' lang='lat' dir='ltr'><strong>ad</strong></span> <span class='ocrx_word' id='word_1_568' title='bbox 3150 3744 3524 3809; x_wconf 84' lang='lat' dir='ltr'><strong>Philippenses.</strong></span> 
     </span>
    </p>
   </div>
   <div class='ocr_carea' id='block_1_84' title="bbox 2182 3828 3752 3903">
    <p class='ocr_par' dir='ltr' id='par_1_84' title="bbox 2182 3828 3752 3903">
     <span class='ocr_line' id='line_1_84' title="bbox 2182 3828 3752 3903; baseline 0.003 -20"><span class='ocrx_word' id='word_1_569' title='bbox 2182 3830 2419 3899; x_wconf 82' lang='lat' dir='ltr'><strong>Fratres,</strong></span> <span class='ocrx_word' id='word_1_570' title='bbox 2469 3830 2585 3885; x_wconf 90' lang='lat' dir='ltr'><strong>scio</strong></span> <span class='ocrx_word' id='word_1_571' title='bbox 2623 3846 2720 3884; x_wconf 92' lang='lat' dir='ltr'><strong>vos</strong></span> <span class='ocrx_word' id='word_1_572' title='bbox 2756 3830 2951 3901; x_wconf 88' lang='lat' dir='ltr'><strong>gaudii</strong></span> <span class='ocrx_word' id='word_1_573' title='bbox 2992 3829 3107 3884; x_wconf 92' lang='lat' dir='ltr'><strong>mei</strong></span> <span class='ocrx_word' id='word_1_574' title='bbox 3150 3846 3348 3885; x_wconf 90' lang='lat' dir='ltr'><strong>omnes</strong></span> <span class='ocrx_word' id='word_1_575' title='bbox 3397 3828 3619 3903; x_wconf 74' lang='lat' dir='ltr'><strong>[socios]</strong></span> <span class='ocrx_word' id='word_1_576' title='bbox 3653 3848 3752 3888; x_wconf 86' lang='lat' dir='ltr'><strong>vos</strong></span> 
     </span>
    </p>
   </div>
   <div class='ocr_carea' id='block_1_85' title="bbox 2111 3923 3757 3997">
    <p class='ocr_par' dir='ltr' id='par_1_85' title="bbox 2111 3923 3757 3997">
     <span class='ocr_line' id='line_1_85' title="bbox 2111 3923 3757 3997; baseline 0.003 -19"><span class='ocrx_word' id='word_1_577' title='bbox 2111 3939 2250 3979; x_wconf 91' lang='lat' dir='ltr'><strong>esse.</strong></span> <span class='ocrx_word' id='word_1_578' title='bbox 2269 3923 2445 3979; x_wconf 89' lang='lat' dir='ltr'><strong>Testis</strong></span> <span class='ocrx_word' id='word_1_579' title='bbox 2471 3924 2625 3979; x_wconf 90' lang='lat' dir='ltr'><strong>enim</strong></span> <span class='ocrx_word' id='word_1_580' title='bbox 2646 3923 2789 3978; x_wconf 89' lang='lat' dir='ltr'><strong>mihi</strong></span> <span class='ocrx_word' id='word_1_581' title='bbox 2812 3928 2896 3978; x_wconf 92' lang='lat' dir='ltr'><strong>est</strong></span> <span class='ocrx_word' id='word_1_582' title='bbox 2916 3923 3189 3978; x_wconf 90' lang='lat' dir='ltr'><strong>Dominus</strong></span> <span class='ocrx_word' id='word_1_583' title='bbox 3213 3925 3495 3996; x_wconf 90' lang='lat' dir='ltr'><strong>quomodo</strong></span> <span class='ocrx_word' id='word_1_584' title='bbox 3522 3926 3757 3997; x_wconf 89' lang='lat' dir='ltr'><strong>cupiam</strong></span> 
     </span>
    </p>
   </div>
   <div class='ocr_carea' id='block_1_86' title="bbox 2111 4017 3751 4078">
    <p class='ocr_par' dir='ltr' id='par_1_86' title="bbox 2111 4017 3751 4078">
     <span class='ocr_line' id='line_1_86' title="bbox 2111 4017 3751 4078; baseline 0.002 -6"><span class='ocrx_word' id='word_1_585' title='bbox 2111 4034 2205 4078; x_wconf 81' lang='lat' dir='ltr'><strong>vos</strong></span> <span class='ocrx_word' id='word_1_586' title='bbox 2230 4034 2428 4073; x_wconf 89' lang='lat' dir='ltr'><strong>omnes</strong></span> <span class='ocrx_word' id='word_1_587' title='bbox 2460 4018 2519 4073; x_wconf 93' lang='lat' dir='ltr'><strong>in</strong></span> <span class='ocrx_word' id='word_1_588' title='bbox 2545 4017 2850 4073; x_wconf 91' lang='lat' dir='ltr'><strong>visceribus</strong></span> <span class='ocrx_word' id='word_1_589' title='bbox 2888 4017 3093 4073; x_wconf 88' lang='lat' dir='ltr'><strong>Christi</strong></span> <span class='ocrx_word' id='word_1_590' title='bbox 3117 4019 3245 4073; x_wconf 85' lang='lat' dir='ltr'><strong>Jesu</strong></span> <span class='ocrx_word' id='word_1_591' title='bbox 3287 4018 3516 4074; x_wconf 90' lang='lat' dir='ltr'><strong>Domini</strong></span> <span class='ocrx_word' id='word_1_592' title='bbox 3540 4020 3751 4075; x_wconf 83' lang='lat' dir='ltr'><strong>nostri.</strong></span> 
     </span>
    </p>
   </div>
   <div class='ocr_carea' id='block_1_87' title="bbox 2261 4127 3598 4193">
    <p class='ocr_par' dir='ltr' id='par_1_87' title="bbox 2261 4127 3598 4193">
     <span class='ocr_line' id='line_1_87' title="bbox 2261 4127 3598 4193; baseline 0.001 -13"><span class='ocrx_word' id='word_1_593' title='bbox 2261 4129 2437 4180; x_wconf 91' lang='lat' dir='ltr'><strong>Lectio</strong></span> <span class='ocrx_word' id='word_1_594' title='bbox 2471 4129 2636 4180; x_wconf 89' lang='lat' dir='ltr'><strong>sancti</strong></span> <span class='ocrx_word' id='word_1_595' title='bbox 2668 4129 2935 4193; x_wconf 86' lang='lat' dir='ltr'><strong>Evangelii</strong></span> <span class='ocrx_word' id='word_1_596' title='bbox 2967 4127 3255 4179; x_wconf 88' lang='lat' dir='ltr'><strong>secundum</strong></span> <span class='ocrx_word' id='word_1_597' title='bbox 3287 4130 3598 4181; x_wconf 88' lang='lat' dir='ltr'><strong>Johannem.</strong></span> 
     </span>
    </p>
   </div>
   <div class='ocr_carea' id='block_1_88' title="bbox 2182 4219 3749 4290">
    <p class='ocr_par' dir='ltr' id='par_1_88' title="bbox 2182 4219 3749 4290">
     <span class='ocr_line' id='line_1_88' title="bbox 2182 4219 3749 4290; baseline 0.002 -14"><span class='ocrx_word' id='word_1_598' title='bbox 2182 4221 2268 4276; x_wconf 91' lang='lat' dir='ltr'><strong>Sic</strong></span> <span class='ocrx_word' id='word_1_599' title='bbox 2298 4219 2451 4274; x_wconf 90' lang='lat' dir='ltr'><strong>enim</strong></span> <span class='ocrx_word' id='word_1_600' title='bbox 2481 4219 2680 4275; x_wconf 89' lang='lat' dir='ltr'><strong>dilexit</strong></span> <span class='ocrx_word' id='word_1_601' title='bbox 2709 4222 2854 4275; x_wconf 92' lang='lat' dir='ltr'><strong>Deus</strong></span> <span class='ocrx_word' id='word_1_602' title='bbox 2891 4221 3192 4290; x_wconf 88' lang='lat' dir='ltr'><strong>mundum,</strong></span> <span class='ocrx_word' id='word_1_603' title='bbox 3235 4226 3297 4276; x_wconf 90' lang='lat' dir='ltr'><strong>ut</strong></span> <span class='ocrx_word' id='word_1_604' title='bbox 3333 4221 3538 4277; x_wconf 83' lang='lat' dir='ltr'><strong>Filium</strong></span> <span class='ocrx_word' id='word_1_605' title='bbox 3579 4240 3749 4279; x_wconf 89' lang='lat' dir='ltr'><strong>suum</strong></span> 
     </span>
    </p>
   </div>
   <div class='ocr_carea' id='block_1_89' title="bbox 2113 4312 3752 4388">
    <p class='ocr_par' dir='ltr' id='par_1_89' title="bbox 2113 4312 3752 4388">
     <span class='ocr_line' id='line_1_89' title="bbox 2113 4312 3752 4388; baseline 0.004 -21"><span class='ocrx_word' id='word_1_606' title='bbox 2113 4312 2472 4386; x_wconf 87' lang='lat' dir='ltr'><strong>unigenitum</strong></span> <span class='ocrx_word' id='word_1_607' title='bbox 2510 4312 2668 4369; x_wconf 89' lang='lat' dir='ltr'><strong>daret</strong></span> <span class='ocrx_word' id='word_1_608' title='bbox 2693 4313 2754 4368; x_wconf 88' lang='lat' dir='ltr'><strong>in</strong></span> <span class='ocrx_word' id='word_1_609' title='bbox 2791 4313 2907 4383; x_wconf 94' lang='lat' dir='ltr'><strong>illo,</strong></span> <span class='ocrx_word' id='word_1_610' title='bbox 2946 4319 3008 4369; x_wconf 93' lang='lat' dir='ltr'><strong>ut</strong></span> <span class='ocrx_word' id='word_1_611' title='bbox 3046 4331 3243 4371; x_wconf 91' lang='lat' dir='ltr'><strong>omnes</strong></span> <span class='ocrx_word' id='word_1_612' title='bbox 3280 4316 3381 4388; x_wconf 90' lang='lat' dir='ltr'><strong>qui</strong></span> <span class='ocrx_word' id='word_1_613' title='bbox 3408 4316 3654 4376; x_wconf 83' lang='lat' dir='ltr'><strong>credunt</strong></span> <span class='ocrx_word' id='word_1_614' title='bbox 3693 4318 3752 4373; x_wconf 91' lang='lat' dir='ltr'><strong>in</strong></span> 
     </span>
    </p>
   </div>
   <div class='ocr_carea' id='block_1_90' title="bbox 2110 4408 3750 4479">
    <p class='ocr_par' dir='ltr' id='par_1_90' title="bbox 2110 4408 3750 4479">
     <span class='ocr_line' id='line_1_90' title="bbox 2110 4408 3750 4479; baseline 0.004 -17"><span class='ocrx_word' id='word_1_615' title='bbox 2110 4424 2242 4462; x_wconf 91' lang='lat' dir='ltr'><strong>eum</strong></span> <span class='ocrx_word' id='word_1_616' title='bbox 2269 4425 2383 4463; x_wconf 89' lang='lat' dir='ltr'><strong>non</strong></span> <span class='ocrx_word' id='word_1_617' title='bbox 2410 4412 2666 4479; x_wconf 84' lang='lat' dir='ltr'><strong>pereant,</strong></span> <span class='ocrx_word' id='word_1_618' title='bbox 2696 4408 2793 4463; x_wconf 93' lang='lat' dir='ltr'><strong>sed</strong></span> <span class='ocrx_word' id='word_1_619' title='bbox 2826 4408 3070 4464; x_wconf 87' lang='lat' dir='ltr'><strong>habeant</strong></span> <span class='ocrx_word' id='word_1_620' title='bbox 3096 4409 3269 4464; x_wconf 81' lang='lat' dir='ltr'><strong>vitam</strong></span> <span class='ocrx_word' id='word_1_621' title='bbox 3294 4414 3586 4467; x_wconf 63' lang='lat' dir='ltr'><strong>aeternam.</strong></span> <span class='ocrx_word' id='word_1_622' title='bbox 3622 4413 3750 4468; x_wconf 83' lang='lat' dir='ltr'><strong>Non</strong></span> 
     </span>
    </p>
   </div>
   <div class='ocr_carea' id='block_1_91' title="bbox 2113 4499 3758 4574">
    <p class='ocr_par' dir='ltr' id='par_1_91' title="bbox 2113 4499 3758 4574">
     <span class='ocr_line' id='line_1_91' title="bbox 2113 4499 3758 4574; baseline 0.002 -17"><span class='ocrx_word' id='word_1_623' title='bbox 2113 4501 2266 4557; x_wconf 89' lang='lat' dir='ltr'><strong>enim</strong></span> <span class='ocrx_word' id='word_1_624' title='bbox 2294 4501 2447 4556; x_wconf 90' lang='lat' dir='ltr'><strong>misit</strong></span> <span class='ocrx_word' id='word_1_625' title='bbox 2474 4501 2617 4556; x_wconf 90' lang='lat' dir='ltr'><strong>Deus</strong></span> <span class='ocrx_word' id='word_1_626' title='bbox 2636 4499 2842 4556; x_wconf 85' lang='lat' dir='ltr'><strong>Filium</strong></span> <span class='ocrx_word' id='word_1_627' title='bbox 2862 4518 3029 4556; x_wconf 90' lang='lat' dir='ltr'><strong>suum</strong></span> <span class='ocrx_word' id='word_1_628' title='bbox 3052 4501 3112 4557; x_wconf 91' lang='lat' dir='ltr'><strong>in</strong></span> <span class='ocrx_word' id='word_1_629' title='bbox 3139 4503 3442 4573; x_wconf 90' lang='lat' dir='ltr'><strong>mundum,</strong></span> <span class='ocrx_word' id='word_1_630' title='bbox 3462 4509 3527 4559; x_wconf 91' lang='lat' dir='ltr'><strong>ut</strong></span> <span class='ocrx_word' id='word_1_631' title='bbox 3534 4505 3758 4574; x_wconf 89' lang='lat' dir='ltr'><strong>judicet</strong></span> 
     </span>
    </p>
   </div>
   <div class='ocr_carea' id='block_1_92' title="bbox 370 4545 3756 4669">
    <p class='ocr_par' dir='ltr' id='par_1_92' title="bbox 370 4545 3756 4669">
     <span class='ocr_line' id='line_1_92' title="bbox 447 4545 3756 4574; baseline 0.003 -23"><span class='ocrx_word' id='word_1_632' title='bbox 447 4545 507 4553; x_wconf 85' lang='lat'><strong>-..</strong></span> <span class='ocrx_word' id='word_1_633' title='bbox 536 4545 655 4552; x_wconf 62' lang='grc' dir='ltr'><strong>---η</strong></span> <span class='ocrx_word' id='word_1_634' title='bbox 669 4545 726 4550; x_wconf 32' lang='grc' dir='ltr'><strong>ᾖ-</strong></span> <span class='ocrx_word' id='word_1_635' title='bbox 757 4545 885 4563; x_wconf 49' lang='grc' dir='ltr'><strong>πω,</strong></span> <span class='ocrx_word' id='word_1_636' title='bbox 2115 4545 2266 4557; x_wconf 60' lang='grc' dir='ltr'><strong>υ...-</strong></span> <span class='ocrx_word' id='word_1_637' title='bbox 2296 4545 2447 4556; x_wconf 72' lang='lat'><strong>....-..</strong></span> <span class='ocrx_word' id='word_1_638' title='bbox 2474 4545 2616 4556; x_wconf 58' lang='grc' dir='ltr'><strong>υνηυ</strong></span> <span class='ocrx_word' id='word_1_639' title='bbox 2637 4545 2657 4555; x_wconf 90' lang='grc'><strong>-</strong></span> <span class='ocrx_word' id='word_1_640' title='bbox 2679 4545 2842 4556; x_wconf 82' lang='lat'><strong>........</strong></span> <span class='ocrx_word' id='word_1_641' title='bbox 2862 4545 3029 4556; x_wconf 60' lang='grc' dir='ltr'><strong>ειη...-</strong></span> <span class='ocrx_word' id='word_1_642' title='bbox 3052 4545 3112 4557; x_wconf 79' lang='lat'><strong>...</strong></span> <span class='ocrx_word' id='word_1_643' title='bbox 3139 4545 3442 4573; x_wconf 61' lang='grc' dir='ltr'><strong>ωυμυυω,</strong></span> <span class='ocrx_word' id='word_1_644' title='bbox 3466 4545 3756 4574; x_wconf 48' lang='grc' dir='ltr'><strong>...δ-,μην</strong></span> 
     </span>
     <span class='ocr_line' id='line_1_93' title="bbox 370 4545 3756 4669; baseline -0.003 -22"><span class='ocrx_word' id='word_1_645' title='bbox 370 4595 548 4659; x_wconf 85' lang='lat' dir='ltr'><strong>Jesus,</strong></span> <span class='ocrx_word' id='word_1_646' title='bbox 579 4589 798 4659; x_wconf 89' lang='lat' dir='ltr'><strong>excepit</strong></span> <span class='ocrx_word' id='word_1_647' title='bbox 829 4587 992 4641; x_wconf 90' lang='lat' dir='ltr'><strong>illum</strong></span> <span class='ocrx_word' id='word_1_648' title='bbox 1018 4584 1203 4641; x_wconf 90' lang='lat' dir='ltr'><strong>turba.</strong></span> <span class='ocrx_word' id='word_1_649' title='bbox 1234 4585 1406 4638; x_wconf 88' lang='lat' dir='ltr'><strong>Erant</strong></span> <span class='ocrx_word' id='word_1_650' title='bbox 1429 4581 1579 4637; x_wconf 90' lang='lat' dir='ltr'><strong>enim</strong></span> <span class='ocrx_word' id='word_1_651' title='bbox 1626 4597 1823 4636; x_wconf 90' lang='lat' dir='ltr'><strong>omnes</strong></span> <span class='ocrx_word' id='word_1_652' title='bbox 1849 4596 2013 4651; x_wconf 82' lang='lat' dir='ltr'><strong>expe-</strong></span> <span class='ocrx_word' id='word_1_653' title='bbox 2032 4545 2090 4618; x_wconf 86' lang='lat' dir='ltr'><strong>D</strong></span> <span class='ocrx_word' id='word_1_654' title='bbox 2113 4595 2415 4664; x_wconf 57' lang='lat' dir='ltr'><strong>mundum,</strong></span> <span class='ocrx_word' id='word_1_655' title='bbox 2454 4594 2552 4649; x_wconf 73' lang='lat' dir='ltr'><strong>sed</strong></span> <span class='ocrx_word' id='word_1_656' title='bbox 2593 4597 2659 4649; x_wconf 70' lang='lat' dir='ltr'><strong>ut</strong></span> <span class='ocrx_word' id='word_1_657' title='bbox 2694 4594 2939 4649; x_wconf 64' lang='lat' dir='ltr'><strong>salvetur</strong></span> <span class='ocrx_word' id='word_1_658' title='bbox 2974 4595 3221 4651; x_wconf 68' lang='lat' dir='ltr'><strong>mundus</strong></span> <span class='ocrx_word' id='word_1_659' title='bbox 3257 4613 3363 4668; x_wconf 71' lang='lat' dir='ltr'><strong>per</strong></span> <span class='ocrx_word' id='word_1_660' title='bbox 3396 4598 3607 4669; x_wconf 49' lang='lat' dir='ltr'><strong>ipsum.</strong></span> <span class='ocrx_word' id='word_1_661' title='bbox 3650 4598 3756 4663; x_wconf 71' lang='lat' dir='ltr'><strong>Qui</strong></span> 
     </span>
    </p>
   </div>
   <div class='ocr_carea' id='block_1_93' title="bbox 372 4673 2011 4744">
    <p class='ocr_par' dir='ltr' id='par_1_93' title="bbox 372 4673 2011 4744">
     <span class='ocr_line' id='line_1_94' title="bbox 372 4673 2011 4744; baseline -0.006 -6"><span class='ocrx_word' id='word_1_662' title='bbox 372 4688 584 4738; x_wconf 87' lang='lat' dir='ltr'><strong>ctantes</strong></span> <span class='ocrx_word' id='word_1_663' title='bbox 610 4698 761 4736; x_wconf 94' lang='lat' dir='ltr'><strong>eum.</strong></span> <span class='ocrx_word' id='word_1_664' title='bbox 791 4682 855 4735; x_wconf 91' lang='lat' dir='ltr'><strong>Et</strong></span> <span class='ocrx_word' id='word_1_665' title='bbox 885 4695 1010 4734; x_wconf 92' lang='lat' dir='ltr'><strong>ecce</strong></span> <span class='ocrx_word' id='word_1_666' title='bbox 1039 4677 1193 4733; x_wconf 83' lang='lat' dir='ltr'><strong>venit</strong></span> <span class='ocrx_word' id='word_1_667' title='bbox 1218 4677 1304 4731; x_wconf 88' lang='lat' dir='ltr'><strong>vir</strong></span> <span class='ocrx_word' id='word_1_668' title='bbox 1330 4676 1563 4730; x_wconf 91' lang='lat' dir='ltr'><strong>nomine</strong></span> <span class='ocrx_word' id='word_1_669' title='bbox 1591 4674 1784 4743; x_wconf 90' lang='lat' dir='ltr'><strong>lairus,</strong></span> <span class='ocrx_word' id='word_1_670' title='bbox 1809 4678 1864 4728; x_wconf 93' lang='lat' dir='ltr'><strong>et</strong></span> <span class='ocrx_word' id='word_1_671' title='bbox 1892 4673 2011 4744; x_wconf 92' lang='lat' dir='ltr'><strong>ipse</strong></span> 
     </span>
    </p>
   </div>
   <div class='ocr_carea' id='block_1_94' title="bbox 369 4766 2011 4850">
    <p class='ocr_par' dir='ltr' id='par_1_94' title="bbox 369 4766 2011 4850">
     <span class='ocr_line' id='line_1_95' title="bbox 369 4766 2011 4850; baseline -0.008 -17"><span class='ocrx_word' id='word_1_672' title='bbox 369 4778 635 4850; x_wconf 87' lang='lat' dir='ltr'><strong>princeps</strong></span> <span class='ocrx_word' id='word_1_673' title='bbox 664 4778 784 4829; x_wconf 90' lang='lat' dir='ltr'><strong>erat</strong></span> <span class='ocrx_word' id='word_1_674' title='bbox 824 4774 1170 4844; x_wconf 85' lang='lat' dir='ltr'><strong>Synagogae;</strong></span> <span class='ocrx_word' id='word_1_675' title='bbox 1205 4774 1261 4824; x_wconf 90' lang='lat' dir='ltr'><strong>et</strong></span> <span class='ocrx_word' id='word_1_676' title='bbox 1306 4769 1501 4824; x_wconf 90' lang='lat' dir='ltr'><strong>videns</strong></span> <span class='ocrx_word' id='word_1_677' title='bbox 1528 4785 1659 4823; x_wconf 90' lang='lat' dir='ltr'><strong>eum</strong></span> <span class='ocrx_word' id='word_1_678' title='bbox 1690 4766 2011 4840; x_wconf 89' lang='lat' dir='ltr'><strong>prociditad</strong></span> 
     </span>
    </p>
   </div>
   <div class='ocr_carea' id='block_1_95' title="bbox 370 4860 2007 4944">
    <p class='ocr_par' dir='ltr' id='par_1_95' title="bbox 370 4860 2007 4944">
     <span class='ocr_line' id='line_1_96' title="bbox 370 4860 2007 4944; baseline -0.008 -16"><span class='ocrx_word' id='word_1_679' title='bbox 370 4872 542 4944; x_wconf 91' lang='lat' dir='ltr'><strong>pedes</strong></span> <span class='ocrx_word' id='word_1_680' title='bbox 589 4870 731 4943; x_wconf 87' lang='lat' dir='ltr'><strong>ejus,</strong></span> <span class='ocrx_word' id='word_1_681' title='bbox 756 4871 812 4924; x_wconf 92' lang='lat' dir='ltr'><strong>et</strong></span> <span class='ocrx_word' id='word_1_682' title='bbox 858 4864 1269 4938; x_wconf 88' lang='lat' dir='ltr'><strong>deprecabatur</strong></span> <span class='ocrx_word' id='word_1_683' title='bbox 1319 4878 1451 4917; x_wconf 90' lang='lat' dir='ltr'><strong>eum</strong></span> <span class='ocrx_word' id='word_1_684' title='bbox 1500 4862 1747 4917; x_wconf 87' lang='lat' dir='ltr'><strong>multum</strong></span> <span class='ocrx_word' id='word_1_685' title='bbox 1798 4860 2007 4931; x_wconf 90' lang='lat' dir='ltr'><strong>dicens,</strong></span> 
     </span>
    </p>
   </div>
   <div class='ocr_carea' id='block_1_96' title="bbox 368 4955 2013 5038">
    <p class='ocr_par' dir='ltr' id='par_1_96' title="bbox 368 4955 2013 5038">
     <span class='ocr_line' id='line_1_97' title="bbox 368 4955 2013 5038; baseline -0.007 -19"><span class='ocrx_word' id='word_1_686' title='bbox 368 4966 637 5038; x_wconf 90' lang='lat' dir='ltr'><strong>quoniam</strong></span> <span class='ocrx_word' id='word_1_687' title='bbox 662 4963 776 5018; x_wconf 85' lang='lat' dir='ltr'><strong>tilia</strong></span> <span class='ocrx_word' id='word_1_688' title='bbox 803 4978 933 5016; x_wconf 88' lang='lat' dir='ltr'><strong>mea</strong></span> <span class='ocrx_word' id='word_1_689' title='bbox 960 4959 1020 5014; x_wconf 93' lang='lat' dir='ltr'><strong>in</strong></span> <span class='ocrx_word' id='word_1_690' title='bbox 1046 4956 1315 5013; x_wconf 84' lang='lat' dir='ltr'><strong>extremis</strong></span> <span class='ocrx_word' id='word_1_691' title='bbox 1343 4959 1454 5024; x_wconf 91' lang='lat' dir='ltr'><strong>est;</strong></span> <span class='ocrx_word' id='word_1_692' title='bbox 1485 4955 1633 5024; x_wconf 91' lang='lat' dir='ltr'><strong>veni,</strong></span> <span class='ocrx_word' id='word_1_693' title='bbox 1658 4955 1865 5026; x_wconf 89' lang='lat' dir='ltr'><strong>inpone</strong></span> <span class='ocrx_word' id='word_1_694' title='bbox 1896 4970 2013 5009; x_wconf 89' lang='lat' dir='ltr'><strong>ma-</strong></span> 
     </span>
    </p>
   </div>
   <div class='ocr_carea' id='block_1_97' title="bbox 368 5048 2010 5129">
    <p class='ocr_par' dir='ltr' id='par_1_97' title="bbox 368 5048 2010 5129">
     <span class='ocr_line' id='line_1_98' title="bbox 368 5048 2010 5129; baseline -0.007 -16"><span class='ocrx_word' id='word_1_695' title='bbox 368 5075 511 5113; x_wconf 91' lang='lat' dir='ltr'><strong>num</strong></span> <span class='ocrx_word' id='word_1_696' title='bbox 555 5073 724 5129; x_wconf 90' lang='lat' dir='ltr'><strong>super</strong></span> <span class='ocrx_word' id='word_1_697' title='bbox 764 5072 911 5125; x_wconf 91' lang='lat' dir='ltr'><strong>eam,</strong></span> <span class='ocrx_word' id='word_1_698' title='bbox 937 5057 1003 5108; x_wconf 88' lang='lat' dir='ltr'><strong>ut</strong></span> <span class='ocrx_word' id='word_1_699' title='bbox 1032 5052 1184 5107; x_wconf 88' lang='lat' dir='ltr'><strong>salva</strong></span> <span class='ocrx_word' id='word_1_700' title='bbox 1214 5051 1304 5120; x_wconf 90' lang='lat' dir='ltr'><strong>sit,</strong></span> <span class='ocrx_word' id='word_1_701' title='bbox 1336 5053 1391 5104; x_wconf 91' lang='lat' dir='ltr'><strong>et</strong></span> <span class='ocrx_word' id='word_1_702' title='bbox 1416 5048 1582 5103; x_wconf 89' lang='lat' dir='ltr'><strong>vivat.</strong></span> <span class='ocrx_word' id='word_1_703' title='bbox 1611 5049 1679 5102; x_wconf 90' lang='lat' dir='ltr'><strong>Et</strong></span> <span class='ocrx_word' id='word_1_704' title='bbox 1711 5048 1849 5103; x_wconf 89' lang='lat' dir='ltr'><strong>abiit</strong></span> <span class='ocrx_word' id='word_1_705' title='bbox 1880 5064 2010 5102; x_wconf 89' lang='lat' dir='ltr'><strong>cum</strong></span> 
     </span>
    </p>
   </div>
   <div class='ocr_carea' id='block_1_98' title="bbox 369 5140 2008 5221">
    <p class='ocr_par' dir='ltr' id='par_1_98' title="bbox 369 5140 2008 5221">
     <span class='ocr_line' id='line_1_99' title="bbox 369 5140 2008 5221; baseline -0.006 -15"><span class='ocrx_word' id='word_1_706' title='bbox 369 5150 487 5221; x_wconf 91' lang='lat' dir='ltr'><strong>illo,</strong></span> <span class='ocrx_word' id='word_1_707' title='bbox 517 5154 572 5205; x_wconf 90' lang='lat' dir='ltr'><strong>et</strong></span> <span class='ocrx_word' id='word_1_708' title='bbox 614 5149 950 5221; x_wconf 86' lang='lat' dir='ltr'><strong>sequebatur</strong></span> <span class='ocrx_word' id='word_1_709' title='bbox 984 5163 1119 5202; x_wconf 90' lang='lat' dir='ltr'><strong>eum</strong></span> <span class='ocrx_word' id='word_1_710' title='bbox 1144 5144 1311 5200; x_wconf 90' lang='lat' dir='ltr'><strong>turba</strong></span> <span class='ocrx_word' id='word_1_711' title='bbox 1353 5141 1556 5197; x_wconf 89' lang='lat' dir='ltr'><strong>multa.</strong></span> <span class='ocrx_word' id='word_1_712' title='bbox 1601 5140 1799 5196; x_wconf 82' lang='lat' dir='ltr'><strong>Adhuc</strong></span> <span class='ocrx_word' id='word_1_713' title='bbox 1831 5157 1896 5196; x_wconf 87' lang='lat' dir='ltr'><strong>eo</strong></span> <span class='ocrx_word' id='word_1_714' title='bbox 1922 5141 2008 5197; x_wconf 86' lang='lat' dir='ltr'><strong>lo-</strong></span> 
     </span>
    </p>
   </div>
   <div class='ocr_carea' id='block_1_99' title="bbox 368 5233 2011 5318">
    <p class='ocr_par' dir='ltr' id='par_1_99' title="bbox 368 5233 2011 5318">
     <span class='ocr_line' id='line_1_100' title="bbox 368 5233 2011 5318; baseline -0.007 -19"><span class='ocrx_word' id='word_1_715' title='bbox 368 5246 598 5318; x_wconf 76' lang='lat' dir='ltr'><strong>quente,</strong></span> <span class='ocrx_word' id='word_1_716' title='bbox 638 5241 871 5296; x_wconf 86' lang='lat' dir='ltr'><strong>veniunt</strong></span> <span class='ocrx_word' id='word_1_717' title='bbox 915 5241 985 5295; x_wconf 91' lang='lat' dir='ltr'><strong>ab</strong></span> <span class='ocrx_word' id='word_1_718' title='bbox 1033 5239 1486 5311; x_wconf 79' lang='lat' dir='ltr'><strong>archisynagogo</strong></span> <span class='ocrx_word' id='word_1_719' title='bbox 1533 5233 1782 5289; x_wconf 91' lang='lat' dir='ltr'><strong>dicentes</strong></span> <span class='ocrx_word' id='word_1_720' title='bbox 1822 5250 1835 5288; x_wconf 91' lang='lat'><strong>:</strong></span> <span class='ocrx_word' id='word_1_721' title='bbox 1870 5234 2011 5298; x_wconf 90' lang='lat' dir='ltr'><strong>Quia</strong></span> 
     </span>
    </p>
   </div>
   <div class='ocr_carea' id='block_1_100' title="bbox 367 5327 2009 5405">
    <p class='ocr_par' dir='ltr' id='par_1_100' title="bbox 367 5327 2009 5405">
     <span class='ocr_line' id='line_1_101' title="bbox 367 5327 2009 5405; baseline -0.006 -13"><span class='ocrx_word' id='word_1_722' title='bbox 367 5338 483 5393; x_wconf 82' lang='lat' dir='ltr'><strong>{ilia</strong></span> <span class='ocrx_word' id='word_1_723' title='bbox 523 5340 621 5391; x_wconf 91' lang='lat' dir='ltr'><strong>tua</strong></span> <span class='ocrx_word' id='word_1_724' title='bbox 666 5338 889 5388; x_wconf 90' lang='lat' dir='ltr'><strong>mortua</strong></span> <span class='ocrx_word' id='word_1_725' title='bbox 932 5338 1034 5402; x_wconf 91' lang='lat' dir='ltr'><strong>est,</strong></span> <span class='ocrx_word' id='word_1_726' title='bbox 1067 5333 1204 5405; x_wconf 90' lang='lat' dir='ltr'><strong>quid</strong></span> <span class='ocrx_word' id='word_1_727' title='bbox 1244 5332 1388 5387; x_wconf 90' lang='lat' dir='ltr'><strong>ultra</strong></span> <span class='ocrx_word' id='word_1_728' title='bbox 1429 5346 1596 5385; x_wconf 88' lang='lat' dir='ltr'><strong>vexas</strong></span> <span class='ocrx_word' id='word_1_729' title='bbox 1631 5327 2009 5399; x_wconf 85' lang='lat' dir='ltr'><strong>Magistrum?</strong></span> 
     </span>
    </p>
   </div>
   <div class='ocr_carea' id='block_1_101' title="bbox 365 5420 2011 5498">
    <p class='ocr_par' dir='ltr' id='par_1_101' title="bbox 365 5420 2011 5498">
     <span class='ocr_line' id='line_1_102' title="bbox 365 5420 2011 5498; baseline -0.009 -9"><span class='ocrx_word' id='word_1_730' title='bbox 365 5435 521 5489; x_wconf 86' lang='lat' dir='ltr'><strong>Jesus</strong></span> <span class='ocrx_word' id='word_1_731' title='bbox 549 5433 739 5485; x_wconf 87' lang='lat' dir='ltr'><strong>autem</strong></span> <span class='ocrx_word' id='word_1_732' title='bbox 758 5426 927 5483; x_wconf 92' lang='lat' dir='ltr'><strong>verbo</strong></span> <span class='ocrx_word' id='word_1_733' title='bbox 953 5427 1102 5498; x_wconf 91' lang='lat' dir='ltr'><strong>quod</strong></span> <span class='ocrx_word' id='word_1_734' title='bbox 1138 5426 1428 5481; x_wconf 89' lang='lat' dir='ltr'><strong>dicebatur</strong></span> <span class='ocrx_word' id='word_1_735' title='bbox 1469 5423 1682 5491; x_wconf 88' lang='lat' dir='ltr'><strong>audito,</strong></span> <span class='ocrx_word' id='word_1_736' title='bbox 1714 5422 1790 5476; x_wconf 91' lang='lat' dir='ltr'><strong>ait</strong></span> <span class='ocrx_word' id='word_1_737' title='bbox 1829 5420 2011 5475; x_wconf 90' lang='lat' dir='ltr'><strong>archi-</strong></span> 
     </span>
    </p>
   </div>
   <div class='ocr_carea' id='block_1_102' title="bbox 368 5504 2010 5601">
    <p class='ocr_par' dir='ltr' id='par_1_102' title="bbox 368 5504 2010 5601">
     <span class='ocr_line' id='line_1_103' title="bbox 368 5504 2010 5601; baseline -0.009 -18"><span class='ocrx_word' id='word_1_738' title='bbox 368 5504 656 5601; x_wconf 86' lang='lat' dir='ltr'><strong>synagogo</strong></span> <span class='ocrx_word' id='word_1_739' title='bbox 685 5539 699 5578; x_wconf 90' lang='lat'><strong>:</strong></span> <span class='ocrx_word' id='word_1_740' title='bbox 733 5520 855 5577; x_wconf 85' lang='lat' dir='ltr'><strong>Noli</strong></span> <span class='ocrx_word' id='word_1_741' title='bbox 878 5520 1099 5586; x_wconf 89' lang='lat' dir='ltr'><strong>timere,</strong></span> <span class='ocrx_word' id='word_1_742' title='bbox 1129 5518 1521 5574; x_wconf 89' lang='lat' dir='ltr'><strong>tantummodo</strong></span> <span class='ocrx_word' id='word_1_743' title='bbox 1557 5517 1741 5574; x_wconf 91' lang='lat' dir='ltr'><strong>crede.</strong></span> <span class='ocrx_word' id='word_1_744' title='bbox 1790 5517 1855 5571; x_wconf 88' lang='lat' dir='ltr'><strong>Et</strong></span> <span class='ocrx_word' id='word_1_745' title='bbox 1896 5530 2010 5570; x_wconf 92' lang='lat' dir='ltr'><strong>non</strong></span> 
     </span>
    </p>
   </div>
   <div class='ocr_carea' id='block_1_103' title="bbox 367 5609 2005 5691">
    <p class='ocr_par' dir='ltr' id='par_1_103' title="bbox 367 5609 2005 5691">
     <span class='ocr_line' id='line_1_104' title="bbox 367 5609 2005 5691; baseline -0.009 -14"><span class='ocrx_word' id='word_1_746' title='bbox 367 5620 593 5676; x_wconf 88' lang='lat' dir='ltr'><strong>admisit</strong></span> <span class='ocrx_word' id='word_1_747' title='bbox 620 5630 968 5691; x_wconf 91' lang='lat' dir='ltr'><strong>quemquam</strong></span> <span class='ocrx_word' id='word_1_748' title='bbox 995 5611 1153 5685; x_wconf 83' lang='lat' dir='ltr'><strong>sequi</strong></span> <span class='ocrx_word' id='word_1_749' title='bbox 1181 5627 1239 5667; x_wconf 90' lang='lat' dir='ltr'><strong>se</strong></span> <span class='ocrx_word' id='word_1_750' title='bbox 1265 5612 1379 5665; x_wconf 90' lang='lat' dir='ltr'><strong>nisi</strong></span> <span class='ocrx_word' id='word_1_751' title='bbox 1402 5613 1631 5666; x_wconf 88' lang='lat' dir='ltr'><strong>Petrum</strong></span> <span class='ocrx_word' id='word_1_752' title='bbox 1656 5615 1713 5666; x_wconf 92' lang='lat' dir='ltr'><strong>et</strong></span> <span class='ocrx_word' id='word_1_753' title='bbox 1737 5609 2005 5665; x_wconf 76' lang='lat' dir='ltr'><strong>Iacobum</strong></span> 
     </span>
    </p>
   </div>
   <div class='ocr_carea' id='block_1_104' title="bbox 368 5703 2009 5770">
    <p class='ocr_par' dir='ltr' id='par_1_104' title="bbox 368 5703 2009 5770">
     <span class='ocr_line' id='line_1_105' title="bbox 368 5703 2009 5770; baseline -0.008 0"><span class='ocrx_word' id='word_1_754' title='bbox 368 5719 425 5770; x_wconf 90' lang='lat' dir='ltr'><strong>et</strong></span> <span class='ocrx_word' id='word_1_755' title='bbox 458 5715 771 5770; x_wconf 73' lang='lat' dir='ltr'><strong>Iohannem</strong></span> <span class='ocrx_word' id='word_1_756' title='bbox 819 5709 1053 5766; x_wconf 89' lang='lat' dir='ltr'><strong>fratrem</strong></span> <span class='ocrx_word' id='word_1_757' title='bbox 1083 5704 1289 5763; x_wconf 83' lang='lat' dir='ltr'><strong>Jacobi.</strong></span> <span class='ocrx_word' id='word_1_758' title='bbox 1319 5705 1387 5759; x_wconf 88' lang='lat' dir='ltr'><strong>Et</strong></span> <span class='ocrx_word' id='word_1_759' title='bbox 1411 5703 1645 5760; x_wconf 90' lang='lat' dir='ltr'><strong>veniunt</strong></span> <span class='ocrx_word' id='word_1_760' title='bbox 1681 5704 1741 5759; x_wconf 91' lang='lat' dir='ltr'><strong>in</strong></span> <span class='ocrx_word' id='word_1_761' title='bbox 1775 5704 2009 5759; x_wconf 91' lang='lat' dir='ltr'><strong>domum</strong></span> 
     </span>
    </p>
   </div>
   <div class='ocr_carea' id='block_1_105' title="bbox 442 5839 2011 5924">
    <p class='ocr_par' dir='ltr' id='par_1_105' title="bbox 442 5839 2011 5924">
     <span class='ocr_line' id='line_1_106' title="bbox 442 5839 2011 5924; baseline -0.01 -15"><span class='ocrx_word' id='word_1_762' title='bbox 442 5849 464 5877; x_wconf 88' lang='lat'>&#39;</span> <span class='ocrx_word' id='word_1_763' title='bbox 484 5852 565 5908; x_wconf 73' lang='lat' dir='ltr'><strong>An</strong></span> <span class='ocrx_word' id='word_1_764' title='bbox 578 5848 889 5924; x_wconf 77' lang='lat' dir='ltr'><strong>depingitur</strong></span> <span class='ocrx_word' id='word_1_765' title='bbox 906 5851 933 5905; x_wconf 90' lang='lat'><strong><em>?</em></strong></span> <span class='ocrx_word' id='word_1_766' title='bbox 948 5848 1013 5904; x_wconf 90' lang='lat' dir='ltr'><strong>Et</strong></span> <span class='ocrx_word' id='word_1_767' title='bbox 1028 5843 1197 5919; x_wconf 89' lang='lat' dir='ltr'><strong>paulo</strong></span> <span class='ocrx_word' id='word_1_768' title='bbox 1211 5841 1358 5898; x_wconf 87' lang='lat' dir='ltr'><strong>infra</strong></span> <span class='ocrx_word' id='word_1_769' title='bbox 1367 5840 1513 5896; x_wconf 82' lang='lat' dir='ltr'><strong>forte</strong></span> <span class='ocrx_word' id='word_1_770' title='bbox 1532 5854 1545 5893; x_wconf 90' lang='lat'><strong>:</strong></span> <span class='ocrx_word' id='word_1_771' title='bbox 1565 5839 1856 5895; x_wconf 72' lang='lat' dir='ltr'><strong>Ecclesium</strong></span> <span class='ocrx_word' id='word_1_772' title='bbox 1870 5855 2011 5896; x_wconf 85' lang='lat' dir='ltr'><strong>mar-</strong></span> 
     </span>
    </p>
   </div>
   <div class='ocr_carea' id='block_1_106' title="bbox 2111 4684 3758 4757">
    <p class='ocr_par' dir='ltr' id='par_1_106' title="bbox 2111 4684 3758 4757">
     <span class='ocr_line' id='line_1_107' title="bbox 2111 4684 3758 4757; baseline 0.001 -18"><span class='ocrx_word' id='word_1_773' title='bbox 2111 4684 2290 4739; x_wconf 90' lang='lat' dir='ltr'><strong>credit</strong></span> <span class='ocrx_word' id='word_1_774' title='bbox 2316 4684 2375 4739; x_wconf 93' lang='lat' dir='ltr'><strong>in</strong></span> <span class='ocrx_word' id='word_1_775' title='bbox 2405 4700 2558 4754; x_wconf 91' lang='lat' dir='ltr'><strong>eum,</strong></span> <span class='ocrx_word' id='word_1_776' title='bbox 2592 4700 2707 4739; x_wconf 93' lang='lat' dir='ltr'><strong>non</strong></span> <span class='ocrx_word' id='word_1_777' title='bbox 2733 4684 3042 4756; x_wconf 88' lang='lat' dir='ltr'><strong>judicatur,</strong></span> <span class='ocrx_word' id='word_1_778' title='bbox 3072 4686 3170 4757; x_wconf 90' lang='lat' dir='ltr'><strong>qui</strong></span> <span class='ocrx_word' id='word_1_779' title='bbox 3208 4691 3404 4742; x_wconf 88' lang='lat' dir='ltr'><strong>autem</strong></span> <span class='ocrx_word' id='word_1_780' title='bbox 3431 4702 3551 4741; x_wconf 93' lang='lat' dir='ltr'><strong>non</strong></span> <span class='ocrx_word' id='word_1_781' title='bbox 3577 4687 3758 4744; x_wconf 89' lang='lat' dir='ltr'><strong>credit</strong></span> 
     </span>
    </p>
   </div>
   <div class='ocr_carea' id='block_1_107' title="bbox 2112 4777 3755 4850">
    <p class='ocr_par' dir='ltr' id='par_1_107' title="bbox 2112 4777 3755 4850">
     <span class='ocr_line' id='line_1_108' title="bbox 2112 4777 3755 4850; baseline 0.003 -18"><span class='ocrx_word' id='word_1_782' title='bbox 2112 4778 2172 4833; x_wconf 89' lang='lat' dir='ltr'><strong>in</strong></span> <span class='ocrx_word' id='word_1_783' title='bbox 2201 4794 2355 4847; x_wconf 91' lang='lat' dir='ltr'><strong>eum,</strong></span> <span class='ocrx_word' id='word_1_784' title='bbox 2388 4777 2674 4849; x_wconf 86' lang='lat' dir='ltr'><strong>judicatus</strong></span> <span class='ocrx_word' id='word_1_785' title='bbox 2717 4783 2820 4848; x_wconf 90' lang='lat' dir='ltr'><strong>est,</strong></span> <span class='ocrx_word' id='word_1_786' title='bbox 2874 4778 3005 4850; x_wconf 88' lang='lat' dir='ltr'><strong>quia</strong></span> <span class='ocrx_word' id='word_1_787' title='bbox 3048 4796 3164 4834; x_wconf 90' lang='lat' dir='ltr'><strong>non</strong></span> <span class='ocrx_word' id='word_1_788' title='bbox 3206 4780 3386 4837; x_wconf 90' lang='lat' dir='ltr'><strong>credit</strong></span> <span class='ocrx_word' id='word_1_789' title='bbox 3423 4782 3482 4836; x_wconf 92' lang='lat' dir='ltr'><strong>in</strong></span> <span class='ocrx_word' id='word_1_790' title='bbox 3520 4782 3755 4837; x_wconf 83' lang='lat' dir='ltr'><strong>nomine</strong></span> 
     </span>
    </p>
   </div>
   <div class='ocr_carea' id='block_1_108' title="bbox 2113 4871 3751 4948">
    <p class='ocr_par' dir='ltr' id='par_1_108' title="bbox 2113 4871 3751 4948">
     <span class='ocr_line' id='line_1_109' title="bbox 2113 4871 3751 4948; baseline 0.002 -21"><span class='ocrx_word' id='word_1_791' title='bbox 2113 4871 2392 4944; x_wconf 89' lang='lat' dir='ltr'><strong>unigeniti</strong></span> <span class='ocrx_word' id='word_1_792' title='bbox 2412 4871 2536 4926; x_wconf 85' lang='lat' dir='ltr'><strong>Filii</strong></span> <span class='ocrx_word' id='word_1_793' title='bbox 2561 4872 2675 4928; x_wconf 91' lang='lat' dir='ltr'><strong>Dei.</strong></span> <span class='ocrx_word' id='word_1_794' title='bbox 2704 4873 2815 4927; x_wconf 91' lang='lat' dir='ltr'><strong>Hoc</strong></span> <span class='ocrx_word' id='word_1_795' title='bbox 2840 4875 2923 4928; x_wconf 92' lang='lat' dir='ltr'><strong>est</strong></span> <span class='ocrx_word' id='word_1_796' title='bbox 2946 4877 3136 4929; x_wconf 90' lang='lat' dir='ltr'><strong>autem</strong></span> <span class='ocrx_word' id='word_1_797' title='bbox 3152 4873 3457 4945; x_wconf 89' lang='lat' dir='ltr'><strong>judicium,</strong></span> <span class='ocrx_word' id='word_1_798' title='bbox 3487 4875 3629 4948; x_wconf 89' lang='lat' dir='ltr'><strong>quia</strong></span> <span class='ocrx_word' id='word_1_799' title='bbox 3656 4876 3751 4931; x_wconf 86' lang='lat' dir='ltr'><strong>lux</strong></span> 
     </span>
    </p>
   </div>
   <div class='ocr_carea' id='block_1_109' title="bbox 2111 4966 3749 5040">
    <p class='ocr_par' dir='ltr' id='par_1_109' title="bbox 2111 4966 3749 5040">
     <span class='ocr_line' id='line_1_110' title="bbox 2111 4966 3749 5040; baseline 0.002 -19"><span class='ocrx_word' id='word_1_800' title='bbox 2111 4966 2265 5022; x_wconf 91' lang='lat' dir='ltr'><strong>venit</strong></span> <span class='ocrx_word' id='word_1_801' title='bbox 2289 4966 2347 5020; x_wconf 90' lang='lat' dir='ltr'><strong>in</strong></span> <span class='ocrx_word' id='word_1_802' title='bbox 2382 4966 2680 5033; x_wconf 90' lang='lat' dir='ltr'><strong>mundum,</strong></span> <span class='ocrx_word' id='word_1_803' title='bbox 2714 4970 2770 5021; x_wconf 93' lang='lat' dir='ltr'><strong>et</strong></span> <span class='ocrx_word' id='word_1_804' title='bbox 2796 4966 3116 5022; x_wconf 84' lang='lat' dir='ltr'><strong>dilexerunt</strong></span> <span class='ocrx_word' id='word_1_805' title='bbox 3146 4967 3407 5023; x_wconf 91' lang='lat' dir='ltr'><strong>homines</strong></span> <span class='ocrx_word' id='word_1_806' title='bbox 3442 4969 3627 5040; x_wconf 87' lang='lat' dir='ltr'><strong>magis</strong></span> <span class='ocrx_word' id='word_1_807' title='bbox 3666 4974 3749 5024; x_wconf 85' lang='lat' dir='ltr'><strong>te-</strong></span> 
     </span>
    </p>
   </div>
   <div class='ocr_carea' id='block_1_110' title="bbox 2110 5060 3749 5135">
    <p class='ocr_par' dir='ltr' id='par_1_110' title="bbox 2110 5060 3749 5135">
     <span class='ocr_line' id='line_1_111' title="bbox 2110 5060 3749 5135; baseline 0.002 -19"><span class='ocrx_word' id='word_1_808' title='bbox 2110 5060 2317 5116; x_wconf 91' lang='lat' dir='ltr'><strong>nebras</strong></span> <span class='ocrx_word' id='word_1_809' title='bbox 2336 5076 2506 5132; x_wconf 90' lang='lat' dir='ltr'><strong>quam</strong></span> <span class='ocrx_word' id='word_1_810' title='bbox 2531 5060 2735 5115; x_wconf 92' lang='lat' dir='ltr'><strong>lucem.</strong></span> <span class='ocrx_word' id='word_1_811' title='bbox 2767 5061 2938 5116; x_wconf 89' lang='lat' dir='ltr'><strong>Erant</strong></span> <span class='ocrx_word' id='word_1_812' title='bbox 2966 5061 3119 5116; x_wconf 92' lang='lat' dir='ltr'><strong>enim</strong></span> <span class='ocrx_word' id='word_1_813' title='bbox 3145 5078 3345 5117; x_wconf 91' lang='lat' dir='ltr'><strong>eorum</strong></span> <span class='ocrx_word' id='word_1_814' title='bbox 3371 5062 3526 5118; x_wconf 88' lang='lat' dir='ltr'><strong>mala</strong></span> <span class='ocrx_word' id='word_1_815' title='bbox 3557 5079 3749 5135; x_wconf 88' lang='lat' dir='ltr'><strong>opera.</strong></span> 
     </span>
    </p>
   </div>
   <div class='ocr_carea' id='block_1_111' title="bbox 2110 5154 3753 5226">
    <p class='ocr_par' dir='ltr' id='par_1_111' title="bbox 2110 5154 3753 5226">
     <span class='ocr_line' id='line_1_112' title="bbox 2110 5154 3753 5226; baseline 0.001 -16"><span class='ocrx_word' id='word_1_816' title='bbox 2110 5154 2304 5210; x_wconf 90' lang='lat' dir='ltr'><strong>Omnis</strong></span> <span class='ocrx_word' id='word_1_817' title='bbox 2330 5154 2481 5209; x_wconf 90' lang='lat' dir='ltr'><strong>enim</strong></span> <span class='ocrx_word' id='word_1_818' title='bbox 2511 5154 2609 5226; x_wconf 90' lang='lat' dir='ltr'><strong>qui</strong></span> <span class='ocrx_word' id='word_1_819' title='bbox 2633 5155 2780 5209; x_wconf 91' lang='lat' dir='ltr'><strong>male</strong></span> <span class='ocrx_word' id='word_1_820' title='bbox 2804 5154 2944 5226; x_wconf 87' lang='lat' dir='ltr'><strong>agit,</strong></span> <span class='ocrx_word' id='word_1_821' title='bbox 2974 5155 3091 5211; x_wconf 92' lang='lat' dir='ltr'><strong>odit</strong></span> <span class='ocrx_word' id='word_1_822' title='bbox 3115 5156 3321 5225; x_wconf 91' lang='lat' dir='ltr'><strong>lucem,</strong></span> <span class='ocrx_word' id='word_1_823' title='bbox 3351 5161 3409 5212; x_wconf 90' lang='lat' dir='ltr'><strong>et</strong></span> <span class='ocrx_word' id='word_1_824' title='bbox 3431 5173 3549 5212; x_wconf 92' lang='lat' dir='ltr'><strong>non</strong></span> <span class='ocrx_word' id='word_1_825' title='bbox 3600 5158 3753 5213; x_wconf 89' lang='lat' dir='ltr'><strong>venit</strong></span> 
     </span>
    </p>
   </div>
   <div class='ocr_carea' id='block_1_112' title="bbox 2109 5248 3754 5322">
    <p class='ocr_par' dir='ltr' id='par_1_112' title="bbox 2109 5248 3754 5322">
     <span class='ocr_line' id='line_1_113' title="bbox 2109 5248 3754 5322; baseline 0.001 -19"><span class='ocrx_word' id='word_1_826' title='bbox 2109 5249 2180 5303; x_wconf 92' lang='lat' dir='ltr'><strong>ad</strong></span> <span class='ocrx_word' id='word_1_827' title='bbox 2224 5248 2431 5319; x_wconf 91' lang='lat' dir='ltr'><strong>lucem,</strong></span> <span class='ocrx_word' id='word_1_828' title='bbox 2483 5253 2545 5304; x_wconf 89' lang='lat' dir='ltr'><strong>ut</strong></span> <span class='ocrx_word' id='word_1_829' title='bbox 2585 5264 2701 5303; x_wconf 92' lang='lat' dir='ltr'><strong>non</strong></span> <span class='ocrx_word' id='word_1_830' title='bbox 2742 5253 3062 5319; x_wconf 87' lang='lat' dir='ltr'><strong>arguantur</strong></span> <span class='ocrx_word' id='word_1_831' title='bbox 3100 5265 3272 5322; x_wconf 82' lang='lat' dir='ltr'><strong>Opera</strong></span> <span class='ocrx_word' id='word_1_832' title='bbox 3306 5251 3450 5322; x_wconf 88' lang='lat' dir='ltr'><strong>ejus.</strong></span> <span class='ocrx_word' id='word_1_833' title='bbox 3485 5251 3595 5316; x_wconf 90' lang='lat' dir='ltr'><strong>Qui</strong></span> <span class='ocrx_word' id='word_1_834' title='bbox 3619 5251 3754 5306; x_wconf 87' lang='lat' dir='ltr'><strong>facit</strong></span> 
     </span>
    </p>
   </div>
   <div class='ocr_carea' id='block_1_113' title="bbox 2111 5342 3753 5417">
    <p class='ocr_par' dir='ltr' id='par_1_113' title="bbox 2111 5342 3753 5417">
     <span class='ocr_line' id='line_1_114' title="bbox 2111 5342 3753 5417; baseline 0.004 -21"><span class='ocrx_word' id='word_1_835' title='bbox 2111 5342 2422 5412; x_wconf 89' lang='lat' dir='ltr'><strong>veritatem,</strong></span> <span class='ocrx_word' id='word_1_836' title='bbox 2460 5342 2614 5398; x_wconf 90' lang='lat' dir='ltr'><strong>venit</strong></span> <span class='ocrx_word' id='word_1_837' title='bbox 2646 5342 2720 5397; x_wconf 89' lang='lat' dir='ltr'><strong>ad</strong></span> <span class='ocrx_word' id='word_1_838' title='bbox 2752 5342 2959 5413; x_wconf 90' lang='lat' dir='ltr'><strong>lucem,</strong></span> <span class='ocrx_word' id='word_1_839' title='bbox 2999 5347 3066 5399; x_wconf 92' lang='lat' dir='ltr'><strong>ut</strong></span> <span class='ocrx_word' id='word_1_840' title='bbox 3106 5344 3543 5401; x_wconf 74' lang='lat' dir='ltr'><strong>manifestentm&#39;</strong></span> <span class='ocrx_word' id='word_1_841' title='bbox 3581 5361 3753 5417; x_wconf 86' lang='lat' dir='ltr'><strong>opera</strong></span> 
     </span>
    </p>
   </div>
   <div class='ocr_carea' id='block_1_114' title="bbox 2117 5436 3035 5510">
    <p class='ocr_par' dir='ltr' id='par_1_114' title="bbox 2117 5436 3035 5510">
     <span class='ocr_line' id='line_1_115' title="bbox 2117 5436 3035 5510; baseline 0.001 -18"><span class='ocrx_word' id='word_1_842' title='bbox 2117 5436 2297 5510; x_wconf 82' lang='lat' dir='ltr'><strong>[ejus,]</strong></span> <span class='ocrx_word' id='word_1_843' title='bbox 2329 5436 2465 5509; x_wconf 90' lang='lat' dir='ltr'><strong>quia</strong></span> <span class='ocrx_word' id='word_1_844' title='bbox 2489 5437 2549 5492; x_wconf 92' lang='lat' dir='ltr'><strong>in</strong></span> <span class='ocrx_word' id='word_1_845' title='bbox 2574 5437 2688 5492; x_wconf 89' lang='lat' dir='ltr'><strong>Deo</strong></span> <span class='ocrx_word' id='word_1_846' title='bbox 2715 5442 2848 5492; x_wconf 90' lang='lat' dir='ltr'><strong>sunt</strong></span> <span class='ocrx_word' id='word_1_847' title='bbox 2871 5438 3035 5493; x_wconf 85' lang='lat' dir='ltr'><strong>facta.</strong></span> 
     </span>
    </p>
   </div>
   <div class='ocr_carea' id='block_1_115' title="bbox 2478 5537 3387 5590">
    <p class='ocr_par' dir='ltr' id='par_1_115' title="bbox 2478 5537 3387 5590">
     <span class='ocr_line' id='line_1_116' title="bbox 2478 5537 3387 5590; baseline 0.002 -3"><span class='ocrx_word' id='word_1_848' title='bbox 2478 5539 2606 5588; x_wconf 87' lang='lat' dir='ltr'><strong>Item</strong></span> <span class='ocrx_word' id='word_1_849' title='bbox 2639 5538 2741 5588; x_wconf 89' lang='lat' dir='ltr'><strong>alia</strong></span> <span class='ocrx_word' id='word_1_850' title='bbox 2762 5537 3051 5590; x_wconf 89' lang='lat' dir='ltr'><strong>secundum</strong></span> <span class='ocrx_word' id='word_1_851' title='bbox 3074 5538 3387 5589; x_wconf 87' lang='lat' dir='ltr'><strong>Johannem.</strong></span> 
     </span>
    </p>
   </div>
   <div class='ocr_carea' id='block_1_116' title="bbox 2180 5623 3750 5699">
    <p class='ocr_par' dir='ltr' id='par_1_116' title="bbox 2180 5623 3750 5699">
     <span class='ocr_line' id='line_1_117' title="bbox 2180 5623 3750 5699; baseline 0.001 -19"><span class='ocrx_word' id='word_1_852' title='bbox 2180 5628 2379 5693; x_wconf 81' lang='lat' dir='ltr'><strong>Amen,</strong></span> <span class='ocrx_word' id='word_1_853' title='bbox 2409 5640 2578 5679; x_wconf 90' lang='lat' dir='ltr'><strong>amen</strong></span> <span class='ocrx_word' id='word_1_854' title='bbox 2611 5623 2735 5680; x_wconf 91' lang='lat' dir='ltr'><strong>dico</strong></span> <span class='ocrx_word' id='word_1_855' title='bbox 2771 5624 2947 5692; x_wconf 90' lang='lat' dir='ltr'><strong>vobis,</strong></span> <span class='ocrx_word' id='word_1_856' title='bbox 2988 5624 3084 5697; x_wconf 88' lang='lat' dir='ltr'><strong>qui</strong></span> <span class='ocrx_word' id='word_1_857' title='bbox 3112 5625 3290 5680; x_wconf 88' lang='lat' dir='ltr'><strong>credit</strong></span> <span class='ocrx_word' id='word_1_858' title='bbox 3329 5625 3389 5680; x_wconf 90' lang='lat' dir='ltr'><strong>in</strong></span> <span class='ocrx_word' id='word_1_859' title='bbox 3436 5641 3551 5696; x_wconf 90' lang='lat' dir='ltr'><strong>me,</strong></span> <span class='ocrx_word' id='word_1_860' title='bbox 3579 5642 3750 5699; x_wconf 87' lang='lat' dir='ltr'><strong>opera</strong></span> 
     </span>
    </p>
   </div>
   <div class='ocr_carea' id='block_1_117' title="bbox 2110 5718 3740 5792">
    <p class='ocr_par' dir='ltr' id='par_1_117' title="bbox 2110 5718 3740 5792">
     <span class='ocr_line' id='line_1_118' title="bbox 2110 5718 3740 5792; baseline 0.002 -19"><span class='ocrx_word' id='word_1_861' title='bbox 2110 5734 2238 5789; x_wconf 71' lang='lat' dir='ltr'><strong>quae</strong></span> <span class='ocrx_word' id='word_1_862' title='bbox 2263 5735 2369 5791; x_wconf 91' lang='lat' dir='ltr'><strong>ego</strong></span> <span class='ocrx_word' id='word_1_863' title='bbox 2394 5718 2558 5789; x_wconf 89' lang='lat' dir='ltr'><strong>facio,</strong></span> <span class='ocrx_word' id='word_1_864' title='bbox 2577 5721 2633 5774; x_wconf 91' lang='lat' dir='ltr'><strong>et</strong></span> <span class='ocrx_word' id='word_1_865' title='bbox 2656 5719 2774 5792; x_wconf 90' lang='lat' dir='ltr'><strong>ipse</strong></span> <span class='ocrx_word' id='word_1_866' title='bbox 2793 5718 2979 5788; x_wconf 87' lang='lat' dir='ltr'><strong>faciet,</strong></span> <span class='ocrx_word' id='word_1_867' title='bbox 3003 5722 3061 5775; x_wconf 88' lang='lat' dir='ltr'><strong>et</strong></span> <span class='ocrx_word' id='word_1_868' title='bbox 3085 5718 3299 5791; x_wconf 88' lang='lat' dir='ltr'><strong>majora</strong></span> <span class='ocrx_word' id='word_1_869' title='bbox 3323 5719 3531 5776; x_wconf 89' lang='lat' dir='ltr'><strong>horum</strong></span> <span class='ocrx_word' id='word_1_870' title='bbox 3554 5719 3740 5787; x_wconf 84' lang='lat' dir='ltr'><strong>faciet;</strong></span> 
     </span>
    </p>
   </div>
   <div class='ocr_carea' id='block_1_118' title="bbox 2110 5835 3735 5909">
    <p class='ocr_par' dir='ltr' id='par_1_118' title="bbox 2110 5835 3735 5909">
     <span class='ocr_line' id='line_1_119' title="bbox 2110 5835 3735 5909; baseline 0 -18"><span class='ocrx_word' id='word_1_871' title='bbox 2110 5839 2301 5909; x_wconf 62' lang='lat' dir='ltr'><strong>peritav</strong></span> <span class='ocrx_word' id='word_1_872' title='bbox 2317 5838 2642 5907; x_wconf 77' lang='lat' dir='ltr'><strong>fecundam;</strong></span> <span class='ocrx_word' id='word_1_873' title='bbox 2664 5835 2750 5893; x_wconf 88' lang='lat' dir='ltr'><strong>vel</strong></span> <span class='ocrx_word' id='word_1_874' title='bbox 2773 5851 2786 5892; x_wconf 88' lang='lat'><strong>:</strong></span> <span class='ocrx_word' id='word_1_875' title='bbox 2807 5837 3046 5894; x_wconf 75' lang='lat' dir='ltr'><strong>Ecclesia</strong></span> <span class='ocrx_word' id='word_1_876' title='bbox 3062 5837 3376 5907; x_wconf 75' lang='lat' dir='ltr'><strong>margaritis</strong></span> <span class='ocrx_word' id='word_1_877' title='bbox 3391 5836 3735 5908; x_wconf 80' lang='lat' dir='ltr'><strong>fecundatur.</strong></span> 
     </span>
    </p>
   </div>
  </div>
