3940 6178
195 332 280 392 563

785 333 1394 392 SACRAMENTAHICM
1433 334 1879 392 GALLICANUM.
1923 364 1992 376 --
2031 333 2400 394 LECTIONES
2442 335 2912 395 DUMINICALES.

3432 341 3533 398 506

194 433 634 514 etquodcumque
653 438 1004 512 petieritisin
1025 442 1262 498 nomine
1275 460 1426 510 meo,
1443 443 1550 500 hoc
1564 442 1792 513 faciam,
1817 461 1876 536 Α
1895 441 1974 500 111.
1996 461 2170 518 quem
2195 444 2252 500 in
2281 446 2389 501 hoc
2409 445 2615 501 saeculo
2642 451 3101 502 commorantem
3124 443 3298 502 sacris
3323 462 3526 505 mune-

191 537 240 592 nt
256 532 589 608 gloriﬁcetur
601 533 769 590 Pater
787 533 845 590 in
863 535 1024 590 Filio.
1048 536 1108 592 Si
1123 536 1357 609 diligitis
1372 554 1487 605 me,
1509 537 1790 595 mandata

186 645 298 684 mea
319 631 550 682 servate.
580 626 688 692 Qui
719 628 880 683 audit
907 629 1186 686 mandata
1209 648 1360 698 mea,
1394 635 1453 686 et
1479 635 1668 687 servat
1697 649 1790 700 ea,

186 722 263 778 ille
277 725 357 778 est
371 721 466 794 qui
492 720 678 793 diligit
694 738 816 777 me:
841 723 939 794 qui
955 727 1150 779 autem
1171 724 1358 796 diligit
1379 741 1495 792 me,
1516 725 1791 797 diligetur

185 833 212 871 a
228 817 381 872 Patre
403 830 554 882 meo,
578 817 636 871 et
666 832 775 888 ego
803 815 1044 889 diligam
1075 834 1229 887 eum,
1258 822 1315 875 et
1341 817 1726 875 manifestabo
1745 818 1796 874 ei

185 926 267 967 me
295 907 497 981 ipsum.

457 1012 582 1052 IT"
612 1013 763 1052 NISSA
795 1013 1105 1054 ΩΟΠῙΒΙΔΝΔ
1140 1015 1492 1054 ΒΟΠῙΝΙΟΑῙᾸΒ.

242 1074 382 1130 Deus
414 1073 512 1146 qui
551 1074 922 1146 diligentibus
953 1078 1008 1129 te
1043 1075 1199 1130 bona
1236 1075 1545 1132 invisibilia
1571 1093 1794 1150 praepa-

181 1167 320 1236 rasti,
344 1167 586 1224 infunde
625 1169 685 1224 in
728 1167 995 1224 cordibus
1028 1169 1236 1225 nostris
1268 1169 1352 1226 tui
1379 1170 1596 1226 amoris
1626 1171 1794 1228 effec-

183 1267 306 1328 tum,
335 1263 398 1316 ut
425 1264 482 1318 te
511 1261 572 1318 in
609 1263 879 1318 omnibus
917 1266 976 1318 et
1014 1279 1186 1336 super
1229 1265 1425 1320 omnia
1469 1264 1796 1338 diligentes,

183 1354 574 1428 promissiones
603 1358 731 1412 tuas
762 1373 890 1430 qua:
918 1372 1090 1413 omne
1131 1356 1484 1414 desiderium
1525 1361 1800 1431 superant

184 1465 608 1522 consequamur.

862 1521 1077 1570 Secreta

240 1591 488 1664 Respice,
521 1591 784 1660 Domine,
807 1609 1160 1664 quaesumus,
1182 1593 1574 1650 adﬂictionem
1601 1594 1798 1666 populi

179 1685 276 1753 tui;
302 1689 357 1741 et
382 1701 530 1758 quos
549 1685 772 1757 justitia
801 1686 1058 1758 corripis,
1089 1687 1484 1744 misericordia
1514 1687 1798 1745 consolari

180 1778 420 1850 dignare,
443 1781 510 1833 ut
535 1781 592 1834 te
615 1779 852 1836 custode
877 1780 1106 1849 servati,
1137 1781 1208 1836 ab
1239 1781 1508 1839 omnibus
1532 1781 1799 1854 periculis

181 1873 328 1945 hujus
355 1872 482 1927 vitae
519 1872 850 1930 liberemur.

809 1966 1146 2017 Contestatio.

235 2037 366 2093 Vere
391 2037 641 2110 dignum
660 2041 718 2092 et
738 2037 960 2110 justum
983 2043 1068 2093 est
1095 2039 1466 2111 omnipotens
1494 2041 1664 2110 Deus,
1688 2042 1798 2097 cle-

178 2149 323 2188 mens
351 2135 409 2188 et
443 2131 795 2199 misericors,
832 2132 929 2204 qui
960 2133 1203 2203 januam
1243 2133 1509 2189 fidelibus
1545 2135 1657 2191 tuis
1701 2152 1804 2208 per

180 2225 407 2280 studium
427 2225 611 2299 pacis,
632 2229 689 2280 et
706 2225 959 2281 caritatis
975 2226 1300 2282 munimine
1322 2231 1521 2298 patere
1538 2228 1766 2284 voluisti
1786 2245 1800 2296 ;

178 2320 373 2392 respice
417 2319 479 2374 in
533 2319 718 2386 nobis,
758 2321 816 2374 et
859 2319 1137 2374 miserere
1186 2321 1367 2376 nostri
1404 2322 1571 2391 Deus,
1606 2322 1706 2394 qui
1730 2322 1804 2378 ad

179 2417 436 2468 εἰει-110111
460 2412 645 2467 vitam
665 2413 723 2467 in
744 2412 950 2468 Christi
978 2413 1398 2469 resurrectione
1423 2431 1528 2470 nos
1546 2432 1801 2489 reparas.

179 2507 384 2563 Custodi
405 2523 594 2580 Opera
606 2506 1014 2562 misericordiae
1034 2509 1142 2562 tua:
1160 2523 1172 2576 ;
1195 2511 1258 2562 ut
1278 2524 1407 2563 cum
1425 2509 1486 2564 in
1501 2509 1805 2581 majestate

181 2617 266 2656 sua
280 2601 624 2673 Unigenitus
641 2603 772 2655 tuus
789 2599 1108 2669 advenerit,
1127 2599 1201 2656 ad
1219 2600 1667 2658 immortalitatis
1688 2604 1806 2675 glo-

179 2695 306 2750 riam
329 2711 710 2767 resurgamus
734 2711 840 2766 per
864 2694 1152 2751 Christum
1174 2695 1512 2752 Dominum.
1540 2697 1801 2754 Smcrvs.

417 2809 677 2850 LEGENDA
714 2810 769 2849 IN
807 2809 1153 2850 DEPOSITIONB
1191 2810 1542 2851 SACERDOTIS.

493 2872 729 2935 Epistoia
760 2872 906 2922 Pauli
938 2873 1158 2936 apostoli
1193 2874 1256 2924 ad
1285 2874 1473 2924 Titum.

238 2945 472 3012 Fratres,
505 2944 578 3000 de
597 2944 1018 3000 dormientibus
1043 2947 1070 2987 δ
1098 2947 1368 3001 nolumus
1385 2963 1484 3002 vos
1505 2945 1800 3018 ignorare,

179 3041 230 3094 ut
255 3055 364 3095 non
389 3037 824 3096 contristemini
859 3038 1001 3094 sicut
1029 3039 1204 3094 ceteri
1233 3039 1330 3112 qui
1359 3057 1521 3112 spem
1551 3057 1668 3096 non
1699 3040 1802 3096 ha-

177 3131 316 3188 bent.
347 3133 406 3190 Si
438 3132 605 3189 enim
633 3132 921 3188 credimus
949 3132 1103 3204 quod
1130 3134 1291 3189 Iesus
1325 3137 1590 3189 mortuus
1615 3137 1720 3202 est,
1749 3137 1808 3189 et

177 3227 490 3295 resurrexit,
519 3227 598 3282 ita
627 3229 685 3281 et
706 3228 858 3282 Deus
879 3243 979 3282 eos
995 3225 1093 3298 qui
1111 3226 1474 3282 dormierunt
1492 3245 1598 3299 per
1611 3229 1806 3284 Iesum
1825 3209 1880 3285 C

179 3321 400 3376 adducet
424 3337 566 3377 cum
601 3337 689 3377 eo.
723 3322 840 3376 Hoc
869 3320 1027 3376 enim
1062 3320 1222 3376 vobis
1259 3320 1502 3376 dicimus
1543 3321 1602 3375 in
1630 3322 1805 3378 verbo

181 3413 410 3483 Domini,
437 3413 586 3487 quia
610 3431 716 3469 nos
746 3413 843 3485 qui
872 3413 1132 3481 vivimus,
1163 3413 1262 3484 qui
1282 3413 1496 3469 residui
1526 3431 1722 3470 sumus
1745 3415 1806 3470 in

179 3507 472 3564 adventum
529 3507 780 3576 Domini,
813 3524 930 3562 non
971 3508 1391 3578 praaveniemus
1417 3525 1516 3563 eos
1547 3508 1646 3580 qui
1673 3508 1804 3564 dor-

177 3601 426 3658 mierunt.
457 3601 756 3667 Quoniam
774 3601 896 3673 ipse
913 3599 1192 3656 Dominus
1208 3601 1267 3657 in
1283 3601 1447 3674 jussu
1474 3604 1532 3656 et
1559 3617 1694 3657 voce
1722 3617 1808 3656 ar-

177 3694 442 3767 changeli,
471 3697 539 3750 et
566 3694 625 3749 in
657 3694 795 3748 tuba
830 3692 932 3748 Dei
954 3693 1268 3749 descendet
1285 3694 1356 3750 de
1378 3695 1536 3762 caelo,
1566 3697 1624 3748 et
1650 3711 1804 3750 mor-

178 3787 246 3841 tui
269 3789 365 3859 qui
389 3787 451 3842 in
483 3786 713 3843 Christo
743 3789 879 3842 sunt
901 3789 1210 3858 resurgent
1233 3786 1426 3858 primi.
1455 3786 1674 3843 Deinde
1702 3804 1809 3844 nos

177 3880 261 3952 qui
287 3881 558 3949 vivimus,
593 3880 690 3952 qui
715 3881 1133 3952 relinquemur,
1167 3881 1337 3935 simul
1362 3879 1660 3952 rapiemur
1678 3897 1809 3936 cum

177 3971 272 4028 illis
288 3973 345 4029 in
378 3973 636 4029 nubibus
666 3973 896 4028 obviam
928 3973 1177 4032 Domino
1199 3973 1259 4028 in
1287 3989 1443 4043 aera,
1473 3976 1533 4029 et
1558 3973 1636 4030 sic
1657 3990 1806 4030 sem-

177 4083 267 4138 per
288 4084 418 4123 cum
444 4065 702 4123 Domino
735 4067 972 4122 erimus.

315 4160 501 4212 Lectio
534 4159 700 4210 sancti
726 4158 994 4224 Evangelii
1025 4157 1313 4210 secundum
1339 4159 1652 4212 Johannem.

235 4231 377 4288 Dixit
404 4232 692 4289 Dominus
715 4234 876 4288 Jesus
902 4232 976 4288 ad
1005 4231 1204 4287 turbas
1231 4249 1244 4287 :
1275 4234 1461 4288 Amen
1489 4249 1660 4289 amen
1683 4232 1811 4288 dico

177 4325 337 4394 vobis,
369 4326 516 4399 quia
538 4326 636 4398 qui
659 4326 900 4381 verbum
927 4342 1128 4380 meum
1148 4325 1328 4394 audit,
1353 4329 1412 4380 et
1431 4326 1616 4380 credit
1635 4326 1686 4381 ei
1714 4325 1812 4398 qui

177 4418 320 4476 misit
344 4437 462 4489 me,
503 4419 678 4475 habet
702 4420 880 4475 vitam
906 4424 1206 4488 aeternam,
1231 4423 1290 4474 et
1307 4418 1368 4474 in
1382 4419 1667 4491 judicium
1695 4437 1812 4476 non

177 4515 336 4583 venit,
359 4515 464 4570 sed
495 4513 702 4570 transit
721 4532 755 4569 a
773 4517 961 4570 morte
983 4513 1041 4569 in
1061 4513 1260 4569 vitam.
1282 4514 1470 4568 Amen
1491 4529 1661 4568 amen
1686 4513 1812 4569 dico

179 4607 323 4663 vobis
351 4609 495 4682 quia
521 4607 680 4663 venit
704 4608 869 4676 hora,
909 4611 970 4662 et
1002 4623 1156 4662 nunc
1196 4611 1301 4676 est,
1336 4607 1570 4679 quando
1599 4606 1813 4662 mortui
1831 4580 1891 4653 D

180 4701 403 4758 audient
445 4718 651 4757 vocem
695 4701 817 4756 Filii
859 4701 982 4768 Dei,
1021 4704 1081 4755 et
1119 4701 1217 4772 qui
1265 4700 1558 4756 audierint
1601 4700 1811 4756 vivent.

175 4793 318 4851 Sicut
341 4796 508 4852 enim
531 4796 698 4850 Pater
717 4795 894 4850 habet
915 4795 1089 4849 vitam
1113 4794 1170 4848 in
1193 4792 1526 4867 semetipso,
1550 4794 1629 4850 sic
1653 4794 1817 4850 dedit

178 4891 230 4941 et
259 4890 397 4945 Filio
441 4888 661 4944 habere
702 4888 878 4943 vitam
914 4888 976 4942 in
1016 4887 1348 4960 semetipso,
1379 4891 1438 4944 et
1465 4891 1814 4962 potestatem

178 4979 328 5038 dedit
371 4983 427 5038 ei
462 4982 748 5053 judicium
789 4981 1000 5050 facere,
1047 4981 1182 5054 quia
1215 4981 1387 5037 Filius
1419 4983 1672 5040 hominis
1708 4986 1812 5039 est.

177 5075 350 5132 Nolite
372 5075 580 5132 mirari
605 5076 734 5144 hoc,
760 5076 895 5149 quia
913 5076 1070 5130 venit
1089 5076 1254 5144 hora,
1279 5076 1336 5130 in
1359 5093 1473 5148 qua
1494 5093 1696 5132 omnes
1719 5076 1818 5149 qui

177 5166 228 5223 in
263 5171 667 5226 monumentis
697 5173 848 5238 sunt,
891 5169 1130 5224 audient
1158 5185 1359 5225 vocem
1393 5170 1551 5242 ejus;
1595 5174 1654 5225 et
1680 5187 1812 5242 pro-

177 5263 378 5319 cedent
418 5264 520 5336 qui
559 5264 713 5319 bona
747 5264 1009 5318 fecerunt
1041 5262 1100 5316 in
1144 5263 1628 5318 resurrectionem
1663 5263 1815 5334 vitaz,

177 5357 264 5428 qui
292 5373 436 5413 vero
467 5357 621 5412 mala
653 5359 972 5429 gesserunt,
999 5355 1060 5411 in
1085 5357 1568 5413 resurrectionem
1591 5356 1813 5430 judicii.

593 5462 745 5503 IISSA
776 5460 1086 5501 SACERDOTIS
1116 5461 1392 5501 DEFUNCTI.

238 5532 1100 5606 Prassta,Domine,quzesumus,
1116 5536 1178 5587 ut
1189 5533 1386 5588 anima
1398 5530 1714 5588 sacerdotis
1729 5532 1814 5588 tui

241 5655 266 5686 ⁸
285 5659 425 5714 Ιίωο
445 5658 716 5732 Collectio
731 5659 980 5714 habetur
998 5657 1059 5715 in
1076 5659 1339 5715 Romano
1364 5657 1662 5715 Dominica
1689 5661 1820 5732 post

179 5728 559 5803 Pentecosten
594 5731 814 5803 quinta.

243 5801 273 5876 ιζ
301 5801 657 5876 Augustinus
678 5802 736 5876 in
761 5819 1030 5876 sermone
1063 5805 1161 5858 l73
1189 5801 1272 5876 ad‘
1295 5802 1572 5876 populum
1596 5801 1694 5868 ait,
1715 5819 1818 5876 nos

184 5869 576 5930 debere'hanc
612 5873 918 5932 lectionem
946 5873 1007 5932 in
1033 5877 1230 5933 mente
1257 5869 1491 5947 habere,
1517 5896 1545 5927 «
1585 5873 1816 5950 quando

1896 537 2054 594 ribus
2073 538 2382 607 coronasti,
2397 538 2608 595 caelesti
2625 539 2760 596 sede
2779 540 3028 612 gloriosa
3044 557 3275 614 semper
3296 543 3526 600 exultet.

1967 720 2117 776 Deus
2143 719 2241 792 qui
2266 638 2672 777 conﬁtentiucxi):
2679 639 2991 791 1ῗὲωὲοΓϋο
3017 735 3079 776 es
3103 719 3532 792 defunctorum,

1897 830 2097 887 preces
2121 816 2346 870 nostras
2367 831 2510 887 quas
2531 814 2591 870 in
2618 813 2930 870 sacerdotis
2955 813 3042 870 tui
3063 813 3142 870 ill.
3175 815 3534 888 depositione

1899 907 2520 981 deferimus,propitius
2546 907 2751 965 exaudi
2775 925 2789 975 ;
2819 911 2881 964 ut
2910 908 3010 980 qui
3035 908 3261 966 nomini
3290 912 3389 966 tuo
3419 911 3530 968 mi-

1898 1001 2201 1058 nisterium
2215 1002 2385 1059 fidele
2398 1002 2692 1078 dependit,
2708 1005 2988 1076 perpetua
2999 1001 3344 1062 Sanctorum
3362 1005 3536 1062 socie-

1897 1098 2016 1152 tate
2050 1097 2296 1153 laetetur.

2519 1167 2641 1218 Post
2665 1166 2898 1218 nomina.

1969 1248 2120 1304 Deus
2131 1249 2229 1322 qui
2242 1248 2638 1304 universorum
2655 1253 2880 1304 creator
2892 1249 3302 1318 etconditores,
3319 1267 3449 1306 cum
3463 1251 3538 1307 sis

1899 1345 2135 1397 tuorum
2147 1342 2445 1398 beatitudo
2459 1345 2810 1410 sanctorum,
2817 1347 3024 1415 praesta
3037 1343 3201 1398 nobis
3213 1345 3540 1415 petentibus

1897 1438 1963 1490 ut
1988 1435 2410 1508 depositionem
2459 1436 2768 1491 sacerdotis
2808 1436 2891 1490 tui
2927 1440 2984 1490 et
3018 1435 3272 1507 corporis
3303 1438 3540 1494 nexibus

1899 1533 2224 1588 absolutum
2243 1533 2301 1588 in
2331 1534 2518 1606 prima
2543 1534 2962 1590 resurrectione
2985 1533 3162 1589 facias
3181 1528 3536 1606 praesentari.

2551 1632 2887 1684 Contestatio.

1969 1714 2111 1768 Vere
2160 1713 2403 1784 dignum
2439 1716 2496 1768 et
2527 1713 2746 1784 justum
2790 1717 2893 1780 est,
2934 1713 3342 1786 mysteriorum
3381 1715 3540 1769 caele-

1819 1835 1877 1910 B
1901 1806 2074 1862 stium
2108 1809 2475 1862 consecrator
2493 1809 2709 1861 aeterne
2737 1806 2902 1871 Deus,
2923 1809 3112 1860 custos
3137 1806 3419 1874 Ecclesiae,
3448 1824 3536 1863 sa-

1903 1900 2202 1956 cerdotum
2242 1900 2434 1969 decus,
2463 1902 2521 1954 et
2562 1901 2682 1954 laus
2709 1899 2969 1954 omnium
2999 1902 3153 1954 certa
3179 1901 3538 1971 pontiﬁcum,

1904 1992 2287 2048 eminentiam
2307 1992 2619 2064 Majestatis
2647 1995 2781 2060 tuae,
2805 1993 3087 2047 excelsum
3115 2008 3330 2048 nomen
3351 2009 3540 2062 orare,

1903 2090 1966 2141 ut
2011 2087 2135 2142 haec
2178 2103 2339 2143 sacra
2379 2086 2672 2158 mysteria,
2703 2102 2831 2158 quin
2870 2087 2983 2141 tua;
3018 2085 3217 2158 pietati
3247 2085 3542 2143 offerimus

1903 2197 2008 2252 pro
2034 2180 2230 2236 anima
2263 2183 2320 2235 et
2353 2179 2557 2252 spiritu
2585 2178 2900 2234 sacerdotis
2929 2179 3010 2234 tui
3045 2180 3146 2248 ill.,
3180 2179 3338 2251 cujus
3368 2179 3542 2236 hodie

1904 2273 2326 2346 depositionem
2353 2273 2730 2340 celebramus,
2760 2272 2914 2328 inter
2937 2275 3268 2328 sanctorum
3305 2289 3540 2329 consor-

1905 2367 2050 2423 tium
2095 2367 2155 2422 in
2197 2368 2332 2423 libri
2369 2367 2499 2422 vitae
2540 2366 2746 2438 jubeas
2788 2365 3066 2439 paginam
3113 2366 3405 2437 intimare,
3440 2383 3546 2440 per
3587 2392 3596 2404 -

1904 2461 2192 2518 Christum
2216 2461 2527 2518 Dominum
2558 2462 2842 2516 nostrum.
2872 2460 2996 2517 Cui.

2330 2586 2620 2628 LECTIONES
2658 2586 2764 2627 PRO
2803 2585 3120 2628 DEFUNCTIS.

2194 2657 2426 2723 Epistola
2451 2659 2592 2710 Pauli
2617 2659 2838 2724 apostoli
2865 2659 2931 2709 ad
2965 2661 3242 2710 Romanos.

1975 2741 2220 2809 Fratres,
2240 2757 2414 2796 nemo
2439 2745 2694 2796 vestrum
2716 2740 2824 2796 sibi
2847 2740 3002 2807 vivit,
3019 2743 3076 2796 et
3096 2756 3268 2796 nemo
3297 2739 3404 2796 sibi
3423 2757 3546 2798 mo-

1905 2833 2068 2890 ritur.
2083 2833 2212 2890 Sive
2233 2834 2393 2889 enim
2409 2834 2669 2902 vivimus,
2684 2833 2932 2889 Domino
2958 2832 3220 2904 vivimus;
3235 2833 3350 2890 sive
3372 2835 3544 2891 mori-

1905 2945 2056 2996 mur,
2070 2927 2315 2984 Domino
2333 2927 2636 2984 morimur.
2653 2928 2779 2984 Sive
2797 2927 2954 2983 enim
2966 2927 3227 2996 vivimus,
3243 2927 3356 2984 sive
3372 2928 3546 2985 mori-

1905 3022 2295 3090 mur,Domini
2308 3039 2525 3078 sumus.
2541 3024 2602 3077 In
2619 3022 2730 3078 hoc
2743 3021 2899 3076 enim
2913 3020 3168 3078 Christus
3186 3024 3451 3078 mortuus
3463 3026 3551 3079 est

1907 3120 1964 3172 et
1979 3116 2306 3185 resurrexit,
2323 3119 2382 3172 ut
2396 3120 2454 3172 et
2465 3119 2829 3172 mortuorum
2847 3118 2904 3170 et
2917 3115 3178 3171 vivorum
3191 3115 3542 3173 dominetur.

2062 3214 2235 3266 Lectio
2263 3214 2429 3265 sancti
2457 3213 2728 3280 Evangelii
2763 3213 3053 3264 secundum
3077 3213 3388 3264 Iohannem.

1976 3298 2038 3350 In
2077 3295 2174 3350 illo
2214 3298 2502 3368 tempore,
2539 3296 2816 3352 Dominus
2856 3299 3053 3350 noster
3087 3297 3249 3350 Jesus
3287 3294 3543 3351 Christus

1905 3389 2254 3461 loquebatur
2287 3389 2577 3462 discipolis
2611 3389 2728 3444 suis
2753 3389 2949 3443 dicens
2976 3405 2989 3442 :
3015 3389 3144 3442 Haec
3173 3391 3257 3442 est
3285 3389 3548 3468 voluntas

1907 3487 2030 3558 ejus
2047 3488 2148 3558 qui
2161 3487 2318 3542 misit
2329 3504 2423 3543 me
2436 3486 2708 3556 Patris,ut
2721 3502 2895 3542 omne
2909 3484 3061 3556 quod
3074 3483 3232 3540 dedit
3243 3485 3408 3553 mihi,
3429 3502 3548 3542 non

1909 3581 2155 3652 perdam
2177 3599 2245 3637 ex
2267 3598 2357 3650 eo,
2382 3581 2484 3636 sed
2504 3579 2841 3635 resuscitem
2862 3578 3005 3634 illud
3035 3578 3095 3634 in
3122 3577 3432 3636 novissimo
3456 3579 3550 3635 die

1907 3677 2038 3731 Haec
2077 3679 2163 3731 est
2190 3675 2347 3730 enim
2374 3675 2640 3730 voluntas
2668 3673 2850 3729 Patris
2884 3671 3001 3728 mei
3029 3671 3129 3745 qui
3155 3671 3314 3728 misit
3339 3689 3454 3742 me,
3488 3676 3552 3729 ut

1909 3769 2096 3826 omnis
2120 3769 2218 3842 qui
2243 3769 2398 3826 videt
2417 3769 2642 3837 Filium,
2662 3771 2722 3824 et
2738 3767 2924 3824 credit
2947 3767 3009 3823 in
3035 3783 3192 3836 eum,
3220 3766 3437 3823 habeat
3459 3767 3541 3823 vi-

1909 3867 2031 3920 tam
2055 3867 2352 3920 aeternam.
2375 3865 2444 3920 Et
2470 3863 2822 3919 resuscitabo
2844 3879 2979 3918 eum
3008 3861 3068 3916 in
3094 3859 3402 3917 novissimo
3431 3861 3547 3919 die.

2421 3974 2576 4013 HISSA
2608 3974 2708 4015 PRO
2741 3971 3040 4012 DEFUNCTIS.

1980 4043 2454 4116 Omnipotentem
2470 4044 2798 4111 Dominum,
2813 4043 3022 4098 fratres
3034 4040 3548 4114 carissimi,depre-

1911 4154 2130 4206 cemur,
2161 4140 2224 4192 ut
2247 4137 2506 4193 animam
2535 4137 2732 4194 famoli
2760 4136 2845 4191 tui
2874 4135 2953 4191 ill.
2989 4152 3164 4208 quam
3192 4135 3264 4190 de
3294 4133 3551 4206 corporis

1911 4247 2140 4288 carcere
2168 4231 2492 4287 absolutam
2520 4231 2578 4286 in
2607 4230 2747 4287 illud
2769 4229 3208 4302 sempiternum,
3228 4231 3286 4283 et
3309 4226 3548 4282 inviola-

1911 4331 2026 4386 bile
2055 4330 2327 4385 serculum
2349 4329 2601 4400 migrare
2626 4326 2968 4400 prmcepisti,
2997 4326 3056 4380 in
3087 4325 3333 4380 Abrahae
3363 4325 3553 4380 sinum

1913 4441 2046 4480 eum
2081 4422 2337 4494 digneris
2367 4421 2650 4493 excipere,
2675 4423 2733 4475 et
2753 4419 2810 4473 in
2833 4419 3122 4475 consortio
3138 4417 3341 4491 primae
3360 4434 3550 4474 resur-

1915 4516 2186 4573 rectionis
2215 4515 2489 4570 suscitare
2513 4514 2737 4586 jubeas.

2595 4605 2865 4658 Collectio.

1987 4695 2230 4752 Domine
2278 4693 2527 4750 salvator
2569 4695 2785 4765 noster,
2825 4692 2922 4767 qui
2966 4692 3038 4748 de
3078 4693 3344 4749 ﬂuctibus
3385 4693 3555 4767 hujus

1916 4790 2110 4848 saeculi
2132 4790 2420 4845 bonorum
2457 4787 2680 4844 animas
2707 4787 2993 4862 suscipere
3019 4787 3291 4860 dignatus
3318 4805 3398 4857 es,
3427 4787 3554 4844 ani-

1916 4902 2073 4940 mam
2111 4899 2339 4956 quoque
2381 4882 2581 4938 famoli
2619 4881 2702 4938 tui
2734 4882 2814 4938 ill.
2851 4883 3155 4938 adsumere
3193 4881 3466 4953 digneris,
3492 4884 3556 4936 ut

1917 4996 2051 5036 eum
2067 4978 2138 5034 ad
2153 4979 2385 5050 portum
2401 4979 2633 5032 aeternas
2647 4976 2854 5049 quietis
2871 4976 3231 5044 admittas,ut
3242 4973 3559 5031 caelestibus

1916 5075 2142 5130 fruatur
2161 5071 2328 5126 bonis
2350 5074 2408 5127 et
2429 5071 2682 5144 gaudeat
2701 5088 2761 5125 se
2783 5070 2951 5125 malis
2967 5068 3211 5125 evasisse
3228 5068 3553 5126 tormentis.

2550 5170 2675 5218 Post
2703 5166 2935 5218 nomina.

1989 5253 2282 5325 Rogamus
2323 5249 2521 5316 etiam,
2561 5247 2824 5315 Domine,
2857 5264 2962 5319 pro
3002 5246 3200 5304 anima
3237 5247 3437 5306 famoli
3475 5248 3560 5304 tui

1918 5347 1998 5402 ill.
2019 5362 2194 5418 quam
2213 5345 2272 5400 in
2291 5360 2431 5416 pace
2456 5341 2748 5398 dominica
2772 5341 3076 5398 adsumere
3095 5342 3365 5416 dignatus
3385 5359 3474 5410 es;
3495 5345 3559 5396 ut

1919 5441 2109 5496 locum
2154 5436 2442 5510 refrigerii
2489 5437 2700 5505 teneat,
2745 5434 2874 5491 vitm
2917 5435 3126 5492 merita
3172 5437 3559 5508 consequatur

1919 5536 2157 5598 aeterna,
2185 5530 2379 5603 ibique
2418 5545 2552 5585 eum
2586 5531 2836 5585 statuere
2875 5529 3151 5603 digneris,
3179 5529 3276 5585 ubi
3306 5530 3392 5582 est
3430 5541 3555 5581 om-

1917 5656 2278 5731 celebramus
2308 5654 2433 5731 dies
2459 5656 2706 5731 fratrum
2723 5656 3168 5731 defunctorum.
3202 5674 3228 5731 3:
3263 5651 3556 5731 Quantum

1916 5745 2052 5784 vero
2071 5727 2357 5800 defunctis
2371 5727 2552 5800 prosit
2564 5727 3090 5797 sacriﬁcium,idem
3113 5725 3352 5779 testatur
3368 5725 3427 5776 in
3444 5737 3559 5778 ser-

1918 5816 2094 5856 mone
2131 5799 2517 5873 pracedente.
