4036 6188
404 273 504 331 367

1282 266 1615 324 APPENDlX
1651 267 1739 323 AD
1775 265 1998 323 OPERA
2033 264 2088 319 S.
2126 264 2426 320 GERMANI
2463 261 2890 320 PARISIENSIS.

3661 254 3768 319 566

395 382 559 441 nium
609 343 1258 450 beatitudojustorum;
1297 379 1356 430 et
1388 391 1519 431 cum
1555 374 1678 430 dies
1705 373 1800 430 ille
1828 373 2032 447 judicii
2053 383 2112 456 Α
2132 371 2588 432 misericordiam
2601 371 2913 440 Deinostri,
2929 375 2991 426 ut
3010 369 3130 443 ipse
3147 367 3399 425 tribuere
3417 365 3472 424 ei
3491 367 3771 440 dignetur

396 475 713 544 advenerit,
745 475 897 530 inter
927 473 1154 528 sanctos
1191 473 1250 526 et
1289 470 1500 525 electos
1529 471 1658 525 tuos
1687 485 1820 524 eum
1855 467 2030 526 facias

393 569 671 627 suscitari.

1056 635 1130 686 Ad
1157 647 1361 698 pacem.

467 723 643 780 Judex
677 717 1044 792 superstitum
1064 716 1282 789 pariter
1311 718 1485 787 atque
1517 715 1906 787 pausantium,
1925 731 2030 788 pro

397 817 653 874 fidelium
672 813 932 869 omnium
952 812 1357 867 defunctorum
1377 810 1670 882 spiritibus
1687 813 1743 864 te
1766 809 2034 882 depreca-

400 927 549 978 mur,
577 909 676 964 sed
707 907 958 962 maxime
985 923 1088 978 pro
1108 906 1278 977 hujus
1301 905 1498 960 anima
1520 903 1719 960 famoli
1743 904 1824 958 tui
1847 903 1949 971 ill.,
1971 905 2036 959 ut

396 1020 500 1078 pro
515 1001 733 1058 meritis
747 1005 804 1057 et
815 1001 1151 1073 operatione
1163 1001 1452 1071 justorum
1480 1002 1671 1054 motus
1686 998 1743 1052 in
1764 1015 1832 1054 eo
1845 997 2031 1054 anim-

398 1097 750 1154 adversionis
790 1113 1064 1168 exageres
1088 1103 1134 1163 ⁸,
1177 1097 1234 1149 et
1290 1093 1486 1150 omnia
1531 1092 1581 1148 ei
1623 1109 1726 1166 pro
1780 1093 2032 1148 clemen-
2066 1136 2075 1145 .

397 1193 476 1250 tia
500 1196 612 1250 tua:
641 1191 869 1264 pietatis
887 1189 1210 1262 indulgeas.

1051 1287 1388 1338 Contestatio.

469 1375 610 1430 Vere
639 1373 882 1444 dignum
911 1375 969 1426 et
985 1371 1207 1442 justum
1228 1373 1332 1437 est,
1353 1369 1721 1440 omnipotens
1743 1367 1910 1422 Deus.
1929 1368 2032 1433 Tu,

400 1468 664 1536 Domine,
704 1467 792 1522 cui
839 1465 1036 1521 omnia
1073 1465 1300 1532 adsunt,
1333 1463 1424 1518 cui
1461 1463 1656 1518 vivunt
1695 1461 1911 1528 omnia,
1941 1461 2038 1532 qui

400 1580 568 1618 vocas
589 1579 658 1616 ea
679 1579 806 1633 quae
821 1577 936 1615 non
959 1561 1090 1614 sunt
1107 1562 1406 1629 tamquam
1421 1575 1489 1612 ea
1510 1573 1636 1629 quae
1656 1559 1808 1622 sunt,
1823 1558 2037 1609 aeterne

400 1657 724 1723 miserator,
741 1655 837 1727 qui
866 1671 982 1709 non
1005 1653 1323 1708 secundum
1350 1651 1684 1722 iniquitates
1710 1653 1934 1706 nostras
1953 1667 2038 1704 re-

2130 469 2402 542 placitam
2425 467 2751 539 etquietam
2767 465 3154 521 mansionem.
3171 463 3452 518 Remittat
3468 479 3674 518 omnes
3687 463 3771 520 lu-

2130 564 2301 619 bricae
2323 561 2667 618 temeritatis
2688 561 2967 616 offensas:
2993 563 3056 614 ut
3082 575 3353 614 concessa
3374 558 3562 630 plene
3585 557 3772 614 indul-

2131 658 2343 728 gentias
2369 655 2555 724 venia,
2586 654 2859 727 quicquid
2877 655 2934 708 in
2957 655 3065 709 hoc
3087 653 3291 708 saeculo
3321 651 3589 724 proprius
3609 667 3773 708 error

2133 751 2342 819 attulit,
2357 749 2646 808 ineffabile
2661 749 2870 822 pietate
2884 765 2949 804 ac
2959 747 3316 819 benignitate
3330 762 3433 800 sua
3449 745 3767 818 indulgeat.

2802 857 2935 910 Item
2971 857 3104 909 alia.

2203 959 2282 1012 Tu
2311 956 2496 1025 nobis,
2520 955 2782 1021 Domine,
2815 953 3089 1008 auxilium
3114 955 3384 1024 praestare
3415 949 3695 1022 digneris,
3713 953 3771 1004 tu

2135 1069 2239 1124 per
2268 1049 2723 1106 misericordiam
2747 1047 3027 1120 largiaris,
3043 1046 3298 1102 animam
3324 1061 3556 1117 quoque
3576 1042 3774 1098 famoli

2135 1146 2218 1200 tui
2261 1146 2342 1200 ill.
2386 1162 2420 1200 a
2459 1144 2698 1198 vinculis
2744 1142 3137 1214 corporalibus
3179 1141 3480 1196 liberatam
3529 1138 3590 1192 in
3637 1154 3772 1210 pace

2139 1243 2468 1295 sanctorum
2490 1242 2718 1293 tuorum
2739 1237 3066 1308 recipias,et
3085 1236 3369 1307 gehennae
3383 1233 3535 1304 ignis
3547 1231 3771 1287 evadat.

2807 1345 2942 1399 Item
2979 1345 3112 1398 alia.

2212 1449 2380 1510 Deus,
2415 1445 2511 1518 qui
2542 1444 2712 1516 justis
2755 1441 3265 1514 supplicationibus
3305 1457 3538 1512 semper
3567 1443 3772 1511 priesto

2141 1541 2298 1608 ades,
2327 1541 2426 1612 qui
2456 1540 2550 1611 pia
2576 1542 2708 1594 vota
2733 1537 2992 1608 dignaris
3013 1535 3245 1603 intueri,
3261 1535 3335 1590 da
3353 1534 3565 1589 animae
3581 1532 3775 1588 famoli

2139 1635 2221 1690 tui
2249 1635 2328 1690 ill.
2361 1634 2520 1705 cujus
2538 1631 2813 1687 transitus
2844 1631 3014 1696 hodie
3047 1629 3237 1684 ofﬁcia
3265 1632 3630 1700 praestamus,
3647 1643 3778 1682 cum

400 1751 605 1809 tribuis
623 1749 808 1814 nobis;
826 1752 884 1803 et
900 1747 946 1802 si
965 1747 1328 1818 iniquitatem
1353 1744 1762 1812 observaveris,
1777 1743 2037 1811 Domine,
2062 1757 2087 1828 1

2155 1729 2352 1784 sanctis
2382 1729 2570 1799 adque
2595 1726 2788 1782 electis
2817 1725 2928 1780 tuis
2956 1723 3109 1779 beati
3137 1722 3397 1778 muneris
3423 1721 3777 1793 portionem.

401 1845 526 1918 quis
559 1842 894 1898 sustinebit?
913 1843 1097 1912 Atque
1125 1841 1258 1896 ideo
1288 1840 1670 1912 deprecamur
1682 1839 2040 1910 Majestatem

402 1942 559 1994 tuam
604 1937 972 2008 omnipotens
1003 1936 1170 2000 Deus,
1200 1937 1259 1988 ut
1293 1933 1554 1988 remittas
1580 1933 1800 1988 famolo
1829 1935 1929 1986 tuo
1957 1931 2036 1985 ill.

401 2047 543 2103 quos
571 2030 629 2086 in
661 2031 769 2085 hac
800 2029 916 2084 vita
943 2027 1146 2082 habuit
1191 2025 1379 2081 carnis
1419 2043 1665 2081 errores.
1697 2025 1934 2081 Tribuas
1965 2024 2039 2091 ei,

401 2125 664 2193 Domine,
695 2125 1040 2179 delictorum
1071 2138 1308 2176 suorum
1341 2121 1572 2175 veniam
1601 2119 1660 2174 in
1695 2119 1790 2174 illo
1821 2121 2041 2174 secreto

400 2220 784 2292 receptacolo,
811 2218 908 2273 ubi
929 2218 1055 2289 jam
1079 2233 1198 2271 non
1229 2218 1315 2270 est
1335 2217 1490 2270 locus
1517 2213 1885 2286 paanitentiae.
1917 2213 2041 2267 Non

402 2314 584 2370 intres
604 2313 663 2368 in
682 2312 967 2383 judicium
999 2327 1128 2366 cum
1152 2326 1313 2365 servo
1335 2313 1454 2364 tuo.
1481 2308 1617 2373 Quis
1639 2307 1796 2361 enim
1823 2306 1882 2360 in
1904 2322 2040 2361 con-

401 2411 596 2479 specto
619 2410 730 2460 tuae
753 2405 991 2476 justitiae
1014 2405 1202 2476 justus
1220 2402 1540 2474 appareat?
1568 2403 1691 2456 Non
1710 2417 1768 2456 se
1789 2400 1842 2455 ei
1863 2417 2041 2472 oppo-

404 2505 508 2557 nat
534 2502 625 2556 leo
653 2499 908 2571 rugiens,
935 2503 993 2554 et
1015 2499 1189 2554 draco
1221 2498 1524 2562 devorans,
1548 2495 1894 2550 miserorum
1919 2494 2042 2549 ani-

405 2612 529 2651 mas
557 2610 762 2666 rapere
791 2597 1116 2648 consuetus.
1135 2594 1260 2647 Non
1283 2590 1710 2646 accusationem
1731 2591 2048 2660 exequatur

406 2689 676 2745 adversus
705 2704 860 2742 eum.
884 2689 1008 2742 Non
1027 2685 1237 2744 obiciat
1257 2684 1529 2756 quicquid
1546 2701 1776 2755 semper
1798 2682 2042 2737 suaden-

407 2783 546 2839 dum
569 2799 699 2838 cum
722 2781 845 2853 ipso
869 2785 972 2836 est.
988 2783 1069 2836 Tu
1089 2778 1560 2846 autem,Christe,
1575 2778 1765 2849 recipe
1786 2776 2044 2831 animam

407 2881 606 2937 famoli
641 2880 725 2934 tui
751 2880 830 2935 ill.
863 2896 1040 2952 quam
1075 2878 1304 2946 dedisti,
1328 2881 1386 2932 et
1417 2876 1659 2931 demitte
1703 2875 1826 2947 ejus
1855 2875 2049 2929 debita

405 2975 594 3047 magis
634 2991 808 3045 quam
854 2973 948 3028 ille
987 2971 1220 3027 demisit
1261 2970 1616 3026 debitoribus
1660 2969 1816 3036 suis;
1866 2971 1928 3023 ut
1975 2968 2046 3023 ab

408 3067 569 3123 omni
595 3070 755 3122 metu
778 3083 962 3138 paenae
984 3065 1172 3137 adque
1197 3065 1268 3119 ab
1289 3063 1492 3120 aeterni
1512 3063 1714 3135 judicii
1737 3061 2050 3118 terroribus

2806 1837 2940 1890 Item
2975 1833 3110 1888 alia.

2212 1935 2444 2007 Antiqui
2463 1951 2752 1989 memores
2769 1932 3158 2004 chirographi,
3175 1931 3380 1985 fratres
3403 1928 3780 1994 dilectissimi,

2144 2048 2256 2102 quo
2273 2029 2447 2102 primi
2466 2029 2718 2084 hominis
2735 2031 2969 2100 peccato
2992 2029 3048 2082 et
3065 2024 3430 2096 corruptione
3448 2023 3683 2078 addicta
3700 2025 3786 2076 est

2143 2126 2403 2180 humana
2428 2123 2703 2189 conditio,
2723 2123 2826 2176 sub
2843 2121 3004 2192 cujus
3029 2121 3156 2190 lege
3179 2119 3237 2174 id
3258 2118 3364 2173 sibi
3386 2116 3786 2188 unusquisque

2143 2218 2439 2286 formidat,
2461 2217 2616 2289 quod
2642 2217 2752 2272 alia
2776 2215 3154 2285 investigavit,
3169 2213 3494 2283 videatque,
3513 2210 3786 2282 omnipo-

2143 2313 2318 2368 tentis
2342 2312 2441 2368 Dei
2459 2310 2912 2366 misericordiam
2936 2309 3316 2380 deprecemur
3333 2323 3435 2378 pro
3451 2305 3653 2360 anima
3669 2303 3789 2358 cari

2147 2407 2324 2462 nostri
2353 2406 2456 2473 ill.,
2481 2406 2641 2477 cujus
2670 2404 2842 2460 hodie
2868 2402 3293 2474 depositionem
3321 2399 3701 2464 celebramus,
3727 2400 3792 2452 ut

2146 2518 2273 2556 eam
2302 2501 2361 2556 in
2387 2505 2667 2554 aeternam
2695 2499 2959 2570 requiem
2989 2495 3275 2567 suscipiat,
3304 2497 3358 2550 et
3387 2494 3574 2548 beatae
3601 2509 3792 2547 resur-

2146 2595 2385 2650 rectioni
2411 2597 2804 2666 repraesentet.

2811 2693 2946 2746 Item
2981 2691 3115 2745 alia.

2218 2789 2313 2855 Te,
2347 2786 2820 2854 Domine,sancte
2849 2786 3038 2852 Pater,
3062 2783 3432 2856 omnipotens
3463 2783 3636 2848 Deus,
3659 2798 3796 2854 sup-

2151 2881 2323 2952 plices
2355 2881 2734 2952 deprecamur
2763 2896 2866 2951 pro
2898 2878 3097 2933 anima
3132 2877 3252 2932 cari
3280 2875 3461 2932 nostri
3499 2875 3578 2930 ill.
3611 2891 3794 2946 quem

2149 2975 2220 3030 ab
2265 2976 2372 3031 hoc
2409 2976 2614 3029 saeculo
2656 2973 2912 3029 arcessiri
2937 2972 3171 3045 jussisti.
3211 2972 3374 3026 Dona
3413 2970 3486 3036 ei,
3519 2969 3794 3037 Domine,

2151 3071 2338 3125 locum
2387 3069 2638 3124 lucidum
2680 3072 2737 3123 et
2775 3067 3164 3138 refrigerium.
3203 3065 3396 3120 Liceat
3442 3064 3496 3120 ei
3540 3063 3796 3119 transire

407 3161 719 3229 abSOIUtUS,
741 3160 798 3214 in
827 3158 995 3215 bonis
1011 3159 1122 3214 ῐιιίε
1150 3159 1484 3214 demoretur
1511 3157 1572 3212 in
1601 3174 1740 3228 P808
1763 3173 1867 3228 Per
1886 3155 2045 3212 Chri-
2070 3137 2124 3210 Ο
2151 3167 2346 3236 portas
2371 3164 2691 3218 inferorum
2720 3165 2777 3217 et
2796 3162 2913 3216 vias
2935 3161 3326 3226 tenebrarum,
3345 3161 3700 3229 maneatque
3735 3157 3796 3213 in

407 3258 560 3311 stum
590 3254 899 3310 Dominum
929 3255 1211 3308 nostrum.
1243 3251 1346 3308 Cui
1377 3251 1609 3306 merito.
1643 3251 1902 3308 Smcrcs.

867 3353 1148 3408 Orationes
1185 3351 1260 3406 ad
1297 3351 1600 3419 defunctos.

481 3444 575 3501 Pie
604 3441 1022 3499 recordationis
1047 3441 1273 3508 affecto,
1310 3440 1516 3494 fratres
1557 3437 1854 3505 carissimi,
1889 3453 2044 3492 com-

410 3537 896 3594 memorationem
923 3535 1202 3591 faciamus
1222 3533 1338 3588 cari
1358 3533 1536 3588 nostri
1557 3532 1632 3587 ill.
1650 3549 1826 3604 quem
1849 3529 2043 3586 Domi-

411 3649 518 3688 nus
538 3631 610 3687 de
633 3629 1067 3686 temtationibus
1099 3628 1290 3684 saeculi
1316 3627 1656 3698 adsumpsit,
1681 3627 2048 3682 obsecrantes

482 3769 507 3797 ι
537 3758 624 3811 An
655 3756 990 3828 legendum,
1015 3769 1122 3810 non
1151 3771 1456 3824 exaggeres.

2147 3257 2543 3314 mansionibus
2561 3256 2754 3328 Moysi,
2779 3255 2937 3326 Elim,
2963 3259 3021 3309 et
3045 3253 3315 3320 Simonis,
3338 3255 3395 3308 et
3419 3251 3640 3318 Lazari,
3660 3268 3798 3306 cun-

2149 3355 2488 3422 ctorumque
2521 3354 2872 3415 sanctorum,
2907 3351 2965 3402 et
2995 3347 3054 3402 in
3093 3349 3215 3402 luce
3259 3363 3432 3418 quam
3470 3344 3795 3418 promisisti

2147 3446 2438 3500 Abraham
2482 3447 2540 3499 et
2580 3443 2782 3498 semini
2819 3442 2970 3514 ejus;
3017 3445 3078 3496 ut
3113 3457 3244 3496 cum
3292 3440 3414 3494 dies
3451 3439 3796 3494 tremendus

2149 3540 2243 3594 ille
2271 3537 2705 3593 resurrectionis
2729 3536 3047 3604 advenerit,
3075 3533 3396 3590 resuscitari
3423 3549 3560 3588 eum
3587 3533 3793 3604 preci-

2151 3633 2274 3704 pias
2303 3632 2375 3688 ad
2405 3631 2852 3702 indulgentiam,
2881 3633 2939 3686 et
2968 3646 3085 3684 non
3114 3628 3186 3684 ad
3213 3643 3464 3700 poenam.

481 3892 3797 3920 __________________________________________.—_——————

1336 4017 2864 4175 EXOBCISMUM}

775 4369 846 4408 AD
884 4367 1032 4409 SALIS
1073 4368 1324 4409 SPARSUM
1364 4368 1692 4410 FACIENDUM.

486 4442 753 4498 Exoreizo
795 4445 871 4508 te,
909 4444 1174 4496 creatura
1217 4442 1370 4510 salis,
1401 4443 1460 4497 in
1500 4442 1739 4497 nomine
1767 4439 1968 4506 Patris,
1997 4442 2056 4493 et

2155 4348 2418 4403 universa
2431 4346 2674 4413 condiri,
2690 4364 2816 4418 quae
2834 4345 3164 4402 hominibus
3186 4344 3258 4400 ad
3277 4359 3464 4399 escam
3488 4359 3592 4414 per
3613 4341 3796 4396 filium

2157 4446 2318 4497 tuum
2361 4441 2670 4496 Dominum
2718 4444 2976 4495 nostrum
3013 4438 3284 4510 dignatus
3323 4454 3384 4492 es
3417 4436 3614 4507 largiri
3650 4453 3663 4490 :
3699 4451 3799 4507 per

417 4535 559 4602 Filii,
592 4539 649 4590 et
669 4535 913 4606 Spiritus
938 4536 1144 4602 sancti;
1179 4536 1274 4608 qui
1296 4540 1352 4591 te
1375 4554 1478 4609 per
1492 4537 1740 4591 Eliseum
1763 4535 1820 4588 in
1843 4550 2054 4605 aquam
2157 4553 2352 4608 quem,
2383 4535 2649 4602 Domine,
2681 4533 2963 4606 supplices
2993 4549 3318 4599 exoramus,
3355 4535 3418 4586 ut
3450 4531 3561 4586 hoc
3597 4531 3685 4584 sal
3715 4529 3796 4585 di-

423 4627 574 4684 mitti
597 4627 786 4698 jussit,
817 4633 877 4682 ut
897 4633 1199 4684 sanaretur
1226 4629 1451 4697 sterilis,
1473 4630 1568 4702 qui
1601 4630 1795 4685 divina
1825 4627 1938 4683 oris
1970 4625 2057 4680 sui

2159 4630 2350 4702 gneris
2394 4629 2772 4696 sanctiﬁcare,
2801 4630 2862 4681 ut
2893 4644 2958 4682 ex
2992 4627 3150 4681 vultu
3187 4624 3496 4696 Majestatis
3531 4628 3650 4679 tuae
3689 4624 3796 4678 vir-

420 4737 554 4776 "0‘39
575 4720 682 4776 ait:
704 4721 816 4775 V03
835 4721 969 4775 estis
986 4724 1066 4776 531
1091 4726 1278 4789 terra?
1305 4727 1359 4778 et
1377 4741 1480 4796 Per
1497 4725 1833 4796 ΑΡοδῑΟῙιιπι
1856 4736 2053 4776 suum:
2074 4755 2135 4827 D
2156 4732 2340 4783 tutem
2369 4731 2570 4783 contra
2596 4743 2800 4782 omnes
2827 4725 3137 4780 inmundos
3171 4723 3404 4796 spiritus
3446 4723 3626 4795 possit
3654 4721 3795 4777 acci-

418 4815 504 4872 Sit
531 4831 721 4870 sermo
753 4818 950 4870 noster
973 4816 1088 4869 sale
1120 4816 1402 4871 conditus.
1436 4818 1684 4890 Ideoque
1713 4818 1942 4872 efficere
1973 4815 2056 4869 sal

422 4911 828 4978 exorcizatum,
857 4913 919 4964 ut
949 4908 1298 4981 ubicumque
1336 4911 1510 4965 fueris
1540 4928 1791 4983 aspersa,
1820 4913 2058 4983 praestes

421 5004 688 5058 omnibus
719 5003 1026 5059 sanitatem
1062 5002 1274 5058 mentis
1302 5003 1359 5057 in
1385 5004 1803 5075 protectionem
1836 5004 2054 5072 salutis,

419 5095 491 5152 ad
535 5098 900 5167 expellendas
948 5101 1005 5152 et
1051 5097 1435 5152 excludendas
1479 5115 1681 5152 omnes
1721 5098 2058 5152 daemonum

413 5189 786 5244 temtationes
803 5208 907 5262 per
918 5192 1230 5248 Dominum
1254 5196 1516 5247 nostrum
1534 5193 1726 5246 Iesum
1745 5191 2052 5259 Christum,

415 5280 513 5353 qui
533 5284 804 5336 venturus
831 5287 914 5338 est
937 5285 1196 5356 judicare
1219 5287 1489 5341 saeculum
1522 5302 1626 5358 per
1653 5285 1870 5356 ignem.

1004 5379 1288 5428 Benedicto
1323 5381 1460 5430 salis.

487 5446 722 5503 Virtutis
743 5450 854 5502 tuae
877 5447 1308 5506 invictissimam
1331 5452 1730 5508 fortitudinem
1754 5450 2052 5520 deprecor,

414 5541 659 5599 Domine
690 5545 904 5610 sancte,
933 5544 1100 5597 Pater
1117 5545 1504 5615 omnipotens,
1524 5550 1739 5602 aeterne
1765 5546 1936 5611 Deus,
1957 5542 2056 5614 qui

415 5638 564 5693 inter
598 5641 804 5693 cuncta
833 5653 961 5709 quae
990 5637 1278 5709 procreari
1310 5638 1548 5708 jussisti,
1589 5657 1704 5696 non
1742 5637 2052 5694 minimam

414 5730 660 5800 gratiam
687 5733 951 5788 conferre
983 5731 1257 5803 dignatus
1287 5748 1347 5785 es
1377 5732 1499 5799 sali,
1525 5735 1585 5786 ut
1615 5749 1681 5787 ex
1707 5733 1804 5788 illo
1834 5731 2055 5804 possint

2157 4839 2314 4894 pere.
2356 4821 2615 4893 Expellat
2641 4805 2698 4875 ia
2741 4819 3125 4875 tabernaculis
3169 4819 3520 4872 famolorum
3565 4820 3797 4872 tuorum

2159 4914 2426 4987 quicquid
2457 4918 2645 4986 potest
2671 4931 2792 4968 esse
2833 4913 3210 4984 pestiferum;
3251 4910 3518 4966 exhibeat
3560 4911 3798 4982 plenum

2157 5009 2353 5065 salutis
2383 5008 2674 5076 effectum,
2692 5008 2958 5078 detergat
2979 5023 3183 5061 omnes
3207 5004 3531 5077 praestigias
3555 5001 3794 5069 inimici,

2157 5107 2213 5160 et
2229 5103 2425 5159 omnia
2441 5106 2836 5158 monstrorum
2857 5099 3312 5174 generalongius
3327 5099 3501 5154 faciat
3519 5098 3795 5170 effugere,

2159 5197 2498 5270 gravedines
2525 5213 2727 5252 omnes
2753 5194 3143 5266 fantasiasque
3174 5197 3523 5264 compescat,
3558 5196 3616 5247 et
3645 5195 3796 5246 tran-

2159 5291 2451 5364 quillitatis
2477 5290 2534 5345 in
2564 5289 2835 5345 omnibus
2851 5289 3114 5344 conferat
3138 5287 3404 5359 gratiam.
3426 5287 3537 5341 Per
3568 5285 3798 5357 signum

2157 5385 2336 5440 crucis
2367 5384 2488 5438 Filii
2517 5383 2603 5439 tui
2631 5381 2858 5438 Domini
2889 5381 3072 5437 nostri
3104 5380 3366 5436 tutellam
3399 5378 3798 5435 fidelissimam

2158 5476 2615 5534 desiderantibus
2645 5479 2898 5548 praestes.

2693 5559 3054 5610 Exercismum
3087 5571 3253 5622 aquae.

2226 5631 2490 5688 Exorcizo
2513 5635 2572 5686 te
2607 5635 2871 5686 creatura
2900 5648 3066 5703 aquae
3099 5647 3206 5702 per
3245 5631 3426 5684 Deum
3458 5627 3674 5694 vivum,
3697 5642 3800 5698 per

2157 5727 2336 5781 Deum
2369 5729 2708 5793 creatorem,
2734 5725 2832 5796 qui
2859 5728 2914 5780 te
2948 5725 3003 5780 in
3033 5723 3314 5797 principio
3361 5739 3390 5779 e
3443 5725 3600 5777 terra
3629 5737 3796 5793 sepa-

475 5859 491 5882 ‘
521 5856 623 5909 Sic.
648 5857 891 5914 Libenter
911 5863 1088 5914 autem
1107 5871 1204 5926 pro
1231 5858 1380 5914 titulo
1408 5857 1695 5912 scriberem
1720 5873 1734 5910 :
1763 5857 2149 5912 Benedictiovm
2181 5856 2231 5905 et
2255 5851 2549 5905 emorcimi.
2579 5850 2730 5904 Enrr.
