3940 6178
176 323 252 378 309
637 313 1247 369 SACRAMENTARlUM
1284 313 1730 370 GALLICAA'L'M.
1773 342 1839 354 —-
1880 310 2408 370 BBNEDICTIONES
2445 313 2528 369 ΕΤ
2566 309 2942 370 EXOBCISMI.

3364 307 3468 374 570

169 423 300 493 mit,
316 426 367 480 et
383 420 435 479 in
455 423 695 496 quatuor
712 419 1045 478 ﬂuminibus
1065 421 1318 480 dividere
1339 421 1608 494 dignatus
1628 424 1733 490 est,
1757 434 1816 510 Α
1837 420 2014 478 cretio
2043 438 2299 490 sexuum,
2333 438 2439 477 nec
2469 421 2585 478 ulla
2615 424 2943 477 sanctarum
2971 418 3316 496 disparilitas
3340 419 3464 480 δαίς

170 525 216 578 ut
233 518 540 590 ubicumque
559 519 756 589 potata
775 517 862 572 vel
883 533 1115 588 aspersa
1133 517 1327 585 fueris,
1351 517 1656 589 etfugetur,
1681 519 1738 572 et

168 615 474 688 expugnetur
495 611 758 666 inimicus
788 613 846 666 et
877 611 1065 668 omnis
1091 611 1413 683 putredinis
1439 611 1539 679 vis,
1574 615 1635 667 ut
1663 610 1738 666 sis

165 711 354 786 proprie
381 712 491 766 Deo
514 709 717 766 dicata.

667 789 964 840 Benedictio
1013 801 1177 852 equas.

216 866 343 920 Deus
369 862 457 935 qui
489 861 558 916 ad
585 862 830 917 salutem
858 861 1086 932 generis
1116 861 1354 916 humani
1385 861 1635 916 maxima
1655 880 1739 917 sa-

162 960 411 1015 cramenta
431 957 486 1011 in
508 972 787 1028 aquarum
809 955 1127 1010 substantia
1149 955 1374 1022 dedisti,
1393 956 1591 1011 adesto
1613 974 1739 1028 sup-

160 1051 508 1126 plicationibus
539 1051 766 1118 nostris,
801 1053 858 1105 et
892 1051 1181 1105 elemento
1215 1049 1347 1105 huic
1383 1051 1738 1106 multimodis

161 1145 607 1221 puriﬁcacionibus
638 1147 963 1218 praaparato
993 1144 1215 1199 virtutis
1241 1148 1352 1199 tum
1381 1145 1738 1201 benedictio-

160 1259 266 1297 nem
299 1240 554 1308 infunde;
596 1222 822 1294 ut'htec
859 1241 1122 1294 creatura
1149 1238 1436 1312 mysteriis
1468 1238 1579 1294 tuis
1618 1257 1736 1294 ser-

155 1336 300 1402 viens,
330 1334 398 1389 ad
437 1334 787 1406 ablegandos
823 1333 1118 1389 daemones
1160 1333 1509 1405 morbosque
1545 1335 1735 1406 repel-

157 1429 322 1484 lendos
341 1427 757 1499 divinaegratiaa
778 1430 968 1482 sumat
987 1427 1284 1494 effectum;
1309 1429 1368 1482 et
1388 1427 1660 1499 quicquid
1679 1427 1740 1482 in

155 1521 377 1578 domibus
411 1522 667 1576 fidelium
703 1522 825 1576 haec
862 1521 1018 1576 unda
1057 1521 1385 1592 asperserit,
1425 1524 1620 1574 careat
1649 1520 1736 1575 in-

155 1615 412 1681 munditia,
440 1616 716 1670 liberetur
742 1633 776 1670 a
803 1616 971 1670 noxia
1001 1633 1014 1670 :
1049 1633 1163 1669 non
1196 1615 1309 1670 illic
1342 1593 1595 1669 resideat
1625 1615 1736 1687 spi-

155 1709 264 1764 ritus
305 1710 584 1781 pestilens,
633 1726 748 1764 non
791 1727 932 1764 aura
969 1726 1383 1780 corrumpens;
1426 1709 1741 1764 abscedant

156 1819 316 1858 omnes
333 1804 571 1858 latentes
591 1804 813 1858 insidia:
845 1804 1086 1871 inimici,
1117 1821 1434 1875 omnesque
1457 1802 1740 1875 inquietu-
1760 1819 1816 1891 Β

155 1896 283 1951 dines
308 1899 490 1968 procul
521 1897 825 1967 aufugiant
855 1915 868 1951 :
899 1901 957 1951 et
987 1896 1031 1950 si
1063 1896 1202 1968 quid
1233 1901 1318 1951 est
1345 1897 1498 1968 quod
1531 1897 1743 1952 incolo-

153 1991 299 2045 Initati
328 1991 708 2046 habitantium
741 1990 999 2045 invideat
1027 1993 1126 2045 aut
1154 1990 1342 2058 saluti,
1371 1989 1742 2061 adsparsione

153 2099 282 2155 aqua:
297 2084 451 2155 hujus
472 2085 766 2149 abscedat,
792 2088 851 2138 ut
873 2084 1179 2139 salubritas
1197 2101 1302 2156 per
1319 2083 1742 2140 invocationem

154 2179 292 2232 sancti
317 2178 560 2232 nominis
585 2181 928 2249 permaneat
957 2178 1378 2250 inpugnatione
1410 2179 1666 2234 defensa.

563 2257 861 2307 Benedictio
893 2257 1014 2308 salis
1047 2262 1100 2307 et
1123 2271 1288 2322 aqum.

207 2331 420 2387 Domine
446 2333 602 2388 Deus
628 2331 1016 2402 omnipotens,
1037 2330 1326 2386 institutor
1348 2329 1609 2386 omnium
1632 2332 1740 2385 ele-

153 2430 451 2494 mentorum,
463 2429 522 2482 te
537 2443 643 2498 per
653 2425 963 2481 Dominum
977 2427 1272 2482 nostrumJ
1278 2442 1440 2480 esum
1453 2425 1742 2481 Christum

155 2519 316 2576 Filium
338 2524 496 2576 tuum
541 2520 825 2592 supplices
859 2536 1180 2587 exoramus,
1215 2523 1277 2573 ut
1311 2519 1415 2574 has
1453 2522 1744 2574 creaturas

155 2613 256 2668 salis
275 2618 325 2669 et
347 2632 508 2686 aquae
537 2614 888 2670 benedicere
913 2618 970 2668 et
992 2613 1348 2668 sanctificare
1373 2613 1656 2683 digneris;
1679 2617 1745 2667 ut

155 2706 448 2780 ubicumque
479 2725 734 2780 aspersa:
761 2707 996 2774 fuerint,
1025 2707 1214 2762 omnis
1241 2706 1472 2778 spiritus
1507 2706 1741 2761 inmun-

155 2799 234 2854 dus
252 2801 313 2855 ab
331 2820 394 2857 eo
421 2805 550 2858 loco
579 2803 850 2857 confusus
871 2801 1142 2856 abscedat
1161 2805 1334 2872 atque
1357 2799 1608 2867 recedat,
1637 2817 1742 2854 nec

153 2894 342 2950 ulterius
362 2897 416 2951 in
443 2915 514 2952 eo
544 2897 672 2952 loco
701 2894 1099 2952 commorandi
1121 2895 1334 2950 habeat
1359 2897 1740 2966 potestatem;

153 3004 230 3058 per
248 2990 494 3046 virtutem
532 2990 763 3045 Domini
796 2989 974 3044 nostri
1006 2991 1137 3044 Jesu
1169 2988 1395 3055 Christi,
1425 2987 1520 3059 qui
1552 2991 1740 3042 tecum

150 3082 267 3139 Deus
280 3086 436 3140 Pater
455 3084 849 3156 omnipotens,
875 3087 1080 3138 etcum
1103 3082 1317 3154 Spiritu
1339 3085 1536 3137 sancto
1557 3099 1746 3155 aequa-

151 3176 200 3230 lis
222 3196 428 3252 semper
451 3179 592 3234 vivit
619 3183 676 3233 et
701 3182 909 3249 regnat
929 3178 986 3232 in
1016 3178 1222 3231 sarcula
1247 3177 1606 3231 saeculorum.

669 3275 866 3314 ORATIO
905 3275 963 3313 IN
1003 3274 1174 3313 DOMO.

199 3341 433 3409 Benedic,
455 3338 728 3405 Domine,
759 3337 1000 3392 domum
1030 3338 1220 3405 istam,
1255 3342 1312 3393 et
1343 3355 1548 3393 omnes
1577 3337 1742 3392 habi-

148 3437 296 3489 tantes
322 3435 376 3489 in
403 3452 468 3490 ea
501 3450 610 3505 per
638 3432 1113 3488 intercessionem
1145 3436 1478 3487 sanctorum
1513 3436 1743 3486 tuorum

145 3527 441 3584 benedicere
461 3533 522 3584 et
539 3527 898 3582 sanctiﬁcare
923 3526 1200 3597 digneris,
1221 3529 1278 3580 et
1294 3526 1461 3581 bonis
1479 3525 1746 3581 omnibus

150 3623 448 3694 ampliﬁcare
477 3641 491 3679 :
526 3622 750 3677 tribuas
781 3620 865 3675 eis
889 3621 962 3675 de
992 3637 1124 3674 rore
1158 3620 1280 3675 caeli
1315 3623 1372 3675 et
1397 3621 1467 3675 de
1499 3620 1743 3692 pingue-

149 3715 252 3771 dine
278 3722 434 3773 terrte
464 3716 866 3772 abundantem
898 3715 1030 3770 vita:
1062 3714 1462 3782 substantiam,
1490 3714 1549 3768 in
1579 3714 1746 3769 bonis

150 3811 371 3866 omnibus
409 3810 765 3867 desiderium
801 3809 874 3864 ad
914 3809 1181 3864 effectum
1211 3825 1326 3864 sum
1359 3807 1746 3864 miserationis

149 3905 396 3973 perducat.
427 3909 544 3962 Per
569 3903 904 3970 Dominum,
938 3907 1046 3958 etc.

399 4003 545 4042 0RDO
582 4001 652 4038 AD
691 4001 1103 4038 CONSECMNDAS
1142 3999 1446 4040 MONACHAS.

203 4069 565 4144 Omnipotens
581 4070 932 4142 sempiterne
952 4070 1121 4135 Deus,
1137 4071 1302 4139 pater
1315 4066 1544 4123 Domini
1567 4065 1745 4122 nostri

148 4163 251 4218 Iesu
276 4165 472 4220 Christi
495 4184 510 4222 :
542 4169 625 4232 tu,
658 4164 922 4232 Domine,
953 4163 1161 4234 adjuva
1184 4163 1540 4216 voluntatem
1567 4160 1743 4216 ancil-

150 4255 300 4313 larum
317 4262 570 4326 tuarum,
593 4275 721 4332 quae
742 4259 1044 4313 meliorem
1065 4255 1393 4327 portionem
1416 4257 1744 4326 elegerunt;

150 4354 194 4403 et
216 4358 402 4422 praesta
428 4355 514 4410 eis
551 4353 802 4424 gratiam
832 4351 1172 4424 spiritalem,
1206 4352 1268 4404 ut
1301 4349 1509 4417 sobrie,
1542 4349 1747 4420 pudice

147 4443 378 4515 viventes,
393 4448 518 4503 haec
536 4463 768 4518 semper
785 4445 1000 4500 faciant
1011 4461 1138 4516 qum
1150 4442 1252 4498 tibi
1269 4445 1402 4497 sunt
1415 4442 1644 4514 placita.
1659 4441 1749 4496 Di-

151 4553 296 4606 gnare
315 4543 508 4611 etiam,
532 4540 798 4610 Domine,
821 4537 1122 4611 lampadas
1138 4554 1341 4592 eorum
1361 4533 1750 4608 inestinguibi-

151 4631 213 4685 les
230 4651 438 4691 servare
460 4652 644 4707 usque
671 4635 729 4690 in
757 4635 967 4700 finem;
997 4635 1059 4687 ut
1079 4649 1290 4704 sponso
1311 4631 1578 4686 veniente
1608 4631 1751 4684 laete

151 4741 406 4785 occurrere
433 4729 676 4803 possint,
707 4732 880 4800 atque
907 4743 1091 4799 regna
1114 4725 1363 4781 caelestia
1393 4725 1608 4780 intrare
1633 4741 1646 4778 :
1671 4724 1752 4777 in-

148 4819 285 4877 clusa
311 4826 523 4896 gratias
562 4823 667 4878 tibi
697 4823 952 4877 referant
982 4821 1040 4875 in
1081 4820 1320 4891 regione
1351 4819 1606 4874 vivorum
1643 4818 1752 4874 hoc

148 4912 342 4984 Signum
369 4919 494 4974 Filii
520 4918 605 4973 tui
629 4917 953 4988 bajulantes
972 4915 1010 4978 οι-
1029 4915 1126 4986 qui
1152 4913 1287 4968 vivit
1313 4916 1371 4968 et
1390 4915 1616 4985 regnat,
1641 4915 1747 4968 etc.

574 5016 643 5053 AD
683 5013 968 5051 VELANDAM
1009 5011 1292 5050 V'IRGINEM.

200 5075 312 5132 Haec
333 5084 486 5147 sunt,
511 5079 775 5145 Domine,
804 5077 1004 5148 capitis
1025 5075 1338 5131 consecrati
1364 5073 1753 5146 splendidiora

148 5169 414 5229 velamina.
458 5175 656 5228 Nullus
698 5172 789 5226 hic
837 5169 1263 5226 candidissimee
1310 5168 1480 5223 vestis
1518 5169 1754 5222 ornatus

146 5275 249 5318 cum
273 5283 382 5338 quo
406 5283 604 5322 errore
626 5267 869 5337 decepta
891 5266 1062 5319 iter...
1093 5267 1367 5335 sequatur
1383 5263 1642 5333 Agnum;
1671 5259 1752 5314 ita

144 5354 310 5414 lumen
332 5361 597 5416 Ecclesiae
619 5363 791 5432 atque
814 5359 1190 5412 immaculata
1211 5356 1370 5429 virgo
1389 5355 1488 5411 uni
1503 5353 1750 5411 Domino

146 5455 296 5521 nupta
324 5454 556 5510 beatam
590 5454 789 5510 sedem
817 5441 1094 5524 requirat.

590 5550 908 5592 BENEDICTIO
947 5547 1272 5590 ABBATISSE.

197 5611 564 5687 Omnipotens
584 5615 830 5671 Domine
848 5615 1017 5682 Deus,
1034 5613 1188 5686 apud
1205 5627 1379 5685 quem
1403 5626 1521 5665 non
1539 5611 1627 5664 est
1646 5608 1754 5664 dis-

197 5741 220 5771 ⁸
247 5739 360 5814 Hoc
406 5744 495 5795 est
522 5741 676 5814 quod
717 5740 798 5796 ait
829 5739 1164 5814 Ambrosius
1202 5737 1262 5814 in
1298 5735 1536 5814 epistola
1575 5735 1753 5814 24_ad

141 5805 578 5885 l'ercellenses,'«
603 5813 790 5885 ipsum
819 5811 1153 5885 conjugium
1176 5805 1458 5885 velamine
1484 5807 1747 5865 sacerdo-

143 5878 224 5933 tali
252 5886 307 5937 et
334 5878 736 5942 benedictione
765 5878 1106 5989 sanctificat?
1133 5884 1418 5956 oportere.
1444 5902 1472 5930 »

1837 533 2068 572 marum
2097 533 2109 571 :
2135 515 2232 588 qui
2257 515 2336 570 ita
2359 516 2508 572 viros
2529 515 2602 571 ad
2627 515 2903 587 spiritalia
2924 515 3240 572 certamina
3264 533 3465 574 conro~

1836 611 2026 678 boras,
2057 614 2120 666 ut
2148 609 2394 666 feminas
2429 626 2545 664 non
2583 609 2967 682 derelinquas,
2998 609 3277 682 pietatem
3311 614 3472 668 tuam

1839 705 2044 762 humili
2077 704 2491 777 supplicatione
2535 704 2918 775 deposcimus,
2959 707 3020 758 ut
3065 704 3197 759 huic
3239 706 3471 763 famola

1837 801 1950 854 tua:
1975 800 2079 866 ill.,
2113 816 2288 870 quam
2322 801 2684 853 sacrosancto
2717 797 2878 869 gregi
2905 797 3214 869 virginum,
3243 805 3470 855 nostra-

1839 911 1968 948 rum
2006 893 2374 964 impositione
2413 909 2694 947 manuum
2735 896 2792 946 et
2826 893 2933 948 hoc
2967 892 3272 947 velaminis
3304 897 3468 966 tegu-

1838 992 2035 1043 mento
2066 987 2125 1041 in
2166 987 2425 1042 coenobio
2467 987 2545 1040 ill.
2584 989 2829 1041 matrem
2873 987 2995 1041 fieri
3037 993 3323 1060 optamus,
3364 989 3474 1044 cleo

1839 1081 2062 1138 mentia
2089 1085 2186 1136 tua
2213 1081 2536 1136 roboratrix
2563 1083 2842 1152 perpetua
2871 1098 2988 1136 non
3015 1083 3267 1138 recedat.
3291 1084 3375 1138 Da
3394 1081 3470 1150 ei,

1839 1175 2102 1244 Domine,
2153 1175 2557 1231 fortitudinem
2596 1174 2872 1246 spiritalia
2917 1175 3069 1229 bella
3107 1175 3368 1247 gerendi,
3415 1180 3477 1233 ut

1840 1287 1944 1324 nec
1966 1270 2210 1325 honesta
2227 1270 2536 1336 delaceret,
2555 1285 2661 1323 nec
2681 1268 2988 1323 inhonesta
3005 1269 3277 1336 delectet;
3299 1273 3472 1342 atque

1838 1363 1918 1419 ita
1965 1382 1999 1418 a
2043 1368 2099 1418 te
2146 1363 2518 1430 inluminata,
2562 1362 2669 1417 sibi
2717 1362 2998 1418 creditam
3039 1363 3474 1420 multitudinem

1839 1458 2165 1514 animarum
2202 1463 2302 1514 tuo
2345 1461 2544 1514 sancto
2585 1457 2810 1512 nomini
2845 1457 3066 1529 jugiter
3105 1456 3474 1515 admonendo

1839 1553 2014 1621 faciat
2053 1552 2347 1619 inservire,
2393 1555 2455 1606 ut
2491 1552 2562 1607 de
2611 1550 2819 1607 nullius
2851 1551 3178 1624 perditione
3216 1553 3474 1624 confusa,

1838 1651 1951 1701 tua:
1983 1647 2283 1702 Genitricis
2319 1647 2670 1719 adjungatur
2697 1646 2934 1702 coetibus
2963 1647 3317 1718 laetabunda,
3345 1663 3479 1704 cum

1840 1741 1954 1795 suis
1978 1741 2246 1796 omnibus
2277 1741 2521 1796 feliciter
2544 1741 2897 1796 coronanda.
2925 1743 3053 1810 Per,
3084 1746 3192 1798 etc.

2009 1846 2334 1886 BENEDICTIO
2372 1847 2537 1887 SUPER
2564 1847 2771 1887 VIDUAM
2802 1847 2961 1887 VESTE
2995 1848 3308 1890 IUTANDAM.

1911 1915 2155 1970 Domine
2186 1916 2402 1984 sancte,
2430 1916 2600 1970 Pater
2629 1914 3018 1986 omnipotens,
3057 1919 3273 1972 aeterne
3305 1918 3474 1986 Deus,

1843 2009 1942 2082 qui
1987 2009 2047 2064 in
2093 2011 2322 2064 tantum
2368 2009 2625 2064 humano
2680 2009 2884 2081 generi
2931 2009 3315 2066 miserationis
3363 2014 3477 2067 tum

1843 2121 2040 2159 curam
2068 2102 2357 2176 inpendis,
2385 2105 2442 2158 et
2471 2103 2551 2158 ita
2575 2103 2918 2174 virginitatis
2948 2103 3317 2160 devotionem
3350 2121 3475 2160 am-

1845 2198 2127 2270 plecteris,
2159 2201 2220 2252 ut
2253 2197 2548 2252 viduitatis
2579 2197 3000 2269 professionem
3038 2199 3352 2253 clementer
3381 2215 3477 2254 ac-

1843 2295 2055 2364 ceptes,
2100 2295 2176 2358 te,
2221 2308 2570 2363 quaesumus,
2610 2291 2884 2358 Domine,
2927 2291 3191 2363 precibus
3230 2292 3480 2364 inplora-

1844 2403 1990 2453 mus,
2018 2390 2075 2440 te
2105 2385 2388 2457 supplices
2409 2386 2810 2457 deprecamur,
2835 2388 2897 2440 ut
2917 2385 3195 2440 famolam
3215 2388 3376 2440 tuam
3397 2386 3477 2442 ill.

1844 2497 1971 2551 qua:
1994 2481 2067 2534 ob
2094 2480 2363 2534 timorem
2388 2479 2472 2534 tui
2503 2479 2754 2534 nominis
2781 2482 2936 2535 casto
2959 2479 3167 2534 timore
3193 2479 3298 2535 sibi
3325 2496 3482 2552 pros-

1843 2573 2081 2645 piciens,
2107 2573 2401 2628 viduitatis
2435 2573 2846 2628 indumentum
2880 2590 2983 2645 per
3008 2577 3216 2628 nostra:
3246 2572 3479 2628 humili-

1847 2667 1978 2721 tatis
2004 2684 2210 2722 manus
2235 2667 2533 2738 percipere
2560 2668 2886 2738 postulavit,
2915 2671 3014 2722 tuo
3043 2666 3252 2722 auxilio
3279 2671 3481 2724 contra

1845 2761 2160 2815 inlecebras
2211 2760 2399 2815 carnis
2458 2764 2629 2832 atque
2685 2761 2922 2816 insidias
2974 2759 3194 2816 inimici
3250 2761 3482 2816 munies

1843 2853 2110 2926 praesidio
2147 2871 2211 2908 ac
2243 2854 2542 2922 defendas,
2581 2856 2641 2906 ut
2679 2855 2751 2909 sit
2786 2855 3004 2909 famola
3042 2857 3142 2908 tua
3178 2853 3258 2908 ill.
3297 2856 3483 2910 Anne

1843 2949 1973 3003 ﬁliae
2000 2949 2306 3003 Fanuhelis
2339 2949 2544 3002 similis
2581 2949 2638 3003 in
2669 2948 2897 3025 vigiliis,
2927 2947 2985 3003 in
3022 2947 3390 3015 abstinentia,
3421 2947 3481 3003 in

1845 3043 2199 3099 orationibus
2228 3046 2400 3114 atque
2433 3043 2816 3114 eleemosynis
2842 3045 3130 3114 prompta.

2088 3149 2408 3189 BENEDICTIO
2438 3149 2674 3188 THALAMI
2707 3148 2878 3188 SUPER
2909 3148 3184 3188 NUBENTES
3201 3134 3246 3187 ⁸.

1764 3202 1818 3282 C
1916 3217 2098 3271 Deum
2119 3217 2214 3288 qui
2237 3216 2310 3270 ad
2332 3215 2832 3287 multiplicandam
2852 3215 3090 3270 humani
3109 3215 3337 3286 generis
3358 3231 3485 3286 pro-

1847 3313 1962 3364 lem
1984 3309 2404 3364 benedictionis
2426 3327 2540 3364 sum
2563 3310 2716 3364 dona
2737 3309 2936 3380 largiri
2957 3309 3228 3381 dignatus
3250 3311 3355 3375 est,
3373 3309 3484 3363 fra-

1851 3407 1962 3458 tres
1986 3403 2282 3469 carissimi,
2313 3404 2712 3474 deprecemur,
2745 3405 2804 3456 ut
2831 3403 2935 3456 hos
2960 3401 3207 3456 famulos
3237 3417 3368 3455 suos
3402 3399 3482 3456 ill.

1848 3501 1904 3551 et
1938 3498 2014 3552 ill.
2045 3513 2188 3568 quos
2220 3497 2292 3550 ad
2319 3497 2684 3568 conjugalem
2717 3495 2984 3566 copulam
3014 3493 3135 3565 ipse
3165 3493 3482 3566 praeelegit,

1847 3591 1966 3664 ipse
2001 3590 2302 3646 custodiat.
2341 3592 2448 3645 Det
2484 3590 2565 3644 eis
2600 3607 2798 3644 sensus
2837 3587 3124 3660 paciﬁcos,
3157 3604 3326 3660 pares
3359 3587 3483 3643 ani-

1848 3703 1994 3752 mos,
2017 3702 2211 3740 mores
2235 3687 2437 3739 mutua
2465 3683 2703 3738 caritate
2727 3682 3038 3738 devinctos.
3057 3681 3321 3736 Habeant
3341 3697 3482 3754 quo-

1849 3797 1960 3852 que
1986 3782 2210 3852 optatas
2243 3777 2366 3849 ejus
2396 3794 2640 3832 munere
2674 3777 2921 3844 soboles,
2953 3793 3067 3848 qua
3094 3775 3238 3832 sicut
3267 3775 3488 3832 donum

1847 3873 2023 3945 ipsius
2053 3872 2268 3940 tribuit,
2298 3871 2376 3928 ita
2403 3871 2580 3944 ipsius
2607 3870 3012 3926 benedictione
3039 3872 3487 3941 consequantur,

1848 3971 1910 4023 ut
1935 3967 1994 4022 hi
2019 3967 2218 4023 famoli
2239 3965 2326 4021 sui
2352 3966 2430 4020 ill.
2457 3969 2516 4020 et
2536 3966 2614 4020 ill.
2645 3965 2702 4020 in
2731 3964 2892 4020 omni
2919 3963 3075 4019 idem
3097 3963 3284 4019 cordis
3305 3961 3490 4019 humi-

1849 4063 2007 4117 litate
2040 4060 2385 4116 deserviant.
2418 4061 2543 4115 Pen

2534 4140 2660 4188 ltem
2687 4137 2804 4188 alia.

1918 4214 1992 4268 Te
2034 4213 2430 4284 deprecamur,
2477 4211 2722 4270 Domine
2759 4213 2975 4276 sancte,
3010 4209 3178 4262 Pater
3217 4206 3484 4278 omnipo-

1850 4311 1997 4374 tens,
2039 4310 2253 4362 aeterne
2285 4307 2452 4372 Deus,
2495 4321 2667 4376 super
2699 4304 2807 4358 hos
2849 4302 3095 4356 famolos
3143 4303 3272 4353 tuos
3311 4299 3390 4354 ill.
3431 4302 3490 4354 et

1851 4401 1929 4455 ill.
1960 4417 2104 4472 quos
2125 4399 2481 4472 ad‘gratiam
2507 4397 2764 4468 conjugii
2789 4394 2984 4450 venire
3000 4393 3237 4465 jussisti,
3262 4393 3358 4464 qui
3385 4409 3490 4464 per

1853 4497 2110 4550 nostram
2129 4494 2262 4548 licet
2272 4508 2505 4565 precem
2519 4495 2832 4546 autvocem
2845 4487 3314 4542 benedictionem
3325 4489 3488 4542 tuam

1770 4578 1828 4650 D
1853 4588 2202 4644 desiderant.
2239 4586 2446 4642 Tribue
2484 4584 2594 4652 eis,
2625 4581 2890 4650 Domine,
2928 4581 3096 4636 ﬁdele
3135 4579 3491 4635 consortium

1853 4682 2122 4737 caritatis.
2149 4680 2397 4736 lnduant
2418 4664 2718 4733 caritatem
2741 4677 2949 4744 Sarrae,
2970 4673 3366 4747 paenitentiam
3386 4673 3492 4728 Re-

1852 4777 2058 4842 beccae,
2091 4790 2352 4830 amorem
2387 4771 2620 4838 Rachel,
2659 4770 2908 4842 gratiam
2949 4773 3008 4823 et
3045 4768 3345 4823 caritatem
3381 4767 3487 4823 Su-

1852 4891 2069 4931 sannee.
2100 4872 2421 4928 Descendat
2455 4888 2628 4942 super
2652 4871 2758 4925 hos
2786 4869 3032 4924 famolos
3057 4870 3186 4922 tuos
3215 4865 3294 4920 ill.
3326 4868 3384 4920 et
3407 4865 3487 4920 ill.

1853 4969 1995 5024 sicut
2024 4967 2324 5023 descendit
2347 4983 2443 5021 ros
2469 4965 2674 5037 pluvize
2701 4980 2873 5034 super
2898 4962 3106 5016 faciem
3134 4963 3303 5014 terrae
3327 4976 3340 5014 :
3371 4975 3491 5014 ma-

1854 5081 1960 5118 nus
1991 5067 2101 5117 tuae
2127 5061 2382 5117 sentiant
2405 5063 2621 5127 actum,
2651 5060 2710 5111 et
2735 5056 2976 5128 Spiritus
2997 5053 3178 5109 sancti
3204 5052 3288 5107 tui
3314 5051 3494 5124 perci-

1855 5157 2016 5230 piant
2045 5155 2322 5229 gaudium
2352 5153 2792 5226 sempiternum.

2097 5245 2268 5296 Oratio
2292 5257 2450 5308 super
2478 5256 2569 5292 eos
2593 5239 2686 5305 qui
2715 5237 2946 5288 secundo
2973 5236 3178 5288 nubunt
3196 5248 3243 5290 ιι.

1920 5320 2261 5390 Antiphona.
2309 5315 2640 5372 Benedictio
2685 5311 2914 5369 Domini
2953 5327 3128 5382 super
3165 5325 3285 5365 vos.
3329 5309 3488 5364 Beati

1853 5430 2074 5470 omnes.

1923 5510 2092 5574 Deus,
2113 5505 2208 5578 qui
2231 5502 2579 5560 multimoda
2595 5499 2983 5557 subsidiorum
3002 5495 3265 5554 remedia
3279 5491 3492 5563 fragili-

1854 5603 1954 5658 tati
1977 5603 2248 5656 humanas
2274 5595 2558 5654 beneficia
2578 5597 2827 5664 confers,
2853 5597 2912 5649 et
2933 5593 3137 5650 tribuis
3161 5591 3486 5646 incremen-

1923 5729 1951 5770 ι)
1978 5725 2391 5798 Antiquissima
2431 5727 2516 5780 est
2556 5723 2616 5798 in
2663 5720 2914 5798 Ecclesia
2949 5711 3274 5798 benedictio
3313 5727 3490 5783 super

1855 5795 2157 5867 nubentes,
2193 5815 2364 5872 super
2388 5795 2640 5853 secundo
2667 5795 2952 5850 nubentes
2977 5795 3176 5844 rarior.
