  <div class='ocr_page' id='page_1' title='image "/cluster/home/n/w/nwhite01/storage/ocr_20150623/72/hvd.32044054758768/291.png"; bbox 0 0 4036 6188; ppageno 0'>
   <div class='ocr_carea' id='block_1_1' title="bbox 427 347 524 408">
    <p class='ocr_par' dir='ltr' id='par_1_1' title="bbox 427 347 524 408">
     <span class='ocr_line' id='line_1_1' title="bbox 427 347 524 408; baseline 0 0"><span class='ocrx_word' id='word_1_1' title='bbox 427 347 524 408; x_wconf 69' lang='grc'><strong>871</strong></span> 
     </span>
    </p>
   </div>
   <div class='ocr_carea' id='block_1_2' title="bbox 1305 348 2914 411">
    <p class='ocr_par' dir='ltr' id='par_1_2' title="bbox 1305 348 2914 411">
     <span class='ocr_line' id='line_1_2' title="bbox 1305 348 2914 411; baseline 0.001 -5"><span class='ocrx_word' id='word_1_2' title='bbox 1305 348 1636 406; x_wconf 81' lang='lat' dir='ltr'><strong>APPENDIX</strong></span> <span class='ocrx_word' id='word_1_3' title='bbox 1673 349 1762 407; x_wconf 90' lang='lat' dir='ltr'><strong>AD</strong></span> <span class='ocrx_word' id='word_1_4' title='bbox 1797 349 2020 406; x_wconf 80' lang='lat' dir='ltr'><strong>OPERA</strong></span> <span class='ocrx_word' id='word_1_5' title='bbox 2056 351 2109 407; x_wconf 87' lang='lat' dir='ltr'><strong>S.</strong></span> <span class='ocrx_word' id='word_1_6' title='bbox 2150 351 2450 410; x_wconf 78' lang='lat' dir='ltr'><strong>GERMANI</strong></span> <span class='ocrx_word' id='word_1_7' title='bbox 2487 349 2914 411; x_wconf 81' lang='lat' dir='ltr'><strong>PARlSlENSlS.</strong></span> 
     </span>
    </p>
   </div>
   <div class='ocr_carea' id='block_1_3' title="bbox 3691 339 3792 404">
    <p class='ocr_par' dir='ltr' id='par_1_3' title="bbox 3691 339 3792 404">
     <span class='ocr_line' id='line_1_3' title="bbox 3691 339 3792 404; baseline 0.01 -1"><span class='ocrx_word' id='word_1_8' title='bbox 3691 339 3792 404; x_wconf 69' lang='lat' dir='ltr'><strong>s72</strong></span> 
     </span>
    </p>
   </div>
   <div class='ocr_carea' id='block_1_4' title="bbox 425 452 3792 552">
    <p class='ocr_par' dir='ltr' id='par_1_4' title="bbox 425 452 3792 552">
     <span class='ocr_line' id='line_1_4' title="bbox 425 452 3792 552; baseline -0.001 -39"><span class='ocrx_word' id='word_1_9' title='bbox 425 459 584 526; x_wconf 84' lang='lat' dir='ltr'><strong>tum;</strong></span> <span class='ocrx_word' id='word_1_10' title='bbox 608 456 673 515; x_wconf 89' lang='lat' dir='ltr'><strong>ut</strong></span> <span class='ocrx_word' id='word_1_11' title='bbox 694 458 899 514; x_wconf 87' lang='lat' dir='ltr'><strong>natura</strong></span> <span class='ocrx_word' id='word_1_12' title='bbox 925 472 1041 514; x_wconf 88' lang='lat' dir='ltr'><strong>non</strong></span> <span class='ocrx_word' id='word_1_13' title='bbox 1067 453 1441 512; x_wconf 85' lang='lat' dir='ltr'><strong>defraudetur</strong></span> <span class='ocrx_word' id='word_1_14' title='bbox 1461 473 1495 512; x_wconf 90' lang='lat' dir='ltr'><strong>a</strong></span> <span class='ocrx_word' id='word_1_15' title='bbox 1515 456 1756 526; x_wconf 88' lang='lat' dir='ltr'><strong>semine,</strong></span> <span class='ocrx_word' id='word_1_16' title='bbox 1779 473 1883 530; x_wconf 92' lang='lat' dir='ltr'><strong>per</strong></span> <span class='ocrx_word' id='word_1_17' title='bbox 1903 456 2058 530; x_wconf 90' lang='lat' dir='ltr'><strong>quod</strong></span> <span class='ocrx_word' id='word_1_18' title='bbox 2079 477 2132 552; x_wconf 75' lang='grc' dir='ltr'>Α</span> <span class='ocrx_word' id='word_1_19' title='bbox 2158 459 2274 516; x_wconf 83' lang='lat' dir='ltr'><strong>sive</strong></span> <span class='ocrx_word' id='word_1_20' title='bbox 2298 458 2519 528; x_wconf 89' lang='lat' dir='ltr'><strong>vinum,</strong></span> <span class='ocrx_word' id='word_1_21' title='bbox 2553 458 2669 515; x_wconf 87' lang='lat' dir='ltr'><strong>sive</strong></span> <span class='ocrx_word' id='word_1_22' title='bbox 2697 459 2909 528; x_wconf 91' lang='lat' dir='ltr'><strong>oleum,</strong></span> <span class='ocrx_word' id='word_1_23' title='bbox 2937 455 3093 515; x_wconf 87' lang='lat' dir='ltr'><strong>mela</strong></span> <span class='ocrx_word' id='word_1_24' title='bbox 3120 457 3184 514; x_wconf 89' lang='lat' dir='ltr'><strong>ut</strong></span> <span class='ocrx_word' id='word_1_25' title='bbox 3209 469 3452 530; x_wconf 88' lang='lat' dir='ltr'><strong>aquam;</strong></span> <span class='ocrx_word' id='word_1_26' title='bbox 3479 453 3544 511; x_wconf 88' lang='lat' dir='ltr'><strong>ut</strong></span> <span class='ocrx_word' id='word_1_27' title='bbox 3569 452 3792 510; x_wconf 86' lang='lat' dir='ltr'><strong>nullam</strong></span> 
     </span>
    </p>
   </div>
   <div class='ocr_carea' id='block_1_5' title="bbox 429 550 2058 624">
    <p class='ocr_par' dir='ltr' id='par_1_5' title="bbox 429 550 2058 624">
     <span class='ocr_line' id='line_1_5' title="bbox 429 550 2058 624; baseline -0.002 -15"><span class='ocrx_word' id='word_1_28' title='bbox 429 552 727 624; x_wconf 85' lang='lat' dir='ltr'><strong>geminata</strong></span> <span class='ocrx_word' id='word_1_29' title='bbox 746 566 1003 624; x_wconf 83' lang='lat' dir='ltr'><strong>propago</strong></span> <span class='ocrx_word' id='word_1_30' title='bbox 1025 550 1316 605; x_wconf 70' lang='lat' dir='ltr'><strong>crescatin</strong></span> <span class='ocrx_word' id='word_1_31' title='bbox 1339 550 1665 623; x_wconf 84' lang='lat' dir='ltr'><strong>progenies.</strong></span> <span class='ocrx_word' id='word_1_32' title='bbox 1681 551 1772 607; x_wconf 87' lang='lat' dir='ltr'><strong>Sic</strong></span> <span class='ocrx_word' id='word_1_33' title='bbox 1789 550 2058 623; x_wconf 88' lang='lat' dir='ltr'><strong>tempori-</strong></span> 
     </span>
    </p>
   </div>
   <div class='ocr_carea' id='block_1_6' title="bbox 428 643 2055 718">
    <p class='ocr_par' dir='ltr' id='par_1_6' title="bbox 428 643 2055 718">
     <span class='ocr_line' id='line_1_6' title="bbox 428 643 2055 718; baseline -0.001 -17"><span class='ocrx_word' id='word_1_34' title='bbox 428 645 534 702; x_wconf 87' lang='lat' dir='ltr'><strong>bus</strong></span> <span class='ocrx_word' id='word_1_35' title='bbox 558 645 756 718; x_wconf 82' lang='lat' dir='ltr'><strong>priscis</strong></span> <span class='ocrx_word' id='word_1_36' title='bbox 785 645 933 699; x_wconf 85' lang='lat' dir='ltr'><strong>Ruth</strong></span> <span class='ocrx_word' id='word_1_37' title='bbox 956 643 1260 700; x_wconf 85' lang='lat' dir='ltr'><strong>Moabitem</strong></span> <span class='ocrx_word' id='word_1_38' title='bbox 1289 644 1651 712; x_wconf 85' lang='lat' dir='ltr'><strong>benedixisti,</strong></span> <span class='ocrx_word' id='word_1_39' title='bbox 1677 645 1754 699; x_wconf 91' lang='lat' dir='ltr'><strong>sic</strong></span> <span class='ocrx_word' id='word_1_40' title='bbox 1783 645 1843 700; x_wconf 94' lang='lat' dir='ltr'><strong>in</strong></span> <span class='ocrx_word' id='word_1_41' title='bbox 1871 645 2055 700; x_wconf 88' lang='lat' dir='ltr'><strong>novis-</strong></span> 
     </span>
    </p>
   </div>
   <div class='ocr_carea' id='block_1_7' title="bbox 430 738 2060 812">
    <p class='ocr_par' dir='ltr' id='par_1_7' title="bbox 430 738 2060 812">
     <span class='ocr_line' id='line_1_7' title="bbox 430 738 2060 812; baseline 0 -18"><span class='ocrx_word' id='word_1_42' title='bbox 430 740 590 796; x_wconf 83' lang='lat' dir='ltr'><strong>simis</strong></span> <span class='ocrx_word' id='word_1_43' title='bbox 607 755 710 812; x_wconf 90' lang='lat' dir='ltr'><strong>per</strong></span> <span class='ocrx_word' id='word_1_44' title='bbox 725 739 1061 810; x_wconf 89' lang='lat' dir='ltr'><strong>Apostolum</strong></span> <span class='ocrx_word' id='word_1_45' title='bbox 1083 740 1246 793; x_wconf 89' lang='lat' dir='ltr'><strong>tuum</strong></span> <span class='ocrx_word' id='word_1_46' title='bbox 1271 738 1524 794; x_wconf 89' lang='lat' dir='ltr'><strong>secunda</strong></span> <span class='ocrx_word' id='word_1_47' title='bbox 1541 738 1916 796; x_wconf 86' lang='lat' dir='ltr'><strong>matrimonia</strong></span> <span class='ocrx_word' id='word_1_48' title='bbox 1929 755 2060 794; x_wconf 81' lang='lat' dir='ltr'><strong>con-</strong></span> 
     </span>
    </p>
   </div>
   <div class='ocr_carea' id='block_1_8' title="bbox 429 832 2058 904">
    <p class='ocr_par' dir='ltr' id='par_1_8' title="bbox 429 832 2058 904">
     <span class='ocr_line' id='line_1_8' title="bbox 429 832 2058 904; baseline 0 -16"><span class='ocrx_word' id='word_1_49' title='bbox 429 832 661 888; x_wconf 82' lang='lat' dir='ltr'><strong>cessisti.</strong></span> <span class='ocrx_word' id='word_1_50' title='bbox 686 834 767 887; x_wconf 92' lang='lat' dir='ltr'><strong>Da</strong></span> <span class='ocrx_word' id='word_1_51' title='bbox 795 833 876 888; x_wconf 89' lang='lat' dir='ltr'><strong>eis</strong></span> <span class='ocrx_word' id='word_1_52' title='bbox 899 849 1058 903; x_wconf 89' lang='lat' dir='ltr'><strong>ergo,</strong></span> <span class='ocrx_word' id='word_1_53' title='bbox 1078 833 1340 901; x_wconf 88' lang='lat' dir='ltr'><strong>Domine,</strong></span> <span class='ocrx_word' id='word_1_54' title='bbox 1365 833 1594 888; x_wconf 89' lang='lat' dir='ltr'><strong>famolis</strong></span> <span class='ocrx_word' id='word_1_55' title='bbox 1618 832 1728 887; x_wconf 87' lang='lat' dir='ltr'><strong>tuis</strong></span> <span class='ocrx_word' id='word_1_56' title='bbox 1749 849 2058 904; x_wconf 89' lang='lat' dir='ltr'><strong>procrean-</strong></span> 
     </span>
    </p>
   </div>
   <div class='ocr_carea' id='block_1_9' title="bbox 430 926 2057 995">
    <p class='ocr_par' dir='ltr' id='par_1_9' title="bbox 430 926 2057 995">
     <span class='ocr_line' id='line_1_9' title="bbox 430 926 2057 995; baseline 0.001 -14"><span class='ocrx_word' id='word_1_57' title='bbox 430 927 637 982; x_wconf 88' lang='lat' dir='ltr'><strong>dorum</strong></span> <span class='ocrx_word' id='word_1_58' title='bbox 665 927 914 982; x_wconf 90' lang='lat' dir='ltr'><strong>ﬁliorum</strong></span> <span class='ocrx_word' id='word_1_59' title='bbox 945 926 1242 982; x_wconf 89' lang='lat' dir='ltr'><strong>unianime</strong></span> <span class='ocrx_word' id='word_1_60' title='bbox 1271 927 1644 995; x_wconf 87' lang='lat' dir='ltr'><strong>desiderium,</strong></span> <span class='ocrx_word' id='word_1_61' title='bbox 1667 931 1730 982; x_wconf 90' lang='lat' dir='ltr'><strong>ut</strong></span> <span class='ocrx_word' id='word_1_62' title='bbox 1752 926 1924 982; x_wconf 81' lang='lat' dir='ltr'><strong>faciat</strong></span> <span class='ocrx_word' id='word_1_63' title='bbox 1947 928 2057 982; x_wconf 86' lang='lat' dir='ltr'><strong>Do-</strong></span> 
     </span>
    </p>
   </div>
   <div class='ocr_carea' id='block_1_10' title="bbox 427 1019 2062 1092">
    <p class='ocr_par' dir='ltr' id='par_1_10' title="bbox 427 1019 2062 1092">
     <span class='ocr_line' id='line_1_10' title="bbox 427 1019 2062 1092; baseline 0.001 -18"><span class='ocrx_word' id='word_1_64' title='bbox 427 1019 618 1074; x_wconf 89' lang='lat' dir='ltr'><strong>minus</strong></span> <span class='ocrx_word' id='word_1_65' title='bbox 644 1020 790 1076; x_wconf 90' lang='lat' dir='ltr'><strong>hanc</strong></span> <span class='ocrx_word' id='word_1_66' title='bbox 809 1021 1113 1076; x_wconf 89' lang='lat' dir='ltr'><strong>mulierem</strong></span> <span class='ocrx_word' id='word_1_67' title='bbox 1135 1019 1214 1076; x_wconf 91' lang='lat' dir='ltr'><strong>ill.</strong></span> <span class='ocrx_word' id='word_1_68' title='bbox 1246 1037 1374 1092; x_wconf 79' lang='lat' dir='ltr'><strong>quae</strong></span> <span class='ocrx_word' id='word_1_69' title='bbox 1398 1019 1721 1090; x_wconf 75' lang='lat' dir='ltr'><strong>ingreditur</strong></span> <span class='ocrx_word' id='word_1_70' title='bbox 1739 1020 1797 1074; x_wconf 89' lang='lat' dir='ltr'><strong>in</strong></span> <span class='ocrx_word' id='word_1_71' title='bbox 1821 1021 2062 1076; x_wconf 89' lang='lat' dir='ltr'><strong>domum</strong></span> 
     </span>
    </p>
   </div>
   <div class='ocr_carea' id='block_1_11' title="bbox 428 1113 2062 1186">
    <p class='ocr_par' dir='ltr' id='par_1_11' title="bbox 428 1113 2062 1186">
     <span class='ocr_line' id='line_1_11' title="bbox 428 1113 2062 1186; baseline 0.001 -19"><span class='ocrx_word' id='word_1_72' title='bbox 428 1117 609 1182; x_wconf 90' lang='lat' dir='ltr'><strong>tuam,</strong></span> <span class='ocrx_word' id='word_1_73' title='bbox 624 1113 767 1170; x_wconf 85' lang='lat' dir='ltr'><strong>sicut</strong></span> <span class='ocrx_word' id='word_1_74' title='bbox 784 1115 994 1170; x_wconf 82' lang='lat' dir='ltr'><strong>Rachel</strong></span> <span class='ocrx_word' id='word_1_75' title='bbox 1011 1118 1067 1169; x_wconf 90' lang='lat' dir='ltr'><strong>et</strong></span> <span class='ocrx_word' id='word_1_76' title='bbox 1087 1114 1204 1181; x_wconf 89' lang='lat' dir='ltr'><strong>Lia,</strong></span> <span class='ocrx_word' id='word_1_77' title='bbox 1220 1131 1350 1186; x_wconf 80' lang='lat' dir='ltr'><strong>quae</strong></span> <span class='ocrx_word' id='word_1_78' title='bbox 1371 1113 1800 1169; x_wconf 67' lang='lat' dir='ltr'><strong>mdiﬁcaverunt</strong></span> <span class='ocrx_word' id='word_1_79' title='bbox 1819 1114 2062 1170; x_wconf 90' lang='lat' dir='ltr'><strong>domum</strong></span> 
     </span>
    </p>
   </div>
   <div class='ocr_carea' id='block_1_12' title="bbox 428 1207 2058 1280">
    <p class='ocr_par' dir='ltr' id='par_1_12' title="bbox 428 1207 2058 1280">
     <span class='ocr_line' id='line_1_12' title="bbox 428 1207 2058 1280; baseline -0.001 -17"><span class='ocrx_word' id='word_1_80' title='bbox 428 1207 620 1277; x_wconf 88' lang='lat' dir='ltr'><strong>lsrael,</strong></span> <span class='ocrx_word' id='word_1_81' title='bbox 648 1210 705 1264; x_wconf 91' lang='lat' dir='ltr'><strong>et</strong></span> <span class='ocrx_word' id='word_1_82' title='bbox 732 1208 805 1264; x_wconf 87' lang='lat' dir='ltr'><strong>sit</strong></span> <span class='ocrx_word' id='word_1_83' title='bbox 833 1209 1162 1280; x_wconf 87' lang='lat' dir='ltr'><strong>exemplum</strong></span> <span class='ocrx_word' id='word_1_84' title='bbox 1187 1207 1410 1264; x_wconf 89' lang='lat' dir='ltr'><strong>virtutis</strong></span> <span class='ocrx_word' id='word_1_85' title='bbox 1433 1208 1492 1264; x_wconf 91' lang='lat' dir='ltr'><strong>in</strong></span> <span class='ocrx_word' id='word_1_86' title='bbox 1518 1207 1765 1263; x_wconf 87' lang='lat' dir='ltr'><strong>Ecclesia</strong></span> <span class='ocrx_word' id='word_1_87' title='bbox 1790 1208 1912 1265; x_wconf 91' lang='lat' dir='ltr'><strong>Dei.</strong></span> <span class='ocrx_word' id='word_1_88' title='bbox 1931 1209 2058 1264; x_wconf 92' lang='lat' dir='ltr'><strong>Per.</strong></span> 
     </span>
    </p>
   </div>
   <div class='ocr_carea' id='block_1_13' title="bbox 570 1322 1919 1372">
    <p class='ocr_par' dir='ltr' id='par_1_13' title="bbox 570 1322 1919 1372">
     <span class='ocr_line' id='line_1_13' title="bbox 570 1322 1919 1372; baseline -0.001 -8"><span class='ocrx_word' id='word_1_89' title='bbox 570 1323 887 1366; x_wconf 71' lang='lat' dir='ltr'><strong>BBNBDICTIO</strong></span> <span class='ocrx_word' id='word_1_90' title='bbox 915 1323 1050 1363; x_wconf 76' lang='lat' dir='ltr'><strong>OMNI</strong></span> <span class='ocrx_word' id='word_1_91' title='bbox 1083 1323 1228 1372; x_wconf 87' lang='lat' dir='ltr'><strong>QUOD</strong></span> <span class='ocrx_word' id='word_1_92' title='bbox 1256 1325 1309 1363; x_wconf 71' lang='lat' dir='ltr'><strong>1N</strong></span> <span class='ocrx_word' id='word_1_93' title='bbox 1340 1323 1593 1364; x_wconf 80' lang='lat' dir='ltr'><strong>ECCLESIA</strong></span> <span class='ocrx_word' id='word_1_94' title='bbox 1623 1322 1919 1364; x_wconf 75' lang='lat' dir='ltr'><strong>OFFERTUR.</strong></span> 
     </span>
    </p>
   </div>
   <div class='ocr_carea' id='block_1_14' title="bbox 503 1399 2060 1474">
    <p class='ocr_par' dir='ltr' id='par_1_14' title="bbox 503 1399 2060 1474">
     <span class='ocr_line' id='line_1_14' title="bbox 503 1399 2060 1474; baseline -0.003 -15"><span class='ocrx_word' id='word_1_95' title='bbox 503 1403 672 1471; x_wconf 90' lang='lat' dir='ltr'><strong>Deus,</strong></span> <span class='ocrx_word' id='word_1_96' title='bbox 710 1401 871 1474; x_wconf 87' lang='lat' dir='ltr'><strong>cujus</strong></span> <span class='ocrx_word' id='word_1_97' title='bbox 907 1401 1081 1457; x_wconf 90' lang='lat' dir='ltr'><strong>verbo</strong></span> <span class='ocrx_word' id='word_1_98' title='bbox 1121 1405 1178 1456; x_wconf 90' lang='lat' dir='ltr'><strong>et</strong></span> <span class='ocrx_word' id='word_1_99' title='bbox 1207 1401 1467 1474; x_wconf 90' lang='lat' dir='ltr'><strong>potentia</strong></span> <span class='ocrx_word' id='word_1_100' title='bbox 1502 1401 1656 1456; x_wconf 85' lang='lat' dir='ltr'><strong>facta</strong></span> <span class='ocrx_word' id='word_1_101' title='bbox 1685 1403 1817 1456; x_wconf 89' lang='lat' dir='ltr'><strong>sunt</strong></span> <span class='ocrx_word' id='word_1_102' title='bbox 1845 1399 2060 1468; x_wconf 85' lang='lat' dir='ltr'><strong>omnia,</strong></span> 
     </span>
    </p>
   </div>
   <div class='ocr_carea' id='block_1_15' title="bbox 433 1493 2066 1568">
    <p class='ocr_par' dir='ltr' id='par_1_15' title="bbox 433 1493 2066 1568">
     <span class='ocr_line' id='line_1_15' title="bbox 433 1493 2066 1568; baseline -0.002 -17"><span class='ocrx_word' id='word_1_103' title='bbox 433 1495 592 1567; x_wconf 87' lang='lat' dir='ltr'><strong>cujus</strong></span> <span class='ocrx_word' id='word_1_104' title='bbox 612 1495 766 1551; x_wconf 93' lang='lat' dir='ltr'><strong>dono</strong></span> <span class='ocrx_word' id='word_1_105' title='bbox 787 1495 1138 1567; x_wconf 88' lang='lat' dir='ltr'><strong>percipimus</strong></span> <span class='ocrx_word' id='word_1_106' title='bbox 1155 1511 1282 1568; x_wconf 82' lang='lat' dir='ltr'><strong>quae</strong></span> <span class='ocrx_word' id='word_1_107' title='bbox 1302 1494 1376 1550; x_wconf 88' lang='lat' dir='ltr'><strong>ad</strong></span> <span class='ocrx_word' id='word_1_108' title='bbox 1391 1493 1521 1550; x_wconf 73' lang='lat' dir='ltr'><strong>vitae</strong></span> <span class='ocrx_word' id='word_1_109' title='bbox 1541 1493 1868 1549; x_wconf 85' lang='lat' dir='ltr'><strong>remedium</strong></span> <span class='ocrx_word' id='word_1_110' title='bbox 1889 1493 2066 1566; x_wconf 87' lang='lat' dir='ltr'><strong>possi-</strong></span> 
     </span>
    </p>
   </div>
   <div class='ocr_carea' id='block_1_16' title="bbox 431 1587 2064 1660">
    <p class='ocr_par' dir='ltr' id='par_1_16' title="bbox 431 1587 2064 1660">
     <span class='ocr_line' id='line_1_16' title="bbox 431 1587 2064 1660; baseline -0.001 -16"><span class='ocrx_word' id='word_1_111' title='bbox 431 1588 664 1659; x_wconf 85' lang='lat' dir='ltr'><strong>demus;</strong></span> <span class='ocrx_word' id='word_1_112' title='bbox 694 1588 974 1660; x_wconf 89' lang='lat' dir='ltr'><strong>supplices</strong></span> <span class='ocrx_word' id='word_1_113' title='bbox 1002 1592 1059 1643; x_wconf 90' lang='lat' dir='ltr'><strong>te</strong></span> <span class='ocrx_word' id='word_1_114' title='bbox 1086 1587 1230 1644; x_wconf 89' lang='lat' dir='ltr'><strong>nixis</strong></span> <span class='ocrx_word' id='word_1_115' title='bbox 1255 1587 1520 1660; x_wconf 86' lang='lat' dir='ltr'><strong>precibus</strong></span> <span class='ocrx_word' id='word_1_116' title='bbox 1547 1604 1867 1654; x_wconf 85' lang='lat' dir='ltr'><strong>exoramus,</strong></span> <span class='ocrx_word' id='word_1_117' title='bbox 1901 1591 1963 1641; x_wconf 93' lang='lat' dir='ltr'><strong>ut</strong></span> <span class='ocrx_word' id='word_1_118' title='bbox 1991 1587 2064 1642; x_wconf 93' lang='lat' dir='ltr'><strong>de</strong></span> 
     </span>
    </p>
   </div>
   <div class='ocr_carea' id='block_1_17' title="bbox 427 1681 2066 1754">
    <p class='ocr_par' dir='ltr' id='par_1_17' title="bbox 427 1681 2066 1754">
     <span class='ocr_line' id='line_1_17' title="bbox 427 1681 2066 1754; baseline -0.002 -16"><span class='ocrx_word' id='word_1_119' title='bbox 427 1682 569 1738; x_wconf 78' lang='lat' dir='ltr'><strong>sede</strong></span> <span class='ocrx_word' id='word_1_120' title='bbox 605 1682 923 1754; x_wconf 89' lang='lat' dir='ltr'><strong>majestatis</strong></span> <span class='ocrx_word' id='word_1_121' title='bbox 965 1685 1077 1738; x_wconf 73' lang='lat' dir='ltr'><strong>tuae</strong></span> <span class='ocrx_word' id='word_1_122' title='bbox 1124 1683 1292 1753; x_wconf 89' lang='lat' dir='ltr'><strong>hujus</strong></span> <span class='ocrx_word' id='word_1_123' title='bbox 1337 1681 1642 1738; x_wconf 74' lang='lat' dir='ltr'><strong>oblationis</strong></span> <span class='ocrx_word' id='word_1_124' title='bbox 1682 1681 2066 1737; x_wconf 89' lang='lat' dir='ltr'><strong>sanctiﬁcator</strong></span> 
     </span>
    </p>
   </div>
   <div class='ocr_carea' id='block_1_18' title="bbox 433 1774 2062 1848">
    <p class='ocr_par' dir='ltr' id='par_1_18' title="bbox 433 1774 2062 1848">
     <span class='ocr_line' id='line_1_18' title="bbox 433 1774 2062 1848; baseline -0.001 -18"><span class='ocrx_word' id='word_1_125' title='bbox 433 1776 690 1832; x_wconf 86' lang='lat' dir='ltr'><strong>accedas.</strong></span> <span class='ocrx_word' id='word_1_126' title='bbox 710 1777 942 1848; x_wconf 89' lang='lat' dir='ltr'><strong>Suscipe</strong></span> <span class='ocrx_word' id='word_1_127' title='bbox 964 1777 1036 1831; x_wconf 89' lang='lat' dir='ltr'><strong>de</strong></span> <span class='ocrx_word' id='word_1_128' title='bbox 1060 1776 1326 1831; x_wconf 90' lang='lat' dir='ltr'><strong>manibus</strong></span> <span class='ocrx_word' id='word_1_129' title='bbox 1351 1776 1702 1830; x_wconf 87' lang='lat' dir='ltr'><strong>famulorum</strong></span> <span class='ocrx_word' id='word_1_130' title='bbox 1732 1779 1960 1830; x_wconf 90' lang='lat' dir='ltr'><strong>tuorum</strong></span> <span class='ocrx_word' id='word_1_131' title='bbox 1982 1774 2062 1829; x_wconf 90' lang='lat' dir='ltr'><strong>ill.</strong></span> 
     </span>
    </p>
   </div>
   <div class='ocr_carea' id='block_1_19' title="bbox 2156 547 3796 626">
    <p class='ocr_par' dir='ltr' id='par_1_19' title="bbox 2156 547 3796 626">
     <span class='ocr_line' id='line_1_19' title="bbox 2156 547 3796 626; baseline -0.003 -17"><span class='ocrx_word' id='word_1_132' title='bbox 2156 553 2620 626; x_wconf 87' lang='lat' dir='ltr'><strong>inquinationem</strong></span> <span class='ocrx_word' id='word_1_133' title='bbox 2661 553 2994 620; x_wconf 82' lang='lat' dir='ltr'><strong>sentiamus,</strong></span> <span class='ocrx_word' id='word_1_134' title='bbox 3040 550 3138 626; x_wconf 86' lang='lat' dir='ltr'><strong>qui</strong></span> <span class='ocrx_word' id='word_1_135' title='bbox 3178 550 3317 607; x_wconf 85' lang='lat' dir='ltr'><strong>dixit</strong></span> <span class='ocrx_word' id='word_1_136' title='bbox 3353 567 3366 606; x_wconf 90' lang='lat'><strong>:</strong></span> <span class='ocrx_word' id='word_1_137' title='bbox 3408 549 3597 606; x_wconf 88' lang='lat' dir='ltr'><strong>Omne</strong></span> <span class='ocrx_word' id='word_1_138' title='bbox 3639 547 3796 620; x_wconf 89' lang='lat' dir='ltr'><strong>quod</strong></span> 
     </span>
    </p>
   </div>
   <div class='ocr_carea' id='block_1_20' title="bbox 2158 641 3798 719">
    <p class='ocr_par' dir='ltr' id='par_1_20' title="bbox 2158 641 3798 719">
     <span class='ocr_line' id='line_1_20' title="bbox 2158 641 3798 719; baseline -0.002 -17"><span class='ocrx_word' id='word_1_139' title='bbox 2158 647 2336 703; x_wconf 90' lang='lat' dir='ltr'><strong>intrat</strong></span> <span class='ocrx_word' id='word_1_140' title='bbox 2365 648 2424 703; x_wconf 90' lang='lat' dir='ltr'><strong>in</strong></span> <span class='ocrx_word' id='word_1_141' title='bbox 2453 664 2517 704; x_wconf 91' lang='lat' dir='ltr'><strong>os</strong></span> <span class='ocrx_word' id='word_1_142' title='bbox 2549 665 2666 704; x_wconf 91' lang='lat' dir='ltr'><strong>non</strong></span> <span class='ocrx_word' id='word_1_143' title='bbox 2703 647 3057 719; x_wconf 87' lang='lat' dir='ltr'><strong>coinquinat.</strong></span> <span class='ocrx_word' id='word_1_144' title='bbox 3087 647 3200 702; x_wconf 83' lang='lat' dir='ltr'><strong>Nos</strong></span> <span class='ocrx_word' id='word_1_145' title='bbox 3235 643 3481 700; x_wconf 87' lang='lat' dir='ltr'><strong>humiles</strong></span> <span class='ocrx_word' id='word_1_146' title='bbox 3511 643 3660 698; x_wconf 88' lang='lat' dir='ltr'><strong>servi</strong></span> <span class='ocrx_word' id='word_1_147' title='bbox 3694 641 3798 710; x_wconf 89' lang='lat' dir='ltr'><strong>tui,</strong></span> 
     </span>
    </p>
   </div>
   <div class='ocr_carea' id='block_1_21' title="bbox 2160 739 3802 818">
    <p class='ocr_par' dir='ltr' id='par_1_21' title="bbox 2160 739 3802 818">
     <span class='ocr_line' id='line_1_21' title="bbox 2160 739 3802 818; baseline -0.003 -18"><span class='ocrx_word' id='word_1_148' title='bbox 2160 745 2349 818; x_wconf 85' lang='lat' dir='ltr'><strong>exigui</strong></span> <span class='ocrx_word' id='word_1_149' title='bbox 2379 746 2725 812; x_wconf 86' lang='lat' dir='ltr'><strong>sacerdotes,</strong></span> <span class='ocrx_word' id='word_1_150' title='bbox 2761 745 2922 816; x_wconf 87' lang='lat' dir='ltr'><strong>jussa</strong></span> <span class='ocrx_word' id='word_1_151' title='bbox 2956 743 3286 816; x_wconf 89' lang='lat' dir='ltr'><strong>implentes,</strong></span> <span class='ocrx_word' id='word_1_152' title='bbox 3317 741 3520 798; x_wconf 86' lang='lat' dir='ltr'><strong>laudes</strong></span> <span class='ocrx_word' id='word_1_153' title='bbox 3558 739 3802 797; x_wconf 83' lang='lat' dir='ltr'><strong>honoris</strong></span> 
     </span>
    </p>
   </div>
   <div class='ocr_carea' id='block_1_22' title="bbox 2161 834 3802 918">
    <p class='ocr_par' dir='ltr' id='par_1_22' title="bbox 2161 834 3802 918">
     <span class='ocr_line' id='line_1_22' title="bbox 2161 834 3802 918; baseline -0.004 -23"><span class='ocrx_word' id='word_1_154' title='bbox 2161 839 2242 894; x_wconf 88' lang='lat' dir='ltr'><strong>tui</strong></span> <span class='ocrx_word' id='word_1_155' title='bbox 2272 839 2332 894; x_wconf 90' lang='lat' dir='ltr'><strong>in</strong></span> <span class='ocrx_word' id='word_1_156' title='bbox 2358 840 2531 895; x_wconf 91' lang='lat' dir='ltr'><strong>corde</strong></span> <span class='ocrx_word' id='word_1_157' title='bbox 2557 840 2896 906; x_wconf 88' lang='lat' dir='ltr'><strong>retinentes,</strong></span> <span class='ocrx_word' id='word_1_158' title='bbox 2921 855 3084 918; x_wconf 75' lang='lat' dir='ltr'><strong>cruce</strong></span> <span class='ocrx_word' id='word_1_159' title='bbox 3109 841 3208 892; x_wconf 89' lang='lat' dir='ltr'><strong>tua</strong></span> <span class='ocrx_word' id='word_1_160' title='bbox 3233 835 3573 908; x_wconf 89' lang='lat' dir='ltr'><strong>expellimus</strong></span> <span class='ocrx_word' id='word_1_161' title='bbox 3601 834 3802 890; x_wconf 84' lang='lat' dir='ltr'><strong>sordes</strong></span> 
     </span>
    </p>
   </div>
   <div class='ocr_carea' id='block_1_23' title="bbox 2161 928 3804 1004">
    <p class='ocr_par' dir='ltr' id='par_1_23' title="bbox 2161 928 3804 1004">
     <span class='ocr_line' id='line_1_23' title="bbox 2161 928 3804 1004; baseline -0.002 -16"><span class='ocrx_word' id='word_1_162' title='bbox 2161 949 2384 1000; x_wconf 88' lang='lat' dir='ltr'><strong>omnes,</strong></span> <span class='ocrx_word' id='word_1_163' title='bbox 2405 932 2614 988; x_wconf 89' lang='lat' dir='ltr'><strong>ﬁducia</strong></span> <span class='ocrx_word' id='word_1_164' title='bbox 2637 932 2830 987; x_wconf 91' lang='lat' dir='ltr'><strong>divina</strong></span> <span class='ocrx_word' id='word_1_165' title='bbox 2850 935 3090 1004; x_wconf 88' lang='lat' dir='ltr'><strong>protege</strong></span> <span class='ocrx_word' id='word_1_166' title='bbox 3118 947 3342 997; x_wconf 91' lang='lat' dir='ltr'><strong>omnes,</strong></span> <span class='ocrx_word' id='word_1_167' title='bbox 3364 928 3665 984; x_wconf 80' lang='lat' dir='ltr'><strong>vincamus</strong></span> <span class='ocrx_word' id='word_1_168' title='bbox 3685 944 3804 984; x_wconf 84' lang='lat' dir='ltr'><strong>mo-</strong></span> 
     </span>
    </p>
   </div>
   <div class='ocr_carea' id='block_1_24' title="bbox 2161 1021 3803 1097">
    <p class='ocr_par' dir='ltr' id='par_1_24' title="bbox 2161 1021 3803 1097">
     <span class='ocr_line' id='line_1_24' title="bbox 2161 1021 3803 1097; baseline -0.003 -15"><span class='ocrx_word' id='word_1_169' title='bbox 2161 1027 2352 1082; x_wconf 90' lang='lat' dir='ltr'><strong>lestias</strong></span> <span class='ocrx_word' id='word_1_170' title='bbox 2379 1027 2438 1082; x_wconf 89' lang='lat' dir='ltr'><strong>in</strong></span> <span class='ocrx_word' id='word_1_171' title='bbox 2469 1025 2706 1082; x_wconf 90' lang='lat' dir='ltr'><strong>nomine</strong></span> <span class='ocrx_word' id='word_1_172' title='bbox 2732 1025 2916 1081; x_wconf 88' lang='lat' dir='ltr'><strong>Patris</strong></span> <span class='ocrx_word' id='word_1_173' title='bbox 2935 1029 2992 1081; x_wconf 91' lang='lat' dir='ltr'><strong>et</strong></span> <span class='ocrx_word' id='word_1_174' title='bbox 3017 1025 3138 1080; x_wconf 90' lang='lat' dir='ltr'><strong>Filii</strong></span> <span class='ocrx_word' id='word_1_175' title='bbox 3165 1027 3222 1081; x_wconf 90' lang='lat' dir='ltr'><strong>et</strong></span> <span class='ocrx_word' id='word_1_176' title='bbox 3243 1022 3486 1097; x_wconf 87' lang='lat' dir='ltr'><strong>Spiritus</strong></span> <span class='ocrx_word' id='word_1_177' title='bbox 3510 1021 3700 1078; x_wconf 86' lang='lat' dir='ltr'><strong>sancti</strong></span> <span class='ocrx_word' id='word_1_178' title='bbox 3719 1037 3803 1077; x_wconf 79' lang='lat' dir='ltr'><strong>re-</strong></span> 
     </span>
    </p>
   </div>
   <div class='ocr_carea' id='block_1_25' title="bbox 2162 1120 3102 1194">
    <p class='ocr_par' dir='ltr' id='par_1_25' title="bbox 2162 1120 3102 1194">
     <span class='ocr_line' id='line_1_25' title="bbox 2162 1120 3102 1194; baseline -0.002 -18"><span class='ocrx_word' id='word_1_179' title='bbox 2162 1121 2391 1194; x_wconf 88' lang='lat' dir='ltr'><strong>gnantis</strong></span> <span class='ocrx_word' id='word_1_180' title='bbox 2415 1120 2476 1176; x_wconf 91' lang='lat' dir='ltr'><strong>in</strong></span> <span class='ocrx_word' id='word_1_181' title='bbox 2508 1121 2714 1176; x_wconf 71' lang='lat' dir='ltr'><strong>saecula</strong></span> <span class='ocrx_word' id='word_1_182' title='bbox 2744 1120 3102 1176; x_wconf 63' lang='lat' dir='ltr'><strong>saculorum.</strong></span> 
     </span>
    </p>
   </div>
   <div class='ocr_carea' id='block_1_26' title="bbox 2301 1236 3658 1282">
    <p class='ocr_par' dir='ltr' id='par_1_26' title="bbox 2301 1236 3658 1282">
     <span class='ocr_line' id='line_1_26' title="bbox 2301 1236 3658 1282; baseline -0.005 -1"><span class='ocrx_word' id='word_1_183' title='bbox 2301 1239 2623 1282; x_wconf 77' lang='lat' dir='ltr'><strong>BENEDICTIO</strong></span> <span class='ocrx_word' id='word_1_184' title='bbox 2659 1239 2850 1280; x_wconf 69' lang='lat' dir='ltr'><strong>PALME</strong></span> <span class='ocrx_word' id='word_1_185' title='bbox 2887 1239 2950 1280; x_wconf 82' lang='grc' dir='ltr'><strong>ΕΤ</strong></span> <span class='ocrx_word' id='word_1_186' title='bbox 2987 1237 3160 1279; x_wconf 62' lang='grc' dir='ltr'><strong>οιῐνιιῖ</strong></span> <span class='ocrx_word' id='word_1_187' title='bbox 3201 1237 3372 1279; x_wconf 76' lang='lat' dir='ltr'><strong>SUPER</strong></span> <span class='ocrx_word' id='word_1_188' title='bbox 3399 1236 3658 1280; x_wconf 70' lang='lat' dir='ltr'><strong>ALTABIO.</strong></span> 
     </span>
    </p>
   </div>
   <div class='ocr_carea' id='block_1_27' title="bbox 2230 1319 3806 1393">
    <p class='ocr_par' dir='ltr' id='par_1_27' title="bbox 2230 1319 3806 1393">
     <span class='ocr_line' id='line_1_27' title="bbox 2230 1319 3806 1393; baseline -0.003 -15"><span class='ocrx_word' id='word_1_189' title='bbox 2230 1323 2260 1365; x_wconf 72' lang='grc' dir='ltr'><strong>ι)</strong></span> <span class='ocrx_word' id='word_1_190' title='bbox 2285 1325 2426 1378; x_wconf 87' lang='lat' dir='ltr'><strong>Ecce</strong></span> <span class='ocrx_word' id='word_1_191' title='bbox 2453 1323 2594 1393; x_wconf 90' lang='lat' dir='ltr'><strong>dies,</strong></span> <span class='ocrx_word' id='word_1_192' title='bbox 2617 1322 2880 1390; x_wconf 89' lang='lat' dir='ltr'><strong>Domine,</strong></span> <span class='ocrx_word' id='word_1_193' title='bbox 2905 1322 3053 1376; x_wconf 82' lang='lat' dir='ltr'><strong>festa</strong></span> <span class='ocrx_word' id='word_1_194' title='bbox 3079 1321 3369 1388; x_wconf 88' lang='lat' dir='ltr'><strong>recolitur,</strong></span> <span class='ocrx_word' id='word_1_195' title='bbox 3390 1320 3454 1376; x_wconf 92' lang='lat' dir='ltr'><strong>in</strong></span> <span class='ocrx_word' id='word_1_196' title='bbox 3474 1337 3589 1392; x_wconf 88' lang='lat' dir='ltr'><strong>qua</strong></span> <span class='ocrx_word' id='word_1_197' title='bbox 3615 1319 3806 1375; x_wconf 82' lang='lat' dir='ltr'><strong>infan-</strong></span> 
     </span>
    </p>
   </div>
   <div class='ocr_carea' id='block_1_28' title="bbox 2161 1413 3802 1490">
    <p class='ocr_par' dir='ltr' id='par_1_28' title="bbox 2161 1413 3802 1490">
     <span class='ocr_line' id='line_1_28' title="bbox 2161 1413 3802 1490; baseline -0.004 -16"><span class='ocrx_word' id='word_1_198' title='bbox 2161 1421 2285 1474; x_wconf 90' lang='lat' dir='ltr'><strong>tum</strong></span> <span class='ocrx_word' id='word_1_199' title='bbox 2311 1417 2561 1490; x_wconf 60' lang='lat' dir='ltr'><strong>praascia</strong></span> <span class='ocrx_word' id='word_1_200' title='bbox 2588 1417 2768 1472; x_wconf 69' lang='lat' dir='ltr'><strong>turbae</strong></span> <span class='ocrx_word' id='word_1_201' title='bbox 2794 1416 3016 1471; x_wconf 88' lang='lat' dir='ltr'><strong>frontes</strong></span> <span class='ocrx_word' id='word_1_202' title='bbox 3041 1415 3315 1471; x_wconf 89' lang='lat' dir='ltr'><strong>arboreos</strong></span> <span class='ocrx_word' id='word_1_203' title='bbox 3341 1414 3720 1470; x_wconf 82' lang='lat' dir='ltr'><strong>adsumentes</strong></span> <span class='ocrx_word' id='word_1_204' title='bbox 3741 1413 3802 1468; x_wconf 89' lang='lat' dir='ltr'><strong>in</strong></span> 
     </span>
    </p>
   </div>
   <div class='ocr_carea' id='block_1_29' title="bbox 2161 1506 3800 1583">
    <p class='ocr_par' dir='ltr' id='par_1_29' title="bbox 2161 1506 3800 1583">
     <span class='ocr_line' id='line_1_29' title="bbox 2161 1506 3800 1583; baseline -0.002 -17"><span class='ocrx_word' id='word_1_205' title='bbox 2161 1515 2275 1567; x_wconf 69' lang='lat' dir='ltr'><strong>tuas</strong></span> <span class='ocrx_word' id='word_1_206' title='bbox 2317 1511 2502 1566; x_wconf 87' lang='lat' dir='ltr'><strong>laudis</strong></span> <span class='ocrx_word' id='word_1_207' title='bbox 2530 1512 2791 1583; x_wconf 68' lang='lat' dir='ltr'><strong>trophaeo</strong></span> <span class='ocrx_word' id='word_1_208' title='bbox 2831 1526 3052 1566; x_wconf 85' lang='lat' dir='ltr'><strong>osanna</strong></span> <span class='ocrx_word' id='word_1_209' title='bbox 3089 1509 3149 1565; x_wconf 93' lang='lat' dir='ltr'><strong>in</strong></span> <span class='ocrx_word' id='word_1_210' title='bbox 3189 1509 3444 1577; x_wconf 87' lang='lat' dir='ltr'><strong>excelsis,</strong></span> <span class='ocrx_word' id='word_1_211' title='bbox 3480 1508 3565 1564; x_wconf 88' lang='lat' dir='ltr'><strong>ﬁli</strong></span> <span class='ocrx_word' id='word_1_212' title='bbox 3599 1506 3800 1574; x_wconf 84' lang='lat' dir='ltr'><strong>David,</strong></span> 
     </span>
    </p>
   </div>
   <div class='ocr_carea' id='block_1_30' title="bbox 2163 1593 3807 1678">
    <p class='ocr_par' dir='ltr' id='par_1_30' title="bbox 2163 1593 3807 1678">
     <span class='ocr_line' id='line_1_30' title="bbox 2163 1593 3807 1678; baseline -0.004 -16"><span class='ocrx_word' id='word_1_213' title='bbox 2163 1606 2504 1662; x_wconf 90' lang='lat' dir='ltr'><strong>Benedictus</strong></span> <span class='ocrx_word' id='word_1_214' title='bbox 2525 1605 2624 1678; x_wconf 89' lang='lat' dir='ltr'><strong>qui</strong></span> <span class='ocrx_word' id='word_1_215' title='bbox 2644 1604 2801 1660; x_wconf 90' lang='lat' dir='ltr'><strong>venit</strong></span> <span class='ocrx_word' id='word_1_216' title='bbox 2819 1604 2880 1659; x_wconf 91' lang='lat' dir='ltr'><strong>in</strong></span> <span class='ocrx_word' id='word_1_217' title='bbox 2903 1604 3140 1660; x_wconf 91' lang='lat' dir='ltr'><strong>nomine</strong></span> <span class='ocrx_word' id='word_1_218' title='bbox 3162 1593 3391 1660; x_wconf 88' lang='lat' dir='ltr'><strong>Domini</strong></span> <span class='ocrx_word' id='word_1_219' title='bbox 3413 1603 3807 1658; x_wconf 84' lang='lat' dir='ltr'><strong>acclamantes</strong></span> 
     </span>
    </p>
   </div>
   <div class='ocr_carea' id='block_1_31' title="bbox 2164 1698 3808 1772">
    <p class='ocr_par' dir='ltr' id='par_1_31' title="bbox 2164 1698 3808 1772">
     <span class='ocr_line' id='line_1_31' title="bbox 2164 1698 3808 1772; baseline -0.004 -17"><span class='ocrx_word' id='word_1_220' title='bbox 2164 1704 2489 1766; x_wconf 91' lang='lat' dir='ltr'><strong>occurrunt,</strong></span> <span class='ocrx_word' id='word_1_221' title='bbox 2509 1716 2614 1772; x_wconf 92' lang='lat' dir='ltr'><strong>pro</strong></span> <span class='ocrx_word' id='word_1_222' title='bbox 2636 1698 2842 1770; x_wconf 89' lang='lat' dir='ltr'><strong>quibus</strong></span> <span class='ocrx_word' id='word_1_223' title='bbox 2858 1714 3065 1754; x_wconf 90' lang='lat' dir='ltr'><strong>omnes</strong></span> <span class='ocrx_word' id='word_1_224' title='bbox 3087 1702 3288 1770; x_wconf 83' lang='lat' dir='ltr'><strong>gentes</strong></span> <span class='ocrx_word' id='word_1_225' title='bbox 3307 1698 3734 1769; x_wconf 87' lang='lat' dir='ltr'><strong>cognoscerent</strong></span> <span class='ocrx_word' id='word_1_226' title='bbox 3751 1699 3808 1749; x_wconf 83' lang='lat' dir='ltr'><strong>te</strong></span> 
     </span>
    </p>
   </div>
   <div class='ocr_carea' id='block_1_32' title="bbox 2166 1788 3808 1860">
    <p class='ocr_par' dir='ltr' id='par_1_32' title="bbox 2166 1788 3808 1860">
     <span class='ocr_line' id='line_1_32' title="bbox 2166 1788 3808 1860; baseline -0.004 -10"><span class='ocrx_word' id='word_1_227' title='bbox 2166 1799 2225 1850; x_wconf 89' lang='lat' dir='ltr'><strong>et</strong></span> <span class='ocrx_word' id='word_1_228' title='bbox 2249 1794 2547 1850; x_wconf 89' lang='lat' dir='ltr'><strong>victoriam</strong></span> <span class='ocrx_word' id='word_1_229' title='bbox 2577 1795 2793 1848; x_wconf 84' lang='lat' dir='ltr'><strong>levasse</strong></span> <span class='ocrx_word' id='word_1_230' title='bbox 2825 1793 2896 1848; x_wconf 92' lang='lat' dir='ltr'><strong>de</strong></span> <span class='ocrx_word' id='word_1_231' title='bbox 2927 1792 3169 1860; x_wconf 89' lang='lat' dir='ltr'><strong>mundo,</strong></span> <span class='ocrx_word' id='word_1_232' title='bbox 3202 1795 3262 1847; x_wconf 92' lang='lat' dir='ltr'><strong>et</strong></span> <span class='ocrx_word' id='word_1_233' title='bbox 3290 1791 3362 1848; x_wconf 91' lang='lat' dir='ltr'><strong>de</strong></span> <span class='ocrx_word' id='word_1_234' title='bbox 3395 1791 3630 1846; x_wconf 82' lang='lat' dir='ltr'><strong>diabolo</strong></span> <span class='ocrx_word' id='word_1_235' title='bbox 3659 1788 3808 1844; x_wconf 82' lang='lat' dir='ltr'><strong>obti-</strong></span> 
     </span>
    </p>
   </div>
   <div class='ocr_carea' id='block_1_33' title="bbox 432 1854 3810 1960">
    <p class='ocr_par' dir='ltr' id='par_1_33' title="bbox 432 1854 3810 1960">
     <span class='ocr_line' id='line_1_33' title="bbox 432 1854 3810 1960; baseline 0 -35"><span class='ocrx_word' id='word_1_236' title='bbox 432 1887 642 1925; x_wconf 90' lang='lat' dir='ltr'><strong>munus</strong></span> <span class='ocrx_word' id='word_1_237' title='bbox 673 1871 948 1938; x_wconf 90' lang='lat' dir='ltr'><strong>oblatum,</strong></span> <span class='ocrx_word' id='word_1_238' title='bbox 987 1871 1143 1942; x_wconf 85' lang='lat' dir='ltr'><strong>quod</strong></span> <span class='ocrx_word' id='word_1_239' title='bbox 1169 1887 1203 1925; x_wconf 89' lang='lat' dir='ltr'><strong>a</strong></span> <span class='ocrx_word' id='word_1_240' title='bbox 1232 1873 1330 1924; x_wconf 89' lang='lat' dir='ltr'><strong>tua</strong></span> <span class='ocrx_word' id='word_1_241' title='bbox 1357 1869 1664 1924; x_wconf 91' lang='lat' dir='ltr'><strong>clementia</strong></span> <span class='ocrx_word' id='word_1_242' title='bbox 1693 1868 2064 1924; x_wconf 90' lang='lat' dir='ltr'><strong>benedictum</strong></span> <span class='ocrx_word' id='word_1_243' title='bbox 2085 1854 2142 1927; x_wconf 83' lang='lat' dir='ltr'><strong>B</strong></span> <span class='ocrx_word' id='word_1_244' title='bbox 2165 1889 2357 1944; x_wconf 66' lang='lat' dir='ltr'><strong>nuisse</strong></span> <span class='ocrx_word' id='word_1_245' title='bbox 2383 1887 2742 1960; x_wconf 69' lang='lat' dir='ltr'><strong>triumphum</strong></span> <span class='ocrx_word' id='word_1_246' title='bbox 2765 1903 2780 1943; x_wconf 70' lang='grc' dir='ltr'>ς</span> <span class='ocrx_word' id='word_1_247' title='bbox 2813 1889 3022 1958; x_wconf 62' lang='lat' dir='ltr'><strong>pmsta</strong></span> <span class='ocrx_word' id='word_1_248' title='bbox 3045 1889 3109 1942; x_wconf 74' lang='lat' dir='ltr'><strong>ut</strong></span> <span class='ocrx_word' id='word_1_249' title='bbox 3133 1854 3292 1958; x_wconf 39' lang='lat'><strong>1513133</strong></span> <span class='ocrx_word' id='word_1_250' title='bbox 3311 1887 3413 1940; x_wconf 66' lang='lat' dir='ltr'><strong>tua</strong></span> <span class='ocrx_word' id='word_1_251' title='bbox 3443 1884 3520 1940; x_wconf 70' lang='lat' dir='ltr'><strong>ad</strong></span> <span class='ocrx_word' id='word_1_252' title='bbox 3544 1884 3810 1939; x_wconf 64' lang='lat' dir='ltr'><strong>sanctam</strong></span> 
     </span>
    </p>
   </div>
   <div class='ocr_carea' id='block_1_34' title="bbox 431 1961 2068 2019">
    <p class='ocr_par' dir='ltr' id='par_1_34' title="bbox 431 1961 2068 2019">
     <span class='ocr_line' id='line_1_34' title="bbox 431 1961 2068 2019; baseline -0.001 -1"><span class='ocrx_word' id='word_1_253' title='bbox 431 1963 491 2018; x_wconf 89' lang='lat' dir='ltr'><strong>in</strong></span> <span class='ocrx_word' id='word_1_254' title='bbox 513 1980 681 2018; x_wconf 90' lang='lat' dir='ltr'><strong>usum</strong></span> <span class='ocrx_word' id='word_1_255' title='bbox 711 1963 1022 2019; x_wconf 86' lang='lat' dir='ltr'><strong>sanctuarii</strong></span> <span class='ocrx_word' id='word_1_256' title='bbox 1038 1963 1122 2018; x_wconf 88' lang='lat' dir='ltr'><strong>tui</strong></span> <span class='ocrx_word' id='word_1_257' title='bbox 1143 1963 1222 2018; x_wconf 91' lang='lat' dir='ltr'><strong>ill.</strong></span> <span class='ocrx_word' id='word_1_258' title='bbox 1248 1967 1484 2018; x_wconf 90' lang='lat' dir='ltr'><strong>maneat</strong></span> <span class='ocrx_word' id='word_1_259' title='bbox 1504 1966 1920 2019; x_wconf 89' lang='lat' dir='ltr'><strong>consecratum.</strong></span> <span class='ocrx_word' id='word_1_260' title='bbox 1941 1961 2068 2018; x_wconf 91' lang='lat' dir='ltr'><strong>Sint</strong></span> 
     </span>
    </p>
   </div>
   <div class='ocr_carea' id='block_1_35' title="bbox 432 2057 2064 2130">
    <p class='ocr_par' dir='ltr' id='par_1_35' title="bbox 432 2057 2064 2130">
     <span class='ocr_line' id='line_1_35' title="bbox 432 2057 2064 2130; baseline -0.001 -18"><span class='ocrx_word' id='word_1_261' title='bbox 432 2057 555 2112; x_wconf 61' lang='lat' dir='ltr'><strong>haec</strong></span> <span class='ocrx_word' id='word_1_262' title='bbox 583 2057 643 2113; x_wconf 91' lang='lat' dir='ltr'><strong>in</strong></span> <span class='ocrx_word' id='word_1_263' title='bbox 676 2061 988 2130; x_wconf 89' lang='lat' dir='ltr'><strong>conspectu</strong></span> <span class='ocrx_word' id='word_1_264' title='bbox 1014 2060 1114 2112; x_wconf 91' lang='lat' dir='ltr'><strong>tuo</strong></span> <span class='ocrx_word' id='word_1_265' title='bbox 1144 2057 1391 2112; x_wconf 89' lang='lat' dir='ltr'><strong>libenter</strong></span> <span class='ocrx_word' id='word_1_266' title='bbox 1420 2059 1672 2130; x_wconf 90' lang='lat' dir='ltr'><strong>accepta,</strong></span> <span class='ocrx_word' id='word_1_267' title='bbox 1706 2057 1850 2112; x_wconf 89' lang='lat' dir='ltr'><strong>sicut</strong></span> <span class='ocrx_word' id='word_1_268' title='bbox 1881 2073 2064 2128; x_wconf 90' lang='lat' dir='ltr'><strong>quon-</strong></span> 
     </span>
    </p>
   </div>
   <div class='ocr_carea' id='block_1_36' title="bbox 433 2151 2069 2224">
    <p class='ocr_par' dir='ltr' id='par_1_36' title="bbox 433 2151 2069 2224">
     <span class='ocr_line' id='line_1_36' title="bbox 433 2151 2069 2224; baseline -0.001 -18"><span class='ocrx_word' id='word_1_269' title='bbox 433 2151 569 2207; x_wconf 89' lang='lat' dir='ltr'><strong>dam</strong></span> <span class='ocrx_word' id='word_1_270' title='bbox 595 2151 736 2206; x_wconf 84' lang='lat' dir='ltr'><strong>Abel</strong></span> <span class='ocrx_word' id='word_1_271' title='bbox 761 2151 924 2224; x_wconf 89' lang='lat' dir='ltr'><strong>pueri</strong></span> <span class='ocrx_word' id='word_1_272' title='bbox 948 2151 1030 2206; x_wconf 91' lang='lat' dir='ltr'><strong>tui</strong></span> <span class='ocrx_word' id='word_1_273' title='bbox 1059 2168 1304 2206; x_wconf 88' lang='lat' dir='ltr'><strong>munera</strong></span> <span class='ocrx_word' id='word_1_274' title='bbox 1333 2151 1435 2206; x_wconf 90' lang='lat' dir='ltr'><strong>tibi</strong></span> <span class='ocrx_word' id='word_1_275' title='bbox 1465 2151 1588 2224; x_wconf 89' lang='lat' dir='ltr'><strong>ipsa</strong></span> <span class='ocrx_word' id='word_1_276' title='bbox 1618 2152 1976 2224; x_wconf 85' lang='lat' dir='ltr'><strong>placuerunt,</strong></span> <span class='ocrx_word' id='word_1_277' title='bbox 2010 2153 2069 2204; x_wconf 89' lang='lat' dir='ltr'><strong>et</strong></span> 
     </span>
    </p>
   </div>
   <div class='ocr_carea' id='block_1_37' title="bbox 433 2245 2068 2317">
    <p class='ocr_par' dir='ltr' id='par_1_37' title="bbox 433 2245 2068 2317">
     <span class='ocr_line' id='line_1_37' title="bbox 433 2245 2068 2317; baseline -0.001 -17"><span class='ocrx_word' id='word_1_278' title='bbox 433 2245 568 2317; x_wconf 88' lang='lat' dir='ltr'><strong>quia</strong></span> <span class='ocrx_word' id='word_1_279' title='bbox 595 2246 667 2302; x_wconf 93' lang='lat' dir='ltr'><strong>ob</strong></span> <span class='ocrx_word' id='word_1_280' title='bbox 688 2246 971 2301; x_wconf 88' lang='lat' dir='ltr'><strong>honorem</strong></span> <span class='ocrx_word' id='word_1_281' title='bbox 999 2245 1216 2302; x_wconf 87' lang='lat' dir='ltr'><strong>amoris</strong></span> <span class='ocrx_word' id='word_1_282' title='bbox 1237 2245 1321 2300; x_wconf 88' lang='lat' dir='ltr'><strong>tui</strong></span> <span class='ocrx_word' id='word_1_283' title='bbox 1342 2245 1593 2301; x_wconf 86' lang='lat' dir='ltr'><strong>Ecclesia</strong></span> <span class='ocrx_word' id='word_1_284' title='bbox 1620 2249 1718 2300; x_wconf 90' lang='lat' dir='ltr'><strong>tua</strong></span> <span class='ocrx_word' id='word_1_285' title='bbox 1745 2245 1952 2312; x_wconf 76' lang='lat' dir='ltr'><strong>offerit,</strong></span> <span class='ocrx_word' id='word_1_286' title='bbox 1983 2261 2068 2298; x_wconf 89' lang='lat' dir='ltr'><strong>re-</strong></span> 
     </span>
    </p>
   </div>
   <div class='ocr_carea' id='block_1_38' title="bbox 433 2338 2068 2412">
    <p class='ocr_par' dir='ltr' id='par_1_38' title="bbox 433 2338 2068 2412">
     <span class='ocr_line' id='line_1_38' title="bbox 433 2338 2068 2412; baseline -0.001 -19"><span class='ocrx_word' id='word_1_287' title='bbox 433 2355 745 2411; x_wconf 91' lang='lat' dir='ltr'><strong>compensa</strong></span> <span class='ocrx_word' id='word_1_288' title='bbox 767 2339 817 2394; x_wconf 91' lang='lat' dir='ltr'><strong>ei</strong></span> <span class='ocrx_word' id='word_1_289' title='bbox 839 2356 942 2412; x_wconf 89' lang='lat' dir='ltr'><strong>pro</strong></span> <span class='ocrx_word' id='word_1_290' title='bbox 965 2339 1152 2412; x_wconf 85' lang='lat' dir='ltr'><strong>parvis</strong></span> <span class='ocrx_word' id='word_1_291' title='bbox 1178 2356 1395 2411; x_wconf 85' lang='lat' dir='ltr'><strong>magna</strong></span> <span class='ocrx_word' id='word_1_292' title='bbox 1418 2357 1430 2395; x_wconf 91' lang='lat'><strong>:</strong></span> <span class='ocrx_word' id='word_1_293' title='bbox 1465 2342 1528 2395; x_wconf 91' lang='lat' dir='ltr'><strong>ut</strong></span> <span class='ocrx_word' id='word_1_294' title='bbox 1553 2339 1922 2394; x_wconf 88' lang='lat' dir='ltr'><strong>devotionem</strong></span> <span class='ocrx_word' id='word_1_295' title='bbox 1945 2338 2068 2410; x_wconf 87' lang='lat' dir='ltr'><strong>ejus</strong></span> 
     </span>
    </p>
   </div>
   <div class='ocr_carea' id='block_1_39' title="bbox 430 2431 2068 2505">
    <p class='ocr_par' dir='ltr' id='par_1_39' title="bbox 430 2431 2068 2505">
     <span class='ocr_line' id='line_1_39' title="bbox 430 2431 2068 2505; baseline 0 -18"><span class='ocrx_word' id='word_1_296' title='bbox 430 2432 734 2504; x_wconf 82' lang='lat' dir='ltr'><strong>aspiciens,</strong></span> <span class='ocrx_word' id='word_1_297' title='bbox 757 2437 990 2505; x_wconf 88' lang='lat' dir='ltr'><strong>peccata</strong></span> <span class='ocrx_word' id='word_1_298' title='bbox 1011 2433 1288 2500; x_wconf 85' lang='lat' dir='ltr'><strong>dimittas,</strong></span> <span class='ocrx_word' id='word_1_299' title='bbox 1309 2433 1421 2488; x_wconf 92' lang='lat' dir='ltr'><strong>ﬁde</strong></span> <span class='ocrx_word' id='word_1_300' title='bbox 1437 2434 1681 2505; x_wconf 88' lang='lat' dir='ltr'><strong>repleas,</strong></span> <span class='ocrx_word' id='word_1_301' title='bbox 1707 2431 2068 2503; x_wconf 83' lang='lat' dir='ltr'><strong>indulgentia</strong></span> 
     </span>
    </p>
   </div>
   <div class='ocr_carea' id='block_1_40' title="bbox 350 2525 1892 2598">
    <p class='ocr_par' dir='ltr' id='par_1_40' title="bbox 350 2525 1892 2598">
     <span class='ocr_line' id='line_1_40' title="bbox 350 2525 1892 2598; baseline 0 -17"><span class='ocrx_word' id='word_1_302' title='bbox 350 2525 354 2534; x_wconf 85' lang='grc'><strong>’</strong></span> <span class='ocrx_word' id='word_1_303' title='bbox 434 2525 648 2594; x_wconf 88' lang='lat' dir='ltr'><strong>foveas,</strong></span> <span class='ocrx_word' id='word_1_304' title='bbox 682 2526 1075 2582; x_wconf 88' lang='lat' dir='ltr'><strong>misericordia</strong></span> <span class='ocrx_word' id='word_1_305' title='bbox 1105 2530 1394 2598; x_wconf 89' lang='lat' dir='ltr'><strong>protegas.</strong></span> <span class='ocrx_word' id='word_1_306' title='bbox 1427 2528 1536 2582; x_wconf 85' lang='lat' dir='ltr'><strong>Pe’r</strong></span> <span class='ocrx_word' id='word_1_307' title='bbox 1564 2525 1892 2582; x_wconf 90' lang='lat' dir='ltr'><strong>Dominum.</strong></span> 
     </span>
    </p>
   </div>
   <div class='ocr_carea' id='block_1_41' title="bbox 663 2618 1850 2684">
    <p class='ocr_par' dir='ltr' id='par_1_41' title="bbox 663 2618 1850 2684">
     <span class='ocr_line' id='line_1_41' title="bbox 663 2618 1850 2684; baseline -0.001 -15"><span class='ocrx_word' id='word_1_308' title='bbox 663 2619 959 2670; x_wconf 85' lang='lat' dir='ltr'><strong>Benedictio</strong></span> <span class='ocrx_word' id='word_1_309' title='bbox 990 2619 1187 2681; x_wconf 87' lang='lat' dir='ltr'><strong>calicis,</strong></span> <span class='ocrx_word' id='word_1_310' title='bbox 1221 2623 1274 2670; x_wconf 91' lang='lat' dir='ltr'><strong>et</strong></span> <span class='ocrx_word' id='word_1_311' title='bbox 1299 2622 1520 2684; x_wconf 66' lang='lat' dir='ltr'><strong>patente,</strong></span> <span class='ocrx_word' id='word_1_312' title='bbox 1555 2623 1604 2670; x_wconf 91' lang='lat' dir='ltr'><strong>et</strong></span> <span class='ocrx_word' id='word_1_313' title='bbox 1633 2618 1788 2669; x_wconf 88' lang='lat' dir='ltr'><strong>turris</strong></span> <span class='ocrx_word' id='word_1_314' title='bbox 1805 2619 1850 2668; x_wconf 78' lang='grc'><strong>⁸.</strong></span> 
     </span>
    </p>
   </div>
   <div class='ocr_carea' id='block_1_42' title="bbox 506 2699 2069 2772">
    <p class='ocr_par' dir='ltr' id='par_1_42' title="bbox 506 2699 2069 2772">
     <span class='ocr_line' id='line_1_42' title="bbox 506 2699 2069 2772; baseline 0 -17"><span class='ocrx_word' id='word_1_315' title='bbox 506 2702 652 2756; x_wconf 90' lang='lat' dir='ltr'><strong>Deus</strong></span> <span class='ocrx_word' id='word_1_316' title='bbox 682 2699 1070 2772; x_wconf 89' lang='lat' dir='ltr'><strong>omnipotens,</strong></span> <span class='ocrx_word' id='word_1_317' title='bbox 1111 2700 1209 2772; x_wconf 86' lang='lat' dir='ltr'><strong>qui</strong></span> <span class='ocrx_word' id='word_1_318' title='bbox 1237 2717 1370 2754; x_wconf 91' lang='lat' dir='ltr'><strong>cum</strong></span> <span class='ocrx_word' id='word_1_319' title='bbox 1401 2701 1587 2771; x_wconf 82' lang='lat' dir='ltr'><strong>Moyse</strong></span> <span class='ocrx_word' id='word_1_320' title='bbox 1629 2701 1843 2755; x_wconf 83' lang='lat' dir='ltr'><strong>famolo</strong></span> <span class='ocrx_word' id='word_1_321' title='bbox 1879 2703 1978 2755; x_wconf 91' lang='lat' dir='ltr'><strong>tuo</strong></span> <span class='ocrx_word' id='word_1_322' title='bbox 2008 2699 2069 2755; x_wconf 91' lang='lat' dir='ltr'><strong>in</strong></span> 
     </span>
    </p>
   </div>
   <div class='ocr_carea' id='block_1_43' title="bbox 436 2793 2068 2866">
    <p class='ocr_par' dir='ltr' id='par_1_43' title="bbox 436 2793 2068 2866">
     <span class='ocr_line' id='line_1_43' title="bbox 436 2793 2068 2866; baseline -0.001 -17"><span class='ocrx_word' id='word_1_323' title='bbox 436 2794 622 2850; x_wconf 88' lang='lat' dir='ltr'><strong>Chore</strong></span> <span class='ocrx_word' id='word_1_324' title='bbox 653 2796 913 2848; x_wconf 87' lang='lat' dir='ltr'><strong>montem</strong></span> <span class='ocrx_word' id='word_1_325' title='bbox 944 2793 1224 2848; x_wconf 89' lang='lat' dir='ltr'><strong>servando</strong></span> <span class='ocrx_word' id='word_1_326' title='bbox 1261 2795 1472 2866; x_wconf 89' lang='lat' dir='ltr'><strong>populo</strong></span> <span class='ocrx_word' id='word_1_327' title='bbox 1505 2797 1602 2848; x_wconf 91' lang='lat' dir='ltr'><strong>tuo</strong></span> <span class='ocrx_word' id='word_1_328' title='bbox 1638 2797 1926 2866; x_wconf 69' lang='lat' dir='ltr'><strong>praecepta</strong></span> <span class='ocrx_word' id='word_1_329' title='bbox 1951 2794 2068 2848; x_wconf 93' lang='lat' dir='ltr'><strong>dis-</strong></span> 
     </span>
    </p>
   </div>
   <div class='ocr_carea' id='block_1_44' title="bbox 436 2887 2068 2960">
    <p class='ocr_par' dir='ltr' id='par_1_44' title="bbox 436 2887 2068 2960">
     <span class='ocr_line' id='line_1_44' title="bbox 436 2887 2068 2960; baseline -0.001 -17"><span class='ocrx_word' id='word_1_330' title='bbox 436 2904 700 2960; x_wconf 88' lang='lat' dir='ltr'><strong>poneres,</strong></span> <span class='ocrx_word' id='word_1_331' title='bbox 715 2889 996 2960; x_wconf 90' lang='lat' dir='ltr'><strong>templum</strong></span> <span class='ocrx_word' id='word_1_332' title='bbox 1015 2891 1276 2942; x_wconf 87' lang='lat' dir='ltr'><strong>sanctum</strong></span> <span class='ocrx_word' id='word_1_333' title='bbox 1297 2891 1460 2942; x_wconf 90' lang='lat' dir='ltr'><strong>tuum</strong></span> <span class='ocrx_word' id='word_1_334' title='bbox 1483 2887 2068 2960; x_wconf 63' lang='lat' dir='ltr'><strong>qualiteraadificaret,</strong></span> 
     </span>
    </p>
   </div>
   <div class='ocr_carea' id='block_1_45' title="bbox 437 2981 2068 3053">
    <p class='ocr_par' dir='ltr' id='par_1_45' title="bbox 437 2981 2068 3053">
     <span class='ocr_line' id='line_1_45' title="bbox 437 2981 2068 3053; baseline 0 -17"><span class='ocrx_word' id='word_1_335' title='bbox 437 2981 750 3036; x_wconf 86' lang='lat' dir='ltr'><strong>instituisti.</strong></span> <span class='ocrx_word' id='word_1_336' title='bbox 773 2983 1083 3036; x_wconf 88' lang='lat' dir='ltr'><strong>Precamur</strong></span> <span class='ocrx_word' id='word_1_337' title='bbox 1107 2985 1180 3051; x_wconf 90' lang='lat' dir='ltr'><strong>te,</strong></span> <span class='ocrx_word' id='word_1_338' title='bbox 1207 2981 1472 3050; x_wconf 87' lang='lat' dir='ltr'><strong>Domine,</strong></span> <span class='ocrx_word' id='word_1_339' title='bbox 1496 2985 1657 3036; x_wconf 90' lang='lat' dir='ltr'><strong>tuam</strong></span> <span class='ocrx_word' id='word_1_340' title='bbox 1680 2982 2068 3053; x_wconf 87' lang='lat' dir='ltr'><strong>majestatem,</strong></span> 
     </span>
    </p>
   </div>
   <div class='ocr_carea' id='block_1_46' title="bbox 439 3075 2073 3147">
    <p class='ocr_par' dir='ltr' id='par_1_46' title="bbox 439 3075 2073 3147">
     <span class='ocr_line' id='line_1_46' title="bbox 439 3075 2073 3147; baseline 0.001 -19"><span class='ocrx_word' id='word_1_341' title='bbox 439 3079 502 3128; x_wconf 93' lang='lat' dir='ltr'><strong>ut</strong></span> <span class='ocrx_word' id='word_1_342' title='bbox 521 3075 673 3129; x_wconf 90' lang='lat' dir='ltr'><strong>hunc</strong></span> <span class='ocrx_word' id='word_1_343' title='bbox 690 3075 948 3142; x_wconf 90' lang='lat' dir='ltr'><strong>calicem,</strong></span> <span class='ocrx_word' id='word_1_344' title='bbox 967 3078 1242 3145; x_wconf 86' lang='lat' dir='ltr'><strong>patenam</strong></span> <span class='ocrx_word' id='word_1_345' title='bbox 1267 3079 1324 3130; x_wconf 91' lang='lat' dir='ltr'><strong>et</strong></span> <span class='ocrx_word' id='word_1_346' title='bbox 1345 3079 1586 3144; x_wconf 90' lang='lat' dir='ltr'><strong>turrem,</strong></span> <span class='ocrx_word' id='word_1_347' title='bbox 1610 3075 1669 3130; x_wconf 91' lang='lat' dir='ltr'><strong>in</strong></span> <span class='ocrx_word' id='word_1_348' title='bbox 1693 3092 1806 3147; x_wconf 91' lang='lat' dir='ltr'><strong>quo</strong></span> <span class='ocrx_word' id='word_1_349' title='bbox 1825 3075 2073 3130; x_wconf 87' lang='lat' dir='ltr'><strong>celebra-</strong></span> 
     </span>
    </p>
   </div>
   <div class='ocr_carea' id='block_1_47' title="bbox 439 3167 2070 3238">
    <p class='ocr_par' dir='ltr' id='par_1_47' title="bbox 439 3167 2070 3238">
     <span class='ocr_line' id='line_1_47' title="bbox 439 3167 2070 3238; baseline 0.001 -17"><span class='ocrx_word' id='word_1_350' title='bbox 439 3167 550 3222; x_wconf 87' lang='lat' dir='ltr'><strong>turi</strong></span> <span class='ocrx_word' id='word_1_351' title='bbox 583 3183 778 3221; x_wconf 90' lang='lat' dir='ltr'><strong>sumus</strong></span> <span class='ocrx_word' id='word_1_352' title='bbox 820 3170 1181 3222; x_wconf 90' lang='lat' dir='ltr'><strong>sacrosancta</strong></span> <span class='ocrx_word' id='word_1_353' title='bbox 1223 3167 1516 3238; x_wconf 90' lang='lat' dir='ltr'><strong>mysteria,</strong></span> <span class='ocrx_word' id='word_1_354' title='bbox 1556 3169 1766 3224; x_wconf 69' lang='lat' dir='ltr'><strong>cazlesti</strong></span> <span class='ocrx_word' id='word_1_355' title='bbox 1796 3167 2070 3223; x_wconf 91' lang='lat' dir='ltr'><strong>benedic-</strong></span> 
     </span>
    </p>
   </div>
   <div class='ocr_carea' id='block_1_48' title="bbox 439 3260 2073 3332">
    <p class='ocr_par' dir='ltr' id='par_1_48' title="bbox 439 3260 2073 3332">
     <span class='ocr_line' id='line_1_48' title="bbox 439 3260 2073 3332; baseline 0 -16"><span class='ocrx_word' id='word_1_356' title='bbox 439 3260 596 3316; x_wconf 90' lang='lat' dir='ltr'><strong>tione</strong></span> <span class='ocrx_word' id='word_1_357' title='bbox 617 3260 936 3315; x_wconf 88' lang='lat' dir='ltr'><strong>sanctiﬁces</strong></span> <span class='ocrx_word' id='word_1_358' title='bbox 962 3263 1134 3332; x_wconf 88' lang='lat' dir='ltr'><strong>atque</strong></span> <span class='ocrx_word' id='word_1_359' title='bbox 1159 3260 1488 3329; x_wconf 89' lang='lat' dir='ltr'><strong>benedicas,</strong></span> <span class='ocrx_word' id='word_1_360' title='bbox 1514 3265 1574 3316; x_wconf 84' lang='lat' dir='ltr'><strong>ut</strong></span> <span class='ocrx_word' id='word_1_361' title='bbox 1601 3261 1809 3316; x_wconf 89' lang='lat' dir='ltr'><strong>sanctis</strong></span> <span class='ocrx_word' id='word_1_362' title='bbox 1833 3261 2073 3316; x_wconf 82' lang='lat' dir='ltr'><strong>vasculis</strong></span> 
     </span>
    </p>
   </div>
   <div class='ocr_carea' id='block_1_49' title="bbox 436 3354 1808 3429">
    <p class='ocr_par' dir='ltr' id='par_1_49' title="bbox 436 3354 1808 3429">
     <span class='ocr_line' id='line_1_49' title="bbox 436 3354 1808 3429; baseline 0.001 -21"><span class='ocrx_word' id='word_1_363' title='bbox 436 3354 547 3410; x_wconf 90' lang='lat' dir='ltr'><strong>tuis</strong></span> <span class='ocrx_word' id='word_1_364' title='bbox 576 3355 989 3429; x_wconf 86' lang='lat' dir='ltr'><strong>acceptabilem</strong></span> <span class='ocrx_word' id='word_1_365' title='bbox 1029 3355 1254 3409; x_wconf 90' lang='lat' dir='ltr'><strong>deferat</strong></span> <span class='ocrx_word' id='word_1_366' title='bbox 1284 3355 1651 3410; x_wconf 87' lang='lat' dir='ltr'><strong>famulatum.</strong></span> <span class='ocrx_word' id='word_1_367' title='bbox 1683 3357 1808 3410; x_wconf 92' lang='lat' dir='ltr'><strong>Per.</strong></span> 
     </span>
    </p>
   </div>
   <div class='ocr_carea' id='block_1_50' title="bbox 439 3446 2074 3512">
    <p class='ocr_par' dir='ltr' id='par_1_50' title="bbox 439 3446 2074 3512">
     <span class='ocr_line' id='line_1_50' title="bbox 439 3446 2074 3512; baseline 0.001 -14"><span class='ocrx_word' id='word_1_368' title='bbox 439 3446 737 3498; x_wconf 82' lang='lat' dir='ltr'><strong>Benedictio</strong></span> <span class='ocrx_word' id='word_1_369' title='bbox 763 3461 922 3512; x_wconf 84' lang='lat' dir='ltr'><strong>super</strong></span> <span class='ocrx_word' id='word_1_370' title='bbox 949 3461 1070 3498; x_wconf 89' lang='lat' dir='ltr'><strong>eum</strong></span> <span class='ocrx_word' id='word_1_371' title='bbox 1103 3447 1192 3512; x_wconf 90' lang='lat' dir='ltr'><strong>qui</strong></span> <span class='ocrx_word' id='word_1_372' title='bbox 1215 3447 1267 3497; x_wconf 92' lang='lat' dir='ltr'><strong>in</strong></span> <span class='ocrx_word' id='word_1_373' title='bbox 1303 3448 1524 3498; x_wconf 82' lang='lat' dir='ltr'><strong>ecclesia</strong></span> <span class='ocrx_word' id='word_1_374' title='bbox 1552 3447 1788 3512; x_wconf 85' lang='lat' dir='ltr'><strong>primitus</strong></span> <span class='ocrx_word' id='word_1_375' title='bbox 1812 3447 2074 3500; x_wconf 86' lang='lat' dir='ltr'><strong>tondetur.</strong></span> 
     </span>
    </p>
   </div>
   <div class='ocr_carea' id='block_1_51' title="bbox 508 3531 2076 3599">
    <p class='ocr_par' dir='ltr' id='par_1_51' title="bbox 508 3531 2076 3599">
     <span class='ocr_line' id='line_1_51' title="bbox 508 3531 2076 3599; baseline 0.001 -13"><span class='ocrx_word' id='word_1_376' title='bbox 508 3531 732 3597; x_wconf 84' lang='lat' dir='ltr'><strong>Manda,</strong></span> <span class='ocrx_word' id='word_1_377' title='bbox 763 3531 931 3599; x_wconf 87' lang='lat' dir='ltr'><strong>Deus,</strong></span> <span class='ocrx_word' id='word_1_378' title='bbox 955 3531 1424 3586; x_wconf 89' lang='lat' dir='ltr'><strong>benedictionem</strong></span> <span class='ocrx_word' id='word_1_379' title='bbox 1453 3534 1510 3586; x_wconf 90' lang='lat' dir='ltr'><strong>et</strong></span> <span class='ocrx_word' id='word_1_380' title='bbox 1533 3531 1711 3587; x_wconf 89' lang='lat' dir='ltr'><strong>vitam</strong></span> <span class='ocrx_word' id='word_1_381' title='bbox 1735 3531 1954 3587; x_wconf 87' lang='lat' dir='ltr'><strong>famolo</strong></span> <span class='ocrx_word' id='word_1_382' title='bbox 1976 3535 2076 3588; x_wconf 89' lang='lat' dir='ltr'><strong>tuo</strong></span> 
     </span>
    </p>
   </div>
   <div class='ocr_carea' id='block_1_52' title="bbox 440 3625 2074 3697">
    <p class='ocr_par' dir='ltr' id='par_1_52' title="bbox 440 3625 2074 3697">
     <span class='ocr_line' id='line_1_52' title="bbox 440 3625 2074 3697; baseline 0.001 -19"><span class='ocrx_word' id='word_1_383' title='bbox 440 3625 519 3678; x_wconf 92' lang='lat' dir='ltr'><strong>ill.</strong></span> <span class='ocrx_word' id='word_1_384' title='bbox 562 3627 626 3680; x_wconf 88' lang='lat' dir='ltr'><strong>ut</strong></span> <span class='ocrx_word' id='word_1_385' title='bbox 669 3628 1032 3696; x_wconf 83' lang='lat' dir='ltr'><strong>unguentum</strong></span> <span class='ocrx_word' id='word_1_386' title='bbox 1072 3625 1229 3697; x_wconf 91' lang='lat' dir='ltr'><strong>quod</strong></span> <span class='ocrx_word' id='word_1_387' title='bbox 1268 3625 1566 3680; x_wconf 90' lang='lat' dir='ltr'><strong>descendit</strong></span> <span class='ocrx_word' id='word_1_388' title='bbox 1605 3625 1664 3680; x_wconf 95' lang='lat' dir='ltr'><strong>in</strong></span> <span class='ocrx_word' id='word_1_389' title='bbox 1705 3625 1889 3697; x_wconf 88' lang='lat' dir='ltr'><strong>capite</strong></span> <span class='ocrx_word' id='word_1_390' title='bbox 1927 3629 1984 3680; x_wconf 92' lang='lat' dir='ltr'><strong>et</strong></span> <span class='ocrx_word' id='word_1_391' title='bbox 2016 3625 2074 3680; x_wconf 90' lang='lat' dir='ltr'><strong>in</strong></span> 
     </span>
    </p>
   </div>
   <div class='ocr_carea' id='block_1_53' title="bbox 439 3717 2078 3792">
    <p class='ocr_par' dir='ltr' id='par_1_53' title="bbox 439 3717 2078 3792">
     <span class='ocr_line' id='line_1_53' title="bbox 439 3717 2078 3792; baseline 0.001 -22"><span class='ocrx_word' id='word_1_392' title='bbox 439 3717 680 3772; x_wconf 87' lang='lat' dir='ltr'><strong>barbam</strong></span> <span class='ocrx_word' id='word_1_393' title='bbox 710 3718 860 3772; x_wconf 90' lang='lat' dir='ltr'><strong>illius</strong></span> <span class='ocrx_word' id='word_1_394' title='bbox 884 3720 1097 3786; x_wconf 83' lang='lat' dir='ltr'><strong>Aaron,</strong></span> <span class='ocrx_word' id='word_1_395' title='bbox 1128 3721 1252 3774; x_wconf 89' lang='lat' dir='ltr'><strong>toto</strong></span> <span class='ocrx_word' id='word_1_396' title='bbox 1280 3722 1518 3774; x_wconf 86' lang='lat' dir='ltr'><strong>maneat</strong></span> <span class='ocrx_word' id='word_1_397' title='bbox 1548 3723 1606 3773; x_wconf 90' lang='lat' dir='ltr'><strong>et</strong></span> <span class='ocrx_word' id='word_1_398' title='bbox 1635 3719 1693 3773; x_wconf 93' lang='lat' dir='ltr'><strong>in</strong></span> <span class='ocrx_word' id='word_1_399' title='bbox 1721 3735 1982 3792; x_wconf 91' lang='lat' dir='ltr'><strong>corpore,</strong></span> <span class='ocrx_word' id='word_1_400' title='bbox 2015 3722 2078 3773; x_wconf 93' lang='lat' dir='ltr'><strong>ut</strong></span> 
     </span>
    </p>
   </div>
   <div class='ocr_carea' id='block_1_54' title="bbox 441 3809 2075 3884">
    <p class='ocr_par' dir='ltr' id='par_1_54' title="bbox 441 3809 2075 3884">
     <span class='ocr_line' id='line_1_54' title="bbox 441 3809 2075 3884; baseline 0.002 -21"><span class='ocrx_word' id='word_1_401' title='bbox 441 3809 514 3864; x_wconf 85' lang='lat' dir='ltr'><strong>sit</strong></span> <span class='ocrx_word' id='word_1_402' title='bbox 543 3809 751 3864; x_wconf 91' lang='lat' dir='ltr'><strong>eodem</strong></span> <span class='ocrx_word' id='word_1_403' title='bbox 781 3811 998 3866; x_wconf 86' lang='lat' dir='ltr'><strong>famolo</strong></span> <span class='ocrx_word' id='word_1_404' title='bbox 1024 3814 1124 3866; x_wconf 91' lang='lat' dir='ltr'><strong>tuo</strong></span> <span class='ocrx_word' id='word_1_405' title='bbox 1158 3811 1240 3865; x_wconf 89' lang='lat' dir='ltr'><strong>ill.</strong></span> <span class='ocrx_word' id='word_1_406' title='bbox 1271 3812 1548 3882; x_wconf 87' lang='lat' dir='ltr'><strong>perfectio</strong></span> <span class='ocrx_word' id='word_1_407' title='bbox 1579 3813 1652 3867; x_wconf 90' lang='lat' dir='ltr'><strong>ad</strong></span> <span class='ocrx_word' id='word_1_408' title='bbox 1679 3813 1827 3868; x_wconf 90' lang='lat' dir='ltr'><strong>hanc</strong></span> <span class='ocrx_word' id='word_1_409' title='bbox 1857 3829 1986 3884; x_wconf 64' lang='lat' dir='ltr'><strong>quas</strong></span> <span class='ocrx_word' id='word_1_410' title='bbox 2017 3830 2075 3867; x_wconf 90' lang='lat' dir='ltr'><strong>se</strong></span> 
     </span>
    </p>
   </div>
   <div class='ocr_carea' id='block_1_55' title="bbox 433 3901 2075 3978">
    <p class='ocr_par' dir='ltr' id='par_1_55' title="bbox 433 3901 2075 3978">
     <span class='ocr_line' id='line_1_55' title="bbox 433 3901 2075 3978; baseline 0.003 -23"><span class='ocrx_word' id='word_1_411' title='bbox 433 3901 752 3973; x_wconf 88' lang='lat' dir='ltr'><strong>juvenilem</strong></span> <span class='ocrx_word' id='word_1_412' title='bbox 775 3904 990 3974; x_wconf 88' lang='lat' dir='ltr'><strong>gaudet</strong></span> <span class='ocrx_word' id='word_1_413' title='bbox 1011 3904 1340 3976; x_wconf 89' lang='lat' dir='ltr'><strong>pervenisse</strong></span> <span class='ocrx_word' id='word_1_414' title='bbox 1361 3908 1612 3972; x_wconf 73' lang='lat' dir='ltr'><strong>aetatem,</strong></span> <span class='ocrx_word' id='word_1_415' title='bbox 1637 3909 1695 3960; x_wconf 91' lang='lat' dir='ltr'><strong>et</strong></span> <span class='ocrx_word' id='word_1_416' title='bbox 1715 3907 1870 3978; x_wconf 87' lang='lat' dir='ltr'><strong>quod</strong></span> <span class='ocrx_word' id='word_1_417' title='bbox 1892 3907 1950 3960; x_wconf 90' lang='lat' dir='ltr'><strong>in</strong></span> <span class='ocrx_word' id='word_1_418' title='bbox 1976 3909 2075 3961; x_wconf 90' lang='lat' dir='ltr'><strong>tuo</strong></span> 
     </span>
    </p>
   </div>
   <div class='ocr_carea' id='block_1_56' title="bbox 444 3995 2076 4068">
    <p class='ocr_par' dir='ltr' id='par_1_56' title="bbox 444 3995 2076 4068">
     <span class='ocr_line' id='line_1_56' title="bbox 444 3995 2076 4068; baseline 0.002 -18"><span class='ocrx_word' id='word_1_419' title='bbox 444 3995 682 4051; x_wconf 89' lang='lat' dir='ltr'><strong>nomine</strong></span> <span class='ocrx_word' id='word_1_420' title='bbox 740 4013 843 4052; x_wconf 90' lang='lat' dir='ltr'><strong>suo</strong></span> <span class='ocrx_word' id='word_1_421' title='bbox 887 3997 1142 4052; x_wconf 89' lang='lat' dir='ltr'><strong>celebrat</strong></span> <span class='ocrx_word' id='word_1_422' title='bbox 1181 4000 1334 4066; x_wconf 90' lang='lat' dir='ltr'><strong>voto,</strong></span> <span class='ocrx_word' id='word_1_423' title='bbox 1381 4015 1416 4053; x_wconf 90' lang='lat' dir='ltr'><strong>a</strong></span> <span class='ocrx_word' id='word_1_424' title='bbox 1454 4001 1555 4053; x_wconf 88' lang='lat' dir='ltr'><strong>tua</strong></span> <span class='ocrx_word' id='word_1_425' title='bbox 1604 3999 1910 4068; x_wconf 77' lang='lat' dir='ltr'><strong>clementia</strong></span> <span class='ocrx_word' id='word_1_426' title='bbox 1954 4001 2076 4055; x_wconf 89' lang='lat' dir='ltr'><strong>toto</strong></span> 
     </span>
    </p>
   </div>
   <div class='ocr_carea' id='block_1_57' title="bbox 443 4089 1448 4162">
    <p class='ocr_par' dir='ltr' id='par_1_57' title="bbox 443 4089 1448 4162">
     <span class='ocr_line' id='line_1_57' title="bbox 443 4089 1448 4162; baseline 0.001 -17"><span class='ocrx_word' id='word_1_427' title='bbox 443 4089 614 4146; x_wconf 90' lang='lat' dir='ltr'><strong>corde</strong></span> <span class='ocrx_word' id='word_1_428' title='bbox 644 4089 1113 4145; x_wconf 88' lang='lat' dir='ltr'><strong>benedictionem</strong></span> <span class='ocrx_word' id='word_1_429' title='bbox 1140 4093 1448 4162; x_wconf 89' lang='lat' dir='ltr'><strong>exspectet.</strong></span> 
     </span>
    </p>
   </div>
   <div class='ocr_carea' id='block_1_58' title="bbox 865 4205 1652 4246">
    <p class='ocr_par' dir='ltr' id='par_1_58' title="bbox 865 4205 1652 4246">
     <span class='ocr_line' id='line_1_58' title="bbox 865 4205 1652 4246; baseline -0.004 0"><span class='ocrx_word' id='word_1_430' title='bbox 865 4205 1185 4246; x_wconf 80' lang='lat' dir='ltr'><strong>BENEDICTIO</strong></span> <span class='ocrx_word' id='word_1_431' title='bbox 1217 4205 1390 4246; x_wconf 81' lang='lat' dir='ltr'><strong>SUPER</strong></span> <span class='ocrx_word' id='word_1_432' title='bbox 1418 4205 1652 4246; x_wconf 81' lang='lat' dir='ltr'><strong>PUTEUM.</strong></span> 
     </span>
    </p>
   </div>
   <div class='ocr_carea' id='block_1_59' title="bbox 512 4265 2074 4351">
    <p class='ocr_par' dir='ltr' id='par_1_59' title="bbox 512 4265 2074 4351">
     <span class='ocr_line' id='line_1_59' title="bbox 512 4265 2074 4351; baseline -0.003 -14"><span class='ocrx_word' id='word_1_433' title='bbox 512 4281 755 4337; x_wconf 90' lang='lat' dir='ltr'><strong>Domine</strong></span> <span class='ocrx_word' id='word_1_434' title='bbox 788 4282 1006 4349; x_wconf 89' lang='lat' dir='ltr'><strong>sancte,</strong></span> <span class='ocrx_word' id='word_1_435' title='bbox 1044 4281 1222 4337; x_wconf 85' lang='lat' dir='ltr'><strong>Pater</strong></span> <span class='ocrx_word' id='word_1_436' title='bbox 1241 4265 1629 4351; x_wconf 74' lang='lat' dir='ltr'><strong>omnipotens,</strong></span> <span class='ocrx_word' id='word_1_437' title='bbox 1662 4282 1878 4334; x_wconf 65' lang='lat' dir='ltr'><strong>aeterne</strong></span> <span class='ocrx_word' id='word_1_438' title='bbox 1905 4281 2074 4348; x_wconf 88' lang='lat' dir='ltr'><strong>Deus,</strong></span> 
     </span>
    </p>
   </div>
   <div class='ocr_carea' id='block_1_60' title="bbox 441 4373 2080 4448">
    <p class='ocr_par' dir='ltr' id='par_1_60' title="bbox 441 4373 2080 4448">
     <span class='ocr_line' id='line_1_60' title="bbox 441 4373 2080 4448; baseline -0.002 -18"><span class='ocrx_word' id='word_1_439' title='bbox 441 4375 538 4448; x_wconf 89' lang='lat' dir='ltr'><strong>qui</strong></span> <span class='ocrx_word' id='word_1_440' title='bbox 568 4375 880 4442; x_wconf 80' lang='lat' dir='ltr'><strong>Abraham,</strong></span> <span class='ocrx_word' id='word_1_441' title='bbox 913 4376 1070 4431; x_wconf 87' lang='lat' dir='ltr'><strong>Isaac</strong></span> <span class='ocrx_word' id='word_1_442' title='bbox 1106 4375 1166 4429; x_wconf 91' lang='lat' dir='ltr'><strong>et</strong></span> <span class='ocrx_word' id='word_1_443' title='bbox 1191 4373 1366 4430; x_wconf 82' lang='lat' dir='ltr'><strong>Jacoh</strong></span> <span class='ocrx_word' id='word_1_444' title='bbox 1395 4376 1587 4445; x_wconf 88' lang='lat' dir='ltr'><strong>patres</strong></span> <span class='ocrx_word' id='word_1_445' title='bbox 1613 4376 1838 4428; x_wconf 88' lang='lat' dir='ltr'><strong>nostros</strong></span> <span class='ocrx_word' id='word_1_446' title='bbox 1874 4375 2080 4446; x_wconf 89' lang='lat' dir='ltr'><strong>puteos</strong></span> 
     </span>
    </p>
   </div>
   <div class='ocr_carea' id='block_1_61' title="bbox 441 4466 2079 4541">
    <p class='ocr_par' dir='ltr' id='par_1_61' title="bbox 441 4466 2079 4541">
     <span class='ocr_line' id='line_1_61' title="bbox 441 4466 2079 4541; baseline -0.001 -17"><span class='ocrx_word' id='word_1_447' title='bbox 441 4468 674 4524; x_wconf 69' lang='lat' dir='ltr'><strong>fmderis</strong></span> <span class='ocrx_word' id='word_1_448' title='bbox 699 4469 921 4536; x_wconf 85' lang='lat' dir='ltr'><strong>fodere,</strong></span> <span class='ocrx_word' id='word_1_449' title='bbox 951 4472 1124 4541; x_wconf 89' lang='lat' dir='ltr'><strong>atque</strong></span> <span class='ocrx_word' id='word_1_450' title='bbox 1150 4485 1216 4524; x_wconf 91' lang='lat' dir='ltr'><strong>ex</strong></span> <span class='ocrx_word' id='word_1_451' title='bbox 1241 4466 1330 4522; x_wconf 89' lang='lat' dir='ltr'><strong>his</strong></span> <span class='ocrx_word' id='word_1_452' title='bbox 1358 4483 1571 4539; x_wconf 89' lang='lat' dir='ltr'><strong>aquam</strong></span> <span class='ocrx_word' id='word_1_453' title='bbox 1597 4466 1794 4522; x_wconf 90' lang='lat' dir='ltr'><strong>bibere</strong></span> <span class='ocrx_word' id='word_1_454' title='bbox 1821 4467 2079 4539; x_wconf 90' lang='lat' dir='ltr'><strong>propicia</strong></span> 
     </span>
    </p>
   </div>
   <div class='ocr_carea' id='block_1_62' title="bbox 444 4561 2082 4634">
    <p class='ocr_par' dir='ltr' id='par_1_62' title="bbox 444 4561 2082 4634">
     <span class='ocr_line' id='line_1_62' title="bbox 444 4561 2082 4634; baseline -0.001 -17"><span class='ocrx_word' id='word_1_455' title='bbox 444 4562 742 4617; x_wconf 89' lang='lat' dir='ltr'><strong>divinitate</strong></span> <span class='ocrx_word' id='word_1_456' title='bbox 801 4563 1078 4631; x_wconf 86' lang='lat' dir='ltr'><strong>docuisti,</strong></span> <span class='ocrx_word' id='word_1_457' title='bbox 1133 4566 1188 4618; x_wconf 92' lang='lat' dir='ltr'><strong>te</strong></span> <span class='ocrx_word' id='word_1_458' title='bbox 1245 4561 1529 4634; x_wconf 89' lang='lat' dir='ltr'><strong>supplices</strong></span> <span class='ocrx_word' id='word_1_459' title='bbox 1591 4561 1972 4633; x_wconf 87' lang='lat' dir='ltr'><strong>deprecamur</strong></span> <span class='ocrx_word' id='word_1_460' title='bbox 2015 4565 2082 4616; x_wconf 89' lang='lat' dir='ltr'><strong>ut</strong></span> 
     </span>
    </p>
   </div>
   <div class='ocr_carea' id='block_1_63' title="bbox 445 4654 2080 4728">
    <p class='ocr_par' dir='ltr' id='par_1_63' title="bbox 445 4654 2080 4728">
     <span class='ocr_line' id='line_1_63' title="bbox 445 4654 2080 4728; baseline 0.001 -19"><span class='ocrx_word' id='word_1_461' title='bbox 445 4671 658 4726; x_wconf 89' lang='lat' dir='ltr'><strong>aquam</strong></span> <span class='ocrx_word' id='word_1_462' title='bbox 705 4655 862 4728; x_wconf 91' lang='lat' dir='ltr'><strong>putei</strong></span> <span class='ocrx_word' id='word_1_463' title='bbox 905 4657 1076 4727; x_wconf 65' lang='lat' dir='ltr'><strong>huius</strong></span> <span class='ocrx_word' id='word_1_464' title='bbox 1118 4655 1191 4711; x_wconf 90' lang='lat' dir='ltr'><strong>ad</strong></span> <span class='ocrx_word' id='word_1_465' title='bbox 1233 4655 1558 4718; x_wconf 83' lang='lat' dir='ltr'><strong>communis</strong></span> <span class='ocrx_word' id='word_1_466' title='bbox 1602 4654 1732 4710; x_wconf 71' lang='lat' dir='ltr'><strong>vita:</strong></span> <span class='ocrx_word' id='word_1_467' title='bbox 1773 4654 2080 4711; x_wconf 89' lang='lat' dir='ltr'><strong>utilitatem</strong></span> 
     </span>
    </p>
   </div>
   <div class='ocr_carea' id='block_1_64' title="bbox 446 4747 2080 4820">
    <p class='ocr_par' dir='ltr' id='par_1_64' title="bbox 446 4747 2080 4820">
     <span class='ocr_line' id='line_1_64' title="bbox 446 4747 2080 4820; baseline -0.001 -16"><span class='ocrx_word' id='word_1_468' title='bbox 446 4749 655 4804; x_wconf 81' lang='lat' dir='ltr'><strong>caelesti</strong></span> <span class='ocrx_word' id='word_1_469' title='bbox 690 4747 1092 4804; x_wconf 86' lang='lat' dir='ltr'><strong>benedictione</strong></span> <span class='ocrx_word' id='word_1_470' title='bbox 1123 4749 1460 4818; x_wconf 86' lang='lat' dir='ltr'><strong>sanctiﬁces,</strong></span> <span class='ocrx_word' id='word_1_471' title='bbox 1493 4751 1556 4803; x_wconf 92' lang='lat' dir='ltr'><strong>ut</strong></span> <span class='ocrx_word' id='word_1_472' title='bbox 1591 4749 1792 4820; x_wconf 91' lang='lat' dir='ltr'><strong>fugato</strong></span> <span class='ocrx_word' id='word_1_473' title='bbox 1825 4765 1894 4803; x_wconf 90' lang='lat' dir='ltr'><strong>ea</strong></span> <span class='ocrx_word' id='word_1_474' title='bbox 1921 4748 2080 4804; x_wconf 90' lang='lat' dir='ltr'><strong>omni</strong></span> 
     </span>
    </p>
   </div>
   <div class='ocr_carea' id='block_1_65' title="bbox 446 4841 2084 4914">
    <p class='ocr_par' dir='ltr' id='par_1_65' title="bbox 446 4841 2084 4914">
     <span class='ocr_line' id='line_1_65' title="bbox 446 4841 2084 4914; baseline 0 -18"><span class='ocrx_word' id='word_1_475' title='bbox 446 4841 662 4898; x_wconf 88' lang='lat' dir='ltr'><strong>diaboli</strong></span> <span class='ocrx_word' id='word_1_476' title='bbox 687 4841 1044 4896; x_wconf 83' lang='lat' dir='ltr'><strong>temtationis</strong></span> <span class='ocrx_word' id='word_1_477' title='bbox 1071 4858 1170 4896; x_wconf 91' lang='lat' dir='ltr'><strong>seu</strong></span> <span class='ocrx_word' id='word_1_478' title='bbox 1195 4842 1527 4913; x_wconf 86' lang='lat' dir='ltr'><strong>pollutionis</strong></span> <span class='ocrx_word' id='word_1_479' title='bbox 1552 4841 1804 4911; x_wconf 87' lang='lat' dir='ltr'><strong>incursu,</strong></span> <span class='ocrx_word' id='word_1_480' title='bbox 1826 4841 2084 4914; x_wconf 89' lang='lat' dir='ltr'><strong>quicum-</strong></span> 
     </span>
    </p>
   </div>
   <div class='ocr_carea' id='block_1_66' title="bbox 444 4933 2081 5007">
    <p class='ocr_par' dir='ltr' id='par_1_66' title="bbox 444 4933 2081 5007">
     <span class='ocr_line' id='line_1_66' title="bbox 444 4933 2081 5007; baseline -0.001 -15"><span class='ocrx_word' id='word_1_481' title='bbox 444 4953 554 5007; x_wconf 90' lang='lat' dir='ltr'><strong>que</strong></span> <span class='ocrx_word' id='word_1_482' title='bbox 594 4953 660 4992; x_wconf 85' lang='lat' dir='ltr'><strong>ex</strong></span> <span class='ocrx_word' id='word_1_483' title='bbox 691 4953 762 4992; x_wconf 89' lang='lat' dir='ltr'><strong>ea</strong></span> <span class='ocrx_word' id='word_1_484' title='bbox 796 4934 1068 5007; x_wconf 89' lang='lat' dir='ltr'><strong>deinceps</strong></span> <span class='ocrx_word' id='word_1_485' title='bbox 1101 4934 1330 5004; x_wconf 91' lang='lat' dir='ltr'><strong>biberit,</strong></span> <span class='ocrx_word' id='word_1_486' title='bbox 1361 4933 1825 4991; x_wconf 89' lang='lat' dir='ltr'><strong>benedictionem</strong></span> <span class='ocrx_word' id='word_1_487' title='bbox 1853 4935 2081 4991; x_wconf 90' lang='lat' dir='ltr'><strong>Domini</strong></span> 
     </span>
    </p>
   </div>
   <div class='ocr_carea' id='block_1_67' title="bbox 447 5028 1504 5103">
    <p class='ocr_par' dir='ltr' id='par_1_67' title="bbox 447 5028 1504 5103">
     <span class='ocr_line' id='line_1_67' title="bbox 447 5028 1504 5103; baseline -0.001 -20"><span class='ocrx_word' id='word_1_488' title='bbox 447 5031 626 5086; x_wconf 88' lang='lat' dir='ltr'><strong>nostri</strong></span> <span class='ocrx_word' id='word_1_489' title='bbox 654 5032 787 5087; x_wconf 88' lang='lat' dir='ltr'><strong>Jesu</strong></span> <span class='ocrx_word' id='word_1_490' title='bbox 817 5029 1025 5086; x_wconf 86' lang='lat' dir='ltr'><strong>Christi</strong></span> <span class='ocrx_word' id='word_1_491' title='bbox 1052 5028 1352 5103; x_wconf 89' lang='lat' dir='ltr'><strong>percipiat.</strong></span> <span class='ocrx_word' id='word_1_492' title='bbox 1377 5029 1504 5084; x_wconf 89' lang='lat' dir='ltr'><strong>Per.</strong></span> 
     </span>
    </p>
   </div>
   <div class='ocr_carea' id='block_1_68' title="bbox 445 5143 2079 5194">
    <p class='ocr_par' dir='ltr' id='par_1_68' title="bbox 445 5143 2079 5194">
     <span class='ocr_line' id='line_1_68' title="bbox 445 5143 2079 5194; baseline 0.001 -11"><span class='ocrx_word' id='word_1_493' title='bbox 445 5143 758 5184; x_wconf 80' lang='lat' dir='ltr'><strong>BENEDICTIO</strong></span> <span class='ocrx_word' id='word_1_494' title='bbox 796 5145 886 5186; x_wconf 83' lang='lat' dir='ltr'><strong>UBI</strong></span> <span class='ocrx_word' id='word_1_495' title='bbox 939 5145 1160 5194; x_wconf 80' lang='lat' dir='ltr'><strong>ALIQL&#39;ID</strong></span> <span class='ocrx_word' id='word_1_496' title='bbox 1201 5144 1488 5186; x_wconf 75' lang='lat' dir='ltr'><strong>IMMUNDUM</strong></span> <span class='ocrx_word' id='word_1_497' title='bbox 1535 5144 1816 5186; x_wconf 79' lang='lat' dir='ltr'><strong>CECIDERIT</strong></span> <span class='ocrx_word' id='word_1_498' title='bbox 1864 5146 1916 5185; x_wconf 88' lang='lat' dir='ltr'><strong>IN</strong></span> <span class='ocrx_word' id='word_1_499' title='bbox 1957 5145 2079 5187; x_wconf 71' lang='lat' dir='ltr'><strong>VAS.</strong></span> 
     </span>
    </p>
   </div>
   <div class='ocr_carea' id='block_1_69' title="bbox 515 5221 2084 5295">
    <p class='ocr_par' dir='ltr' id='par_1_69' title="bbox 515 5221 2084 5295">
     <span class='ocr_line' id='line_1_69' title="bbox 515 5221 2084 5295; baseline 0.003 -21"><span class='ocrx_word' id='word_1_500' title='bbox 515 5221 961 5279; x_wconf 85' lang='lat' dir='ltr'><strong>Misericordiam</strong></span> <span class='ocrx_word' id='word_1_501' title='bbox 989 5228 1168 5293; x_wconf 90' lang='lat' dir='ltr'><strong>tuam,</strong></span> <span class='ocrx_word' id='word_1_502' title='bbox 1201 5223 1470 5291; x_wconf 92' lang='lat' dir='ltr'><strong>Domine,</strong></span> <span class='ocrx_word' id='word_1_503' title='bbox 1499 5222 1786 5295; x_wconf 88' lang='lat' dir='ltr'><strong>supplices</strong></span> <span class='ocrx_word' id='word_1_504' title='bbox 1814 5222 2084 5295; x_wconf 88' lang='lat' dir='ltr'><strong>depreca-</strong></span> 
     </span>
    </p>
   </div>
   <div class='ocr_carea' id='block_1_70' title="bbox 449 5315 2084 5390">
    <p class='ocr_par' dir='ltr' id='par_1_70' title="bbox 449 5315 2084 5390">
     <span class='ocr_line' id='line_1_70' title="bbox 449 5315 2084 5390; baseline 0.001 -20"><span class='ocrx_word' id='word_1_505' title='bbox 449 5330 598 5383; x_wconf 88' lang='lat' dir='ltr'><strong>mur,</strong></span> <span class='ocrx_word' id='word_1_506' title='bbox 630 5317 866 5386; x_wconf 81' lang='lat' dir='ltr'><strong>aeterne,</strong></span> <span class='ocrx_word' id='word_1_507' title='bbox 891 5317 1258 5390; x_wconf 89' lang='lat' dir='ltr'><strong>omnipotens</strong></span> <span class='ocrx_word' id='word_1_508' title='bbox 1284 5319 1452 5385; x_wconf 89' lang='lat' dir='ltr'><strong>Deus,</strong></span> <span class='ocrx_word' id='word_1_509' title='bbox 1485 5319 1549 5374; x_wconf 91' lang='lat' dir='ltr'><strong>ut</strong></span> <span class='ocrx_word' id='word_1_510' title='bbox 1575 5315 1892 5372; x_wconf 86' lang='lat' dir='ltr'><strong>descendat</strong></span> <span class='ocrx_word' id='word_1_511' title='bbox 1913 5317 2084 5372; x_wconf 90' lang='lat' dir='ltr'><strong>bene-</strong></span> 
     </span>
    </p>
   </div>
   <div class='ocr_carea' id='block_1_71' title="bbox 447 5408 2084 5485">
    <p class='ocr_par' dir='ltr' id='par_1_71' title="bbox 447 5408 2084 5485">
     <span class='ocr_line' id='line_1_71' title="bbox 447 5408 2084 5485; baseline 0.001 -21"><span class='ocrx_word' id='word_1_512' title='bbox 447 5408 619 5466; x_wconf 91' lang='lat' dir='ltr'><strong>dictio</strong></span> <span class='ocrx_word' id='word_1_513' title='bbox 642 5411 742 5463; x_wconf 88' lang='lat' dir='ltr'><strong>tua</strong></span> <span class='ocrx_word' id='word_1_514' title='bbox 761 5409 819 5464; x_wconf 91' lang='lat' dir='ltr'><strong>in</strong></span> <span class='ocrx_word' id='word_1_515' title='bbox 841 5410 1050 5466; x_wconf 90' lang='lat' dir='ltr'><strong>horum</strong></span> <span class='ocrx_word' id='word_1_516' title='bbox 1069 5428 1339 5468; x_wconf 88' lang='lat' dir='ltr'><strong>vasorum</strong></span> <span class='ocrx_word' id='word_1_517' title='bbox 1361 5411 1743 5485; x_wconf 89' lang='lat' dir='ltr'><strong>pollutionem</strong></span> <span class='ocrx_word' id='word_1_518' title='bbox 1766 5426 1780 5466; x_wconf 92' lang='lat'><strong>:</strong></span> <span class='ocrx_word' id='word_1_519' title='bbox 1807 5411 2084 5466; x_wconf 90' lang='lat' dir='ltr'><strong>emundet</strong></span> 
     </span>
    </p>
   </div>
   <div class='ocr_carea' id='block_1_72' title="bbox 515 5533 2086 5607">
    <p class='ocr_par' dir='ltr' id='par_1_72' title="bbox 515 5533 2086 5607">
     <span class='ocr_line' id='line_1_72' title="bbox 515 5533 2086 5607; baseline -0.001 -16"><span class='ocrx_word' id='word_1_520' title='bbox 515 5535 540 5564; x_wconf 79' lang='grc'><strong><em>⁸</em></strong></span> <span class='ocrx_word' id='word_1_521' title='bbox 572 5533 892 5607; x_wconf 77' lang='lat' dir='ltr'><strong>Singularis</strong></span> <span class='ocrx_word' id='word_1_522' title='bbox 919 5538 1006 5590; x_wconf 90' lang='lat' dir='ltr'><strong>est</strong></span> <span class='ocrx_word' id='word_1_523' title='bbox 1035 5535 1158 5607; x_wconf 83' lang='lat' dir='ltr'><strong>haec</strong></span> <span class='ocrx_word' id='word_1_524' title='bbox 1185 5535 1512 5592; x_wconf 89' lang='lat' dir='ltr'><strong>benedictio</strong></span> <span class='ocrx_word' id='word_1_525' title='bbox 1549 5535 1741 5604; x_wconf 88' lang='lat' dir='ltr'><strong>turris,</strong></span> <span class='ocrx_word' id='word_1_526' title='bbox 1771 5535 1843 5590; x_wconf 91' lang='lat' dir='ltr'><strong>de</strong></span> <span class='ocrx_word' id='word_1_527' title='bbox 1879 5552 1994 5607; x_wconf 90' lang='lat' dir='ltr'><strong>qua</strong></span> <span class='ocrx_word' id='word_1_528' title='bbox 2020 5537 2086 5590; x_wconf 91' lang='lat' dir='ltr'><strong>ﬁt</strong></span> 
     </span>
    </p>
   </div>
   <div class='ocr_carea' id='block_1_73' title="bbox 447 5605 2079 5678">
    <p class='ocr_par' dir='ltr' id='par_1_73' title="bbox 447 5605 2079 5678">
     <span class='ocr_line' id='line_1_73' title="bbox 447 5605 2079 5678; baseline 0 -16"><span class='ocrx_word' id='word_1_529' title='bbox 447 5607 664 5663; x_wconf 90' lang='lat' dir='ltr'><strong>mentio</strong></span> <span class='ocrx_word' id='word_1_530' title='bbox 682 5605 837 5678; x_wconf 82' lang='lat' dir='ltr'><strong>apud</strong></span> <span class='ocrx_word' id='word_1_531' title='bbox 849 5606 1190 5678; x_wconf 85' lang='lat' dir='ltr'><strong>Gregorium</strong></span> <span class='ocrx_word' id='word_1_532' title='bbox 1202 5608 1594 5664; x_wconf 87' lang='lat' dir='ltr'><strong>Turonensem</strong></span> <span class='ocrx_word' id='word_1_533' title='bbox 1609 5611 1666 5663; x_wconf 90' lang='lat' dir='ltr'><strong>et</strong></span> <span class='ocrx_word' id='word_1_534' title='bbox 1682 5605 2079 5664; x_wconf 77' lang='lat' dir='ltr'><strong>Fortunatum.</strong></span> 
     </span>
    </p>
   </div>
   <div class='ocr_carea' id='block_1_74' title="bbox 447 5677 2078 5752">
    <p class='ocr_par' dir='ltr' id='par_1_74' title="bbox 447 5677 2078 5752">
     <span class='ocr_line' id='line_1_74' title="bbox 447 5677 2078 5752; baseline 0.002 -20"><span class='ocrx_word' id='word_1_535' title='bbox 447 5677 903 5752; x_wconf 20' lang='lat' dir='ltr'><strong>[nitestamento</strong></span> <span class='ocrx_word' id='word_1_536' title='bbox 923 5677 1380 5752; x_wconf 28' lang='lat' dir='ltr'><strong>sancti‘Remigii</strong></span> <span class='ocrx_word' id='word_1_537' title='bbox 1406 5680 1760 5752; x_wconf 73' lang='lat' dir='ltr'><strong>Rhemorum</strong></span> <span class='ocrx_word' id='word_1_538' title='bbox 1787 5679 2038 5752; x_wconf 76' lang='lat' dir='ltr'><strong>episcopi</strong></span> <span class='ocrx_word' id='word_1_539' title='bbox 2064 5695 2078 5736; x_wconf 88' lang='lat'><strong>:</strong></span> 
     </span>
    </p>
   </div>
   <div class='ocr_carea' id='block_1_75' title="bbox 451 5747 2084 5820">
    <p class='ocr_par' dir='ltr' id='par_1_75' title="bbox 451 5747 2084 5820">
     <span class='ocr_line' id='line_1_75' title="bbox 451 5747 2084 5820; baseline 0.001 -15"><span class='ocrx_word' id='word_1_540' title='bbox 451 5771 477 5796; x_wconf 78' lang='grc' dir='ltr'>α</span> <span class='ocrx_word' id='word_1_541' title='bbox 509 5751 710 5816; x_wconf 81' lang='lat' dir='ltr'><strong>Iubeo,</strong></span> <span class='ocrx_word' id='word_1_542' title='bbox 745 5749 951 5820; x_wconf 86' lang='lat' dir='ltr'><strong>inquit,</strong></span> <span class='ocrx_word' id='word_1_543' title='bbox 982 5747 1329 5820; x_wconf 28' lang='lat' dir='ltr'><strong>turriculamf</strong></span> <span class='ocrx_word' id='word_1_544' title='bbox 1348 5753 1406 5804; x_wconf 94' lang='lat' dir='ltr'><strong>et</strong></span> <span class='ocrx_word' id='word_1_545' title='bbox 1433 5747 2084 5820; x_wconf 55' lang='lat' dir='ltr'><strong>imaginatum&#39;calicem</strong></span> 
     </span>
    </p>
   </div>
   <div class='ocr_carea' id='block_1_76' title="bbox 449 5819 1417 5878">
    <p class='ocr_par' dir='ltr' id='par_1_76' title="bbox 449 5819 1417 5878">
     <span class='ocr_line' id='line_1_76' title="bbox 449 5819 1417 5878; baseline 0.002 -6"><span class='ocrx_word' id='word_1_546' title='bbox 449 5821 735 5876; x_wconf 90' lang='lat' dir='ltr'><strong>fabricari.</strong></span> <span class='ocrx_word' id='word_1_547' title='bbox 758 5844 786 5871; x_wconf 80' lang='lat'>»</span> <span class='ocrx_word' id='word_1_548' title='bbox 817 5819 896 5878; x_wconf 91' lang='lat' dir='ltr'><strong>De</strong></span> <span class='ocrx_word' id='word_1_549' title='bbox 926 5822 1036 5876; x_wconf 91' lang='lat' dir='ltr'><strong>hac</strong></span> <span class='ocrx_word' id='word_1_550' title='bbox 1059 5821 1202 5876; x_wconf 89' lang='lat' dir='ltr'><strong>alias</strong></span> <span class='ocrx_word' id='word_1_551' title='bbox 1220 5819 1417 5874; x_wconf 89' lang='lat' dir='ltr'><strong>fusius.</strong></span> 
     </span>
    </p>
   </div>
   <div class='ocr_carea' id='block_1_77' title="bbox 520 5890 2086 5966">
    <p class='ocr_par' dir='ltr' id='par_1_77' title="bbox 520 5890 2086 5966">
     <span class='ocr_line' id='line_1_77' title="bbox 520 5890 2086 5966; baseline 0.001 -18"><span class='ocrx_word' id='word_1_552' title='bbox 520 5890 547 5930; x_wconf 69' lang='grc' dir='ltr'>δ</span> <span class='ocrx_word' id='word_1_553' title='bbox 576 5892 714 5948; x_wconf 85' lang='lat' dir='ltr'><strong>Hinc</strong></span> <span class='ocrx_word' id='word_1_554' title='bbox 727 5893 1033 5966; x_wconf 86' lang='lat' dir='ltr'><strong>colligitur,</strong></span> <span class='ocrx_word' id='word_1_555' title='bbox 1049 5893 1198 5949; x_wconf 90' lang='lat' dir='ltr'><strong>hanc</strong></span> <span class='ocrx_word' id='word_1_556' title='bbox 1209 5890 1672 5948; x_wconf 86' lang='lat' dir='ltr'><strong>benedictionem</strong></span> <span class='ocrx_word' id='word_1_557' title='bbox 1683 5892 1898 5948; x_wconf 87' lang='lat' dir='ltr'><strong>factam</strong></span> <span class='ocrx_word' id='word_1_558' title='bbox 1912 5891 2086 5951; x_wconf 86' lang='lat' dir='ltr'><strong>fuisse</strong></span> 
     </span>
    </p>
   </div>
   <div class='ocr_carea' id='block_1_78' title="bbox 2163 1978 3810 2051">
    <p class='ocr_par' dir='ltr' id='par_1_78' title="bbox 2163 1978 3810 2051">
     <span class='ocr_line' id='line_1_78' title="bbox 2163 1978 3810 2051; baseline -0.004 -13"><span class='ocrx_word' id='word_1_559' title='bbox 2163 1982 2648 2038; x_wconf 89' lang='lat' dir='ltr'><strong>resurrectionem</strong></span> <span class='ocrx_word' id='word_1_560' title='bbox 2663 1983 2824 2036; x_wconf 87' lang='lat' dir='ltr'><strong>tuam</strong></span> <span class='ocrx_word' id='word_1_561' title='bbox 2841 1980 3174 2036; x_wconf 87' lang='lat' dir='ltr'><strong>excubanda</strong></span> <span class='ocrx_word' id='word_1_562' title='bbox 3190 1978 3507 2051; x_wconf 87' lang='lat' dir='ltr'><strong>perveniat;</strong></span> <span class='ocrx_word' id='word_1_563' title='bbox 3524 1978 3654 2033; x_wconf 65' lang='lat' dir='ltr'><strong>haec</strong></span> <span class='ocrx_word' id='word_1_564' title='bbox 3673 1991 3810 2049; x_wconf 88' lang='lat' dir='ltr'><strong>quo-</strong></span> 
     </span>
    </p>
   </div>
   <div class='ocr_carea' id='block_1_79' title="bbox 2166 2071 3805 2150">
    <p class='ocr_par' dir='ltr' id='par_1_79' title="bbox 2166 2071 3805 2150">
     <span class='ocr_line' id='line_1_79' title="bbox 2166 2071 3805 2150; baseline -0.005 -18"><span class='ocrx_word' id='word_1_565' title='bbox 2166 2094 2278 2150; x_wconf 90' lang='lat' dir='ltr'><strong>que</strong></span> <span class='ocrx_word' id='word_1_566' title='bbox 2299 2079 2563 2131; x_wconf 89' lang='lat' dir='ltr'><strong>creatura</strong></span> <span class='ocrx_word' id='word_1_567' title='bbox 2584 2073 2806 2130; x_wconf 89' lang='lat' dir='ltr'><strong>arboris</strong></span> <span class='ocrx_word' id='word_1_568' title='bbox 2826 2074 3107 2129; x_wconf 85' lang='lat' dir='ltr'><strong>olivarum</strong></span> <span class='ocrx_word' id='word_1_569' title='bbox 3125 2089 3240 2130; x_wconf 89' lang='lat' dir='ltr'><strong>una</strong></span> <span class='ocrx_word' id='word_1_570' title='bbox 3259 2089 3390 2128; x_wconf 91' lang='lat' dir='ltr'><strong>cum</strong></span> <span class='ocrx_word' id='word_1_571' title='bbox 3405 2071 3640 2145; x_wconf 87' lang='lat' dir='ltr'><strong>palmis,</strong></span> <span class='ocrx_word' id='word_1_572' title='bbox 3663 2086 3805 2143; x_wconf 85' lang='lat' dir='ltr'><strong>quas</strong></span> 
     </span>
    </p>
   </div>
   <div class='ocr_carea' id='block_1_80' title="bbox 2165 2163 3808 2242">
    <p class='ocr_par' dir='ltr' id='par_1_80' title="bbox 2165 2163 3808 2242">
     <span class='ocr_line' id='line_1_80' title="bbox 2165 2163 3808 2242; baseline -0.005 -16"><span class='ocrx_word' id='word_1_573' title='bbox 2165 2171 2412 2242; x_wconf 92' lang='lat' dir='ltr'><strong>populus</strong></span> <span class='ocrx_word' id='word_1_574' title='bbox 2449 2186 2553 2241; x_wconf 91' lang='lat' dir='ltr'><strong>pro</strong></span> <span class='ocrx_word' id='word_1_575' title='bbox 2595 2167 2706 2224; x_wconf 91' lang='lat' dir='ltr'><strong>tuis</strong></span> <span class='ocrx_word' id='word_1_576' title='bbox 2737 2167 3117 2223; x_wconf 90' lang='lat' dir='ltr'><strong>laudibus.....</strong></span> <span class='ocrx_word' id='word_1_577' title='bbox 3149 2167 3528 2222; x_wconf 88' lang='lat' dir='ltr'><strong>benedicatur</strong></span> <span class='ocrx_word' id='word_1_578' title='bbox 3562 2163 3808 2220; x_wconf 84' lang='lat' dir='ltr'><strong>benedi-</strong></span> 
     </span>
    </p>
   </div>
   <div class='ocr_carea' id='block_1_81' title="bbox 2168 2259 3806 2334">
    <p class='ocr_par' dir='ltr' id='par_1_81' title="bbox 2168 2259 3806 2334">
     <span class='ocr_line' id='line_1_81' title="bbox 2168 2259 3806 2334; baseline -0.004 -16"><span class='ocrx_word' id='word_1_579' title='bbox 2168 2264 2358 2319; x_wconf 91' lang='lat' dir='ltr'><strong>ctione</strong></span> <span class='ocrx_word' id='word_1_580' title='bbox 2397 2261 2642 2334; x_wconf 91' lang='lat' dir='ltr'><strong>perenni</strong></span> <span class='ocrx_word' id='word_1_581' title='bbox 2685 2278 2699 2316; x_wconf 88' lang='lat'><strong>:</strong></span> <span class='ocrx_word' id='word_1_582' title='bbox 2735 2263 2800 2316; x_wconf 93' lang='lat' dir='ltr'><strong>ut</strong></span> <span class='ocrx_word' id='word_1_583' title='bbox 2838 2260 3182 2333; x_wconf 90' lang='lat' dir='ltr'><strong>quicumque</strong></span> <span class='ocrx_word' id='word_1_584' title='bbox 3221 2259 3318 2332; x_wconf 90' lang='lat' dir='ltr'><strong>pia</strong></span> <span class='ocrx_word' id='word_1_585' title='bbox 3356 2259 3668 2314; x_wconf 88' lang='lat' dir='ltr'><strong>devotione</strong></span> <span class='ocrx_word' id='word_1_586' title='bbox 3704 2273 3806 2329; x_wconf 90' lang='lat' dir='ltr'><strong>pro</strong></span> 
     </span>
    </p>
   </div>
   <div class='ocr_carea' id='block_1_82' title="bbox 2169 2353 3806 2429">
    <p class='ocr_par' dir='ltr' id='par_1_82' title="bbox 2169 2353 3806 2429">
     <span class='ocr_line' id='line_1_82' title="bbox 2169 2353 3806 2429; baseline -0.004 -17"><span class='ocrx_word' id='word_1_587' title='bbox 2169 2356 2520 2429; x_wconf 85' lang='lat' dir='ltr'><strong>expellendis</strong></span> <span class='ocrx_word' id='word_1_588' title='bbox 2548 2355 2943 2427; x_wconf 85' lang='lat' dir='ltr'><strong>languoribus,</strong></span> <span class='ocrx_word' id='word_1_589' title='bbox 2977 2353 3092 2409; x_wconf 87' lang='lat' dir='ltr'><strong>sive</strong></span> <span class='ocrx_word' id='word_1_590' title='bbox 3127 2353 3302 2409; x_wconf 89' lang='lat' dir='ltr'><strong>etiam</strong></span> <span class='ocrx_word' id='word_1_591' title='bbox 3337 2367 3442 2424; x_wconf 90' lang='lat' dir='ltr'><strong>pro</strong></span> <span class='ocrx_word' id='word_1_592' title='bbox 3469 2367 3806 2424; x_wconf 86' lang='lat' dir='ltr'><strong>expugnan-</strong></span> 
     </span>
    </p>
   </div>
   <div class='ocr_carea' id='block_1_83' title="bbox 2170 2445 3814 2506">
    <p class='ocr_par' dir='ltr' id='par_1_83' title="bbox 2170 2445 3814 2506">
     <span class='ocr_line' id='line_1_83' title="bbox 2170 2445 3814 2506; baseline -0.002 0"><span class='ocrx_word' id='word_1_593' title='bbox 2170 2451 2271 2506; x_wconf 90' lang='lat' dir='ltr'><strong>das</strong></span> <span class='ocrx_word' id='word_1_594' title='bbox 2297 2467 2499 2506; x_wconf 91' lang='lat' dir='ltr'><strong>omnes</strong></span> <span class='ocrx_word' id='word_1_595' title='bbox 2524 2449 2764 2505; x_wconf 90' lang='lat' dir='ltr'><strong>insidias</strong></span> <span class='ocrx_word' id='word_1_596' title='bbox 2783 2447 3003 2504; x_wconf 90' lang='lat' dir='ltr'><strong>inimici</strong></span> <span class='ocrx_word' id='word_1_597' title='bbox 3027 2447 3086 2502; x_wconf 92' lang='lat' dir='ltr'><strong>in</strong></span> <span class='ocrx_word' id='word_1_598' title='bbox 3113 2447 3331 2503; x_wconf 90' lang='lat' dir='ltr'><strong>cunctis</strong></span> <span class='ocrx_word' id='word_1_599' title='bbox 3357 2445 3814 2502; x_wconf 80' lang='lat' dir='ltr'><strong>habitationibus</strong></span> 
     </span>
    </p>
   </div>
   <div class='ocr_carea' id='block_1_84' title="bbox 2169 2539 3814 2616">
    <p class='ocr_par' dir='ltr' id='par_1_84' title="bbox 2169 2539 3814 2616">
     <span class='ocr_line' id='line_1_84' title="bbox 2169 2539 3814 2616; baseline -0.004 -17"><span class='ocrx_word' id='word_1_600' title='bbox 2169 2545 2284 2600; x_wconf 90' lang='lat' dir='ltr'><strong>suis</strong></span> <span class='ocrx_word' id='word_1_601' title='bbox 2303 2561 2402 2599; x_wconf 90' lang='lat' dir='ltr'><strong>eas</strong></span> <span class='ocrx_word' id='word_1_602' title='bbox 2421 2543 2872 2616; x_wconf 88' lang='lat' dir='ltr'><strong>adportaverint,</strong></span> <span class='ocrx_word' id='word_1_603' title='bbox 2893 2546 2992 2598; x_wconf 89' lang='lat' dir='ltr'><strong>aut</strong></span> <span class='ocrx_word' id='word_1_604' title='bbox 3011 2541 3279 2609; x_wconf 89' lang='lat' dir='ltr'><strong>biberint,</strong></span> <span class='ocrx_word' id='word_1_605' title='bbox 3295 2541 3366 2596; x_wconf 89' lang='lat' dir='ltr'><strong>ab</strong></span> <span class='ocrx_word' id='word_1_606' title='bbox 3389 2540 3552 2596; x_wconf 92' lang='lat' dir='ltr'><strong>omni</strong></span> <span class='ocrx_word' id='word_1_607' title='bbox 3572 2539 3691 2594; x_wconf 89' lang='lat' dir='ltr'><strong>sint</strong></span> <span class='ocrx_word' id='word_1_608' title='bbox 3711 2539 3814 2593; x_wconf 82' lang='lat' dir='ltr'><strong>im-</strong></span> 
     </span>
    </p>
   </div>
   <div class='ocr_carea' id='block_1_85' title="bbox 2169 2637 3814 2712">
    <p class='ocr_par' dir='ltr' id='par_1_85' title="bbox 2169 2637 3814 2712">
     <span class='ocr_line' id='line_1_85' title="bbox 2169 2637 3814 2712; baseline -0.004 -18"><span class='ocrx_word' id='word_1_609' title='bbox 2169 2638 2524 2712; x_wconf 88' lang='lat' dir='ltr'><strong>pugnatione</strong></span> <span class='ocrx_word' id='word_1_610' title='bbox 2567 2637 2787 2692; x_wconf 92' lang='lat' dir='ltr'><strong>inimici</strong></span> <span class='ocrx_word' id='word_1_611' title='bbox 2831 2637 3050 2704; x_wconf 89' lang='lat' dir='ltr'><strong>securi;</strong></span> <span class='ocrx_word' id='word_1_612' title='bbox 3098 2639 3162 2691; x_wconf 89' lang='lat' dir='ltr'><strong>ut</strong></span> <span class='ocrx_word' id='word_1_613' title='bbox 3209 2638 3563 2707; x_wconf 86' lang='lat' dir='ltr'><strong>cognoscant</strong></span> <span class='ocrx_word' id='word_1_614' title='bbox 3607 2649 3814 2688; x_wconf 87' lang='lat' dir='ltr'><strong>omnes</strong></span> 
     </span>
    </p>
   </div>
   <div class='ocr_carea' id='block_1_86' title="bbox 2171 2730 3813 2804">
    <p class='ocr_par' dir='ltr' id='par_1_86' title="bbox 2171 2730 3813 2804">
     <span class='ocr_line' id='line_1_86' title="bbox 2171 2730 3813 2804; baseline -0.002 -18"><span class='ocrx_word' id='word_1_615' title='bbox 2171 2735 2392 2804; x_wconf 86' lang='lat' dir='ltr'><strong>gentes,</strong></span> <span class='ocrx_word' id='word_1_616' title='bbox 2427 2731 2562 2804; x_wconf 88' lang='lat' dir='ltr'><strong>quia</strong></span> <span class='ocrx_word' id='word_1_617' title='bbox 2587 2747 2804 2786; x_wconf 90' lang='lat' dir='ltr'><strong>nomen</strong></span> <span class='ocrx_word' id='word_1_618' title='bbox 2831 2734 2998 2786; x_wconf 89' lang='lat' dir='ltr'><strong>tuum</strong></span> <span class='ocrx_word' id='word_1_619' title='bbox 3027 2730 3344 2802; x_wconf 86' lang='lat' dir='ltr'><strong>gloriosum</strong></span> <span class='ocrx_word' id='word_1_620' title='bbox 3374 2731 3462 2784; x_wconf 90' lang='lat' dir='ltr'><strong>est</strong></span> <span class='ocrx_word' id='word_1_621' title='bbox 3486 2744 3664 2800; x_wconf 89' lang='lat' dir='ltr'><strong>super</strong></span> <span class='ocrx_word' id='word_1_622' title='bbox 3685 2743 3813 2784; x_wconf 81' lang='lat' dir='ltr'><strong>om-</strong></span> 
     </span>
    </p>
   </div>
   <div class='ocr_carea' id='block_1_87' title="bbox 2173 2826 2872 2881">
    <p class='ocr_par' dir='ltr' id='par_1_87' title="bbox 2173 2826 2872 2881">
     <span class='ocr_line' id='line_1_87' title="bbox 2173 2826 2872 2881; baseline -0.004 0"><span class='ocrx_word' id='word_1_623' title='bbox 2173 2826 2268 2881; x_wconf 90' lang='lat' dir='ltr'><strong>nia</strong></span> <span class='ocrx_word' id='word_1_624' title='bbox 2289 2827 2494 2880; x_wconf 66' lang='lat' dir='ltr'><strong>saecula</strong></span> <span class='ocrx_word' id='word_1_625' title='bbox 2516 2826 2872 2880; x_wconf 75' lang='lat' dir='ltr'><strong>saeculorum.</strong></span> 
     </span>
    </p>
   </div>
   <div class='ocr_carea' id='block_1_88' title="bbox 2242 2943 3720 2991">
    <p class='ocr_par' dir='ltr' id='par_1_88' title="bbox 2242 2943 3720 2991">
     <span class='ocr_line' id='line_1_88' title="bbox 2242 2943 3720 2991; baseline -0.001 -1"><span class='ocrx_word' id='word_1_626' title='bbox 2242 2949 2558 2991; x_wconf 79' lang='lat' dir='ltr'><strong>BENEDICTIO</strong></span> <span class='ocrx_word' id='word_1_627' title='bbox 2587 2951 2658 2990; x_wconf 79' lang='lat' dir='ltr'><strong>AD</strong></span> <span class='ocrx_word' id='word_1_628' title='bbox 2695 2949 2882 2990; x_wconf 74' lang='lat' dir='ltr'><strong>AGNUM</strong></span> <span class='ocrx_word' id='word_1_629' title='bbox 2912 2947 3328 2990; x_wconf 75' lang='lat' dir='ltr'><strong>BENEDICENDUM</strong></span> <span class='ocrx_word' id='word_1_630' title='bbox 3359 2948 3414 2988; x_wconf 70' lang='lat' dir='ltr'><strong>IN</strong></span> <span class='ocrx_word' id='word_1_631' title='bbox 3449 2945 3665 2988; x_wconf 76' lang='lat' dir='ltr'><strong>PASCHA</strong></span> <span class='ocrx_word' id='word_1_632' title='bbox 3680 2943 3720 2972; x_wconf 73' lang='grc'><strong>⁸·</strong></span> 
     </span>
    </p>
   </div>
   <div class='ocr_carea' id='block_1_89' title="bbox 2240 3030 3816 3103">
    <p class='ocr_par' dir='ltr' id='par_1_89' title="bbox 2240 3030 3816 3103">
     <span class='ocr_line' id='line_1_89' title="bbox 2240 3030 3816 3103; baseline -0.002 -15"><span class='ocrx_word' id='word_1_633' title='bbox 2240 3031 2482 3088; x_wconf 91' lang='lat' dir='ltr'><strong>Domine</strong></span> <span class='ocrx_word' id='word_1_634' title='bbox 2511 3034 2676 3100; x_wconf 91' lang='lat' dir='ltr'><strong>Deus,</strong></span> <span class='ocrx_word' id='word_1_635' title='bbox 2707 3030 3076 3103; x_wconf 89' lang='lat' dir='ltr'><strong>omnipotens</strong></span> <span class='ocrx_word' id='word_1_636' title='bbox 3105 3034 3292 3099; x_wconf 88' lang='lat' dir='ltr'><strong>Pater,</strong></span> <span class='ocrx_word' id='word_1_637' title='bbox 3323 3030 3422 3103; x_wconf 91' lang='lat' dir='ltr'><strong>qui</strong></span> <span class='ocrx_word' id='word_1_638' title='bbox 3446 3030 3664 3102; x_wconf 91' lang='lat' dir='ltr'><strong>populo</strong></span> <span class='ocrx_word' id='word_1_639' title='bbox 3693 3032 3816 3096; x_wconf 90' lang='lat' dir='ltr'><strong>tuo,</strong></span> 
     </span>
    </p>
   </div>
   <div class='ocr_carea' id='block_1_90' title="bbox 2173 3123 3821 3198">
    <p class='ocr_par' dir='ltr' id='par_1_90' title="bbox 2173 3123 3821 3198">
     <span class='ocr_line' id='line_1_90' title="bbox 2173 3123 3821 3198; baseline -0.002 -18"><span class='ocrx_word' id='word_1_640' title='bbox 2173 3142 2347 3198; x_wconf 90' lang='lat' dir='ltr'><strong>quem</strong></span> <span class='ocrx_word' id='word_1_641' title='bbox 2375 3125 2617 3180; x_wconf 87' lang='lat' dir='ltr'><strong>eduxisti</strong></span> <span class='ocrx_word' id='word_1_642' title='bbox 2651 3125 2722 3180; x_wconf 92' lang='lat' dir='ltr'><strong>de</strong></span> <span class='ocrx_word' id='word_1_643' title='bbox 2751 3129 2906 3181; x_wconf 89' lang='lat' dir='ltr'><strong>terra</strong></span> <span class='ocrx_word' id='word_1_644' title='bbox 2929 3125 3156 3198; x_wconf 66' lang='lat' dir='ltr'><strong>Egypti</strong></span> <span class='ocrx_word' id='word_1_645' title='bbox 3182 3125 3241 3180; x_wconf 90' lang='lat' dir='ltr'><strong>in</strong></span> <span class='ocrx_word' id='word_1_646' title='bbox 3274 3141 3452 3180; x_wconf 89' lang='lat' dir='ltr'><strong>manu</strong></span> <span class='ocrx_word' id='word_1_647' title='bbox 3489 3123 3733 3179; x_wconf 88' lang='lat' dir='ltr'><strong>robusta</strong></span> <span class='ocrx_word' id='word_1_648' title='bbox 3763 3125 3821 3178; x_wconf 89' lang='lat' dir='ltr'><strong>et</strong></span> 
     </span>
    </p>
   </div>
   <div class='ocr_carea' id='block_1_91' title="bbox 2093 3219 3818 3301">
    <p class='ocr_par' dir='ltr' id='par_1_91' title="bbox 2093 3219 3818 3301">
     <span class='ocr_line' id='line_1_91' title="bbox 2093 3219 3818 3301; baseline 0 -27"><span class='ocrx_word' id='word_1_649' title='bbox 2093 3226 2148 3301; x_wconf 70' lang='grc' dir='ltr'><strong>ρ</strong></span> <span class='ocrx_word' id='word_1_650' title='bbox 2171 3219 2406 3274; x_wconf 90' lang='lat' dir='ltr'><strong>brachio</strong></span> <span class='ocrx_word' id='word_1_651' title='bbox 2438 3219 2592 3287; x_wconf 90' lang='lat' dir='ltr'><strong>forti,</strong></span> <span class='ocrx_word' id='word_1_652' title='bbox 2616 3236 2722 3290; x_wconf 90' lang='lat' dir='ltr'><strong>per</strong></span> <span class='ocrx_word' id='word_1_653' title='bbox 2750 3219 3144 3274; x_wconf 89' lang='lat' dir='ltr'><strong>ﬁdelissimum</strong></span> <span class='ocrx_word' id='word_1_654' title='bbox 3171 3219 3450 3274; x_wconf 86' lang='lat' dir='ltr'><strong>famulum</strong></span> <span class='ocrx_word' id='word_1_655' title='bbox 3478 3221 3645 3272; x_wconf 88' lang='lat' dir='ltr'><strong>tuum</strong></span> <span class='ocrx_word' id='word_1_656' title='bbox 3669 3219 3818 3290; x_wconf 75' lang='lat' dir='ltr'><strong>Moy-</strong></span> 
     </span>
    </p>
   </div>
   <div class='ocr_carea' id='block_1_92' title="bbox 2174 3312 3814 3385">
    <p class='ocr_par' dir='ltr' id='par_1_92' title="bbox 2174 3312 3814 3385">
     <span class='ocr_line' id='line_1_92' title="bbox 2174 3312 3814 3385; baseline -0.001 -17"><span class='ocrx_word' id='word_1_657' title='bbox 2174 3331 2296 3381; x_wconf 90' lang='lat' dir='ltr'><strong>sen,</strong></span> <span class='ocrx_word' id='word_1_658' title='bbox 2326 3313 2637 3385; x_wconf 68' lang='lat' dir='ltr'><strong>praecipere</strong></span> <span class='ocrx_word' id='word_1_659' title='bbox 2667 3313 2938 3384; x_wconf 89' lang='lat' dir='ltr'><strong>dignatus</strong></span> <span class='ocrx_word' id='word_1_660' title='bbox 2963 3330 3044 3381; x_wconf 89' lang='lat' dir='ltr'><strong>es,</strong></span> <span class='ocrx_word' id='word_1_661' title='bbox 3066 3316 3130 3368; x_wconf 91' lang='lat' dir='ltr'><strong>ut</strong></span> <span class='ocrx_word' id='word_1_662' title='bbox 3151 3313 3382 3368; x_wconf 66' lang='lat' dir='ltr'><strong>Pascha:</strong></span> <span class='ocrx_word' id='word_1_663' title='bbox 3407 3312 3692 3367; x_wconf 87' lang='lat' dir='ltr'><strong>solemnia</strong></span> <span class='ocrx_word' id='word_1_664' title='bbox 3724 3328 3814 3367; x_wconf 88' lang='lat' dir='ltr'><strong>ce-</strong></span> 
     </span>
    </p>
   </div>
   <div class='ocr_carea' id='block_1_93' title="bbox 2173 3405 3819 3478">
    <p class='ocr_par' dir='ltr' id='par_1_93' title="bbox 2173 3405 3819 3478">
     <span class='ocr_line' id='line_1_93' title="bbox 2173 3405 3819 3478; baseline -0.001 -16"><span class='ocrx_word' id='word_1_665' title='bbox 2173 3407 2445 3475; x_wconf 88' lang='lat' dir='ltr'><strong>lebraret,</strong></span> <span class='ocrx_word' id='word_1_666' title='bbox 2467 3406 2695 3478; x_wconf 89' lang='lat' dir='ltr'><strong>tuisque</strong></span> <span class='ocrx_word' id='word_1_667' title='bbox 2715 3407 3019 3478; x_wconf 79' lang='lat' dir='ltr'><strong>praeceptis</strong></span> <span class='ocrx_word' id='word_1_668' title='bbox 3044 3407 3453 3478; x_wconf 87' lang='lat' dir='ltr'><strong>obtemperans</strong></span> <span class='ocrx_word' id='word_1_669' title='bbox 3471 3421 3695 3477; x_wconf 87' lang='lat' dir='ltr'><strong>agnum</strong></span> <span class='ocrx_word' id='word_1_670' title='bbox 3715 3405 3819 3460; x_wconf 52' lang='lat' dir='ltr'><strong>im.</strong></span> 
     </span>
    </p>
   </div>
   <div class='ocr_carea' id='block_1_94' title="bbox 2174 3497 3814 3572">
    <p class='ocr_par' dir='ltr' id='par_1_94' title="bbox 2174 3497 3814 3572">
     <span class='ocr_line' id='line_1_94' title="bbox 2174 3497 3814 3572; baseline -0.002 -16"><span class='ocrx_word' id='word_1_671' title='bbox 2174 3501 2526 3556; x_wconf 89' lang='lat' dir='ltr'><strong>macolatum</strong></span> <span class='ocrx_word' id='word_1_672' title='bbox 2547 3499 2874 3572; x_wconf 90' lang='lat' dir='ltr'><strong>imaginari,</strong></span> <span class='ocrx_word' id='word_1_673' title='bbox 2889 3516 3062 3572; x_wconf 88' lang='lat' dir='ltr'><strong>quem</strong></span> <span class='ocrx_word' id='word_1_674' title='bbox 3077 3499 3136 3554; x_wconf 90' lang='lat' dir='ltr'><strong>in</strong></span> <span class='ocrx_word' id='word_1_675' title='bbox 3151 3500 3338 3571; x_wconf 89' lang='lat' dir='ltr'><strong>ﬁgura</strong></span> <span class='ocrx_word' id='word_1_676' title='bbox 3350 3499 3468 3554; x_wconf 89' lang='lat' dir='ltr'><strong>ovis</strong></span> <span class='ocrx_word' id='word_1_677' title='bbox 3479 3499 3566 3554; x_wconf 90' lang='lat' dir='ltr'><strong>tui</strong></span> <span class='ocrx_word' id='word_1_678' title='bbox 3581 3497 3814 3554; x_wconf 89' lang='lat' dir='ltr'><strong>Domini</strong></span> 
     </span>
    </p>
   </div>
   <div class='ocr_carea' id='block_1_95' title="bbox 2177 3592 3816 3664">
    <p class='ocr_par' dir='ltr' id='par_1_95' title="bbox 2177 3592 3816 3664">
     <span class='ocr_line' id='line_1_95' title="bbox 2177 3592 3816 3664; baseline -0.002 -16"><span class='ocrx_word' id='word_1_679' title='bbox 2177 3593 2356 3649; x_wconf 90' lang='lat' dir='ltr'><strong>nostri</strong></span> <span class='ocrx_word' id='word_1_680' title='bbox 2379 3595 2512 3650; x_wconf 84' lang='lat' dir='ltr'><strong>Jesu</strong></span> <span class='ocrx_word' id='word_1_681' title='bbox 2538 3593 2748 3650; x_wconf 88' lang='lat' dir='ltr'><strong>Christi</strong></span> <span class='ocrx_word' id='word_1_682' title='bbox 2774 3593 3125 3661; x_wconf 88' lang='lat' dir='ltr'><strong>immolaret,</strong></span> <span class='ocrx_word' id='word_1_683' title='bbox 3158 3592 3294 3648; x_wconf 91' lang='lat' dir='ltr'><strong>dum</strong></span> <span class='ocrx_word' id='word_1_684' title='bbox 3327 3592 3427 3660; x_wconf 89' lang='lat' dir='ltr'><strong>ait,</strong></span> <span class='ocrx_word' id='word_1_685' title='bbox 3461 3593 3606 3648; x_wconf 84' lang='lat' dir='ltr'><strong>Ecce</strong></span> <span class='ocrx_word' id='word_1_686' title='bbox 3633 3607 3816 3664; x_wconf 85' lang='lat' dir='ltr'><strong>agnus</strong></span> 
     </span>
    </p>
   </div>
   <div class='ocr_carea' id='block_1_96' title="bbox 2176 3684 3815 3758">
    <p class='ocr_par' dir='ltr' id='par_1_96' title="bbox 2176 3684 3815 3758">
     <span class='ocr_line' id='line_1_96' title="bbox 2176 3684 3815 3758; baseline -0.001 -16"><span class='ocrx_word' id='word_1_687' title='bbox 2176 3687 2296 3754; x_wconf 90' lang='lat' dir='ltr'><strong>Dei,</strong></span> <span class='ocrx_word' id='word_1_688' title='bbox 2338 3704 2469 3742; x_wconf 92' lang='lat' dir='ltr'><strong>ecce</strong></span> <span class='ocrx_word' id='word_1_689' title='bbox 2509 3687 2606 3758; x_wconf 90' lang='lat' dir='ltr'><strong>qui</strong></span> <span class='ocrx_word' id='word_1_690' title='bbox 2644 3685 2794 3742; x_wconf 91' lang='lat' dir='ltr'><strong>tollit</strong></span> <span class='ocrx_word' id='word_1_691' title='bbox 2830 3690 3067 3758; x_wconf 87' lang='lat' dir='ltr'><strong>peccata</strong></span> <span class='ocrx_word' id='word_1_692' title='bbox 3104 3685 3328 3742; x_wconf 90' lang='lat' dir='ltr'><strong>mundi.</strong></span> <span class='ocrx_word' id='word_1_693' title='bbox 3362 3685 3446 3741; x_wconf 93' lang='lat' dir='ltr'><strong>Ob</strong></span> <span class='ocrx_word' id='word_1_694' title='bbox 3487 3686 3598 3742; x_wconf 91' lang='lat' dir='ltr'><strong>hoc</strong></span> <span class='ocrx_word' id='word_1_695' title='bbox 3642 3684 3815 3757; x_wconf 88' lang='lat' dir='ltr'><strong>igitur</strong></span> 
     </span>
    </p>
   </div>
   <div class='ocr_carea' id='block_1_97' title="bbox 2177 3779 3810 3852">
    <p class='ocr_par' dir='ltr' id='par_1_97' title="bbox 2177 3779 3810 3852">
     <span class='ocr_line' id='line_1_97' title="bbox 2177 3779 3810 3852; baseline 0.001 -18"><span class='ocrx_word' id='word_1_696' title='bbox 2177 3780 2458 3852; x_wconf 89' lang='lat' dir='ltr'><strong>supplices</strong></span> <span class='ocrx_word' id='word_1_697' title='bbox 2489 3797 2835 3852; x_wconf 86' lang='lat' dir='ltr'><strong>quaesumus,</strong></span> <span class='ocrx_word' id='word_1_698' title='bbox 2867 3783 2931 3834; x_wconf 92' lang='lat' dir='ltr'><strong>ut</strong></span> <span class='ocrx_word' id='word_1_699' title='bbox 2965 3780 3358 3835; x_wconf 90' lang='lat' dir='ltr'><strong>intercedente</strong></span> <span class='ocrx_word' id='word_1_700' title='bbox 3393 3779 3532 3835; x_wconf 91' lang='lat' dir='ltr'><strong>Filio</strong></span> <span class='ocrx_word' id='word_1_701' title='bbox 3572 3782 3677 3834; x_wconf 91' lang='lat' dir='ltr'><strong>tuo</strong></span> <span class='ocrx_word' id='word_1_702' title='bbox 3708 3780 3810 3835; x_wconf 87' lang='lat' dir='ltr'><strong>Do-</strong></span> 
     </span>
    </p>
   </div>
   <div class='ocr_carea' id='block_1_98' title="bbox 2177 3873 3814 3946">
    <p class='ocr_par' dir='ltr' id='par_1_98' title="bbox 2177 3873 3814 3946">
     <span class='ocr_line' id='line_1_98' title="bbox 2177 3873 3814 3946; baseline -0.001 -17"><span class='ocrx_word' id='word_1_703' title='bbox 2177 3874 2336 3930; x_wconf 91' lang='lat' dir='ltr'><strong>mino</strong></span> <span class='ocrx_word' id='word_1_704' title='bbox 2360 3877 2555 3929; x_wconf 91' lang='lat' dir='ltr'><strong>nostro</strong></span> <span class='ocrx_word' id='word_1_705' title='bbox 2580 3875 2712 3929; x_wconf 86' lang='lat' dir='ltr'><strong>Jesu</strong></span> <span class='ocrx_word' id='word_1_706' title='bbox 2733 3873 2977 3941; x_wconf 90' lang='lat' dir='ltr'><strong>Christo,</strong></span> <span class='ocrx_word' id='word_1_707' title='bbox 3005 3875 3159 3929; x_wconf 89' lang='lat' dir='ltr'><strong>hunc</strong></span> <span class='ocrx_word' id='word_1_708' title='bbox 3185 3889 3402 3945; x_wconf 89' lang='lat' dir='ltr'><strong>agnum</strong></span> <span class='ocrx_word' id='word_1_709' title='bbox 3426 3875 3814 3946; x_wconf 61' lang='lat' dir='ltr'><strong>prteparatum</strong></span> 
     </span>
    </p>
   </div>
   <div class='ocr_carea' id='block_1_99' title="bbox 2175 3967 3290 4041">
    <p class='ocr_par' dir='ltr' id='par_1_99' title="bbox 2175 3967 3290 4041">
     <span class='ocr_line' id='line_1_99' title="bbox 2175 3967 3290 4041; baseline -0.002 -17"><span class='ocrx_word' id='word_1_710' title='bbox 2175 3967 2519 4024; x_wconf 90' lang='lat' dir='ltr'><strong>benedicere</strong></span> <span class='ocrx_word' id='word_1_711' title='bbox 2547 3971 2607 4023; x_wconf 92' lang='lat' dir='ltr'><strong>et</strong></span> <span class='ocrx_word' id='word_1_712' title='bbox 2629 3968 2987 4024; x_wconf 88' lang='lat' dir='ltr'><strong>sanctiﬁcare</strong></span> <span class='ocrx_word' id='word_1_713' title='bbox 3016 3967 3290 4041; x_wconf 87' lang='lat' dir='ltr'><strong>digneris.</strong></span> 
     </span>
    </p>
   </div>
   <div class='ocr_carea' id='block_1_100' title="bbox 2423 4087 3560 4130">
    <p class='ocr_par' dir='ltr' id='par_1_100' title="bbox 2423 4087 3560 4130">
     <span class='ocr_line' id='line_1_100' title="bbox 2423 4087 3560 4130; baseline -0.002 -2"><span class='ocrx_word' id='word_1_714' title='bbox 2423 4088 2740 4128; x_wconf 79' lang='lat' dir='ltr'><strong>BENEDICTIO</strong></span> <span class='ocrx_word' id='word_1_715' title='bbox 2781 4088 2914 4128; x_wconf 71' lang='lat' dir='ltr'><strong>OMNI</strong></span> <span class='ocrx_word' id='word_1_716' title='bbox 2951 4088 3240 4130; x_wconf 67' lang='lat' dir='ltr'><strong>CREATUM</strong></span> <span class='ocrx_word' id='word_1_717' title='bbox 3274 4087 3560 4128; x_wconf 68' lang='grc' dir='ltr'><strong>Ροιιοιιωι.</strong></span> 
     </span>
    </p>
   </div>
   <div class='ocr_carea' id='block_1_101' title="bbox 2250 4167 3820 4240">
    <p class='ocr_par' dir='ltr' id='par_1_101' title="bbox 2250 4167 3820 4240">
     <span class='ocr_line' id='line_1_101' title="bbox 2250 4167 3820 4240; baseline -0.001 -16"><span class='ocrx_word' id='word_1_718' title='bbox 2250 4169 2516 4238; x_wconf 90' lang='lat' dir='ltr'><strong>Benedic,</strong></span> <span class='ocrx_word' id='word_1_719' title='bbox 2557 4169 2820 4238; x_wconf 90' lang='lat' dir='ltr'><strong>Domine,</strong></span> <span class='ocrx_word' id='word_1_720' title='bbox 2866 4173 2926 4225; x_wconf 91' lang='lat' dir='ltr'><strong>et</strong></span> <span class='ocrx_word' id='word_1_721' title='bbox 2962 4169 3069 4225; x_wconf 91' lang='lat' dir='ltr'><strong>hos</strong></span> <span class='ocrx_word' id='word_1_722' title='bbox 3104 4170 3322 4224; x_wconf 86' lang='lat' dir='ltr'><strong>fructus</strong></span> <span class='ocrx_word' id='word_1_723' title='bbox 3351 4185 3529 4225; x_wconf 88' lang='lat' dir='ltr'><strong>novos</strong></span> <span class='ocrx_word' id='word_1_724' title='bbox 3557 4167 3640 4224; x_wconf 89' lang='lat' dir='ltr'><strong>ill.</strong></span> <span class='ocrx_word' id='word_1_725' title='bbox 3677 4183 3820 4240; x_wconf 90' lang='lat' dir='ltr'><strong>quos</strong></span> 
     </span>
    </p>
   </div>
   <div class='ocr_carea' id='block_1_102' title="bbox 2176 4263 3821 4336">
    <p class='ocr_par' dir='ltr' id='par_1_102' title="bbox 2176 4263 3821 4336">
     <span class='ocr_line' id='line_1_102' title="bbox 2176 4263 3821 4336; baseline -0.001 -18"><span class='ocrx_word' id='word_1_726' title='bbox 2176 4281 2281 4335; x_wconf 90' lang='lat' dir='ltr'><strong>per</strong></span> <span class='ocrx_word' id='word_1_727' title='bbox 2307 4265 2833 4336; x_wconf 86' lang='lat' dir='ltr'><strong>temperamentum</strong></span> <span class='ocrx_word' id='word_1_728' title='bbox 2863 4263 3012 4318; x_wconf 89' lang='lat' dir='ltr'><strong>aeris</strong></span> <span class='ocrx_word' id='word_1_729' title='bbox 3051 4266 3109 4318; x_wconf 91' lang='lat' dir='ltr'><strong>et</strong></span> <span class='ocrx_word' id='word_1_730' title='bbox 3147 4263 3374 4335; x_wconf 66' lang='lat' dir='ltr'><strong>pluviae,</strong></span> <span class='ocrx_word' id='word_1_731' title='bbox 3405 4265 3462 4318; x_wconf 91' lang='lat' dir='ltr'><strong>et</strong></span> <span class='ocrx_word' id='word_1_732' title='bbox 3485 4265 3821 4334; x_wconf 87' lang='lat' dir='ltr'><strong>temporum</strong></span> 
     </span>
    </p>
   </div>
   <div class='ocr_carea' id='block_1_103' title="bbox 2177 4355 3822 4430">
    <p class='ocr_par' dir='ltr' id='par_1_103' title="bbox 2177 4355 3822 4430">
     <span class='ocr_line' id='line_1_103' title="bbox 2177 4355 3822 4430; baseline -0.001 -18"><span class='ocrx_word' id='word_1_733' title='bbox 2177 4357 2571 4425; x_wconf 89' lang='lat' dir='ltr'><strong>serenitatem,</strong></span> <span class='ocrx_word' id='word_1_734' title='bbox 2602 4357 2677 4412; x_wconf 90' lang='lat' dir='ltr'><strong>ad</strong></span> <span class='ocrx_word' id='word_1_735' title='bbox 2701 4357 3099 4413; x_wconf 88' lang='lat' dir='ltr'><strong>maturitatem</strong></span> <span class='ocrx_word' id='word_1_736' title='bbox 3127 4356 3444 4430; x_wconf 90' lang='lat' dir='ltr'><strong>perducere</strong></span> <span class='ocrx_word' id='word_1_737' title='bbox 3464 4355 3740 4428; x_wconf 86' lang='lat' dir='ltr'><strong>dignatus</strong></span> <span class='ocrx_word' id='word_1_738' title='bbox 3759 4371 3822 4410; x_wconf 86' lang='lat' dir='ltr'><strong>es</strong></span> 
     </span>
    </p>
   </div>
   <div class='ocr_carea' id='block_1_104' title="bbox 2179 4448 3821 4523">
    <p class='ocr_par' dir='ltr' id='par_1_104' title="bbox 2179 4448 3821 4523">
     <span class='ocr_line' id='line_1_104' title="bbox 2179 4448 3821 4523; baseline -0.002 -17"><span class='ocrx_word' id='word_1_739' title='bbox 2179 4451 2252 4506; x_wconf 90' lang='lat' dir='ltr'><strong>ad</strong></span> <span class='ocrx_word' id='word_1_740' title='bbox 2287 4450 2727 4523; x_wconf 89' lang='lat' dir='ltr'><strong>precipiendum</strong></span> <span class='ocrx_word' id='word_1_741' title='bbox 2764 4451 2930 4506; x_wconf 91' lang='lat' dir='ltr'><strong>nobis</strong></span> <span class='ocrx_word' id='word_1_742' title='bbox 2968 4468 3098 4506; x_wconf 92' lang='lat' dir='ltr'><strong>cum</strong></span> <span class='ocrx_word' id='word_1_743' title='bbox 3145 4449 3464 4523; x_wconf 87' lang='lat' dir='ltr'><strong>gratiarum</strong></span> <span class='ocrx_word' id='word_1_744' title='bbox 3496 4450 3724 4504; x_wconf 87' lang='lat' dir='ltr'><strong>actione</strong></span> <span class='ocrx_word' id='word_1_745' title='bbox 3761 4448 3821 4504; x_wconf 88' lang='lat' dir='ltr'><strong>in</strong></span> 
     </span>
    </p>
   </div>
   <div class='ocr_carea' id='block_1_105' title="bbox 2177 4544 3820 4618">
    <p class='ocr_par' dir='ltr' id='par_1_105' title="bbox 2177 4544 3820 4618">
     <span class='ocr_line' id='line_1_105' title="bbox 2177 4544 3820 4618; baseline -0.001 -18"><span class='ocrx_word' id='word_1_746' title='bbox 2177 4545 2414 4600; x_wconf 89' lang='lat' dir='ltr'><strong>nomine</strong></span> <span class='ocrx_word' id='word_1_747' title='bbox 2440 4545 2622 4600; x_wconf 90' lang='lat' dir='ltr'><strong>Patris</strong></span> <span class='ocrx_word' id='word_1_748' title='bbox 2649 4549 2708 4616; x_wconf 92' lang='lat' dir='ltr'><strong>_et</strong></span> <span class='ocrx_word' id='word_1_749' title='bbox 2731 4545 2855 4600; x_wconf 86' lang='lat' dir='ltr'><strong>Filii</strong></span> <span class='ocrx_word' id='word_1_750' title='bbox 2893 4547 2952 4600; x_wconf 92' lang='lat' dir='ltr'><strong>et</strong></span> <span class='ocrx_word' id='word_1_751' title='bbox 2977 4545 3222 4618; x_wconf 89' lang='lat' dir='ltr'><strong>Spiritus</strong></span> <span class='ocrx_word' id='word_1_752' title='bbox 3250 4544 3434 4600; x_wconf 87' lang='lat' dir='ltr'><strong>sancti</strong></span> <span class='ocrx_word' id='word_1_753' title='bbox 3461 4561 3473 4599; x_wconf 89' lang='lat'><strong>:</strong></span> <span class='ocrx_word' id='word_1_754' title='bbox 3507 4561 3616 4616; x_wconf 90' lang='lat' dir='ltr'><strong>per</strong></span> <span class='ocrx_word' id='word_1_755' title='bbox 3644 4559 3820 4615; x_wconf 88' lang='lat' dir='ltr'><strong>quem</strong></span> 
     </span>
    </p>
   </div>
   <div class='ocr_carea' id='block_1_106' title="bbox 2180 4638 3540 4712">
    <p class='ocr_par' dir='ltr' id='par_1_106' title="bbox 2180 4638 3540 4712">
     <span class='ocr_line' id='line_1_106' title="bbox 2180 4638 3540 4712; baseline -0.001 -18"><span class='ocrx_word' id='word_1_756' title='bbox 2180 4639 2302 4694; x_wconf 66' lang='lat' dir='ltr'><strong>hinc</strong></span> <span class='ocrx_word' id='word_1_757' title='bbox 2334 4639 2551 4708; x_wconf 89' lang='lat' dir='ltr'><strong>omnia,</strong></span> <span class='ocrx_word' id='word_1_758' title='bbox 2579 4639 2839 4708; x_wconf 92' lang='lat' dir='ltr'><strong>Domine,</strong></span> <span class='ocrx_word' id='word_1_759' title='bbox 2869 4655 3101 4712; x_wconf 90' lang='lat' dir='ltr'><strong>semper</strong></span> <span class='ocrx_word' id='word_1_760' title='bbox 3123 4638 3278 4695; x_wconf 89' lang='lat' dir='ltr'><strong>bona</strong></span> <span class='ocrx_word' id='word_1_761' title='bbox 3307 4655 3469 4695; x_wconf 90' lang='lat' dir='ltr'><strong>creas</strong></span> <span class='ocrx_word' id='word_1_762' title='bbox 3495 4639 3540 4679; x_wconf 65' lang='grc' dir='ltr'><strong>τι·</strong></span> 
     </span>
    </p>
   </div>
   <div class='ocr_carea' id='block_1_107' title="bbox 2644 4756 3350 4798">
    <p class='ocr_par' dir='ltr' id='par_1_107' title="bbox 2644 4756 3350 4798">
     <span class='ocr_line' id='line_1_107' title="bbox 2644 4756 3350 4798; baseline -0.001 -1"><span class='ocrx_word' id='word_1_763' title='bbox 2644 4756 2964 4798; x_wconf 79' lang='lat' dir='ltr'><strong>BENEDICTIO</strong></span> <span class='ocrx_word' id='word_1_764' title='bbox 3003 4758 3072 4797; x_wconf 84' lang='lat' dir='ltr'><strong>AD</strong></span> <span class='ocrx_word' id='word_1_765' title='bbox 3111 4757 3350 4798; x_wconf 70' lang='lat' dir='ltr'><strong>ﬂENSAM.</strong></span> 
     </span>
    </p>
   </div>
   <div class='ocr_carea' id='block_1_108' title="bbox 2253 4831 3824 4906">
    <p class='ocr_par' dir='ltr' id='par_1_108' title="bbox 2253 4831 3824 4906">
     <span class='ocr_line' id='line_1_108' title="bbox 2253 4831 3824 4906; baseline -0.001 -17"><span class='ocrx_word' id='word_1_766' title='bbox 2253 4835 2672 4890; x_wconf 89' lang='lat' dir='ltr'><strong>Benedicantur</strong></span> <span class='ocrx_word' id='word_1_767' title='bbox 2713 4835 2896 4903; x_wconf 91' lang='lat' dir='ltr'><strong>nobis,</strong></span> <span class='ocrx_word' id='word_1_768' title='bbox 2937 4835 3200 4904; x_wconf 90' lang='lat' dir='ltr'><strong>Domine,</strong></span> <span class='ocrx_word' id='word_1_769' title='bbox 3235 4835 3392 4890; x_wconf 89' lang='lat' dir='ltr'><strong>dona</strong></span> <span class='ocrx_word' id='word_1_770' title='bbox 3425 4836 3549 4902; x_wconf 87' lang='lat' dir='ltr'><strong>tua,</strong></span> <span class='ocrx_word' id='word_1_771' title='bbox 3587 4850 3719 4906; x_wconf 66' lang='lat' dir='ltr'><strong>quae</strong></span> <span class='ocrx_word' id='word_1_772' title='bbox 3751 4831 3824 4888; x_wconf 84' lang='lat' dir='ltr'><strong>de</strong></span> 
     </span>
    </p>
   </div>
   <div class='ocr_carea' id='block_1_109' title="bbox 2181 4920 3736 5000">
    <p class='ocr_par' dir='ltr' id='par_1_109' title="bbox 2181 4920 3736 5000">
     <span class='ocr_line' id='line_1_109' title="bbox 2181 4920 3736 5000; baseline -0.001 -17"><span class='ocrx_word' id='word_1_773' title='bbox 2181 4932 2280 4983; x_wconf 88' lang='lat' dir='ltr'><strong>tua</strong></span> <span class='ocrx_word' id='word_1_774' title='bbox 2308 4920 2576 5000; x_wconf 86' lang='lat' dir='ltr'><strong>largitate</strong></span> <span class='ocrx_word' id='word_1_775' title='bbox 2604 4929 2850 4984; x_wconf 89' lang='lat' dir='ltr'><strong>sumturi</strong></span> <span class='ocrx_word' id='word_1_776' title='bbox 2880 4946 3094 4997; x_wconf 87' lang='lat' dir='ltr'><strong>sumus,</strong></span> <span class='ocrx_word' id='word_1_777' title='bbox 3125 4928 3222 5000; x_wconf 91' lang='lat' dir='ltr'><strong>qui</strong></span> <span class='ocrx_word' id='word_1_778' title='bbox 3251 4928 3390 4983; x_wconf 89' lang='lat' dir='ltr'><strong>vivis</strong></span> <span class='ocrx_word' id='word_1_779' title='bbox 3417 4932 3476 4982; x_wconf 91' lang='lat' dir='ltr'><strong>et</strong></span> <span class='ocrx_word' id='word_1_780' title='bbox 3502 4944 3736 5000; x_wconf 87' lang='lat' dir='ltr'><strong>regnas.</strong></span> 
     </span>
    </p>
   </div>
   <div class='ocr_carea' id='block_1_110' title="bbox 2465 5047 3530 5090">
    <p class='ocr_par' dir='ltr' id='par_1_110' title="bbox 2465 5047 3530 5090">
     <span class='ocr_line' id='line_1_110' title="bbox 2465 5047 3530 5090; baseline -0.002 -2"><span class='ocrx_word' id='word_1_781' title='bbox 2465 5047 2784 5088; x_wconf 80' lang='lat' dir='ltr'><strong>BENEDICTIO</strong></span> <span class='ocrx_word' id='word_1_782' title='bbox 2825 5047 2960 5090; x_wconf 80' lang='lat' dir='ltr'><strong>POST</strong></span> <span class='ocrx_word' id='word_1_783' title='bbox 2997 5047 3215 5088; x_wconf 72' lang='lat' dir='ltr'><strong>MENSAM</strong></span> <span class='ocrx_word' id='word_1_784' title='bbox 3261 5047 3530 5088; x_wconf 60' lang='lat' dir='ltr'><strong>LEVATAI.</strong></span> 
     </span>
    </p>
   </div>
   <div class='ocr_carea' id='block_1_111' title="bbox 2251 5127 3834 5204">
    <p class='ocr_par' dir='ltr' id='par_1_111' title="bbox 2251 5127 3834 5204">
     <span class='ocr_line' id='line_1_111' title="bbox 2251 5127 3834 5204; baseline -0.002 -18"><span class='ocrx_word' id='word_1_785' title='bbox 2251 5129 2472 5186; x_wconf 88' lang='lat' dir='ltr'><strong>Gratias</strong></span> <span class='ocrx_word' id='word_1_786' title='bbox 2496 5129 2597 5186; x_wconf 90' lang='lat' dir='ltr'><strong>tibi</strong></span> <span class='ocrx_word' id='word_1_787' title='bbox 2613 5131 2857 5204; x_wconf 89' lang='lat' dir='ltr'><strong>agimus,</strong></span> <span class='ocrx_word' id='word_1_788' title='bbox 2877 5131 3267 5204; x_wconf 88' lang='lat' dir='ltr'><strong>omnipotens,</strong></span> <span class='ocrx_word' id='word_1_789' title='bbox 3291 5133 3510 5187; x_wconf 84' lang='lat' dir='ltr'><strong>aeterne</strong></span> <span class='ocrx_word' id='word_1_790' title='bbox 3533 5131 3704 5198; x_wconf 89' lang='lat' dir='ltr'><strong>Deus,</strong></span> <span class='ocrx_word' id='word_1_791' title='bbox 3731 5127 3834 5202; x_wconf 84' lang='lat' dir='ltr'><strong>qui</strong></span> 
     </span>
    </p>
   </div>
   <div class='ocr_carea' id='block_1_112' title="bbox 2183 5223 3836 5298">
    <p class='ocr_par' dir='ltr' id='par_1_112' title="bbox 2183 5223 3836 5298">
     <span class='ocr_line' id='line_1_112' title="bbox 2183 5223 3836 5298; baseline 0 -19"><span class='ocrx_word' id='word_1_792' title='bbox 2183 5242 2288 5280; x_wconf 88' lang='lat' dir='ltr'><strong>nos</strong></span> <span class='ocrx_word' id='word_1_793' title='bbox 2319 5225 2390 5280; x_wconf 93' lang='lat' dir='ltr'><strong>de</strong></span> <span class='ocrx_word' id='word_1_794' title='bbox 2423 5224 2533 5280; x_wconf 90' lang='lat' dir='ltr'><strong>tuis</strong></span> <span class='ocrx_word' id='word_1_795' title='bbox 2573 5225 2740 5281; x_wconf 90' lang='lat' dir='ltr'><strong>donis</strong></span> <span class='ocrx_word' id='word_1_796' title='bbox 2771 5225 2974 5281; x_wconf 87' lang='lat' dir='ltr'><strong>satiare</strong></span> <span class='ocrx_word' id='word_1_797' title='bbox 3017 5224 3286 5298; x_wconf 89' lang='lat' dir='ltr'><strong>dignatus</strong></span> <span class='ocrx_word' id='word_1_798' title='bbox 3327 5242 3408 5294; x_wconf 90' lang='lat' dir='ltr'><strong>es,</strong></span> <span class='ocrx_word' id='word_1_799' title='bbox 3438 5241 3545 5297; x_wconf 91' lang='lat' dir='ltr'><strong>per</strong></span> <span class='ocrx_word' id='word_1_800' title='bbox 3579 5223 3836 5280; x_wconf 84' lang='lat' dir='ltr'><strong>famolos</strong></span> 
     </span>
    </p>
   </div>
   <div class='ocr_carea' id='block_1_113' title="bbox 2183 5319 3837 5392">
    <p class='ocr_par' dir='ltr' id='par_1_113' title="bbox 2183 5319 3837 5392">
     <span class='ocr_line' id='line_1_113' title="bbox 2183 5319 3837 5392; baseline 0 -20"><span class='ocrx_word' id='word_1_801' title='bbox 2183 5319 2260 5374; x_wconf 92' lang='lat' dir='ltr'><strong>ill.</strong></span> <span class='ocrx_word' id='word_1_802' title='bbox 2288 5319 2482 5374; x_wconf 83' lang='lat' dir='ltr'><strong>Redde</strong></span> <span class='ocrx_word' id='word_1_803' title='bbox 2516 5319 2644 5390; x_wconf 88' lang='lat' dir='ltr'><strong>illis,</strong></span> <span class='ocrx_word' id='word_1_804' title='bbox 2669 5319 2934 5388; x_wconf 90' lang='lat' dir='ltr'><strong>Domine,</strong></span> <span class='ocrx_word' id='word_1_805' title='bbox 2959 5335 3062 5392; x_wconf 92' lang='lat' dir='ltr'><strong>pro</strong></span> <span class='ocrx_word' id='word_1_806' title='bbox 3083 5319 3273 5392; x_wconf 88' lang='lat' dir='ltr'><strong>parvis</strong></span> <span class='ocrx_word' id='word_1_807' title='bbox 3291 5336 3532 5392; x_wconf 89' lang='lat' dir='ltr'><strong>magna,</strong></span> <span class='ocrx_word' id='word_1_808' title='bbox 3553 5335 3656 5392; x_wconf 90' lang='lat' dir='ltr'><strong>pro</strong></span> <span class='ocrx_word' id='word_1_809' title='bbox 3681 5320 3837 5372; x_wconf 85' lang='lat' dir='ltr'><strong>tem-</strong></span> 
     </span>
    </p>
   </div>
   <div class='ocr_carea' id='block_1_114' title="bbox 2183 5413 3837 5486">
    <p class='ocr_par' dir='ltr' id='par_1_114' title="bbox 2183 5413 3837 5486">
     <span class='ocr_line' id='line_1_114' title="bbox 2183 5413 3837 5486; baseline -0.001 -18"><span class='ocrx_word' id='word_1_810' title='bbox 2183 5413 2470 5485; x_wconf 90' lang='lat' dir='ltr'><strong>poralibus</strong></span> <span class='ocrx_word' id='word_1_811' title='bbox 2505 5413 2746 5484; x_wconf 73' lang='lat' dir='ltr'><strong>praemia</strong></span> <span class='ocrx_word' id='word_1_812' title='bbox 2776 5414 3146 5486; x_wconf 88' lang='lat' dir='ltr'><strong>sempiterna,</strong></span> <span class='ocrx_word' id='word_1_813' title='bbox 3180 5413 3276 5485; x_wconf 91' lang='lat' dir='ltr'><strong>qui</strong></span> <span class='ocrx_word' id='word_1_814' title='bbox 3313 5413 3453 5469; x_wconf 89' lang='lat' dir='ltr'><strong>vivis</strong></span> <span class='ocrx_word' id='word_1_815' title='bbox 3494 5417 3554 5469; x_wconf 93' lang='lat' dir='ltr'><strong>et</strong></span> <span class='ocrx_word' id='word_1_816' title='bbox 3589 5428 3837 5484; x_wconf 85' lang='lat' dir='ltr'><strong>regnas.</strong></span> 
     </span>
    </p>
   </div>
   <div class='ocr_carea' id='block_1_115' title="bbox 2185 5538 2868 5595">
    <p class='ocr_par' dir='ltr' id='par_1_115' title="bbox 2185 5538 2868 5595">
     <span class='ocr_line' id='line_1_115' title="bbox 2185 5538 2868 5595; baseline 0.001 -1"><span class='ocrx_word' id='word_1_817' title='bbox 2185 5538 2482 5594; x_wconf 91' lang='lat' dir='ltr'><strong>Dominica</strong></span> <span class='ocrx_word' id='word_1_818' title='bbox 2511 5539 2868 5595; x_wconf 86' lang='lat' dir='ltr'><strong>Palmarum.</strong></span> 
     </span>
    </p>
   </div>
   <div class='ocr_carea' id='block_1_116' title="bbox 2239 5609 3838 5681">
    <p class='ocr_par' dir='ltr' id='par_1_116' title="bbox 2239 5609 3838 5681">
     <span class='ocr_line' id='line_1_116' title="bbox 2239 5609 3838 5681; baseline 0.001 -17"><span class='ocrx_word' id='word_1_819' title='bbox 2239 5623 2262 5681; x_wconf 60' lang='grc' dir='ltr'><strong>ς</strong></span> <span class='ocrx_word' id='word_1_820' title='bbox 2283 5610 2460 5680; x_wconf 86' lang='lat' dir='ltr'><strong>Hujus</strong></span> <span class='ocrx_word' id='word_1_821' title='bbox 2471 5610 2608 5681; x_wconf 87' lang='lat' dir='ltr'><strong>agni</strong></span> <span class='ocrx_word' id='word_1_822' title='bbox 2618 5610 3039 5668; x_wconf 89' lang='lat' dir='ltr'><strong>benedictionis</strong></span> <span class='ocrx_word' id='word_1_823' title='bbox 3051 5609 3323 5666; x_wconf 89' lang='lat' dir='ltr'><strong>meminit</strong></span> <span class='ocrx_word' id='word_1_824' title='bbox 3333 5609 3488 5667; x_wconf 87' lang='lat' dir='ltr'><strong>Ordo</strong></span> <span class='ocrx_word' id='word_1_825' title='bbox 3506 5610 3838 5681; x_wconf 77' lang='lat' dir='ltr'><strong>Romanus.</strong></span> 
     </span>
    </p>
   </div>
   <div class='ocr_carea' id='block_1_117' title="bbox 2246 5679 3842 5748">
    <p class='ocr_par' dir='ltr' id='par_1_117' title="bbox 2246 5679 3842 5748">
     <span class='ocr_line' id='line_1_117' title="bbox 2246 5679 3842 5748; baseline 0.001 -13"><span class='ocrx_word' id='word_1_826' title='bbox 2246 5680 2272 5720; x_wconf 74' lang='grc' dir='ltr'><em>ά</em></span> <span class='ocrx_word' id='word_1_827' title='bbox 2303 5679 2430 5736; x_wconf 68' lang='lat' dir='ltr'><strong>Haec</strong></span> <span class='ocrx_word' id='word_1_828' title='bbox 2463 5679 2637 5737; x_wconf 82' lang='lat' dir='ltr'><strong>verba</strong></span> <span class='ocrx_word' id='word_1_829' title='bbox 2668 5685 2927 5738; x_wconf 87' lang='lat' dir='ltr'><strong>extrema</strong></span> <span class='ocrx_word' id='word_1_830' title='bbox 2951 5681 3351 5737; x_wconf 89' lang='lat' dir='ltr'><strong>suntCanonis</strong></span> <span class='ocrx_word' id='word_1_831' title='bbox 3380 5681 3589 5748; x_wconf 64' lang='lat' dir='ltr'><strong>missae,</strong></span> <span class='ocrx_word' id='word_1_832' title='bbox 3616 5679 3682 5735; x_wconf 87' lang='lat' dir='ltr'><strong>in</strong></span> <span class='ocrx_word' id='word_1_833' title='bbox 3719 5698 3842 5748; x_wconf 86' lang='lat' dir='ltr'><strong>qua</strong></span> 
     </span>
    </p>
   </div>
   <div class='ocr_carea' id='block_1_118' title="bbox 2187 5751 3843 5824">
    <p class='ocr_par' dir='ltr' id='par_1_118' title="bbox 2187 5751 3843 5824">
     <span class='ocr_line' id='line_1_118' title="bbox 2187 5751 3843 5824; baseline 0.001 -17"><span class='ocrx_word' id='word_1_834' title='bbox 2187 5751 2324 5824; x_wconf 86' lang='lat' dir='ltr'><strong>olim</strong></span> <span class='ocrx_word' id='word_1_835' title='bbox 2337 5753 2464 5824; x_wconf 71' lang='lat' dir='ltr'><strong>haec</strong></span> <span class='ocrx_word' id='word_1_836' title='bbox 2481 5752 2810 5809; x_wconf 89' lang='lat' dir='ltr'><strong>benedictio</strong></span> <span class='ocrx_word' id='word_1_837' title='bbox 2826 5753 3004 5808; x_wconf 86' lang='lat' dir='ltr'><strong>ﬁebat</strong></span> <span class='ocrx_word' id='word_1_838' title='bbox 3021 5770 3126 5824; x_wconf 91' lang='lat' dir='ltr'><strong>per</strong></span> <span class='ocrx_word' id='word_1_839' title='bbox 3141 5753 3263 5808; x_wconf 67' lang='lat' dir='ltr'><strong>haec</strong></span> <span class='ocrx_word' id='word_1_840' title='bbox 3281 5752 3477 5818; x_wconf 88' lang='lat' dir='ltr'><strong>verba,</strong></span> <span class='ocrx_word' id='word_1_841' title='bbox 3492 5755 3636 5807; x_wconf 85' lang='lat' dir='ltr'><strong>teste</strong></span> <span class='ocrx_word' id='word_1_842' title='bbox 3659 5751 3843 5809; x_wconf 80' lang='lat' dir='ltr'><strong>Udal—</strong></span> 
     </span>
    </p>
   </div>
   <div class='ocr_carea' id='block_1_119' title="bbox 2187 5823 3499 5897">
    <p class='ocr_par' dir='ltr' id='par_1_119' title="bbox 2187 5823 3499 5897">
     <span class='ocr_line' id='line_1_119' title="bbox 2187 5823 3499 5897; baseline 0.003 -20"><span class='ocrx_word' id='word_1_843' title='bbox 2187 5823 2304 5879; x_wconf 89' lang='lat' dir='ltr'><strong>rico</strong></span> <span class='ocrx_word' id='word_1_844' title='bbox 2330 5823 2386 5878; x_wconf 92' lang='lat' dir='ltr'><strong>in</strong></span> <span class='ocrx_word' id='word_1_845' title='bbox 2417 5824 2517 5880; x_wconf 92' lang='lat' dir='ltr'><strong>lib.</strong></span> <span class='ocrx_word' id='word_1_846' title='bbox 2548 5826 2568 5879; x_wconf 89' lang='lat' dir='ltr'><strong>l</strong></span> <span class='ocrx_word' id='word_1_847' title='bbox 2598 5825 2946 5884; x_wconf 87' lang='lat' dir='ltr'><strong>Consuetud.</strong></span> <span class='ocrx_word' id='word_1_848' title='bbox 2971 5823 3222 5882; x_wconf 83' lang='lat' dir='ltr'><strong>Cluniac.</strong></span> <span class='ocrx_word' id='word_1_849' title='bbox 3252 5841 3376 5897; x_wconf 86' lang='lat' dir='ltr'><strong>cap.</strong></span> <span class='ocrx_word' id='word_1_850' title='bbox 3411 5827 3499 5881; x_wconf 85' lang='lat'><strong>35.</strong></span> 
     </span>
    </p>
   </div>
  </div>
