3940 6178
138 340 212 392 573
672 330 1281 387 8ΑΟΒΑΜΕΝΤᾹΗΠΞΜ
1319 330 1690 386 GALLICANU

1825 360 1871 371 -—
1910 330 2209 386 JUDICIUS
2247 330 2805 387 POENITENTlALlS.

521 454 822 498 ORATIONES
862 457 1225 498 VESPER'I‘INE.

184 534 506 608 Omnipotens
533 535 876 607 sempiterna
907 536 1080 605 Deus,
1107 550 1336 607 vespere
1367 540 1422 590 et
1448 552 1614 592 mane
1642 540 1698 592 et

133 632 316 690 meridie
355 630 694 702 majestatem
722 635 878 684 tuam
908 630 1236 702 suppliciter
1285 631 1692 701 deprecamur;

129 735 172 782 ut
191 724 411 798 expulsis
439 725 501 779 de
529 723 788 780 cordibus
813 725 1016 779 nostris
1042 729 1400 796 peccatorum
1427 724 1694 788 tenebris,

125 823 173 876 ad
195 836 358 876 veram
400 820 600 888 lucem,
631 835 757 891 quas
801 819 1054 875 Christus
1093 823 1194 888 est,
1225 818 1395 874 facias
1432 835 1534 874 nos
1563 835 1693 890 per-

126 914 292 972 venire.

745 984 873 1032 Item
896 983 1012 1032 alia.

174 1074 294 1127 Deus
314 1069 404 1142 qui
419 1068 718 1125 inluminas
738 1072 986 1139 noctem,
1012 1073 1066 1124 et
1083 1069 1276 1124 lumen
1297 1073 1423 1141 post
1441 1069 1697 1124 tenebras

120 1167 236 1235 facis,
277 1163 506 1220 concede
553 1163 715 1218 nobis
756 1168 822 1219 ut
860 1165 1006 1219 hanc
1041 1168 1266 1218 noctem
1308 1163 1427 1217 sine
1472 1162 1692 1235 inpedi-

121 1265 270 1316 mento
287 1259 494 1315 Satanae
524 1263 893 1327 transeamus,
927 1258 1110 1328 adque
1136 1257 1205 1312 ad
1229 1255 1527 1311 matutinis
1543 1255 1697 1312 horis

118 1355 167 1409 ad
186 1354 336 1408 altare
373 1358 534 1407 tuum
565 1356 939 1418 revertentes,
973 1350 1075 1406 tibi
1104 1352 1217 1407 Deo
1250 1350 1457 1422 gratias
1483 1350 1692 1406 refera-

120 1464 228 1502 mus.

754 1517 882 1566 Item
907 1515 1024 1565 alia.

169 1603 431 1672 lnlumina,
462 1619 812 1674 quaesumus,
856 1601 1096 1657 Domine
1117 1643 1130 1668 ,
1168 1601 1428 1656 tenebras
1455 1603 1694 1668 nostras,

115 1701 153 1750 et
183 1698 326 1752 totius
351 1697 531 1752 noctis
559 1696 788 1750 insidias
816 1696 1027 1767 repelle
1053 1694 1358 1766 propicius.
1393 1696 1516 1748 Per.

811 1797 938 1847 Alia.

165 1886 285 1939 Tuus
312 1889 390 1939 est
425 1885 570 1952 dies,
602 1884 867 1952 Domine,
898 1887 955 1938 et
997 1888 1097 1938 tua
1125 1887 1210 1938 est
1251 1899 1362 1937 nox
1393 1900 1406 1936 :
1451 1882 1695 1937 concede

113 1979 247 2032 solem
264 1979 496 2049 justitiaa
526 1983 636 2032 tuae
665 1993 997 2048 permanere
1025 1976 1085 2031 in
1112 1976 1376 2031 cordibus
1395 1977 1603 2031 nostris
1626 1975 1697 2030 ad

118 2071 408 2144 repellendas
433 2072 846 2143 cogitationum
867 2071 1129 2125 tenebras
1156 2070 1549 2142 iniquitatum.

751 2174 876 2221 Item
892 2172 1008 2222 alia.

165 2261 470 2332 Vespertinze
499 2258 678 2313 laudis
703 2259 890 2314 ofﬁcia
914 2258 1314 2330 persolventes,
1337 2257 1696 2314 clementiam

112 2360 247 2420 tuam,
273 2353 529 2423 Domine,
559 2353 779 2407 humile
807 2368 971 2424 prece
996 2352 1280 2424 poscimus
1302 2395 1316 2419 ,
1342 2357 1408 2407 ut
1432 2351 1694 2408 nocturni

112 2447 396 2503 insidiatoris
418 2447 656 2503 fraudes
684 2452 738 2503 te
764 2450 1100 2518 protegente
1126 2446 1386 2500 vitemus.

739 2549 870 2598 Item
901 2547 1020 2596 alia.

161 2635 464 2707 Propiciare,
508 2634 774 2701 Domine,
817 2632 1148 2703 vespertinis
1191 2631 1695 2702 supplicationibus

110 2730 284 2797 nostris,
309 2735 360 2784 et
387 2730 477 2784 fac
507 2745 613 2782 nos
643 2727 764 2782 sine
792 2727 908 2781 ullo
937 2731 1095 2781 reatu
1123 2724 1417 2780 matutinis
1443 2725 1544 2780 tibi
1570 2726 1692 2780 lau-

112 2822 234 2876 dibus
260 2822 674 2894 repraesentari.
704 2823 826 2875 Per.

561 2941 756 2981 ORATIO
798 2941 864 2979 DE
903 2939 1193 2980 MATUTINIS
1203 2964 1214 2976 .

158 3019 339 3073 Gratias
375 3019 482 3074 tibi
515 3019 766 3090 agimus,
811 3017 1047 3073 Domine
1078 3021 1294 3086 sancte,
1323 3018 1486 3070 Pater
1509 3013 1694 3068 omni-

107 3117 277 3180 potens,
309 3118 524 3168 azterne
553 3114 719 3179 Deus,
751 3103 978 3184 qui'nos
1003 3114 1284 3166 transacto
1309 3110 1491 3164 noctis
1516 3109 1696 3180 spatio

3325 331 3428 387 574

1718 452 1776 529 Α
1796 440 1880 498 tui
1909 447 1993 499 est
2021 443 2173 517 quod
2201 443 2272 499 ad
2300 447 2356 498 te
2403 442 2647 498 diluculo
2673 443 2996 516 vigilamus.
3025 442 3184 500 Dona
3211 441 3426 501 deside-

1797 532 2031 586 rabilem
2058 534 2274 588 fontem
2300 532 2439 586 lucis
2465 539 2590 604 post
2616 534 2875 588 tenebras
2895 533 3108 602 noctis;
3135 538 3199 589 ut
3215 533 3428 604 perfusi

1795 642 1921 680 rore
1949 627 2174 696 caelesti,
2218 631 2333 682 tota
2378 626 2466 682 die
2512 627 2822 698 refrigeriis
2871 627 3297 684 medicinalibus
3337 629 3424 684 fo-

1796 737 2051 776 veamur.

2549 790 2676 840 Alia.

1867 883 2246 952 Exsurgentes
2279 879 2348 934 de
2375 879 2656 934 cubilibus
2683 881 2908 949 nostris,
2929 881 3205 937 auxilium
3238 883 3430 955 gratias

1798 978 1908 1029 tum
1939 974 2232 1028 matutinis
2259 973 2520 1045 precibus
2551 974 2924 1045 imploramus
2939 993 2956 1044 ;
2989 979 3051 1030 ut
3069 976 3332 1032 discussis
3353 981 3429 1032 te-

1797 1068 1984 1124 nebris
1997 1067 2575 1139 vitiorum,ambolare
2589 1084 2910 1123 mereamur
2923 1069 2980 1123 in
2993 1068 3117 1125 luce
3129 1070 3424 1126 virtutum.

2543 1170 2671 1222 Alia.
3049 1215 3052 1222 .

1866 1256 2133 1313 Matutina
2179 1256 2502 1328 supplicum
2545 1261 2691 1324 vota,
2722 1257 2978 1326 Domine,
3017 1258 3298 1330 propitius
3335 1260 3421 1315 in-

1797 1353 1976 1420 tuere,
2006 1356 2062 1406 et
2089 1351 2309 1406 occulta
2343 1351 2525 1406 cordis
2561 1351 2738 1405 nostri
2768 1350 3018 1407 remedio
3049 1357 3164 1408 tua;
3191 1351 3429 1408 clariﬁca

1795 1444 2058 1516 pietatis;
2090 1448 2156 1499 ut
2195 1444 2468 1500 desideria
2497 1445 2794 1499 tenebrosa
2823 1461 2941 1500 non
2982 1450 3247 1516 teneant,
3285 1463 3428 1520 quos

1796 1536 1892 1591 lux
1922 1535 2156 1590 caelestis
2182 1536 2377 1607 gratiae
2408 1536 2706 1608 reparavit.
2735 1537 2860 1594 Per.

2537 1638 2665 1688 Alia.

1867 1725 1940 1777 Te
1977 1723 2162 1777 lucem
2199 1739 2392 1777 veram
2433 1726 2490 1778 et
2526 1723 2666 1779 lucis
2705 1729 3016 1796 auctorem,
3046 1724 3302 1795 Domine,
3330 1725 3428 1783 de-

1717 1830 1772 1902 B
1796 1833 2130 1887 precamur;
2163 1820 2226 1872 ut
2252 1817 2503 1887 digneris
2527 1818 2689 1872 nobis
2715 1819 2978 1875 tenebras
3005 1820 3278 1892 repellere
3303 1836 3429 1891 pec-

1795 1915 2067 1980 catorum,
2093 1914 2148 1966 et
2174 1910 2477 1968 clariticare
2505 1929 2607 1967 nos
2632 1912 2756 1968 luce
2782 1913 3079 1968 virtutum.

2346 2026 2696 2067 EXORCISML’M
2737 2027 2878 2066 OLEI.

1867 2107 2132 2163 Exorcizo
2186 2110 2263 2176 te,
2318 2109 2548 2180 spiritus
2598 2109 3054 2180 inmundissime,
3101 2126 3203 2182 per
3250 2111 3427 2166 Deum

1794 2203 2017 2257 Patrem
2028 2202 2474 2272 omnipotentem
2493 2207 2548 2257 et
2565 2205 2590 2257 J
2597 2219 2754 2258 esum
2771 2204 3057 2258 Christum
3081 2204 3286 2260 Filium
3306 2205 3428 2276 ejus

1796 2296 2098 2350 Dominum
2128 2299 2420 2364 nostrum;
2453 2301 2515 2350 ut
2543 2297 2728 2351 omnis
2750 2297 2922 2352 virtus
2945 2298 3268 2367 adversarii,
3301 2314 3426 2353 om-

1795 2406 1896 2443 nes
1922 2389 2204 2444 exercitus
2231 2389 2459 2457 diaboli,
2490 2407 2656 2444 omne
2684 2392 3020 2461 phantasma
3041 2391 3358 2446 eradicatur
3375 2395 3431 2446 et

1797 2483 2029 2553 effugiat
2057 2483 2125 2536 ab
2159 2483 2262 2536 hac
2307 2489 2563 2538 creatura
2601 2484 2740 2548 olei;
2784 2489 2840 2539 et
2875 2485 2944 2539 sit
2987 2485 3057 2555 ei,
3103 2485 3201 2556 qui
3229 2501 3298 2539 ex
3324 2485 3430 2540 hac

1796 2581 2052 2630 creatura
2107 2576 2213 2628 olei
2256 2576 2624 2647 contingitur,
2667 2577 3011 2648 ubicumque
3058 2579 3115 2632 in
3161 2578 3430 2632 membris

1795 2669 1944 2723 illius
1969 2668 2328 2740 tetigerit,vel
2352 2671 2612 2740 perfusus
2636 2671 2827 2738 fuerit,
2844 2672 3081 2725 Domino
3101 2671 3426 2740 auxiliante,

1794 2762 2248 2816 benedictionem
2275 2763 2564 2834 percipiat,
2583 2764 2823 2818 etvitam
2839 2769 3108 2819 aeternam
3141 2764 3430 2835 percipere

1798 2867 2138 2906 mereamur.

2387 2921 2687 2972 Benedictio
2721 2921 2842 2971 olei.

1868 3009 1986 3062 Rex
2013 3006 2208 3079 glorise
2233 3007 2543 3078 majestatis
2574 3013 2702 3074 tum,
2734 3008 2966 3062 Domine
2995 3009 3169 3077 Deus,
3197 3007 3432 3063 benedic

1798 3102 1942 3155 hanc
1969 3106 2288 3156 creaturam
2310 3101 2436 3167 olei,
2462 3106 2516 3156 et
2537 3102 2822 3156 sanctifica
2850 3118 2995 3156 eam.
3018 3101 3259 3156 lnfunde
3278 3101 3434 3156 illam

107 3204 155 3256 ad
179 3207 454 3261 matutinas
492 3207 657 3260 horas
685 3206 995 3277 perducere
1023 3204 1289 3276 dignatus
1329 3219 1388 3256 es
1421 3221 1433 3257 :
1465 3218 1692 3273 quaesu-
1717 3204 1770 3277 ρ
1794 3213 1826 3249 a
1866 3211 1993 3250 rore
2033 3196 2242 3250 caelesti
2284 3196 2484 3266 spiritu
2526 3196 2864 3266 sanctitatis;
2909 3200 2972 3251 ut
3025 3196 3432 3268 cujuscumque

106 3314 219 3369 mus,
249 3303 302 3354 ut
326 3300 506 3355 dones
533 3299 691 3353 nobis
707 3299 857 3353 diem
877 3299 1022 3352 hanc
1042 3299 1160 3351 sine
1187 3301 1418 3368 peccato
1437 3295 1693 3365 transire,

108 3396 339 3461 quatenus
364 3395 432 3449 ad
458 3409 777 3465 vesperum.
798 3393 1004 3464 gratias
1032 3391 1367 3447 referamus.

816 3494 946 3544 Alia.

159 3579 278 3636 Doni
314 3582 394 3636 tui
427 3585 540 3649 est,
573 3580 834 3651 Domine,
864 3579 1014 3652 quod
1046 3577 1367 3651 quievimus
1401 3593 1414 3630 :
1443 3576 1697 3631 muneris

154 3719 313 3773 “Post
349 3719 505 3773 hanc
555 3718 869 3772 orationem
916 3715 1170 3788 sequitur
1227 3714 1336 3768 alia
1381 3712 1697 3788 benedictio

106 3787 184 3841 olei
204 3791 432 3845 secunda
461 3805 664 3844 manu.
709 3783 1156 3858 Frequens-olim
1186 3802 1324 3840 usus
1349 3784 1460 3858 olei
1483 3783 1697 3858 erat_ad

105 3859 284 3915 morbos
311 3861 614 3916 sanandos.
654 3860 811 3915 Unde
833 3855 1080 3930 episcopi
1097 3872 1394 3929 nunquam
1421 3855 1542 3910 sine
1573 3855 1694 3909 oleo

1797 3306 1999 3360 corpus
2029 3290 2116 3343 vel
2154 3290 2476 3344 membrum
2508 3306 2576 3344 ex
2608 3307 2676 3344 eo
2711 3290 2884 3345 fuerit
2913 3289 3140 3344 linitum
3180 3291 3264 3344 vel
3298 3305 3429 3360 per-

1795 3384 2006 3448 fusum,
2040 3383 2296 3436 salutaris
2338 3383 2597 3453 gratiam,
2628 3388 2682 3438 et
2717 3387 3074 3454 peccatorum
3102 3382 3342 3451 veniam,
3376 3386 3432 3437 et

1797 3476 2093 3530 sanitatem
2124 3477 2399 3530 caelestem
2431 3476 2699 3546 consequi
2741 3480 3047 3531 mereatur.
3088 3477 3194 3530 Per
3236 3476 3427 3530 Domi—

1798 3587 1936 3624 num
1966 3574 2222 3624 nostrum
2253 3570 2444 3623 Jesum
2471 3568 2758 3623 Christum
2785 3568 2831 3622 ³.

1796 3719 2032 3775 peregre
2062 3701 2582 3775 proﬁciscebantur,
2611 3706 2675 3756 ut
2699 3700 2850 3756 varia
2881 3703 3140 3775 exempla
3168 3703 3427 3775 probant,

1797 3773 1925 3846 qum
1942 3773 2089 3829 alias
2116 3773 2436 3829 retulimus.

1377 4135 1486 4201 IN
1517 4135 1686 4198 DEI
1721 4133 2108 4201 NOMINE.

732 4273 1148 4358 INCIPIT
1235 4271 1746 4358 JUDICIUS
1837 4271 2757 4357 P/ENITENTIALIS.

155 4586 186 4623 ι.
221 4571 273 4627 Si
289 4573 413 4644 quis
428 4571 668 4628 clericus
679 4570 1048 4626 homicidium
1062 4569 1276 4639 fecerit,
1300 4572 1356 4625 et
1371 4568 1696 4640 proximum

99 4677 230 4720 suum
251 4668 541 4733 occiderit,
580 4666 776 4720 decem
804 4681 980 4719 annos
1018 4664 1173 4719 exsol
1201 4663 1228 4692 ⁸
1254 4663 1540 4734 paeniteat.
1571 4664 1698 4716 Post

99 4753 176 4810 hos
213 4762 514 4832 recipiatur
553 4760 615 4814 in
660 4759 905 4830 patriam
935 4758 1026 4812 cui
1067 4757 1366 4824 conmisit,
1399 4755 1698 4811 satisfaciat

98 4855 388 4917 parentibus
416 4856 542 4926 ejus
571 4869 743 4925 quem
768 4851 988 4906 occidit.

144 4961 191 4998 ιι.
222 4947 275 5001 Si
302 4949 428 5020 quis
463 4947 631 5002 ruina
656 4947 903 5001 maxima
930 4943 1188 5000 ceciderit
1217 4943 1264 5013 b,
1298 4948 1354 4999 et
1380 4943 1560 4999 ﬁlium
1593 4960 1691 5016 ge-

91 5040 262 5109 nuerit,
291 5047 515 5114 septem
542 5057 717 5096 annos
743 5040 1030 5112 paeniteat.

147 5148 212 5188 ιιι.
241 5135 292 5190 Si
319 5136 455 5207 quis
481 5139 670 5189 autem
700 5133 1079 5201 fornicaverit,
1110 5132 1252 5186 sicut
1280 5131 1583 5187 Sodomitas
1609 5131 1692 5185 fe-

89 5234 271 5298 cerunt,
301 5230 508 5284 decem
539 5245 715 5282 annos
743 5227 1030 5298 paeniteat,
1054 5217 1166 5281 tres
1187 5226 1247 5280 in
1275 5241 1420 5296 pane
1441 5229 1497 5280 et
1526 5240 1692 5295 aqua,

87 5323 129 5370 et
149 5337 460 5394 numquam
489 5339 618 5376 cum
645 5321 758 5376 alio
785 5321 1050 5376 dormiat.

139 5424 200 5465 ιν.
231 5411 282 5466 Si
314 5412 451 5484 quis
483 5428 610 5466 vero
640 5409 1014 5465 homicidium
1039 5425 1170 5464 casu
1198 5409 1412 5479 fecerit,
1448 5425 1562 5464 non
1591 5425 1692 5464 vo-

80 5498 195 5571 lens,
214 5506 478 5577 quinque
506 5522 679 5560 annos
704 5504 994 5577 paeniteat,
1027 5507 1142 5558 tres
1169 5504 1230 5558 in
1264 5519 1409 5575 pane
1441 5508 1497 5558 et
1523 5520 1689 5574 aqua.

137 5613 180 5651 γ.
206 5597 259 5654 Si
287 5600 423 5671 quis
469 5599 537 5654 ad
581 5598 955 5654 homicidium
981 5597 1300 5654 faciendum
1326 5597 1689 5666 consenserit,

135 5738 154 5815 έ
182 5742 250 5796 Ita
277 5743 558 5815 scriptum
583 5748 668 5798 est
707 5760 809 5815 pro
839 5743 1011 5798 emsul.

141 5814 161 5851 δ
187 5815 244 5868 1d
269 5820 357 5870 est
377 5813 492 5886 qui
517 5831 687 5886 grave
710 5813 946 5870 'crimen
989 5813 1211 5870 carnale
1252 5813 1619 5881 commiserit,
1648 5816 1694 5869 si

77 5888 208 5939 recte
238 5885 592 5957 conjicimus.

1799 4571 1854 4622 et
1881 4583 1996 4622 non
2037 4567 2249 4622 factum
2293 4569 2482 4636 fuerit,
2523 4572 2636 4624 tres
2665 4585 2842 4623 annos
2873 4568 3167 4640 paeniteat,
3205 4569 3343 4624 duos
3370 4568 3430 4623 in

1797 4678 1941 4731 pane
1969 4665 2025 4716 et
2049 4678 2218 4732 aqua.

1870 4768 1944 4805 v1.
1977 4751 2030 4807 Si
2074 4752 2200 4822 quis
2240 4753 2634 4824 perjuraverit,
2669 4758 2886 4825 septem
2933 4770 3114 4810 annos
3137 4752 3427 4825 paeniteat,

1797 4849 1910 4898 tres
1940 4845 1997 4898 in
2025 4861 2168 4915 pane
2197 4850 2250 4901 et
2275 4863 2442 4918 aqua,
2473 4850 2530 4902 et
2555 4864 2869 4920 numquam
2888 4848 3048 4919 juret
3071 4851 3282 4919 postea.

1869 4955 1967 4993 vn.
2001 4938 2056 4994 Si
2096 4939 2220 5009 quis
2245 4945 2467 4995 coactus
2493 4946 2592 4996 aut
2617 4943 2871 4998 nesciens
2894 4941 3287 5014 perjuraverit,
3321 4945 3432 4996 tres

1797 5053 1973 5092 annos
2000 5037 2289 5108 paeniteat,
2318 5055 2498 5094 unum
2527 5040 2586 5094 in
2614 5057 2762 5111 pane
2790 5053 2840 5093 ο.

1869 5147 1983 5187 vni.
2018 5129 2074 5186 Si
2106 5132 2234 5203 quis
2277 5133 2491 5188 furtum
2529 5134 2762 5204 capitale
2788 5133 3014 5203 fecerit,
3045 5133 3435 5206 quadrupedis.

1797 5225 1882 5280 vel
1907 5241 2062 5279 casas
2107 5225 2372 5298 fregerit,
2413 5227 2665 5298 quinque
2690 5243 2866 5281 annos
2898 5227 3193 5304 paeniteat,
3228 5232 3342 5285 tres
3371 5229 3432 5286 in

1797 5331 1962 5386 pane.

1869 5426 1942 5464 ix.
1975 5409 2032 5465 Si
2057 5410 2182 5481 quis
2207 5409 2484 5466 maleﬁcio
2509 5426 2611 5465 suo
2637 5408 2852 5482 aliquid
2874 5411 3201 5483 perdiderit,
3233 5412 3428 5468 decem

1796 5520 1974 5558 annos
1998 5505 2287 5575 paeniteat,
2320 5508 2433 5558 tres
2460 5504 2520 5559 in
2547 5520 2710 5576 pane.

1869 5614 1920 5652 x.
1950 5597 2003 5652 Si
2027 5597 2153 5670 quis
2183 5613 2286 5668 pro
2311 5614 2503 5656 amore
2535 5598 2874 5656 veneficium
2898 5600 3112 5669 fecerit,
3155 5603 3210 5654 et
3235 5596 3420 5651 nemi-

1864 5753 1887 5782 ο
1929 5741 2318 5814 Supplendum
2359 5743 2584 5801 videtur
2628 5745 2719 5801 hic
2757 5747 2816 5800 et
2857 5745 2913 5799 in
2963 5737 3344 5814 sequentibus,
3375 5743 3425 5791 et

1795 5829 1961 5883 aqua.
