3940 6178
455 285 558 349 578

1322 287 1654 345 APPENDIX
1689 289 1778 344 ΑΙ)
1813 288 2036 346 OPEltA
2072 291 2126 345 S.
2166 287 2467 346 ΟΕΗΜΑΝΙ
2503 285 2932 346 PARlSlENSlS.

3717 273 3819 343 576

453 414 590 456 nem
613 395 940 472 perdiderit,
968 401 1084 453 tres
1110 411 1288 452 annos
1313 395 1616 468 paeniteat,
1643 413 1826 452 unum
1853 397 1912 452 in
1940 413 2084 470 pane
2107 408 2164 484 Α
2257 412 2421 453 xxvn.
2455 395 2512 453 Si
2558 395 2686 468 quis
2727 395 2798 451 ad
2837 394 3066 451 arbores
3101 393 3190 451 vel
3224 393 3296 450 ad
3323 389 3510 450 fontes
3537 394 3640 450 aut
3681 408 3823 450 can-

457 499 514 550 et
537 509 706 567 aqua.

527 603 602 645 x1.
643 587 698 645 Si
728 587 854 660 quis
877 585 1106 642 mulieri
1124 589 1352 659 partum
1383 585 1690 658 deceperit,
1717 601 1815 642 sex
1841 585 2086 658 quadra-

459 698 632 756 genas
659 686 792 754 agat
813 680 871 736 in
899 696 1067 752 pane.

529 791 624 831 x11.
669 774 724 830 Si
753 773 878 847 quis
905 773 1139 829 clericus
1161 773 1249 829 vel
1280 772 1506 845 superio
1534 772 1746 844 gradus
1765 814 1778 841 ,
1819 771 1918 844 qui
1945 787 2086 826 uxo-

458 885 580 925 rem
607 868 824 936 habuit,
842 871 898 923 et
926 871 1053 940 post
1073 868 1348 924 honorem
1374 867 1583 923 iterum
1600 883 1724 922 eam
1743 865 2089 938 cognoverit,

458 963 594 1018 sciat
629 979 687 1016 se
731 955 1072 1018 adulterium
1099 961 1467 1018 commisisse.
1505 961 1750 1016 Clericus
1775 958 1802 988 ⁸
1829 963 2090 1032 quatuor,

457 1057 728 1112 diaconus
753 1074 869 1126 sex,
900 1057 1157 1112 sacerdos
1184 1061 1424 1128 septem,
1453 1055 1749 1128 episcopus
1772 1053 2090 1122 duodecim,

460 1151 670 1223 singuli
697 1151 756 1206 in
783 1167 928 1224 pane
954 1156 1010 1207 et
1034 1167 1184 1224 aqua
1201 1151 1368 1222 juxta
1396 1150 1655 1205 ordinem
1679 1165 1867 1205 suum.

531 1262 650 1302 xm.
691 1245 746 1300 Si
795 1246 920 1318 quis
962 1262 1092 1300 cum
1144 1244 1599 1300 sanctmmoniale
1625 1243 1710 1298 vel
1756 1245 1868 1298 Deo
1897 1243 2096 1299 devota

452 1339 835 1410 'fornicaverit,
862 1338 1253 1412 unusquisque
1299 1339 1588 1411 superiore
1630 1337 1906 1393 sententia
1928 1337 2096 1409 juxta

459 1423 724 1489 ordinem
751 1449 918 1488 suum
939 1431 1224 1505 paeniteat.

535 1544 646 1584 xrv.
675 1528 730 1583 Si
759 1527 886 1600 quis
905 1543 1038 1582 vero
1056 1530 1294 1599 propter
1307 1525 1839 1597 concupiscentiam,
1862 1526 1948 1581 vel
1971 1525 2095 1580 libi-

466 1621 657 1680 dinem
685 1621 934 1694 seipsum
959 1619 1338 1689 fomicaverit,
1362 1635 1544 1674 unum
1569 1635 1782 1674 annum
1808 1619 2096 1692 pmniteat.
2184 1620 2192 1626 ’

2186 490 2374 560 cellos,
2399 490 2487 545 vel
2517 489 2879 561 ubicumque,
2908 487 3018 544 nisi
3048 488 3107 544 in
3134 487 3387 558 ecclesia,
3417 493 3613 544 votum
3651 503 3825 544 vove-

2185 581 2280 654 rit,
2307 587 2405 638 aut
2441 582 2684 652 solverit,
2713 587 2827 638 tres
2851 598 3030 637 annos
3053 582 3564 653 paeniteat,-unum
3589 581 3652 636 in
3677 596 3831 654 pane

2188 679 2246 732 et
2267 693 2438 750 aqua,
2484 675 2618 748 quia
2663 677 2770 732 hoc
2813 675 3175 746 sacrilegium
3217 679 3322 731 est.
3369 676 3438 730 Et
3473 673 3573 748 qui
3609 674 3831 731 ibidem

2189 770 2499 826 comederit
2525 773 2624 824 aut
2648 768 2880 838 biberit,
2911 785 3092 824 unum
3119 785 3337 825 annum
3361 769 3654 841 paeniteat.

2264 891 2452 931 xxvm.
2481 875 2536 931 Si
2561 875 2691 948 quis
2734 874 2988 945 clericus,
3016 879 3312 946 postquam
3339 892 3398 930 se
3437 875 3551 932 Deo
3589 875 3826 946 voverit,

2190 969 2400 1023 iterum
2428 968 2499 1023 ad
2526 967 2799 1023 saeculum
2823 983 3080 1023 reversus
3103 967 3309 1036 fuerit,
3336 968 3424 1023 vel
3452 984 3692 1024 uxorem
3718 969 3828 1025 du-

2193 1062 2340 1118 xerit
2365 1063 2412 1132 ἀ,
2443 1061 2740 1118 duodecim
2785 1078 2962 1116 annos
3006 1061 3295 1134 paeniteat,
3337 1078 3436 1117 sex
3485 1062 3548 1116 in
3582 1077 3729 1134 pane
3774 1067 3832 1118 et

2191 1173 2358 1229 aqua,
2388 1161 2445 1211 et
2479 1171 2798 1230 numquam
2839 1155 2900 1210 in
2926 1155 3192 1228 conjugio
3227 1156 3541 1228 copuletur.
3583 1155 3746 1220 Quod
3782 1155 3831 1211 si

2193 1251 2500 1319 noluerint,
2542 1252 2732 1305 sancta
2770 1249 2930 1306 sedes
2981 1249 3288 1322 apostolica
3333 1250 3610 1322 separavit
3655 1266 3752 1304 eos
3798 1266 3834 1305 a

2195 1347 2601 1404 communione
2646 1352 2994 1403 sanctorum.
3039 1347 3312 1403 Similiter
3339 1354 3396 1404 et
3423 1348 3632 1404 mulier
3673 1352 3833 1420 post-

2195 1459 2367 1516 quam
2393 1459 2452 1498 se
2483 1443 2598 1498 Deo
2623 1442 2802 1514 vovit,
2832 1447 2888 1500 et
2914 1443 3024 1499 tale
3061 1442 3242 1497 scelus
3271 1441 3596 1512 admiserit,
3623 1441 3832 1497 simili-

2197 1541 2284 1593 ter
2309 1537 2497 1592 faciat.

2271 1647 2415 1687 xxrx.
2447 1629 2502 1686 Si
2529 1629 2658 1704 quis
2679 1629 2988 1686 falsitatem
3008 1627 3378 1699 commiserit,
3410 1633 3628 1700 septem
3653 1645 3836 1686 annos

459 1712 468 1718 ’
533 1731 622 1772 xv.
651 1715 707 1771 Si
744 1715 870 1788 quis
908 1715 1232 1788 sepulcrum
1268 1712 1582 1781 violaverit,
1627 1712 1880 1788 quinque
1919 1730 2168 1796 annos“
2199 1724 2490 1796 paeniteat,
2525 1727 2638 1779 tres
2661 1724 2723 1778 in
2747 1740 2917 1796 pane,

467 1809 753 1882 penite-at.

535 1920 644 1960 xvx.
674 1903 728 1958 Si
775 1903 904 1975 quis
957 1901 1671 1974 concupiscit‘mulierem,
1720 1903 1777 1956 et
1818 1916 1934 1955 non
1981 1899 2102 1956 vult

467 2013 593 2053 eam
619 1995 922 2068 suscipere,
951 2013 1132 2052 unum
1157 2011 1374 2050 annum
1397 1995 1684 2067 paeniteat.

535 2107 668 2148 xvu.
701 2090 757 2147 Si
783 2090 910 2163 quis
935 2089 1355 2158 eucharistiam,
1385 2105 1589 2159 corpus
1614 2087 1862 2156 Domini,
1893 2086 2094 2158 negle-

465 2185 612 2242 xerit
634 2190 732 2240 aut
756 2185 1066 2257 perdiderit
1088 2227 1102 2256 ,
1130 2200 1315 2238 unum
1338 2199 1554 2238 annum
1595 2181 1884 2255 paeniteat.
1915 2179 1970 2236 Si
1998 2195 2102 2252 per

466 2280 798 2336 ebrietatem
822 2282 920 2334 aut
943 2278 1306 2334 voracitatem
1334 2277 1497 2332 illum
1523 2275 1781 2345 vomerit,
1814 2279 1928 2330 tres
1957 2290 2100 2346 qua-

465 2373 812 2445 dragesimas
851 2373 911 2428 in
949 2389 1094 2444 pane
1135 2377 1191 2428 et
1227 2388 1394 2444 aqua.
1424 2371 1478 2426 Si
1509 2387 1641 2426 vero
1667 2386 1772 2442 per
1797 2368 2100 2424 inﬁrmita-

465 2470 606 2533 tem,
634 2483 749 2520 una
775 2467 1131 2522 hebdomada
1157 2467 1217 2520 in
1245 2481 1392 2537 pane
1423 2468 1479 2520 et
1504 2481 1671 2536 aqua.

537 2577 691 2617 xvm.
725 2560 781 2616 Si
809 2560 938 2632 quis
969 2559 1226 2630 clericus,
1255 2563 1355 2614 aut
1381 2574 1524 2613 uxor
1538 2575 1661 2626 sua,
1680 2557 1766 2612 vel
1787 2555 2106 2628 cujuscum-

465 2671 577 2728 que
600 2653 874 2710 infantem
901 2654 1263 2728 oppresserit,
1292 2658 1408 2708 tres
1435 2668 1614 2707 annos
1632 2651 2104 2724 paeniteat,unum

468 2750 529 2805 in
554 2765 722 2821 pane.

539 2859 650 2898 xIx.
683 2842 738 2898 Si
773 2842 900 2915 quis
935 2858 1064 2897 vero
1107 2840 1395 2897 maleﬁcus
1434 2838 1696 2895 inmissor
1732 2836 2102 2909 tempestatis,

469 2941 686 3010 septem
711 2953 888 2991 annos
917 2935 1201 3007 pmniteat,
1233 2940 1352 2990 tres
1380 2935 1438 2989 in
1464 2950 1612 3006 pane
1641 2936 1698 2988 et
1723 2947 1888 3004 aqua.

544 3045 634 3086 xx.
664 3029 718 3084 Si
746 3029 872 3101 quis
903 3033 1095 3084 autem
1129 3029 1453 3083 membrum
1491 3027 1778 3082 voluntate
1807 3029 2103 3080 truncave-

469 3124 562 3192 rit,
593 3123 846 3196 quinque
872 3139 1050 3177 annos
1074 3121 1358 3193 paeniteat.

542 3233 648 3274 xxi.
682 3217 738 3274 Si
782 3215 908 3289 quis
945 3219 1140 3271 autem
1180 3231 1380 3270 usuras
1405 3213 1432 3253 δ
1457 3213 1858 3286 undecumque
1899 3227 2104 3284 exege-

469 3311 563 3381 rit,
593 3315 708 3366 tres
735 3327 912 3366 annos
939 3309 1226 3381 paeniteat,
1256 3325 1438 3364 unum
1464 3307 1594 3362 in...

542 3421 672 3462 xxu.
701 3405 756 3461 Si
782 3404 912 3478 quis
954 3421 1056 3476 per
1096 3406 1430 3476 potestatem
1473 3404 1576 3456 aut
1617 3399 1907 3473 quodlibet
1941 3399 2106 3472 inge-

469 3500 632 3555 nium
671 3515 758 3554 res
801 3499 1012 3553 alienas
1053 3498 1212 3552 malo
1257 3496 1457 3552 ordine
1489 3493 1778 3565 invaserit,
1817 3493 2110 3566 superiore

473 3593 750 3648 sententia
776 3593 1064 3665 paeniteat.

544 3703 698 3742 xxui.
731 3686 787 3742 Si
811 3686 940 3758 quis
977 3685 1336 3758 sacrilegium
1373 3681 1586 3753 fecerit,
1631 3681 1783 3754 quod
1827 3681 2112 3753 aruspices

473 3784 696 3846 vocant,
725 3779 772 3833 si
796 3795 902 3850 per
929 3794 1060 3834 aves
1085 3783 1186 3834 aut
1209 3777 1410 3850 aguria
1429 3776 1644 3846 colunt,
1672 3777 1761 3832 vel
1790 3776 1862 3832 ad
1889 3775 2108 3830 divina-

476 3873 658 3928 tiones
685 3889 883 3928 eorum
909 3871 1140 3940 vadunt,
1168 3872 1420 3944 quinque
1457 3886 1637 3925 annos
1675 3871 1967 3944 paeniteat,
1997 3875 2112 3925 tres

478 3966 538 4022 in
561 3982 707 4038 pane
731 3969 789 4021 et
813 3949 978 4038 aqua:

551 4076 697 4116 xxiv.
727 4059 780 4117 Si
809 4059 937 4133 quis
963 4058 1198 4114 clericus
1217 4056 1544 4130 proximum
1563 4073 1731 4113 suum
1749 4057 2108 4130 percusserit,

477 4159 534 4211 et
559 4155 898 4228 sanguinem
924 4152 1154 4219 fuderit,
1187 4167 1300 4207 uno
1324 4151 1594 4225 paeniteat
1621 4167 1793 4206 anno.

546 4266 674 4306 xxv.
703 4250 758 4305 Si
787 4249 913 4320 quis
941 4247 1092 4302 malo
1117 4245 1316 4302 ordine
1338 4245 1598 4318 cupidus,
1630 4249 1730 4301 aut
1768 4262 1988 4316 avarus,
2015 4251 2114 4302 aut

475 4344 770 4416 superbus,
809 4347 908 4398 aut
939 4341 1272 4398 tenebrosus
1290 4382 1305 4410 ,
1333 4345 1434 4396 aut
1467 4340 1701 4396 fratrem
1727 4356 1895 4396 suum
1941 4338 2106 4413 [odio]

478 4437 758 4508 habuerit,
785 4441 901 4494 tres
927 4452 1102 4492 annos
1130 4433 1413 4507 paeniteat.

2117 1785 2175 1856 B

2270 1834 2393 1874 xxx.
2421 1817 2478 1872 Si
2503 1817 2630 1890 quis
2659 1834 2792 1872 cum
2817 1815 3209 1890 quadrupedia
3233 1815 3612 1885 fornicaverit,
3643 1816 3693 1871 si
3719 1816 3836 1872 cle-

2197 1911 2370 1982 ricus,
2404 1911 2544 1966 duos
2564 1927 2762 1981 annos,
2792 1911 3058 1967 diaconus
3085 1909 3360 1982 quinque,
3391 1909 3691 1982 presbyter
3716 1925 3838 1982 sep-

2198 2009 2336 2074 tem,
2365 2004 2662 2077 episcopus
2680 2004 2894 2060 decem.

2274 2115 2420 2154 xxxi.
2451 2098 2507 2154 Si
2545 2098 2672 2171 quis
2717 2097 2990 2152 Kalendas
3027 2097 3321 2153 Ianuarias
3358 2097 3416 2152 in
3458 2097 3704 2168 ccrvolo,
3752 2097 3840 2155 vel

2197 2192 2378 2249 vicola
2403 2205 2426 2233 ο
2459 2193 2632 2263 vadit,
2661 2195 2776 2248 tres
2805 2208 2982 2246 annos
3007 2191 3292 2263 paeniteat.

2273 2302 2439 2343 xxxn.
2470 2286 2524 2341 Si
2565 2285 2692 2358 quis
2718 2285 2928 2342 mulier
2967 2301 3230 2340 avorsum
3268 2284 3464 2340 fecerit
3505 2284 3839 2356 voluntarie,

2203 2385 2315 2436 tres
2338 2396 2516 2436 annos
2543 2381 2834 2451 paeniteat,
2863 2395 3048 2435 unum
3072 2379 3132 2434 in
3158 2395 3304 2452 pane
3332 2383 3389 2434 et
3405 2395 3574 2452 aqua.

2275 2498 2466 2538 xxxm.
2499 2480 2555 2536 Si
2579 2481 2705 2553 quis
2731 2497 2834 2553 per
2857 2480 3267 2536 invocationem
3292 2481 3624 2536 daemonum
3651 2481 3843 2537 homi-

2203 2593 2346 2632 num
2371 2578 2590 2630 mentes
2612 2575 2824 2645 tulerit,
2851 2574 3106 2647 quinque
3131 2591 3310 2629 annos
3337 2574 3624 2648 paeniteat.

2277 2695 2460 2734 xxxrv.
2489 2677 2546 2734 Si
2574 2677 2702 2750 quis
2738 2677 3020 2751 virginem
3051 2679 3145 2734 vel
3171 2679 3398 2734 viduam
3424 2682 3623 2749 raptus
3649 2678 3846 2750 fuerit,

2207 2776 2318 2828 tres
2343 2787 2520 2827 annos
2545 2771 2830 2844 pmniteat,
2858 2789 3040 2827 unum
3065 2772 3126 2826 in
3155 2788 3302 2846 pane
3330 2778 3386 2828 et
3407 2786 3575 2843 aqua.

2274 2891 2436 2931 xxxv.
2483 2874 2540 2930 Si
2578 2874 2705 2947 quis
2734 2874 3004 2930 dilaturas
3045 2875 3272 2947 fecerit,
3319 2875 3470 2947 quod
3503 2875 3846 2934 detestabile

2205 2975 2309 3041 est,
2341 2967 2635 3042 superiore
2664 2969 2945 3025 sententia
2972 2969 3278 3042 subjaceat.

2279 3089 2460 3130 xxxvi.
2489 3069 2545 3129 Si
2570 3071 2696 3144 quis
2741 3089 2967 3128 servum
3010 3073 3098 3128 vel
3127 3073 3606 3146 qualemcumque
3654 3073 3848 3130 homi-

2127 3161 2182 3236 Ο
2205 3179 2339 3219 nem
2391 3163 2451 3217 in
2499 3161 2881 3234 captivitatem
2908 3161 3155 3230 duxerit,
3193 3167 3309 3218 tres
3340 3178 3520 3217 annos
3548 3162 3847 3234 peniteat,

2208 3274 2389 3314 unum
2418 3255 2478 3310 in
2503 3271 2672 3328 pane.

2281 3375 2483 3416 XXXVII.
2511 3359 2568 3414 Si
2610 3359 2740 3432 quis
2786 3358 3020 3414 domum
3062 3358 3150 3415 vel
3189 3375 3381 3415 aream
3433 3358 3848 3432 cujuscumque

2210 3454 2342 3528 igne
2369 3453 2718 3523 cremaverit,
2747 3454 3037 3526 superiore
3069 3453 3348 3509 sententia
3372 3453 3666 3526 paeniteat.

2280 3574 2500 3614 xxxvul.
2531 3557 2587 3614 Si
2626 3557 2754 3630 quis
2795 3557 3010 3630 aliquid
3052 3557 3121 3612 de
3158 3555 3472 3612 ministerio
3515 3561 3726 3612 sanctae
3754 3573 3843 3613 ec-

2210 3653 2395 3708 clesias
2427 3651 2772 3707 fraudaverit
2794 3651 2880 3707 vel
2907 3650 3243 3723 neglexerit,
3271 3653 3493 3722 septem
3519 3666 3700 3706 annos
3725 3667 3846 3722 pre-

2210 3746 2408 3814 niteat,
2435 3750 2552 3802 tres
2579 3745 2639 3800 in
2665 3761 2832 3818 pane.

2281 3865 2462 3905 xxxxx.
2500 3847 2608 3913 Qui
2635 3847 2864 3920 pruritu
2891 3847 3191 3902 voluntatis
3223 3845 3463 3902 fluvium
3499 3846 3722 3919 patitur
3757 3863 3844 3902 se-

2211 3943 2400 4012 minis,
2429 3947 2486 3998 et
2509 3957 2614 4014 per
2638 3957 2904 4014 somnum
2927 3941 3178 4014 pollutus
3207 3941 3542 4012 peccaverit,
3567 3946 3769 4013 surgat
3795 3944 3848 3997 et

2211 4043 2335 4094 oret
2358 4036 2429 4092 ad
2459 4037 2662 4106 Deum,
2689 4039 2875 4091 cantet
2900 4039 3118 4106 septem
3144 4035 3392 4108 psalmos
3414 4076 3430 4106 ,
3456 4040 3517 4090 et
3542 4035 3637 4091 die
3665 4035 3765 4091 illo
3791 4035 3851 4089 in

2210 4147 2357 4204 pane
2377 4135 2434 4185 et
2456 4146 2602 4202 aqua
2629 4129 2810 4199 vivat;
2845 4133 2902 4184 et
2927 4129 3137 4184 iterum
3167 4133 3332 4184 canat
3348 4128 3588 4200 triginta
3605 4129 3852 4201 psalmos

2211 4224 2272 4280 in
2295 4239 2479 4294 cruce,
2509 4227 2566 4279 et
2587 4223 2659 4279 ad
2683 4223 2860 4278 altare
2884 4239 3004 4277 non
3031 4222 3260 4278 accedat
3285 4237 3468 4294 usque
3496 4238 3685 4278 mane.

2280 4345 2367 4383 XL.
2399 4327 2455 4384 Si
2480 4343 2582 4400 per
2606 4342 2873 4381 somnum
2898 4325 3212 4398 peccaverit
3251 4324 3414 4398 quasi
3438 4341 3570 4380 cum
3599 4325 3844 4393 femina,

2211 4420 2410 4495 viginti
2439 4421 2692 4494 quinque
2718 4420 2965 4492 psalmos
2989 4423 3192 4475 cantet.

550 4547 696 4586 xxvi.
737 4530 793 4587 Si
821 4529 948 4602 quis
988 4534 1166 4584 sortes
1193 4539 1219 4570 α
1251 4532 1574 4583 sanctorum
1604 4531 1800 4584 contra
1832 4527 2111 4583 rationem
2131 4539 2190 4612 D
2284 4541 2388 4581 xu.
2418 4524 2475 4581 Si
2500 4541 2570 4580 ex
2589 4523 2932 4596 cogitatione
2958 4540 3064 4596 per
3089 4540 3351 4579 somnum
3379 4525 3632 4596 pollutus
3654 4523 3846 4592 fuerit,

479 4623 718 4693 invocat,
738 4624 827 4679 vel
844 4625 981 4680 alias
1003 4627 1178 4679 sortes
1195 4621 1477 4694 habuerit,
1491 4626 1603 4678 tres
1623 4639 1804 4678 annos
1822 4621 2108 4694 paeniteat,

478 4733 660 4772 unum
684 4717 744 4773 in
770 4734 919 4790 pane
947 4721 1005 4772 et
1028 4733 1196 4790 aqua.

549 4864 574 4892 ³
613 4852 788 4908 Locus
827 4849 1211 4906 observatione
1236 4850 1464 4922 dignus
1490 4850 1558 4922 de
1585 4849 1930 4904 continentia
1952 4848 2112 4922 cleri-

477 4939 696 4993 corum,
725 4923 896 4978 etiam
926 4939 1124 4977 eorum
1151 4921 1250 4993 qui
1276 4921 1566 4992 c0njugati
1591 4927 1772 4976 erant.
1795 4921 2110 4993 Concilium

477 4991 826 5064 Africanum,
855 5011 888 5048 a
911 4991 1187 5048 Zacharia
1218 4991 1483 5064 pontifice
1518 4993 1762 5064 relatum
1789 4991 1850 5046 in
1877 4991 2112 5064 epistola

479 5067 512 5118 9
541 5067 629 5138 ad
656 5062 942 5138 Pipinum,
983 5081 1108 5138 cap.
1152 5062 1238 5138 tt,
1267 5063 1517 5138 minores
1541 5063 1773 5138 clericos
1815 5063 1887 5118 ad
1915 5062 2107 5138 'conti-

477 5135 738 5190 nentiam
756 5153 870 5190 non
884 5135 1068 5208 cogit,
1091 5136 1186 5190 sed
1211 5135 1497 5208 secundum
1519 5135 1932 5208 uniuscujusque
1954 5135 2114 5208 eccle-

475 5209 573 5261 sia
609 5205 1038 5263 consuetudinem
1065 5207 1340 5263 observari
1361 5207 1548 5262 debere
1573 5206 1770 5260 sancit.
1799 5205 2112 5260 Concilium

478 5277 880 5348 Matisconense
906 5320 920 5348 ,
959 5295 1083 5334 can.
1117 5281 1204 5348 tl,
1233 5279 1598 5333 honoratiores
1623 5281 1847 5348 tantum
1874 5277 2110 5348 clericos,

479 5347 536 5402 id
561 5354 646 5404 est
669 5347 931 5421 majores,
953 5350 1019 5404 ad
1048 5349 1106 5404 id
1135 5348 1452 5421 adstringit.
1483 5349 1734 5421 Fortasse
1759 5347 2110 5421 hic_clerico-

477 5436 608 5474 rum
654 5418 884 5476 nomine
919 5418 1251 5492 Vsubdiaconi
1290 5418 1614 5487 censentur,
1660 5418 1730 5492 de
1777 5418 1983 5492 quibus
2027 5418 2111 5492 vi-

479 5492 676 5565 denda,
709 5493 976 5565 Gregorii,
1016 5491 1215 5565 magni
1266 5492 1499 5564 epistola
1549 5493 1616 5547 42
1667 5490 1765 5546 lib.
1793 5490 1860 5548 ⁷⁷1.
1911 5490 2115 5565 Confer

479 5563 629 5636 Petri
657 5562 912 5619 Damiani
949 5562 1318 5636 Opusc'ulum'
1342 5567 1396 5632 7,
1423 5580 1456 5618 a
1481 5579 1608 5634 cap.
1658 5565 1723 5618 l0
1750 5565 1805 5617 et
1827 5577 1993 5617 num.
2021 5562 2128 5630 28,‘

479 5635 682 5760 miralit
709 5705 802 5759 hic
841 5704 998 5760 locus
1040 5703 1425 5759 observandus
1464 5707 1659 5758 contra
1701 5720 1918 5772 usuras,
1959 5703 2112 5758 nulla

485 5776 769 5846 mentione
793 5775 936 5830 facta
953 5775 1211 5846 solorum
1239 5773 1588 5846 clericorum.
1605 5776 1818 5846 Confer
1835 5775 2110 5846 painitene

485 5843 612 5898 tiale
638 5845 988 5913 Cummeani,
1016 5862 1138 5918 cap.
1181 5848 1236 5916 8,
1265 5843 1360 5900 ubi
1397 5843 1667 5900 usurariis
1708 5843 1951 5919 quatuor
1978 5845 2113 5902 anni

2211 4619 2538 4694 quindecim
2563 4617 2809 4691 psalmos
2834 4617 3003 4673 dicat.

2282 4729 2411 4769 XL".
2449 4713 2505 4770 Si
2547 4729 2616 4768 ex
2653 4728 2891 4784 corpore
2933 4711 3149 4784 repleto
3187 4713 3441 4784 pollutus
3465 4713 3660 4783 fuerit,
3691 4711 3849 4786 psal-

2249 4847 2990 4920 muitentizeimponuntur.
3027 4848 3218 4920 Exstat
3253 4863 3386 4902 cum
3427 4846 3697 4920 operibus
3743 4847 3853 4903 Co-

2236 4918 2466 4974 umbani
2497 4917 2760 4974 editionis
2787 4918 3144 4973 Lovaniensis
3169 4935 3260 4973 an.
3298 4921 3456 4974 1667.

2281 5005 2312 5114 ct
2339 4991 2526 5114 Sorte:
2567 4989 2847 5061 ejusmodi
2878 4988 3089 5045 fiebant
3124 5005 3228 5061 per
3272 5005 3458 5044 sacros
3493 4989 3716 5046 codices
3744 5033 3762 5060 ,
3792 4993 3860 5045 ut

2281 5084 2286 5112 ι
2315 5078 2413 5114 um
2440 5077 2500 5114 BS
2522 5099 2545 5114 -.

2209 5066 2413 5118 notum
2440 5066 2545 5116 est.

2281 5133 2308 5174 ά
2339 5134 2467 5187 Haec
2492 5131 2692 5205 iisdem
2718 5131 2897 5187 ferme
2921 5131 3109 5188 verbis
3125 5131 3374 5205 reperies
3394 5132 3456 5187 in
3469 5132 3860 5189 Pcenitentiali

2211 5203 2564 5270 Cummeani,
2594 5220 2719 5274 cap.
2747 5207 2798 5259 3.

2281 5287 2304 5316 ο
2341 5274 2670 5346 Legendum
2697 5275 2934 5341 videtur,
2970 5275 3141 5330 vitata
3167 5291 3270 5346 pro
3294 5275 3494 5338 vitula,
3509 5279 3574 5330 ut
3605 5275 3663 5330 in
3685 5275 3866 5331 variis

2212 5347 2368 5402 locis.
2424 5347 2483 5400 ln
2535 5361 2793 5400 sermone
2848 5349 3037 5400 tamen
3085 5347 3262 5400 sancti
3299 5347 3566 5402 Pirminii
3608 5363 3640 5401 a
3685 5348 3866 5402 nobis

2213 5419 2382 5486 edito,
2411 5416 2700 5490 qualisest
2722 5417 2783 5470 in
2814 5417 3019 5490 ‘Codice
3049 5417 3382 5490 Einsidlensj
3410 5459 3424 5486 ,
3454 5418 3681 5490 legitur,
3699 5420 3868 5472 vehi-

2211 5491 2381 5562 culas,
2411 5487 2564 5542 torno
2597 5488 2660 5542 IV
2693 5487 2964 5562 Analect.,
3007 5504 3149 5562 pag._
3179 5490 3304 5562 586.
3341 5489 3507 5544 Forte
3522 5487 3690 5562 quod
3717 5507 3867 5560 pro-

2212 5561 2548 5616 hiberentur
2571 5560 2914 5631 vectationes
2937 5559 2997 5614 in
3025 5559 3296 5614 vehiculis
3327 5576 3459 5631 quae
3494 5559 3572 5615 ali
3595 5559 3866 5616 hornini-

2212 5631 2316 5686 bus
2345 5631 2425 5703 in
2444 5630 2689 5703 speciem
2716 5647 2987 5702 pecorum
3012 5631 3335 5703 compositis
3349 5630 3768 5687 trahebantur.
3804 5635 3864 5688 In

2253 5701 2543 5775 raefatione
2569 5701 2638 5758 de
2662 5701 3062 5775 Assumptione
3090 5701 3342 5775 Deipara:
3361 5719 3556 5775 supra,
3585 5719 3721 5774 pag.
3756 5707 3857 5760 301

2233 5771 2345 5898 fugi.
2370 5774 2500 5829 edit.
2533 5775 2633 5830 col.
2665 5775 2766 5830 447
2809 5771 2978 5846 init),
3015 5771 3228 5848 legitur
3270 5771 3866 5850 veicolitmpro'rehi-

2233 5860 2276 5898 ni
2300 5859 2410 5898 um.

2211 5859 2410 5902 cuium.
