  <div class='ocr_page' id='page_1' title='image "/cluster/home/n/w/nwhite01/storage/ocr_20150623/72/hvd.32044054758768/294.png"; bbox 0 0 4036 6188; ppageno 0'>
   <div class='ocr_carea' id='block_1_1' title="bbox 185 251 3518 324">
    <p class='ocr_par' dir='ltr' id='par_1_1' title="bbox 185 251 3518 324">
     <span class='ocr_line' id='line_1_1' title="bbox 185 251 3518 324; baseline -0.002 -2"><span class='ocrx_word' id='word_1_1' title='bbox 185 269 265 324; x_wconf 82' lang='grc'>577</span> <span class='ocrx_word' id='word_1_2' title='bbox 523 257 939 317; x_wconf 81' lang='lat' dir='ltr'>SACRAMENT.</span> <span class='ocrx_word' id='word_1_3' title='bbox 979 259 1322 316; x_wconf 81' lang='lat' dir='ltr'>GALLIC.-—</span> <span class='ocrx_word' id='word_1_4' title='bbox 1346 257 1548 313; x_wconf 81' lang='lat' dir='ltr'><strong>RATIO</strong></span> <span class='ocrx_word' id='word_1_5' title='bbox 1585 256 2068 314; x_wconf 76' lang='lat' dir='ltr'>lNSTlTUTlONlS</span> <span class='ocrx_word' id='word_1_6' title='bbox 2105 257 2421 314; x_wconf 76' lang='lat' dir='ltr'>CURSUUM</span> <span class='ocrx_word' id='word_1_7' title='bbox 2465 253 3136 316; x_wconf 82' lang='lat' dir='ltr'>ECCLESIASTICORUM.</span> <span class='ocrx_word' id='word_1_8' title='bbox 3416 251 3518 316; x_wconf 66' lang='lat'>378</span> 
     </span>
    </p>
   </div>
   <div class='ocr_carea' id='block_1_2' title="bbox 179 366 3516 452">
    <p class='ocr_par' dir='ltr' id='par_1_2' title="bbox 179 366 3516 452">
     <span class='ocr_line' id='line_1_2' title="bbox 179 366 3516 452; baseline -0.001 -24"><span class='ocrx_word' id='word_1_9' title='bbox 179 389 281 430; x_wconf 92' lang='lat' dir='ltr'>mos</span> <span class='ocrx_word' id='word_1_10' title='bbox 304 369 589 426; x_wconf 88' lang='lat' dir='ltr'>duodecim</span> <span class='ocrx_word' id='word_1_11' title='bbox 615 369 779 438; x_wconf 80' lang='lat' dir='ltr'>dicat,</span> <span class='ocrx_word' id='word_1_12' title='bbox 809 372 865 423; x_wconf 90' lang='lat' dir='ltr'>et</span> <span class='ocrx_word' id='word_1_13' title='bbox 891 367 979 424; x_wconf 91' lang='lat' dir='ltr'>die</span> <span class='ocrx_word' id='word_1_14' title='bbox 1005 367 1104 422; x_wconf 91' lang='lat' dir='ltr'>illo</span> <span class='ocrx_word' id='word_1_15' title='bbox 1125 367 1366 440; x_wconf 80' lang='lat' dir='ltr'>jejunet.</span> <span class='ocrx_word' id='word_1_16' title='bbox 1799 380 1859 452; x_wconf 79' lang='grc' dir='ltr'><strong>Α</strong></span> <span class='ocrx_word' id='word_1_17' title='bbox 1879 367 2005 440; x_wconf 53' lang='grc' dir='ltr'><strong>ἰθινι</strong></span> <span class='ocrx_word' id='word_1_18' title='bbox 2029 369 2283 437; x_wconf 81' lang='lat' dir='ltr'>calicem,</span> <span class='ocrx_word' id='word_1_19' title='bbox 2313 371 2368 422; x_wconf 90' lang='lat' dir='ltr'>et</span> <span class='ocrx_word' id='word_1_20' title='bbox 2395 367 2658 423; x_wconf 75' lang='lat' dir='ltr'>effuderit</span> <span class='ocrx_word' id='word_1_21' title='bbox 2692 367 2752 422; x_wconf 91' lang='lat' dir='ltr'>in</span> <span class='ocrx_word' id='word_1_22' title='bbox 2807 373 3034 437; x_wconf 78' lang='lat' dir='ltr'>terram,</span> <span class='ocrx_word' id='word_1_23' title='bbox 3089 368 3285 423; x_wconf 87' lang='lat' dir='ltr'>decem</span> <span class='ocrx_word' id='word_1_24' title='bbox 3317 366 3516 424; x_wconf 83' lang='lat' dir='ltr'>diebus</span> 
     </span>
    </p>
   </div>
   <div class='ocr_carea' id='block_1_3' title="bbox 235 459 2674 536">
    <p class='ocr_par' dir='ltr' id='par_1_3' title="bbox 235 459 2674 536">
     <span class='ocr_line' id='line_1_3' title="bbox 235 459 2674 536; baseline -0.002 -14"><span class='ocrx_word' id='word_1_25' title='bbox 235 481 370 522; x_wconf 80' lang='lat' dir='ltr'>mu.</span> <span class='ocrx_word' id='word_1_26' title='bbox 398 463 450 520; x_wconf 88' lang='lat' dir='ltr'>Si</span> <span class='ocrx_word' id='word_1_27' title='bbox 477 465 606 536; x_wconf 85' lang='lat' dir='ltr'>quis</span> <span class='ocrx_word' id='word_1_28' title='bbox 638 461 977 519; x_wconf 85' lang='lat' dir='ltr'>sacriﬁcium</span> <span class='ocrx_word' id='word_1_29' title='bbox 1003 478 1106 534; x_wconf 88' lang='lat' dir='ltr'>per</span> <span class='ocrx_word' id='word_1_30' title='bbox 1133 459 1544 533; x_wconf 82' lang='lat' dir='ltr'>negligentiam</span> <span class='ocrx_word' id='word_1_31' title='bbox 1587 459 1776 532; x_wconf 90' lang='lat' dir='ltr'>perdi-</span> <span class='ocrx_word' id='word_1_32' title='bbox 1879 462 2152 534; x_wconf 83' lang='lat' dir='ltr'>paeniteat</span> <span class='ocrx_word' id='word_1_33' title='bbox 2175 463 2233 517; x_wconf 91' lang='lat' dir='ltr'>in</span> <span class='ocrx_word' id='word_1_34' title='bbox 2256 478 2403 534; x_wconf 85' lang='lat' dir='ltr'>pane</span> <span class='ocrx_word' id='word_1_35' title='bbox 2429 464 2486 517; x_wconf 89' lang='lat' dir='ltr'>et</span> <span class='ocrx_word' id='word_1_36' title='bbox 2508 479 2674 534; x_wconf 87' lang='lat' dir='ltr'>aqua.</span> 
     </span>
    </p>
   </div>
   <div class='ocr_carea' id='block_1_4' title="bbox 183 556 3514 629">
    <p class='ocr_par' dir='ltr' id='par_1_4' title="bbox 183 556 3514 629">
     <span class='ocr_line' id='line_1_4' title="bbox 183 556 3514 629; baseline -0.002 -13"><span class='ocrx_word' id='word_1_37' title='bbox 183 559 316 628; x_wconf 86' lang='lat' dir='ltr'>derit,</span> <span class='ocrx_word' id='word_1_38' title='bbox 343 573 452 612; x_wconf 91' lang='lat' dir='ltr'>uno</span> <span class='ocrx_word' id='word_1_39' title='bbox 478 574 630 612; x_wconf 89' lang='lat' dir='ltr'>anno</span> <span class='ocrx_word' id='word_1_40' title='bbox 656 556 939 629; x_wconf 76' lang='lat' dir='ltr'>paeniteat.</span> <span class='ocrx_word' id='word_1_41' title='bbox 1953 572 2114 611; x_wconf 77' lang='lat' dir='ltr'>XLVII.</span> <span class='ocrx_word' id='word_1_42' title='bbox 2137 556 2194 612; x_wconf 89' lang='lat' dir='ltr'>Si</span> <span class='ocrx_word' id='word_1_43' title='bbox 2227 556 2568 612; x_wconf 73' lang='lat' dir='ltr'>tutoaveritc</span> <span class='ocrx_word' id='word_1_44' title='bbox 2607 557 2862 610; x_wconf 78' lang='lat' dir='ltr'>sacerdos</span> <span class='ocrx_word' id='word_1_45' title='bbox 2902 572 3075 627; x_wconf 89' lang='lat' dir='ltr'>super</span> <span class='ocrx_word' id='word_1_46' title='bbox 3112 557 3365 612; x_wconf 84' lang='lat' dir='ltr'>oratione</span> <span class='ocrx_word' id='word_1_47' title='bbox 3409 559 3514 612; x_wconf 80' lang='lat' dir='ltr'>Do-</span> 
     </span>
    </p>
   </div>
   <div class='ocr_carea' id='block_1_5' title="bbox 233 647 3519 723">
    <p class='ocr_par' dir='ltr' id='par_1_5' title="bbox 233 647 3519 723">
     <span class='ocr_line' id='line_1_5' title="bbox 233 647 3519 723; baseline -0.001 -15"><span class='ocrx_word' id='word_1_48' title='bbox 233 667 359 708; x_wconf 81' lang='lat' dir='ltr'>xuv.</span> <span class='ocrx_word' id='word_1_49' title='bbox 390 651 456 706; x_wconf 89' lang='lat' dir='ltr'>Et</span> <span class='ocrx_word' id='word_1_50' title='bbox 490 651 592 722; x_wconf 87' lang='lat' dir='ltr'>qui</span> <span class='ocrx_word' id='word_1_51' title='bbox 618 649 937 722; x_wconf 77' lang='lat' dir='ltr'>neglexerit</span> <span class='ocrx_word' id='word_1_52' title='bbox 962 647 1319 718; x_wconf 83' lang='lat' dir='ltr'>sacriﬁcium,</span> <span class='ocrx_word' id='word_1_53' title='bbox 1353 651 1410 702; x_wconf 91' lang='lat' dir='ltr'>et</span> <span class='ocrx_word' id='word_1_54' title='bbox 1437 665 1471 703; x_wconf 89' lang='lat' dir='ltr'>a</span> <span class='ocrx_word' id='word_1_55' title='bbox 1495 647 1780 704; x_wconf 76' lang='lat' dir='ltr'>vermibus</span> <span class='ocrx_word' id='word_1_56' title='bbox 1880 649 2108 720; x_wconf 88' lang='lat' dir='ltr'>minica,</span> <span class='ocrx_word' id='word_1_57' title='bbox 2141 649 2231 704; x_wconf 87' lang='lat' dir='ltr'>die</span> <span class='ocrx_word' id='word_1_58' title='bbox 2249 667 2362 704; x_wconf 93' lang='lat' dir='ltr'>uno</span> <span class='ocrx_word' id='word_1_59' title='bbox 2388 649 2444 705; x_wconf 92' lang='lat' dir='ltr'>in</span> <span class='ocrx_word' id='word_1_60' title='bbox 2473 667 2621 723; x_wconf 87' lang='lat' dir='ltr'>pane</span> <span class='ocrx_word' id='word_1_61' title='bbox 2643 655 2699 704; x_wconf 89' lang='lat' dir='ltr'>et</span> <span class='ocrx_word' id='word_1_62' title='bbox 2722 666 2885 721; x_wconf 91' lang='lat' dir='ltr'>aqua.</span> <span class='ocrx_word' id='word_1_63' title='bbox 2919 649 3025 714; x_wconf 88' lang='lat' dir='ltr'>Qui</span> <span class='ocrx_word' id='word_1_64' title='bbox 3049 655 3236 704; x_wconf 80' lang='lat' dir='ltr'>autem</span> <span class='ocrx_word' id='word_1_65' title='bbox 3266 669 3519 706; x_wconf 81' lang='lat' dir='ltr'>commu-</span> 
     </span>
    </p>
   </div>
   <div class='ocr_carea' id='block_1_6' title="bbox 177 741 3518 816">
    <p class='ocr_par' dir='ltr' id='par_1_6' title="bbox 177 741 3518 816">
     <span class='ocr_line' id='line_1_6' title="bbox 177 741 3518 816; baseline -0.001 -16"><span class='ocrx_word' id='word_1_66' title='bbox 177 743 571 814; x_wconf 80' lang='lat' dir='ltr'>consumatur‘,</span> <span class='ocrx_word' id='word_1_67' title='bbox 595 743 832 798; x_wconf 89' lang='lat' dir='ltr'>dimidio</span> <span class='ocrx_word' id='word_1_68' title='bbox 847 759 998 798; x_wconf 89' lang='lat' dir='ltr'>anno</span> <span class='ocrx_word' id='word_1_69' title='bbox 1014 742 1282 815; x_wconf 70' lang='lat' dir='ltr'>paeniteat</span> <span class='ocrx_word' id='word_1_70' title='bbox 1297 741 1355 796; x_wconf 91' lang='lat' dir='ltr'>in</span> <span class='ocrx_word' id='word_1_71' title='bbox 1378 758 1522 812; x_wconf 88' lang='lat' dir='ltr'>pane</span> <span class='ocrx_word' id='word_1_72' title='bbox 1541 747 1598 797; x_wconf 88' lang='lat' dir='ltr'>et</span> <span class='ocrx_word' id='word_1_73' title='bbox 1612 758 1776 814; x_wconf 88' lang='lat' dir='ltr'>aqua.</span> <span class='ocrx_word' id='word_1_74' title='bbox 1879 743 2151 798; x_wconf 88' lang='lat' dir='ltr'>nicaverit</span> <span class='ocrx_word' id='word_1_75' title='bbox 2188 743 2477 798; x_wconf 89' lang='lat' dir='ltr'>inconsius</span> <span class='ocrx_word' id='word_1_76' title='bbox 2505 745 2552 813; x_wconf 76' lang='grc' dir='ltr'>ἀ,</span> <span class='ocrx_word' id='word_1_77' title='bbox 2593 748 2809 816; x_wconf 80' lang='lat' dir='ltr'>septem</span> <span class='ocrx_word' id='word_1_78' title='bbox 2842 743 3038 797; x_wconf 91' lang='lat' dir='ltr'>diebus</span> <span class='ocrx_word' id='word_1_79' title='bbox 3081 744 3368 815; x_wconf 64' lang='lat' dir='ltr'>paeniteat.</span> <span class='ocrx_word' id='word_1_80' title='bbox 3411 744 3518 809; x_wconf 86' lang='lat' dir='ltr'>Qui</span> 
     </span>
    </p>
   </div>
   <div class='ocr_carea' id='block_1_7' title="bbox 177 835 3516 915">
    <p class='ocr_par' dir='ltr' id='par_1_7' title="bbox 177 835 3516 915">
     <span class='ocr_line' id='line_1_7' title="bbox 177 835 3516 915; baseline -0.002 -19"><span class='ocrx_word' id='word_1_81' title='bbox 177 841 230 896; x_wconf 85' lang='lat' dir='ltr'>Et</span> <span class='ocrx_word' id='word_1_82' title='bbox 247 839 421 910; x_wconf 88' lang='lat' dir='ltr'>ipsum</span> <span class='ocrx_word' id='word_1_83' title='bbox 449 837 508 892; x_wconf 92' lang='lat' dir='ltr'>in</span> <span class='ocrx_word' id='word_1_84' title='bbox 540 837 675 910; x_wconf 89' lang='lat' dir='ltr'>igne</span> <span class='ocrx_word' id='word_1_85' title='bbox 708 838 1095 906; x_wconf 88' lang='lat' dir='ltr'>comburatur,</span> <span class='ocrx_word' id='word_1_86' title='bbox 1139 841 1197 915; x_wconf 79' lang='lat' dir='ltr'>et</span> <span class='ocrx_word' id='word_1_87' title='bbox 1229 835 1536 890; x_wconf 84' lang='lat' dir='ltr'>abscondat</span> <span class='ocrx_word' id='word_1_88' title='bbox 1565 835 1781 891; x_wconf 86' lang='lat' dir='ltr'>cineres</span> <span class='ocrx_word' id='word_1_89' title='bbox 1880 854 1982 909; x_wconf 91' lang='lat' dir='ltr'>per</span> <span class='ocrx_word' id='word_1_90' title='bbox 2010 837 2385 908; x_wconf 80' lang='lat' dir='ltr'>ignorantiam</span> <span class='ocrx_word' id='word_1_91' title='bbox 2427 835 2946 906; x_wconf 89' lang='lat' dir='ltr'>communicaverit,</span> <span class='ocrx_word' id='word_1_92' title='bbox 2977 853 3073 892; x_wconf 87' lang='lat' dir='ltr'>sex</span> <span class='ocrx_word' id='word_1_93' title='bbox 3110 837 3308 894; x_wconf 89' lang='lat' dir='ltr'>diebus</span> <span class='ocrx_word' id='word_1_94' title='bbox 3336 837 3516 908; x_wconf 82' lang='lat' dir='ltr'>paeni-</span> 
     </span>
    </p>
   </div>
   <div class='ocr_carea' id='block_1_8' title="bbox 176 933 2014 988">
    <p class='ocr_par' dir='ltr' id='par_1_8' title="bbox 176 933 2014 988">
     <span class='ocr_line' id='line_1_8' title="bbox 176 933 2014 988; baseline -0.001 -1"><span class='ocrx_word' id='word_1_95' title='bbox 176 933 260 988; x_wconf 85' lang='lat' dir='ltr'>sub</span> <span class='ocrx_word' id='word_1_96' title='bbox 281 933 466 987; x_wconf 85' lang='lat' dir='ltr'>altare.</span> <span class='ocrx_word' id='word_1_97' title='bbox 1879 935 2014 987; x_wconf 91' lang='lat' dir='ltr'>teat.</span> 
     </span>
    </p>
   </div>
   <div class='ocr_carea' id='block_1_9' title="bbox 231 1010 1825 1096">
    <p class='ocr_par' dir='ltr' id='par_1_9' title="bbox 231 1021 1778 1096">
     <span class='ocr_line' id='line_1_9' title="bbox 231 1021 1778 1096; baseline -0.004 -15"><span class='ocrx_word' id='word_1_98' title='bbox 231 1043 338 1081; x_wconf 76' lang='lat' dir='ltr'>XLV.</span> <span class='ocrx_word' id='word_1_99' title='bbox 365 1023 469 1090; x_wconf 86' lang='lat' dir='ltr'>Qui</span> <span class='ocrx_word' id='word_1_100' title='bbox 493 1028 687 1080; x_wconf 88' lang='lat' dir='ltr'>autem</span> <span class='ocrx_word' id='word_1_101' title='bbox 713 1025 930 1080; x_wconf 80' lang='lat' dir='ltr'>miserit</span> <span class='ocrx_word' id='word_1_102' title='bbox 970 1041 1071 1096; x_wconf 91' lang='lat' dir='ltr'>per</span> <span class='ocrx_word' id='word_1_103' title='bbox 1099 1024 1422 1096; x_wconf 89' lang='lat' dir='ltr'>neglectum</span> <span class='ocrx_word' id='word_1_104' title='bbox 1459 1023 1518 1077; x_wconf 90' lang='lat' dir='ltr'>in</span> <span class='ocrx_word' id='word_1_105' title='bbox 1567 1021 1778 1076; x_wconf 85' lang='lat' dir='ltr'>sacriﬁ-</span> 
     </span>
    </p>
   </div>
   <div class='ocr_carea' id='block_1_10' title="bbox 1457 1010 3051 1096">
    <p class='ocr_par' dir='ltr' id='par_1_10' title="bbox 1459 1010 3051 1077">
     <span class='ocr_line' id='line_1_10' title="bbox 1459 1010 3051 1077; baseline -0.008 -5"><span class='ocrx_word' id='word_1_106' title='bbox 1459 1023 1518 1077; x_wconf 86' lang='lat' dir='ltr'>in</span> <span class='ocrx_word' id='word_1_107' title='bbox 1567 1021 1778 1076; x_wconf 78' lang='lat' dir='ltr'>sacriﬁ-</span> <span class='ocrx_word' id='word_1_108' title='bbox 2359 1011 2531 1062; x_wconf 87' lang='lat' dir='ltr'>Oratio</span> <span class='ocrx_word' id='word_1_109' title='bbox 2559 1023 2720 1074; x_wconf 85' lang='lat' dir='ltr'>super</span> <span class='ocrx_word' id='word_1_110' title='bbox 2749 1010 3051 1074; x_wconf 68' lang='lat' dir='ltr'>paenitente.</span> 
     </span>
    </p>
   </div>
   <div class='ocr_carea' id='block_1_11' title="bbox 176 1118 3516 1191">
    <p class='ocr_par' dir='ltr' id='par_1_11' title="bbox 176 1118 3516 1191">
     <span class='ocr_line' id='line_1_11' title="bbox 176 1118 3516 1191; baseline -0 -15"><span class='ocrx_word' id='word_1_111' title='bbox 176 1121 300 1176; x_wconf 86' lang='lat' dir='ltr'>cium</span> <span class='ocrx_word' id='word_1_112' title='bbox 325 1119 370 1187; x_wconf 71' lang='grc' dir='ltr'>δ,</span> <span class='ocrx_word' id='word_1_113' title='bbox 399 1118 778 1191; x_wconf 82' lang='lat' dir='ltr'>quadraginta</span> <span class='ocrx_word' id='word_1_114' title='bbox 802 1118 999 1173; x_wconf 87' lang='lat' dir='ltr'>diebus</span> <span class='ocrx_word' id='word_1_115' title='bbox 1026 1119 1311 1191; x_wconf 74' lang='lat' dir='ltr'>paeniteat.</span> <span class='ocrx_word' id='word_1_116' title='bbox 1912 1173 1916 1176; x_wconf 80' lang='grc'>,</span> <span class='ocrx_word' id='word_1_117' title='bbox 1954 1119 2136 1174; x_wconf 92' lang='lat' dir='ltr'>Deum</span> <span class='ocrx_word' id='word_1_118' title='bbox 2179 1119 2628 1191; x_wconf 82' lang='lat' dir='ltr'>omnipotentem</span> <span class='ocrx_word' id='word_1_119' title='bbox 2676 1137 2740 1172; x_wconf 92' lang='lat' dir='ltr'>ac</span> <span class='ocrx_word' id='word_1_120' title='bbox 2776 1118 3218 1187; x_wconf 84' lang='lat' dir='ltr'>misericordem,</span> <span class='ocrx_word' id='word_1_121' title='bbox 3257 1119 3356 1190; x_wconf 90' lang='lat' dir='ltr'>qui</span> <span class='ocrx_word' id='word_1_122' title='bbox 3397 1137 3516 1176; x_wconf 90' lang='lat' dir='ltr'>non</span> 
     </span>
    </p>
   </div>
   <div class='ocr_carea' id='block_1_12' title="bbox 232 1209 3520 1284">
    <p class='ocr_par' dir='ltr' id='par_1_12' title="bbox 232 1209 3520 1284">
     <span class='ocr_line' id='line_1_12' title="bbox 232 1209 3520 1284; baseline -0.001 -14"><span class='ocrx_word' id='word_1_123' title='bbox 232 1231 358 1270; x_wconf 73' lang='lat' dir='ltr'>XLVI.</span> <span class='ocrx_word' id='word_1_124' title='bbox 386 1213 658 1270; x_wconf 87' lang='lat' dir='ltr'>Sacerdos</span> <span class='ocrx_word' id='word_1_125' title='bbox 693 1212 793 1283; x_wconf 89' lang='lat' dir='ltr'>qui</span> <span class='ocrx_word' id='word_1_126' title='bbox 822 1211 1006 1282; x_wconf 65' lang='lat' dir='ltr'>offert,</span> <span class='ocrx_word' id='word_1_127' title='bbox 1035 1217 1092 1267; x_wconf 91' lang='lat' dir='ltr'>et</span> <span class='ocrx_word' id='word_1_128' title='bbox 1118 1211 1382 1267; x_wconf 89' lang='lat' dir='ltr'>ceciderit</span> <span class='ocrx_word' id='word_1_129' title='bbox 1410 1211 1479 1266; x_wconf 87' lang='lat' dir='ltr'>de</span> <span class='ocrx_word' id='word_1_130' title='bbox 1523 1209 1784 1264; x_wconf 88' lang='lat' dir='ltr'>manibus</span> <span class='ocrx_word' id='word_1_131' title='bbox 1882 1214 2001 1267; x_wconf 89' lang='lat' dir='ltr'>vult</span> <span class='ocrx_word' id='word_1_132' title='bbox 2024 1216 2265 1268; x_wconf 89' lang='lat' dir='ltr'>mortem</span> <span class='ocrx_word' id='word_1_133' title='bbox 2294 1216 2671 1284; x_wconf 85' lang='lat' dir='ltr'>peccatorum,</span> <span class='ocrx_word' id='word_1_134' title='bbox 2701 1213 2798 1267; x_wconf 89' lang='lat' dir='ltr'>sed</span> <span class='ocrx_word' id='word_1_135' title='bbox 2851 1216 2915 1267; x_wconf 91' lang='lat' dir='ltr'>ut</span> <span class='ocrx_word' id='word_1_136' title='bbox 2939 1217 3336 1267; x_wconf 80' lang='lat' dir='ltr'>convertantur</span> <span class='ocrx_word' id='word_1_137' title='bbox 3363 1218 3419 1269; x_wconf 89' lang='lat' dir='ltr'>et</span> <span class='ocrx_word' id='word_1_138' title='bbox 3443 1215 3520 1268; x_wconf 86' lang='lat' dir='ltr'>vi-</span> 
     </span>
    </p>
   </div>
   <div class='ocr_carea' id='block_1_13' title="bbox 179 1303 3519 1380">
    <p class='ocr_par' dir='ltr' id='par_1_13' title="bbox 179 1303 3519 1380">
     <span class='ocr_line' id='line_1_13' title="bbox 179 1303 3519 1380; baseline -0.001 -16"><span class='ocrx_word' id='word_1_139' title='bbox 179 1309 275 1380; x_wconf 85' lang='lat' dir='ltr'>cjus</span> <span class='ocrx_word' id='word_1_140' title='bbox 325 1305 672 1362; x_wconf 88' lang='lat' dir='ltr'>Eucharistia</span> <span class='ocrx_word' id='word_1_141' title='bbox 715 1305 774 1360; x_wconf 91' lang='lat' dir='ltr'>in</span> <span class='ocrx_word' id='word_1_142' title='bbox 819 1310 988 1375; x_wconf 86' lang='lat' dir='ltr'>terra,</span> <span class='ocrx_word' id='word_1_143' title='bbox 1037 1311 1095 1360; x_wconf 88' lang='lat' dir='ltr'>ct</span> <span class='ocrx_word' id='word_1_144' title='bbox 1144 1323 1259 1360; x_wconf 90' lang='lat' dir='ltr'>non</span> <span class='ocrx_word' id='word_1_145' title='bbox 1304 1303 1584 1360; x_wconf 83' lang='lat' dir='ltr'>invenerit</span> <span class='ocrx_word' id='word_1_146' title='bbox 1633 1319 1779 1372; x_wconf 85' lang='lat' dir='ltr'>eam,</span> <span class='ocrx_word' id='word_1_147' title='bbox 1882 1311 2034 1375; x_wconf 89' lang='lat' dir='ltr'>vant,</span> <span class='ocrx_word' id='word_1_148' title='bbox 2073 1306 2276 1360; x_wconf 83' lang='lat' dir='ltr'>fratres</span> <span class='ocrx_word' id='word_1_149' title='bbox 2318 1305 2608 1375; x_wconf 85' lang='lat' dir='ltr'>carissimi,</span> <span class='ocrx_word' id='word_1_150' title='bbox 2653 1306 3050 1376; x_wconf 87' lang='lat' dir='ltr'>deprecemur;</span> <span class='ocrx_word' id='word_1_151' title='bbox 3092 1310 3156 1360; x_wconf 91' lang='lat' dir='ltr'>ut</span> <span class='ocrx_word' id='word_1_152' title='bbox 3193 1305 3260 1360; x_wconf 91' lang='lat' dir='ltr'>ad</span> <span class='ocrx_word' id='word_1_153' title='bbox 3296 1307 3519 1362; x_wconf 87' lang='lat' dir='ltr'>veniam</span> 
     </span>
    </p>
   </div>
   <div class='ocr_carea' id='block_1_14' title="bbox 179 1397 3519 1474">
    <p class='ocr_par' dir='ltr' id='par_1_14' title="bbox 179 1397 3519 1474">
     <span class='ocr_line' id='line_1_14' title="bbox 179 1397 3519 1474; baseline -0.001 -16"><span class='ocrx_word' id='word_1_154' title='bbox 179 1418 316 1474; x_wconf 82' lang='lat' dir='ltr'>scopa</span> <span class='ocrx_word' id='word_1_155' title='bbox 337 1400 546 1454; x_wconf 89' lang='lat' dir='ltr'>munda</span> <span class='ocrx_word' id='word_1_156' title='bbox 577 1403 771 1471; x_wconf 92' lang='lat' dir='ltr'>scopet</span> <span class='ocrx_word' id='word_1_157' title='bbox 791 1404 847 1455; x_wconf 88' lang='lat' dir='ltr'>et</span> <span class='ocrx_word' id='word_1_158' title='bbox 879 1399 1172 1454; x_wconf 86' lang='lat' dir='ltr'>comburat</span> <span class='ocrx_word' id='word_1_159' title='bbox 1209 1399 1362 1470; x_wconf 83' lang='lat' dir='ltr'>igne,</span> <span class='ocrx_word' id='word_1_160' title='bbox 1403 1402 1458 1453; x_wconf 88' lang='lat' dir='ltr'>et</span> <span class='ocrx_word' id='word_1_161' title='bbox 1482 1397 1785 1452; x_wconf 88' lang='lat' dir='ltr'>abscondat</span> <span class='ocrx_word' id='word_1_162' title='bbox 1883 1404 2094 1454; x_wconf 89' lang='lat' dir='ltr'>rectam</span> <span class='ocrx_word' id='word_1_163' title='bbox 2120 1399 2362 1454; x_wconf 88' lang='lat' dir='ltr'>famulus</span> <span class='ocrx_word' id='word_1_164' title='bbox 2389 1404 2520 1454; x_wconf 89' lang='lat' dir='ltr'>tuus</span> <span class='ocrx_word' id='word_1_165' title='bbox 2544 1399 2625 1454; x_wconf 90' lang='lat' dir='ltr'>ill.</span> <span class='ocrx_word' id='word_1_166' title='bbox 2653 1399 3056 1454; x_wconf 63' lang='lat' dir='ltr'>misericordiae</span> <span class='ocrx_word' id='word_1_167' title='bbox 3084 1399 3306 1455; x_wconf 81' lang='lat' dir='ltr'>veniam</span> <span class='ocrx_word' id='word_1_168' title='bbox 3333 1401 3519 1472; x_wconf 89' lang='lat' dir='ltr'>propi-</span> 
     </span>
    </p>
   </div>
   <div class='ocr_carea' id='block_1_15' title="bbox 180 1491 3516 1565">
    <p class='ocr_par' dir='ltr' id='par_1_15' title="bbox 180 1491 3516 1565">
     <span class='ocr_line' id='line_1_15' title="bbox 180 1491 3516 1565; baseline -0.001 -14"><span class='ocrx_word' id='word_1_169' title='bbox 180 1497 360 1552; x_wconf 87' lang='lat' dir='ltr'>cineres</span> <span class='ocrx_word' id='word_1_170' title='bbox 387 1495 505 1565; x_wconf 87' lang='lat' dir='ltr'>ejus</span> <span class='ocrx_word' id='word_1_171' title='bbox 531 1493 638 1548; x_wconf 87' lang='lat' dir='ltr'>sub</span> <span class='ocrx_word' id='word_1_172' title='bbox 663 1493 838 1548; x_wconf 89' lang='lat' dir='ltr'>altare</span> <span class='ocrx_word' id='word_1_173' title='bbox 859 1493 920 1548; x_wconf 90' lang='lat' dir='ltr'>in</span> <span class='ocrx_word' id='word_1_174' title='bbox 939 1499 1110 1562; x_wconf 87' lang='lat' dir='ltr'>terra,</span> <span class='ocrx_word' id='word_1_175' title='bbox 1143 1497 1201 1548; x_wconf 90' lang='lat' dir='ltr'>et</span> <span class='ocrx_word' id='word_1_176' title='bbox 1225 1491 1524 1547; x_wconf 90' lang='lat' dir='ltr'>dimidium</span> <span class='ocrx_word' id='word_1_177' title='bbox 1567 1506 1783 1546; x_wconf 89' lang='lat' dir='ltr'>annum</span> <span class='ocrx_word' id='word_1_178' title='bbox 1885 1493 2062 1547; x_wconf 78' lang='lat' dir='ltr'>cintus</span> <span class='ocrx_word' id='word_1_179' title='bbox 2086 1493 2398 1564; x_wconf 84' lang='lat' dir='ltr'>indulgeat,</span> <span class='ocrx_word' id='word_1_180' title='bbox 2429 1493 2474 1546; x_wconf 89' lang='lat' dir='ltr'>si</span> <span class='ocrx_word' id='word_1_181' title='bbox 2505 1509 2616 1564; x_wconf 91' lang='lat' dir='ltr'>qua</span> <span class='ocrx_word' id='word_1_182' title='bbox 2645 1497 2778 1546; x_wconf 92' lang='lat' dir='ltr'>sunt</span> <span class='ocrx_word' id='word_1_183' title='bbox 2807 1493 3104 1564; x_wconf 89' lang='lat' dir='ltr'>culparum</span> <span class='ocrx_word' id='word_1_184' title='bbox 3134 1509 3366 1548; x_wconf 88' lang='lat' dir='ltr'>suarum</span> <span class='ocrx_word' id='word_1_185' title='bbox 3393 1511 3516 1548; x_wconf 88' lang='lat' dir='ltr'>om-</span> 
     </span>
    </p>
   </div>
   <div class='ocr_carea' id='block_1_16' title="bbox 179 1583 3520 1662">
    <p class='ocr_par' dir='ltr' id='par_1_16' title="bbox 179 1583 3520 1662">
     <span class='ocr_line' id='line_1_16' title="bbox 179 1583 3520 1662; baseline -0.001 -18"><span class='ocrx_word' id='word_1_186' title='bbox 179 1589 428 1662; x_wconf 62' lang='lat' dir='ltr'>paniteat.</span> <span class='ocrx_word' id='word_1_187' title='bbox 457 1587 510 1642; x_wconf 92' lang='lat' dir='ltr'>Si</span> <span class='ocrx_word' id='word_1_188' title='bbox 552 1592 748 1642; x_wconf 88' lang='lat' dir='ltr'>autem</span> <span class='ocrx_word' id='word_1_189' title='bbox 786 1587 1064 1642; x_wconf 83' lang='lat' dir='ltr'>invenerit</span> <span class='ocrx_word' id='word_1_190' title='bbox 1088 1586 1298 1656; x_wconf 89' lang='lat' dir='ltr'>locum,</span> <span class='ocrx_word' id='word_1_191' title='bbox 1334 1585 1594 1640; x_wconf 88' lang='lat' dir='ltr'>similiter</span> <span class='ocrx_word' id='word_1_192' title='bbox 1620 1583 1786 1638; x_wconf 87' lang='lat' dir='ltr'>faciat</span> <span class='ocrx_word' id='word_1_193' title='bbox 1884 1587 2044 1642; x_wconf 91' lang='lat' dir='ltr'>nium</span> <span class='ocrx_word' id='word_1_194' title='bbox 2070 1587 2324 1653; x_wconf 86' lang='lat' dir='ltr'>vulnera,</span> <span class='ocrx_word' id='word_1_195' title='bbox 2355 1602 2483 1657; x_wconf 82' lang='lat' dir='ltr'>quae</span> <span class='ocrx_word' id='word_1_196' title='bbox 2509 1591 2636 1658; x_wconf 89' lang='lat' dir='ltr'>post</span> <span class='ocrx_word' id='word_1_197' title='bbox 2662 1585 2807 1640; x_wconf 88' lang='lat' dir='ltr'>sacri</span> <span class='ocrx_word' id='word_1_198' title='bbox 2837 1585 3042 1640; x_wconf 88' lang='lat' dir='ltr'>lavacri</span> <span class='ocrx_word' id='word_1_199' title='bbox 3067 1586 3279 1641; x_wconf 89' lang='lat' dir='ltr'>undam</span> <span class='ocrx_word' id='word_1_200' title='bbox 3305 1592 3520 1642; x_wconf 84' lang='lat' dir='ltr'>contra-</span> 
     </span>
    </p>
   </div>
   <div class='ocr_carea' id='block_1_17' title="bbox 181 1675 3516 1754">
    <p class='ocr_par' dir='ltr' id='par_1_17' title="bbox 181 1675 3516 1754">
     <span class='ocr_line' id='line_1_17' title="bbox 181 1675 3516 1754; baseline -0 -17"><span class='ocrx_word' id='word_1_201' title='bbox 181 1687 224 1738; x_wconf 85' lang='lat' dir='ltr'>et</span> <span class='ocrx_word' id='word_1_202' title='bbox 244 1681 488 1754; x_wconf 70' lang='lat' dir='ltr'>paeniteat</span> <span class='ocrx_word' id='word_1_203' title='bbox 511 1679 890 1752; x_wconf 84' lang='lat' dir='ltr'>quadraginta</span> <span class='ocrx_word' id='word_1_204' title='bbox 930 1679 1146 1734; x_wconf 89' lang='lat' dir='ltr'>diebus.</span> <span class='ocrx_word' id='word_1_205' title='bbox 1180 1679 1235 1735; x_wconf 91' lang='lat' dir='ltr'>Si</span> <span class='ocrx_word' id='word_1_206' title='bbox 1259 1683 1457 1734; x_wconf 84' lang='lat' dir='ltr'>autem</span> <span class='ocrx_word' id='word_1_207' title='bbox 1498 1694 1676 1750; x_wconf 89' lang='lat' dir='ltr'>usque</span> <span class='ocrx_word' id='word_1_208' title='bbox 1713 1675 1782 1730; x_wconf 89' lang='lat' dir='ltr'>ad</span> <span class='ocrx_word' id='word_1_209' title='bbox 1806 1752 1840 1754; x_wconf 84' lang='lat'><strong><em>_</em></strong></span> <span class='ocrx_word' id='word_1_210' title='bbox 1885 1681 1990 1750; x_wconf 84' lang='lat' dir='ltr'>xit,</span> <span class='ocrx_word' id='word_1_211' title='bbox 2027 1680 2104 1735; x_wconf 89' lang='lat' dir='ltr'>ita</span> <span class='ocrx_word' id='word_1_212' title='bbox 2135 1680 2195 1734; x_wconf 91' lang='lat' dir='ltr'>in</span> <span class='ocrx_word' id='word_1_213' title='bbox 2222 1680 2326 1734; x_wconf 90' lang='lat' dir='ltr'>hac</span> <span class='ocrx_word' id='word_1_214' title='bbox 2355 1679 2580 1752; x_wconf 89' lang='lat' dir='ltr'>publica</span> <span class='ocrx_word' id='word_1_215' title='bbox 2605 1679 2952 1734; x_wconf 85' lang='lat' dir='ltr'>confessione</span> <span class='ocrx_word' id='word_1_216' title='bbox 2989 1681 3191 1736; x_wconf 88' lang='lat' dir='ltr'>delicta</span> <span class='ocrx_word' id='word_1_217' title='bbox 3229 1687 3516 1752; x_wconf 82' lang='lat' dir='ltr'>sanentur,</span> 
     </span>
    </p>
   </div>
   <div class='ocr_carea' id='block_1_18' title="bbox 180 1752 3518 1845">
    <p class='ocr_par' dir='ltr' id='par_1_18' title="bbox 180 1752 3518 1845">
     <span class='ocr_line' id='line_1_18' title="bbox 180 1752 3518 1845; baseline 0.001 -17"><span class='ocrx_word' id='word_1_218' title='bbox 180 1775 320 1830; x_wconf 84' lang='lat' dir='ltr'>altare</span> <span class='ocrx_word' id='word_1_219' title='bbox 343 1774 624 1844; x_wconf 87' lang='lat' dir='ltr'>ceciderit,</span> <span class='ocrx_word' id='word_1_220' title='bbox 652 1790 770 1828; x_wconf 92' lang='lat' dir='ltr'>uno</span> <span class='ocrx_word' id='word_1_221' title='bbox 799 1773 889 1828; x_wconf 91' lang='lat' dir='ltr'>die</span> <span class='ocrx_word' id='word_1_222' title='bbox 929 1773 1214 1845; x_wconf 71' lang='lat' dir='ltr'>paeniteat.</span> <span class='ocrx_word' id='word_1_223' title='bbox 1261 1772 1318 1828; x_wconf 93' lang='lat' dir='ltr'>Si</span> <span class='ocrx_word' id='word_1_224' title='bbox 1361 1788 1492 1828; x_wconf 85' lang='lat' dir='ltr'>vero</span> <span class='ocrx_word' id='word_1_225' title='bbox 1531 1771 1780 1826; x_wconf 85' lang='lat' dir='ltr'>declina-</span> <span class='ocrx_word' id='word_1_226' title='bbox 1804 1752 1860 1823; x_wconf 83' lang='lat' dir='ltr'><strong>B</strong></span> <span class='ocrx_word' id='word_1_227' title='bbox 1883 1779 1948 1829; x_wconf 91' lang='lat' dir='ltr'>ut</span> <span class='ocrx_word' id='word_1_228' title='bbox 1971 1774 2129 1829; x_wconf 88' lang='lat' dir='ltr'>nulla</span> <span class='ocrx_word' id='word_1_229' title='bbox 2157 1773 2482 1829; x_wconf 87' lang='lat' dir='ltr'>cicatricum</span> <span class='ocrx_word' id='word_1_230' title='bbox 2515 1773 2674 1844; x_wconf 88' lang='lat' dir='ltr'>signa</span> <span class='ocrx_word' id='word_1_231' title='bbox 2705 1778 3056 1829; x_wconf 89' lang='lat' dir='ltr'>remaneant.</span> <span class='ocrx_word' id='word_1_232' title='bbox 3083 1775 3188 1828; x_wconf 91' lang='lat' dir='ltr'>Per</span> <span class='ocrx_word' id='word_1_233' title='bbox 3214 1775 3518 1830; x_wconf 88' lang='lat' dir='ltr'>Dominum</span> 
     </span>
    </p>
   </div>
   <div class='ocr_carea' id='block_1_19' title="bbox 182 1864 2161 1938">
    <p class='ocr_par' dir='ltr' id='par_1_19' title="bbox 182 1864 2161 1938">
     <span class='ocr_line' id='line_1_19' title="bbox 182 1864 2161 1938; baseline -0.003 -15"><span class='ocrx_word' id='word_1_234' title='bbox 182 1869 294 1923; x_wconf 80' lang='lat' dir='ltr'>verit</span> <span class='ocrx_word' id='word_1_235' title='bbox 309 1869 364 1923; x_wconf 90' lang='lat' dir='ltr'>in</span> <span class='ocrx_word' id='word_1_236' title='bbox 391 1872 560 1936; x_wconf 90' lang='lat' dir='ltr'>terra,</span> <span class='ocrx_word' id='word_1_237' title='bbox 589 1867 788 1938; x_wconf 88' lang='lat' dir='ltr'>lingua</span> <span class='ocrx_word' id='word_1_238' title='bbox 813 1883 914 1921; x_wconf 89' lang='lat' dir='ltr'>sua</span> <span class='ocrx_word' id='word_1_239' title='bbox 937 1865 1139 1938; x_wconf 84' lang='lat' dir='ltr'>lingat.</span> <span class='ocrx_word' id='word_1_240' title='bbox 1168 1866 1226 1922; x_wconf 91' lang='lat' dir='ltr'>Si</span> <span class='ocrx_word' id='word_1_241' title='bbox 1253 1864 1426 1920; x_wconf 90' lang='lat' dir='ltr'>fuerit</span> <span class='ocrx_word' id='word_1_242' title='bbox 1446 1864 1656 1934; x_wconf 90' lang='lat' dir='ltr'>tabula,</span> <span class='ocrx_word' id='word_1_243' title='bbox 1687 1881 1776 1918; x_wconf 89' lang='lat' dir='ltr'>ra-</span> <span class='ocrx_word' id='word_1_244' title='bbox 1878 1871 2161 1924; x_wconf 81' lang='lat' dir='ltr'>nostrum.</span> 
     </span>
    </p>
   </div>
   <div class='ocr_carea' id='block_1_20' title="bbox 182 1947 2830 2031">
    <p class='ocr_par' dir='ltr' id='par_1_20' title="bbox 182 1947 2830 2031">
     <span class='ocr_line' id='line_1_20' title="bbox 182 1947 2830 2031; baseline -0.005 -15"><span class='ocrx_word' id='word_1_245' title='bbox 182 1962 270 2016; x_wconf 85' lang='lat' dir='ltr'>dat.</span> <span class='ocrx_word' id='word_1_246' title='bbox 297 1961 348 2017; x_wconf 90' lang='lat' dir='ltr'>Si</span> <span class='ocrx_word' id='word_1_247' title='bbox 369 1977 482 2016; x_wconf 91' lang='lat' dir='ltr'>non</span> <span class='ocrx_word' id='word_1_248' title='bbox 504 1961 700 2031; x_wconf 82' lang='lat' dir='ltr'>fuerit,</span> <span class='ocrx_word' id='word_1_249' title='bbox 731 1960 919 2015; x_wconf 86' lang='lat' dir='ltr'>mittat</span> <span class='ocrx_word' id='word_1_250' title='bbox 942 1960 1218 2030; x_wconf 88' lang='lat' dir='ltr'>tabulam,</span> <span class='ocrx_word' id='word_1_251' title='bbox 1245 1965 1310 2014; x_wconf 92' lang='lat' dir='ltr'>ut</span> <span class='ocrx_word' id='word_1_252' title='bbox 1334 1975 1450 2014; x_wconf 91' lang='lat' dir='ltr'>non</span> <span class='ocrx_word' id='word_1_253' title='bbox 1488 1958 1778 2013; x_wconf 92' lang='lat' dir='ltr'>conculce-</span> <span class='ocrx_word' id='word_1_254' title='bbox 2563 1948 2690 1997; x_wconf 73' lang='lat' dir='ltr'>Item</span> <span class='ocrx_word' id='word_1_255' title='bbox 2713 1947 2830 1998; x_wconf 70' lang='lat' dir='ltr'>alia.</span> 
     </span>
    </p>
   </div>
   <div class='ocr_carea' id='block_1_21' title="bbox 184 2049 3521 2128">
    <p class='ocr_par' dir='ltr' id='par_1_21' title="bbox 184 2049 3521 2128">
     <span class='ocr_line' id='line_1_21' title="bbox 184 2049 3521 2128; baseline 0.001 -20"><span class='ocrx_word' id='word_1_256' title='bbox 184 2059 258 2109; x_wconf 87' lang='lat' dir='ltr'>tur</span> <span class='ocrx_word' id='word_1_257' title='bbox 271 2055 482 2126; x_wconf 81' lang='lat' dir='ltr'>sanguis</span> <span class='ocrx_word' id='word_1_258' title='bbox 499 2053 730 2123; x_wconf 86' lang='lat' dir='ltr'>Christi,</span> <span class='ocrx_word' id='word_1_259' title='bbox 754 2054 1136 2126; x_wconf 82' lang='lat' dir='ltr'>quadraginta</span> <span class='ocrx_word' id='word_1_260' title='bbox 1153 2053 1370 2108; x_wconf 90' lang='lat' dir='ltr'>diebus.</span> <span class='ocrx_word' id='word_1_261' title='bbox 1401 2053 1455 2108; x_wconf 91' lang='lat' dir='ltr'>Si</span> <span class='ocrx_word' id='word_1_262' title='bbox 1483 2057 1674 2106; x_wconf 89' lang='lat' dir='ltr'>autem</span> <span class='ocrx_word' id='word_1_263' title='bbox 1695 2069 1782 2106; x_wconf 90' lang='lat' dir='ltr'>su-</span> <span class='ocrx_word' id='word_1_264' title='bbox 1951 2050 2205 2108; x_wconf 84' lang='lat' dir='ltr'>Salvator</span> <span class='ocrx_word' id='word_1_265' title='bbox 2234 2051 2648 2122; x_wconf 85' lang='lat' dir='ltr'>Redemtorque</span> <span class='ocrx_word' id='word_1_266' title='bbox 2685 2056 2901 2121; x_wconf 89' lang='lat' dir='ltr'>noster,</span> <span class='ocrx_word' id='word_1_267' title='bbox 2931 2049 3030 2123; x_wconf 91' lang='lat' dir='ltr'>qui</span> <span class='ocrx_word' id='word_1_268' title='bbox 3058 2069 3170 2108; x_wconf 93' lang='lat' dir='ltr'>non</span> <span class='ocrx_word' id='word_1_269' title='bbox 3199 2053 3386 2110; x_wconf 90' lang='lat' dir='ltr'>solum</span> <span class='ocrx_word' id='word_1_270' title='bbox 3413 2071 3521 2128; x_wconf 70' lang='lat' dir='ltr'>pae-</span> 
     </span>
    </p>
   </div>
   <div class='ocr_carea' id='block_1_22' title="bbox 183 2145 3520 2220">
    <p class='ocr_par' dir='ltr' id='par_1_22' title="bbox 183 2145 3520 2220">
     <span class='ocr_line' id='line_1_22' title="bbox 183 2145 3520 2220; baseline 0.001 -18"><span class='ocrx_word' id='word_1_271' title='bbox 183 2165 264 2220; x_wconf 87' lang='lat' dir='ltr'>per</span> <span class='ocrx_word' id='word_1_272' title='bbox 283 2149 443 2203; x_wconf 86' lang='lat' dir='ltr'>altare</span> <span class='ocrx_word' id='word_1_273' title='bbox 469 2147 742 2204; x_wconf 90' lang='lat' dir='ltr'>ceciderit</span> <span class='ocrx_word' id='word_1_274' title='bbox 769 2149 940 2215; x_wconf 90' lang='lat' dir='ltr'>stilla,</span> <span class='ocrx_word' id='word_1_275' title='bbox 973 2149 1197 2202; x_wconf 88' lang='lat' dir='ltr'>sorbeat</span> <span class='ocrx_word' id='word_1_276' title='bbox 1227 2147 1404 2217; x_wconf 90' lang='lat' dir='ltr'>illam,</span> <span class='ocrx_word' id='word_1_277' title='bbox 1438 2150 1496 2201; x_wconf 90' lang='lat' dir='ltr'>et</span> <span class='ocrx_word' id='word_1_278' title='bbox 1523 2149 1634 2202; x_wconf 87' lang='lat' dir='ltr'>tres</span> <span class='ocrx_word' id='word_1_279' title='bbox 1663 2145 1782 2201; x_wconf 89' lang='lat' dir='ltr'>dies</span> <span class='ocrx_word' id='word_1_280' title='bbox 1881 2145 2212 2215; x_wconf 88' lang='lat' dir='ltr'>nitentibus,</span> <span class='ocrx_word' id='word_1_281' title='bbox 2242 2145 2338 2200; x_wconf 92' lang='lat' dir='ltr'>sed</span> <span class='ocrx_word' id='word_1_282' title='bbox 2363 2146 2536 2200; x_wconf 89' lang='lat' dir='ltr'>etiam</span> <span class='ocrx_word' id='word_1_283' title='bbox 2563 2161 2758 2200; x_wconf 91' lang='lat' dir='ltr'>omnes</span> <span class='ocrx_word' id='word_1_284' title='bbox 2786 2145 2883 2216; x_wconf 83' lang='lat' dir='ltr'>qui</span> <span class='ocrx_word' id='word_1_285' title='bbox 2917 2162 3018 2201; x_wconf 89' lang='lat' dir='ltr'>nec</span> <span class='ocrx_word' id='word_1_286' title='bbox 3048 2152 3178 2202; x_wconf 90' lang='lat' dir='ltr'>ante</span> <span class='ocrx_word' id='word_1_287' title='bbox 3209 2148 3400 2205; x_wconf 89' lang='lat' dir='ltr'>venire</span> <span class='ocrx_word' id='word_1_288' title='bbox 3428 2167 3520 2205; x_wconf 53' lang='lat' dir='ltr'>cu-</span> 
     </span>
    </p>
   </div>
   <div class='ocr_carea' id='block_1_23' title="bbox 184 2238 3522 2317">
    <p class='ocr_par' dir='ltr' id='par_1_23' title="bbox 184 2238 3522 2317">
     <span class='ocr_line' id='line_1_23' title="bbox 184 2238 3522 2317; baseline 0 -19"><span class='ocrx_word' id='word_1_289' title='bbox 184 2243 429 2314; x_wconf 65' lang='lat' dir='ltr'>pazniteat.</span> <span class='ocrx_word' id='word_1_290' title='bbox 455 2243 509 2298; x_wconf 91' lang='lat' dir='ltr'>Si</span> <span class='ocrx_word' id='word_1_291' title='bbox 537 2241 794 2314; x_wconf 83' lang='lat' dir='ltr'>exegerit</span> <span class='ocrx_word' id='word_1_292' title='bbox 817 2258 920 2314; x_wconf 88' lang='lat' dir='ltr'>per</span> <span class='ocrx_word' id='word_1_293' title='bbox 944 2241 1185 2297; x_wconf 90' lang='lat' dir='ltr'>linteum</span> <span class='ocrx_word' id='word_1_294' title='bbox 1210 2241 1282 2297; x_wconf 90' lang='lat' dir='ltr'>ad</span> <span class='ocrx_word' id='word_1_295' title='bbox 1307 2240 1505 2310; x_wconf 89' lang='lat' dir='ltr'>alium,</span> <span class='ocrx_word' id='word_1_296' title='bbox 1536 2255 1634 2295; x_wconf 84' lang='lat' dir='ltr'>sex</span> <span class='ocrx_word' id='word_1_297' title='bbox 1659 2239 1778 2294; x_wconf 90' lang='lat' dir='ltr'>die-</span> <span class='ocrx_word' id='word_1_298' title='bbox 1882 2239 2065 2312; x_wconf 87' lang='lat' dir='ltr'>piunt,</span> <span class='ocrx_word' id='word_1_299' title='bbox 2087 2238 2311 2294; x_wconf 86' lang='lat' dir='ltr'>veniam</span> <span class='ocrx_word' id='word_1_300' title='bbox 2337 2239 2620 2312; x_wconf 89' lang='lat' dir='ltr'>pr0pitius</span> <span class='ocrx_word' id='word_1_301' title='bbox 2648 2244 2704 2294; x_wconf 88' lang='lat' dir='ltr'>et</span> <span class='ocrx_word' id='word_1_302' title='bbox 2747 2239 3042 2296; x_wconf 88' lang='lat' dir='ltr'>miserator</span> <span class='ocrx_word' id='word_1_303' title='bbox 3081 2241 3364 2316; x_wconf 88' lang='lat' dir='ltr'>indulges,</span> <span class='ocrx_word' id='word_1_304' title='bbox 3392 2261 3522 2317; x_wconf 89' lang='lat' dir='ltr'>sup-</span> 
     </span>
    </p>
   </div>
   <div class='ocr_carea' id='block_1_24' title="bbox 184 2332 3519 2408">
    <p class='ocr_par' dir='ltr' id='par_1_24' title="bbox 184 2332 3519 2408">
     <span class='ocr_line' id='line_1_24' title="bbox 184 2332 3519 2408; baseline 0.001 -18"><span class='ocrx_word' id='word_1_305' title='bbox 184 2335 526 2408; x_wconf 70' lang='lat' dir='ltr'>buspieniteat</span> <span class='ocrx_word' id='word_1_306' title='bbox 550 2337 613 2391; x_wconf 90' lang='lat' dir='ltr'>in</span> <span class='ocrx_word' id='word_1_307' title='bbox 629 2352 808 2408; x_wconf 87' lang='lat' dir='ltr'>pane;</span> <span class='ocrx_word' id='word_1_308' title='bbox 839 2341 896 2390; x_wconf 92' lang='lat' dir='ltr'>et</span> <span class='ocrx_word' id='word_1_309' title='bbox 920 2335 965 2390; x_wconf 90' lang='lat' dir='ltr'>si</span> <span class='ocrx_word' id='word_1_310' title='bbox 983 2337 1052 2390; x_wconf 90' lang='lat' dir='ltr'>ad</span> <span class='ocrx_word' id='word_1_311' title='bbox 1067 2335 1315 2403; x_wconf 88' lang='lat' dir='ltr'>tertium,</span> <span class='ocrx_word' id='word_1_312' title='bbox 1341 2341 1558 2406; x_wconf 88' lang='lat' dir='ltr'>septem</span> <span class='ocrx_word' id='word_1_313' title='bbox 1587 2333 1784 2388; x_wconf 90' lang='lat' dir='ltr'>diebus</span> <span class='ocrx_word' id='word_1_314' title='bbox 1880 2332 2055 2404; x_wconf 79' lang='lat' dir='ltr'>plices</span> <span class='ocrx_word' id='word_1_315' title='bbox 2082 2349 2405 2404; x_wconf 74' lang='lat' dir='ltr'>quaesumus</span> <span class='ocrx_word' id='word_1_316' title='bbox 2447 2349 2460 2386; x_wconf 87' lang='lat'><strong>:</strong></span> <span class='ocrx_word' id='word_1_317' title='bbox 2497 2337 2565 2388; x_wconf 88' lang='lat' dir='ltr'>ut</span> <span class='ocrx_word' id='word_1_318' title='bbox 2601 2332 2754 2388; x_wconf 86' lang='lat' dir='ltr'>hunc</span> <span class='ocrx_word' id='word_1_319' title='bbox 2793 2333 3074 2389; x_wconf 88' lang='lat' dir='ltr'>famulum</span> <span class='ocrx_word' id='word_1_320' title='bbox 3113 2339 3275 2391; x_wconf 88' lang='lat' dir='ltr'>tuum</span> <span class='ocrx_word' id='word_1_321' title='bbox 3319 2337 3399 2392; x_wconf 90' lang='lat' dir='ltr'>ill.</span> <span class='ocrx_word' id='word_1_322' title='bbox 3450 2339 3519 2392; x_wconf 90' lang='lat' dir='ltr'>ad</span> 
     </span>
    </p>
   </div>
   <div class='ocr_carea' id='block_1_25' title="bbox 186 2425 3519 2502">
    <p class='ocr_par' dir='ltr' id='par_1_25' title="bbox 186 2425 3519 2502">
     <span class='ocr_line' id='line_1_25' title="bbox 186 2425 3519 2502; baseline 0.001 -18"><span class='ocrx_word' id='word_1_323' title='bbox 186 2429 446 2500; x_wconf 71' lang='lat' dir='ltr'>paeniteat;</span> <span class='ocrx_word' id='word_1_324' title='bbox 477 2430 556 2486; x_wconf 87' lang='lat' dir='ltr'>ita</span> <span class='ocrx_word' id='word_1_325' title='bbox 587 2435 654 2484; x_wconf 89' lang='lat' dir='ltr'>ut</span> <span class='ocrx_word' id='word_1_326' title='bbox 696 2435 874 2502; x_wconf 90' lang='lat' dir='ltr'>ponat</span> <span class='ocrx_word' id='word_1_327' title='bbox 903 2429 1134 2484; x_wconf 91' lang='lat' dir='ltr'>calicem</span> <span class='ocrx_word' id='word_1_328' title='bbox 1179 2429 1282 2484; x_wconf 92' lang='lat' dir='ltr'>sub</span> <span class='ocrx_word' id='word_1_329' title='bbox 1322 2427 1669 2496; x_wconf 88' lang='lat' dir='ltr'>linteamina,</span> <span class='ocrx_word' id='word_1_330' title='bbox 1699 2427 1780 2481; x_wconf 83' lang='lat' dir='ltr'>ef-</span> <span class='ocrx_word' id='word_1_331' title='bbox 1882 2426 2136 2498; x_wconf 90' lang='lat' dir='ltr'>corporis</span> <span class='ocrx_word' id='word_1_332' title='bbox 2155 2430 2212 2482; x_wconf 88' lang='lat' dir='ltr'>et</span> <span class='ocrx_word' id='word_1_333' title='bbox 2227 2425 2520 2498; x_wconf 87' lang='lat' dir='ltr'>sanguinis</span> <span class='ocrx_word' id='word_1_334' title='bbox 2546 2426 2631 2481; x_wconf 91' lang='lat' dir='ltr'>tui</span> <span class='ocrx_word' id='word_1_335' title='bbox 2653 2427 3088 2498; x_wconf 89' lang='lat' dir='ltr'>communionis,</span> <span class='ocrx_word' id='word_1_336' title='bbox 3105 2428 3322 2484; x_wconf 90' lang='lat' dir='ltr'>indulta</span> <span class='ocrx_word' id='word_1_337' title='bbox 3338 2429 3519 2501; x_wconf 82' lang='lat' dir='ltr'>venia,</span> 
     </span>
    </p>
   </div>
   <div class='ocr_carea' id='block_1_26' title="bbox 185 2517 3102 2596">
    <p class='ocr_par' dir='ltr' id='par_1_26' title="bbox 185 2517 3102 2596">
     <span class='ocr_line' id='line_1_26' title="bbox 185 2517 3102 2596; baseline -0.001 -18"><span class='ocrx_word' id='word_1_338' title='bbox 185 2522 350 2578; x_wconf 83' lang='lat' dir='ltr'>fundat</span> <span class='ocrx_word' id='word_1_339' title='bbox 375 2541 574 2596; x_wconf 89' lang='lat' dir='ltr'>aquam</span> <span class='ocrx_word' id='word_1_340' title='bbox 605 2523 790 2579; x_wconf 85' lang='lat' dir='ltr'>tribus</span> <span class='ocrx_word' id='word_1_341' title='bbox 819 2523 1054 2593; x_wconf 88' lang='lat' dir='ltr'>vicibus,</span> <span class='ocrx_word' id='word_1_342' title='bbox 1089 2527 1144 2579; x_wconf 90' lang='lat' dir='ltr'>et</span> <span class='ocrx_word' id='word_1_343' title='bbox 1168 2523 1347 2578; x_wconf 88' lang='lat' dir='ltr'>bibat.</span> <span class='ocrx_word' id='word_1_344' title='bbox 1375 2521 1672 2594; x_wconf 88' lang='lat' dir='ltr'>Siquando</span> <span class='ocrx_word' id='word_1_345' title='bbox 1691 2521 1782 2576; x_wconf 90' lang='lat' dir='ltr'>in-</span> <span class='ocrx_word' id='word_1_346' title='bbox 1883 2520 2164 2575; x_wconf 62' lang='lat' dir='ltr'>caalcstem</span> <span class='ocrx_word' id='word_1_347' title='bbox 2186 2517 2639 2575; x_wconf 88' lang='lat' dir='ltr'>benedictionem</span> <span class='ocrx_word' id='word_1_348' title='bbox 2663 2521 2954 2592; x_wconf 88' lang='lat' dir='ltr'>perducat.</span> <span class='ocrx_word' id='word_1_349' title='bbox 2980 2523 3102 2576; x_wconf 90' lang='lat' dir='ltr'>Per.</span> 
     </span>
    </p>
   </div>
   <div class='ocr_carea' id='block_1_27' title="bbox 241 2643 3516 2722">
    <p class='ocr_par' dir='ltr' id='par_1_27' title="bbox 241 2643 3516 2722">
     <span class='ocr_line' id='line_1_27' title="bbox 241 2643 3516 2722; baseline 0.001 -20"><span class='ocrx_word' id='word_1_350' title='bbox 241 2649 368 2722; x_wconf 55' lang='lat' dir='ltr'>FVel</span> <span class='ocrx_word' id='word_1_351' title='bbox 397 2649 524 2722; x_wconf 83' lang='lat' dir='ltr'>hinc</span> <span class='ocrx_word' id='word_1_352' title='bbox 549 2653 712 2722; x_wconf 87' lang='lat' dir='ltr'>patet</span> <span class='ocrx_word' id='word_1_353' title='bbox 752 2647 1161 2722; x_wconf 83' lang='lat' dir='ltr'>Eucharistiam</span> <span class='ocrx_word' id='word_1_354' title='bbox 1196 2665 1321 2722; x_wconf 16' lang='lat' dir='ltr'>per;</span> <span class='ocrx_word' id='word_1_355' title='bbox 1333 2664 1397 2703; x_wconf 91' lang='lat' dir='ltr'>ea</span> <span class='ocrx_word' id='word_1_356' title='bbox 1423 2650 1700 2718; x_wconf 90' lang='lat' dir='ltr'>tempora,</span> <span class='ocrx_word' id='word_1_357' title='bbox 1727 2645 1784 2700; x_wconf 89' lang='lat' dir='ltr'>id</span> <span class='ocrx_word' id='word_1_358' title='bbox 1884 2661 2014 2700; x_wconf 89' lang='lat' dir='ltr'>vero</span> <span class='ocrx_word' id='word_1_359' title='bbox 2038 2643 2368 2700; x_wconf 89' lang='lat' dir='ltr'>Columbani</span> <span class='ocrx_word' id='word_1_360' title='bbox 2406 2660 2420 2698; x_wconf 89' lang='lat'><strong>:</strong></span> <span class='ocrx_word' id='word_1_361' title='bbox 2456 2645 2518 2701; x_wconf 89' lang='lat' dir='ltr'>Si</span> <span class='ocrx_word' id='word_1_362' title='bbox 2551 2644 2844 2701; x_wconf 85' lang='lat' dir='ltr'>decantans</span> <span class='ocrx_word' id='word_1_363' title='bbox 2873 2646 3143 2716; x_wconf 82' lang='lat' dir='ltr'>psalmum</span> <span class='ocrx_word' id='word_1_364' title='bbox 3177 2649 3516 2712; x_wconf 75' lang='lat' dir='ltr'>titubaverit,</span> 
     </span>
    </p>
   </div>
   <div class='ocr_carea' id='block_1_28' title="bbox 189 2719 2090 2792">
    <p class='ocr_par' dir='ltr' id='par_1_28' title="bbox 189 2719 2090 2792">
     <span class='ocr_line' id='line_1_28' title="bbox 189 2719 2090 2792; baseline 0 -20"><span class='ocrx_word' id='word_1_365' title='bbox 189 2721 255 2773; x_wconf 88' lang='lat' dir='ltr'>est</span> <span class='ocrx_word' id='word_1_366' title='bbox 273 2724 387 2775; x_wconf 86' lang='lat' dir='ltr'>ante</span> <span class='ocrx_word' id='word_1_367' title='bbox 423 2719 575 2777; x_wconf 76' lang='lat' dir='ltr'>mille</span> <span class='ocrx_word' id='word_1_368' title='bbox 621 2738 816 2792; x_wconf 89' lang='lat' dir='ltr'>annos,</span> <span class='ocrx_word' id='word_1_369' title='bbox 854 2721 913 2776; x_wconf 91' lang='lat' dir='ltr'>in</span> <span class='ocrx_word' id='word_1_370' title='bbox 939 2719 1211 2776; x_wconf 80' lang='lat' dir='ltr'>viaticum</span> <span class='ocrx_word' id='word_1_371' title='bbox 1230 2719 1780 2789; x_wconf 75' lang='lat' dir='ltr'>inﬁrmorumasser-</span> <span class='ocrx_word' id='word_1_372' title='bbox 1885 2723 1992 2792; x_wconf 82' lang='lat' dir='ltr'>etc.</span> <span class='ocrx_word' id='word_1_373' title='bbox 2017 2789 2040 2792; x_wconf 85' lang='lat'>_</span> <span class='ocrx_word' id='word_1_374' title='bbox 2083 2759 2090 2764; x_wconf 88' lang='lat'>.</span> 
     </span>
    </p>
   </div>
   <div class='ocr_carea' id='block_1_29' title="bbox 190 2786 3518 2862">
    <p class='ocr_par' dir='ltr' id='par_1_29' title="bbox 190 2786 3518 2862">
     <span class='ocr_line' id='line_1_29' title="bbox 190 2786 3518 2862; baseline 0.001 -20"><span class='ocrx_word' id='word_1_375' title='bbox 190 2795 337 2845; x_wconf 84' lang='lat' dir='ltr'>vatam</span> <span class='ocrx_word' id='word_1_376' title='bbox 356 2792 538 2848; x_wconf 84' lang='lat' dir='ltr'>fuisse.</span> <span class='ocrx_word' id='word_1_377' title='bbox 804 2786 812 2792; x_wconf 87' lang='grc'><em>’</em></span> <span class='ocrx_word' id='word_1_378' title='bbox 1591 2786 1600 2789; x_wconf 69' lang='grc'>⁷</span> <span class='ocrx_word' id='word_1_379' title='bbox 1899 2860 1913 2862; x_wconf 26' lang='lat' dir='ltr'><strong>A</strong></span> <span class='ocrx_word' id='word_1_380' title='bbox 1954 2789 1981 2828; x_wconf 73' lang='grc' dir='ltr'><em>ά</em></span> <span class='ocrx_word' id='word_1_381' title='bbox 2007 2787 2173 2852; x_wconf 87' lang='lat' dir='ltr'>Quasi</span> <span class='ocrx_word' id='word_1_382' title='bbox 2217 2786 2735 2862; x_wconf 87' lang='lat' dir='ltr'>dice_ret_conscius,</span> <span class='ocrx_word' id='word_1_383' title='bbox 2765 2788 2854 2862; x_wconf 90' lang='lat' dir='ltr'>cui</span> <span class='ocrx_word' id='word_1_384' title='bbox 2882 2788 3150 2859; x_wconf 87' lang='lat' dir='ltr'>ignorans</span> <span class='ocrx_word' id='word_1_385' title='bbox 3189 2791 3518 2862; x_wconf 88' lang='lat' dir='ltr'>opponitur.</span> 
     </span>
    </p>
   </div>
   <div class='ocr_carea' id='block_1_30' title="bbox 245 2858 3522 2934">
    <p class='ocr_par' dir='ltr' id='par_1_30' title="bbox 245 2858 3522 2934">
     <span class='ocr_line' id='line_1_30' title="bbox 245 2858 3522 2934; baseline -0 -16"><span class='ocrx_word' id='word_1_386' title='bbox 245 2862 447 2919; x_wconf 63' lang='lat' dir='ltr'>bLocus</span> <span class='ocrx_word' id='word_1_387' title='bbox 493 2865 792 2920; x_wconf 85' lang='lat' dir='ltr'>obscurus.</span> <span class='ocrx_word' id='word_1_388' title='bbox 844 2863 1143 2918; x_wconf 87' lang='lat' dir='ltr'>Crederem</span> <span class='ocrx_word' id='word_1_389' title='bbox 1187 2862 1494 2934; x_wconf 88' lang='lat' dir='ltr'>legendum</span> <span class='ocrx_word' id='word_1_390' title='bbox 1544 2864 1786 2918; x_wconf 84' lang='lat' dir='ltr'>amiserit</span> <span class='ocrx_word' id='word_1_391' title='bbox 1883 2860 2286 2934; x_wconf 13' lang='lat' dir='ltr'>Cumrmeanus,</span> <span class='ocrx_word' id='word_1_392' title='bbox 2333 2859 2392 2912; x_wconf 91' lang='lat' dir='ltr'>in</span> <span class='ocrx_word' id='word_1_393' title='bbox 2427 2858 2538 2934; x_wconf 77' lang='lat' dir='ltr'>fine</span> <span class='ocrx_word' id='word_1_394' title='bbox 2576 2873 2698 2928; x_wconf 87' lang='lat' dir='ltr'>cap.</span> <span class='ocrx_word' id='word_1_395' title='bbox 2742 2861 2813 2934; x_wconf 54' lang='lat' dir='ltr'>{gi</span> <span class='ocrx_word' id='word_1_396' title='bbox 2847 2875 2860 2913; x_wconf 90' lang='lat'><strong>:</strong></span> <span class='ocrx_word' id='word_1_397' title='bbox 2916 2858 3029 2934; x_wconf 78' lang='lat' dir='ltr'>Qui</span> <span class='ocrx_word' id='word_1_398' title='bbox 3054 2858 3522 2917; x_wconf 64' lang='lat' dir='ltr'>communicaverat</span> 
     </span>
    </p>
   </div>
   <div class='ocr_carea' id='block_1_31' title="bbox 189 2929 3523 3004">
    <p class='ocr_par' dir='ltr' id='par_1_31' title="bbox 189 2929 3523 3004">
     <span class='ocr_line' id='line_1_31' title="bbox 189 2929 3523 3004; baseline 0 -16"><span class='ocrx_word' id='word_1_399' title='bbox 189 2937 490 3004; x_wconf 69' lang='lat' dir='ltr'>sacriﬁcium,</span> <span class='ocrx_word' id='word_1_400' title='bbox 510 2935 630 2991; x_wconf 88' lang='lat' dir='ltr'>nisi</span> <span class='ocrx_word' id='word_1_401' title='bbox 657 2935 930 2990; x_wconf 87' lang='lat' dir='ltr'>articulus</span> <span class='ocrx_word' id='word_1_402' title='bbox 955 2936 1021 2990; x_wconf 86' lang='grc'>43</span> <span class='ocrx_word' id='word_1_403' title='bbox 1051 2935 1216 2990; x_wconf 90' lang='lat' dir='ltr'>aliter</span> <span class='ocrx_word' id='word_1_404' title='bbox 1235 2929 1515 2989; x_wconf 72' lang='lat' dir='ltr'>suaderet.</span> <span class='ocrx_word' id='word_1_405' title='bbox 1732 3003 1739 3004; x_wconf 15' lang='grc' dir='ltr'>ί</span> <span class='ocrx_word' id='word_1_406' title='bbox 1885 2932 2208 3004; x_wconf 82' lang='lat' dir='ltr'>sacriﬁcium</span> <span class='ocrx_word' id='word_1_407' title='bbox 2225 2932 2497 3004; x_wconf 75' lang='lat' dir='ltr'>inconscii,</span> <span class='ocrx_word' id='word_1_408' title='bbox 2527 2935 2724 3004; x_wconf 76' lang='lat' dir='ltr'>septem</span> <span class='ocrx_word' id='word_1_409' title='bbox 2754 2929 2865 2984; x_wconf 85' lang='lat' dir='ltr'>dies</span> <span class='ocrx_word' id='word_1_410' title='bbox 2887 2933 3162 3000; x_wconf 80' lang='lat' dir='ltr'>paeniteat.</span> <span class='ocrx_word' id='word_1_411' title='bbox 3195 2935 3523 3004; x_wconf 74' lang='lat' dir='ltr'>Quicumque</span> 
     </span>
    </p>
   </div>
   <div class='ocr_carea' id='block_1_32' title="bbox 243 3002 3525 3076">
    <p class='ocr_par' dir='ltr' id='par_1_32' title="bbox 243 3002 3525 3076">
     <span class='ocr_line' id='line_1_32' title="bbox 243 3002 3525 3076; baseline -0.001 -16"><span class='ocrx_word' id='word_1_412' title='bbox 243 3017 263 3046; x_wconf 74' lang='grc' dir='ltr'><strong>ο</strong></span> <span class='ocrx_word' id='word_1_413' title='bbox 292 3002 341 3060; x_wconf 87' lang='lat' dir='ltr'>Id</span> <span class='ocrx_word' id='word_1_414' title='bbox 366 3002 482 3074; x_wconf 66' lang='lat' dir='ltr'>est,</span> <span class='ocrx_word' id='word_1_415' title='bbox 505 3005 550 3062; x_wconf 90' lang='lat' dir='ltr'>si</span> <span class='ocrx_word' id='word_1_416' title='bbox 595 3007 875 3062; x_wconf 88' lang='lat' dir='ltr'>cantando</span> <span class='ocrx_word' id='word_1_417' title='bbox 915 3005 1254 3062; x_wconf 87' lang='lat' dir='ltr'>titubaverit.</span> <span class='ocrx_word' id='word_1_418' title='bbox 1298 3006 1696 3071; x_wconf 89' lang='lat' dir='ltr'>Cummeanus,</span> <span class='ocrx_word' id='word_1_419' title='bbox 1726 3003 1787 3058; x_wconf 90' lang='lat' dir='ltr'>in</span> <span class='ocrx_word' id='word_1_420' title='bbox 1885 3003 2060 3076; x_wconf 74' lang='lat' dir='ltr'>alicui</span> <span class='ocrx_word' id='word_1_421' title='bbox 2080 3003 2316 3076; x_wconf 80' lang='lat' dir='ltr'>capitale</span> <span class='ocrx_word' id='word_1_422' title='bbox 2343 3004 2542 3056; x_wconf 77' lang='lat' dir='ltr'>crimen</span> <span class='ocrx_word' id='word_1_423' title='bbox 2567 3002 2882 3057; x_wconf 82' lang='lat' dir='ltr'>admittenti</span> <span class='ocrx_word' id='word_1_424' title='bbox 2894 3006 3379 3067; x_wconf 81' lang='lat' dir='ltr'>communicaverit,</span> <span class='ocrx_word' id='word_1_425' title='bbox 3411 3002 3525 3076; x_wconf 73' lang='lat' dir='ltr'>sep-</span> 
     </span>
    </p>
   </div>
   <div class='ocr_carea' id='block_1_33' title="bbox 192 3073 2434 3148">
    <p class='ocr_par' dir='ltr' id='par_1_33' title="bbox 192 3073 2434 3148">
     <span class='ocr_line' id='line_1_33' title="bbox 192 3073 2434 3148; baseline -0.002 -18"><span class='ocrx_word' id='word_1_426' title='bbox 192 3091 290 3148; x_wconf 83' lang='lat' dir='ltr'>cap.</span> <span class='ocrx_word' id='word_1_427' title='bbox 318 3081 374 3134; x_wconf 81' lang='lat' dir='ltr'>l3</span> <span class='ocrx_word' id='word_1_428' title='bbox 397 3097 410 3134; x_wconf 89' lang='lat'><strong>:</strong></span> <span class='ocrx_word' id='word_1_429' title='bbox 437 3073 495 3136; x_wconf 90' lang='lat' dir='ltr'>Si</span> <span class='ocrx_word' id='word_1_430' title='bbox 522 3079 847 3134; x_wconf 78' lang='lat' dir='ltr'>titubaverit</span> <span class='ocrx_word' id='word_1_431' title='bbox 875 3078 1123 3132; x_wconf 87' lang='lat' dir='ltr'>sacerdos</span> <span class='ocrx_word' id='word_1_432' title='bbox 1156 3091 1316 3148; x_wconf 85' lang='lat' dir='ltr'>super</span> <span class='ocrx_word' id='word_1_433' title='bbox 1355 3078 1650 3132; x_wconf 82' lang='lat' dir='ltr'>orationem</span> <span class='ocrx_word' id='word_1_434' title='bbox 1684 3079 1785 3148; x_wconf 84' lang='lat' dir='ltr'>Do-</span> <span class='ocrx_word' id='word_1_435' title='bbox 1818 3131 1864 3148; x_wconf 58' lang='grc' dir='ltr'>η</span> <span class='ocrx_word' id='word_1_436' title='bbox 1892 3078 1996 3130; x_wconf 88' lang='lat' dir='ltr'>tem</span> <span class='ocrx_word' id='word_1_437' title='bbox 2024 3073 2137 3129; x_wconf 87' lang='lat' dir='ltr'>dies</span> <span class='ocrx_word' id='word_1_438' title='bbox 2159 3075 2434 3144; x_wconf 69' lang='lat' dir='ltr'>paeniteat.</span> 
     </span>
    </p>
   </div>
   <div class='ocr_carea' id='block_1_34' title="bbox 191 3131 1867 3222">
    <p class='ocr_par' dir='ltr' id='par_1_34' title="bbox 191 3131 1867 3222">
     <span class='ocr_line' id='line_1_34' title="bbox 191 3131 1867 3222; baseline 0.002 -20"><span class='ocrx_word' id='word_1_439' title='bbox 191 3131 589 3222; x_wconf 47' lang='lat' dir='ltr'>amatque</span> <span class='ocrx_word' id='word_1_440' title='bbox 606 3131 839 3205; x_wconf 53' lang='lat' dir='ltr'>&quot;diem</span> <span class='ocrx_word' id='word_1_441' title='bbox 865 3131 1198 3221; x_wconf 45' lang='lat' dir='ltr'>gemuisse;</span> <span class='ocrx_word' id='word_1_442' title='bbox 1217 3131 1368 3203; x_wconf 49' lang='lat' dir='ltr'>‘etc.</span> <span class='ocrx_word' id='word_1_443' title='bbox 1400 3147 1792 3204; x_wconf 82' lang='lat' dir='ltr'>Pamitentiale</span> <span class='ocrx_word' id='word_1_444' title='bbox 1812 3131 1867 3205; x_wconf 84' lang='lat' dir='ltr'>C</span> 
     </span>
    </p>
   </div>
   <div class='ocr_carea' id='block_1_35' title="bbox 653 3395 3047 3452">
    <p class='ocr_par' dir='ltr' id='par_1_35' title="bbox 653 3395 3047 3452">
     <span class='ocr_line' id='line_1_35' title="bbox 653 3395 3047 3452; baseline -0.002 0"><span class='ocrx_word' id='word_1_445' title='bbox 653 3399 907 3452; x_wconf 73' lang='lat' dir='ltr'><strong>RATIO</strong></span> <span class='ocrx_word' id='word_1_446' title='bbox 965 3397 1604 3452; x_wconf 78' lang='lat' dir='ltr'>INSTITUTIONIB</span> <span class='ocrx_word' id='word_1_447' title='bbox 1661 3395 2080 3450; x_wconf 71' lang='lat' dir='ltr'><strong>CURSUUM</strong></span> <span class='ocrx_word' id='word_1_448' title='bbox 2139 3395 2982 3450; x_wconf 69' lang='lat' dir='ltr'>EGGLESIASTIGORUM</span> <span class='ocrx_word' id='word_1_449' title='bbox 3002 3401 3047 3448; x_wconf 82' lang='grc'>⁸.</span> 
     </span>
    </p>
   </div>
   <div class='ocr_carea' id='block_1_36' title="bbox 1622 3523 2042 3536">
    <p class='ocr_par' dir='ltr' id='par_1_36' title="bbox 1622 3523 2042 3536">
     <span class='ocr_line' id='line_1_36' title="bbox 1622 3523 2042 3536; baseline -0.002 -2"><span class='ocrx_word' id='word_1_450' title='bbox 1622 3523 2042 3536; x_wconf 53' lang='grc' dir='ltr'>ῌ-ι--α--ι</span> 
     </span>
    </p>
   </div>
   <div class='ocr_carea' id='block_1_37' title="bbox 250 3614 3526 3692">
    <p class='ocr_par' dir='ltr' id='par_1_37' title="bbox 250 3614 3526 3692">
     <span class='ocr_line' id='line_1_37' title="bbox 250 3614 3526 3692; baseline 0.001 -20"><span class='ocrx_word' id='word_1_451' title='bbox 250 3615 553 3674; x_wconf 84' lang='lat' dir='ltr'>Audivimus</span> <span class='ocrx_word' id='word_1_452' title='bbox 576 3616 798 3675; x_wconf 90' lang='lat' dir='ltr'>dicente</span> <span class='ocrx_word' id='word_1_453' title='bbox 814 3615 1093 3692; x_wconf 88' lang='lat' dir='ltr'>scriptura</span> <span class='ocrx_word' id='word_1_454' title='bbox 1118 3635 1222 3692; x_wconf 91' lang='lat' dir='ltr'>pro</span> <span class='ocrx_word' id='word_1_455' title='bbox 1247 3615 1406 3691; x_wconf 91' lang='lat' dir='ltr'>quali</span> <span class='ocrx_word' id='word_1_456' title='bbox 1435 3617 1642 3674; x_wconf 88' lang='lat' dir='ltr'>virtute</span> <span class='ocrx_word' id='word_1_457' title='bbox 1667 3633 1794 3671; x_wconf 88' lang='lat' dir='ltr'>can-</span> <span class='ocrx_word' id='word_1_458' title='bbox 1962 3615 2147 3670; x_wconf 90' lang='lat' dir='ltr'>Tertia</span> <span class='ocrx_word' id='word_1_459' title='bbox 2187 3631 2320 3671; x_wconf 86' lang='lat' dir='ltr'>vero</span> <span class='ocrx_word' id='word_1_460' title='bbox 2345 3614 2714 3688; x_wconf 79' lang='lat' dir='ltr'>crucifigitur.</span> <span class='ocrx_word' id='word_1_461' title='bbox 2748 3617 2815 3672; x_wconf 90' lang='lat' dir='ltr'>Et</span> <span class='ocrx_word' id='word_1_462' title='bbox 2838 3615 2978 3672; x_wconf 91' lang='lat' dir='ltr'>hora</span> <span class='ocrx_word' id='word_1_463' title='bbox 2998 3617 3164 3673; x_wconf 88' lang='lat' dir='ltr'>tertia</span> <span class='ocrx_word' id='word_1_464' title='bbox 3191 3617 3271 3674; x_wconf 89' lang='lat' dir='ltr'>sic</span> <span class='ocrx_word' id='word_1_465' title='bbox 3290 3617 3526 3675; x_wconf 72' lang='lat' dir='ltr'>descen~</span> 
     </span>
    </p>
   </div>
   <div class='ocr_carea' id='block_1_38' title="bbox 199 3709 3526 3784">
    <p class='ocr_par' dir='ltr' id='par_1_38' title="bbox 199 3709 3526 3784">
     <span class='ocr_line' id='line_1_38' title="bbox 199 3709 3526 3784; baseline 0.002 -20"><span class='ocrx_word' id='word_1_466' title='bbox 199 3713 358 3767; x_wconf 78' lang='lat' dir='ltr'>tantur</span> <span class='ocrx_word' id='word_1_467' title='bbox 380 3730 576 3770; x_wconf 84' lang='lat' dir='ltr'>omnes</span> <span class='ocrx_word' id='word_1_468' title='bbox 605 3730 818 3769; x_wconf 88' lang='lat' dir='ltr'>cursus.</span> <span class='ocrx_word' id='word_1_469' title='bbox 1892 3709 1974 3766; x_wconf 89' lang='lat' dir='ltr'>dit</span> <span class='ocrx_word' id='word_1_470' title='bbox 2016 3709 2257 3782; x_wconf 86' lang='lat' dir='ltr'>Spiritus</span> <span class='ocrx_word' id='word_1_471' title='bbox 2289 3715 2514 3765; x_wconf 90' lang='lat' dir='ltr'>sanctus</span> <span class='ocrx_word' id='word_1_472' title='bbox 2555 3723 2724 3783; x_wconf 88' lang='lat' dir='ltr'>super</span> <span class='ocrx_word' id='word_1_473' title='bbox 2767 3711 3066 3783; x_wconf 89' lang='lat' dir='ltr'>apostolos,</span> <span class='ocrx_word' id='word_1_474' title='bbox 3116 3713 3344 3784; x_wconf 90' lang='lat' dir='ltr'>quando</span> <span class='ocrx_word' id='word_1_475' title='bbox 3385 3713 3526 3770; x_wconf 84' lang='lat' dir='ltr'>dixit</span> 
     </span>
    </p>
   </div>
   <div class='ocr_carea' id='block_1_39' title="bbox 253 3803 3524 3880">
    <p class='ocr_par' dir='ltr' id='par_1_39' title="bbox 253 3803 3524 3880">
     <span class='ocr_line' id='line_1_39' title="bbox 253 3803 3524 3880; baseline 0.002 -21"><span class='ocrx_word' id='word_1_476' title='bbox 253 3805 493 3864; x_wconf 84' lang='lat' dir='ltr'>Nocturni</span> <span class='ocrx_word' id='word_1_477' title='bbox 518 3812 824 3864; x_wconf 78' lang='lat' dir='ltr'>cantantur</span> <span class='ocrx_word' id='word_1_478' title='bbox 847 3824 951 3880; x_wconf 90' lang='lat' dir='ltr'>pro</span> <span class='ocrx_word' id='word_1_479' title='bbox 971 3807 1070 3863; x_wconf 89' lang='lat' dir='ltr'>illa</span> <span class='ocrx_word' id='word_1_480' title='bbox 1087 3803 1318 3878; x_wconf 88' lang='lat' dir='ltr'>virtute,</span> <span class='ocrx_word' id='word_1_481' title='bbox 1347 3823 1521 3880; x_wconf 87' lang='lat' dir='ltr'>quam</span> <span class='ocrx_word' id='word_1_482' title='bbox 1545 3805 1678 3862; x_wconf 87' lang='lat' dir='ltr'>fecit</span> <span class='ocrx_word' id='word_1_483' title='bbox 1695 3807 1798 3861; x_wconf 89' lang='lat' dir='ltr'>Do-</span> <span class='ocrx_word' id='word_1_484' title='bbox 1894 3803 2167 3859; x_wconf 89' lang='lat' dir='ltr'>Dominus</span> <span class='ocrx_word' id='word_1_485' title='bbox 2200 3821 2213 3858; x_wconf 90' lang='lat'><strong>:</strong></span> <span class='ocrx_word' id='word_1_486' title='bbox 2239 3804 2488 3876; x_wconf 87' lang='lat' dir='ltr'>Accipite</span> <span class='ocrx_word' id='word_1_487' title='bbox 2515 3804 2788 3878; x_wconf 89' lang='lat' dir='ltr'>Spiritum</span> <span class='ocrx_word' id='word_1_488' title='bbox 2827 3811 3105 3877; x_wconf 88' lang='lat' dir='ltr'>sanctum,</span> <span class='ocrx_word' id='word_1_489' title='bbox 3144 3824 3390 3880; x_wconf 88' lang='lat' dir='ltr'>quorum</span> <span class='ocrx_word' id='word_1_490' title='bbox 3427 3808 3524 3864; x_wconf 85' lang='lat' dir='ltr'>de-</span> 
     </span>
    </p>
   </div>
   <div class='ocr_carea' id='block_1_40' title="bbox 199 3895 3526 3974">
    <p class='ocr_par' dir='ltr' id='par_1_40' title="bbox 199 3895 3526 3974">
     <span class='ocr_line' id='line_1_40' title="bbox 199 3895 3526 3974; baseline 0.002 -22"><span class='ocrx_word' id='word_1_491' title='bbox 199 3897 355 3954; x_wconf 89' lang='lat' dir='ltr'>minus</span> <span class='ocrx_word' id='word_1_492' title='bbox 396 3901 624 3974; x_wconf 88' lang='lat' dir='ltr'>quando</span> <span class='ocrx_word' id='word_1_493' title='bbox 692 3902 937 3958; x_wconf 89' lang='lat' dir='ltr'>ostendit</span> <span class='ocrx_word' id='word_1_494' title='bbox 992 3901 1370 3974; x_wconf 87' lang='lat' dir='ltr'>primogenita</span> <span class='ocrx_word' id='word_1_495' title='bbox 1433 3900 1683 3974; x_wconf 69' lang='lat' dir='ltr'>Egypti,</span> <span class='ocrx_word' id='word_1_496' title='bbox 1743 3903 1798 3954; x_wconf 91' lang='lat' dir='ltr'>et</span> <span class='ocrx_word' id='word_1_497' title='bbox 1893 3897 2161 3954; x_wconf 85' lang='lat' dir='ltr'>miseritis</span> <span class='ocrx_word' id='word_1_498' title='bbox 2211 3903 2460 3971; x_wconf 87' lang='lat' dir='ltr'>peccata,</span> <span class='ocrx_word' id='word_1_499' title='bbox 2499 3895 2744 3955; x_wconf 90' lang='lat' dir='ltr'>demissa</span> <span class='ocrx_word' id='word_1_500' title='bbox 2789 3903 2956 3972; x_wconf 81' lang='lat' dir='ltr'>sunt;</span> <span class='ocrx_word' id='word_1_501' title='bbox 2999 3906 3056 3957; x_wconf 92' lang='lat' dir='ltr'>et</span> <span class='ocrx_word' id='word_1_502' title='bbox 3097 3917 3346 3974; x_wconf 82' lang='lat' dir='ltr'>quorum</span> <span class='ocrx_word' id='word_1_503' title='bbox 3387 3899 3526 3960; x_wconf 83' lang='lat' dir='ltr'>reti-</span> 
     </span>
    </p>
   </div>
   <div class='ocr_carea' id='block_1_41' title="bbox 201 3992 2578 4066">
    <p class='ocr_par' dir='ltr' id='par_1_41' title="bbox 201 3992 2578 4066">
     <span class='ocr_line' id='line_1_41' title="bbox 201 3992 2578 4066; baseline 0 -18"><span class='ocrx_word' id='word_1_504' title='bbox 201 3994 388 4064; x_wconf 83' lang='lat' dir='ltr'>quando</span> <span class='ocrx_word' id='word_1_505' title='bbox 410 3997 610 4052; x_wconf 80' lang='lat' dir='ltr'>eduxit</span> <span class='ocrx_word' id='word_1_506' title='bbox 637 3996 896 4066; x_wconf 87' lang='lat' dir='ltr'>Paulum,</span> <span class='ocrx_word' id='word_1_507' title='bbox 926 3999 983 4051; x_wconf 91' lang='lat' dir='ltr'>et</span> <span class='ocrx_word' id='word_1_508' title='bbox 1009 3995 1215 4052; x_wconf 89' lang='lat' dir='ltr'>Sileam</span> <span class='ocrx_word' id='word_1_509' title='bbox 1245 3995 1313 4051; x_wconf 93' lang='lat' dir='ltr'>de</span> <span class='ocrx_word' id='word_1_510' title='bbox 1339 4012 1563 4052; x_wconf 88' lang='lat' dir='ltr'>carcere</span> <span class='ocrx_word' id='word_1_511' title='bbox 1605 3995 1796 4050; x_wconf 87' lang='lat' dir='ltr'>clauso</span> <span class='ocrx_word' id='word_1_512' title='bbox 1893 3992 2150 4062; x_wconf 86' lang='lat' dir='ltr'>nueritis,</span> <span class='ocrx_word' id='word_1_513' title='bbox 2179 3997 2399 4048; x_wconf 87' lang='lat' dir='ltr'>retenta</span> <span class='ocrx_word' id='word_1_514' title='bbox 2427 3997 2578 4048; x_wconf 89' lang='lat' dir='ltr'>sunt.</span> 
     </span>
    </p>
   </div>
   <div class='ocr_carea' id='block_1_42' title="bbox 202 4083 3521 4163">
    <p class='ocr_par' dir='ltr' id='par_1_42' title="bbox 202 4083 3521 4163">
     <span class='ocr_line' id='line_1_42' title="bbox 202 4083 3521 4163; baseline 0.003 -24"><span class='ocrx_word' id='word_1_515' title='bbox 202 4083 336 4144; x_wconf 78' lang='lat' dir='ltr'>foras.</span> <span class='ocrx_word' id='word_1_516' title='bbox 361 4091 424 4144; x_wconf 87' lang='lat' dir='ltr'>Et</span> <span class='ocrx_word' id='word_1_517' title='bbox 448 4091 515 4148; x_wconf 91' lang='lat' dir='ltr'>de</span> <span class='ocrx_word' id='word_1_518' title='bbox 540 4091 652 4146; x_wconf 92' lang='lat' dir='ltr'>hoc</span> <span class='ocrx_word' id='word_1_519' title='bbox 676 4089 819 4146; x_wconf 86' lang='lat' dir='ltr'>dixit</span> <span class='ocrx_word' id='word_1_520' title='bbox 845 4089 1198 4162; x_wconf 87' lang='lat' dir='ltr'>Evangelista</span> <span class='ocrx_word' id='word_1_521' title='bbox 1227 4107 1240 4145; x_wconf 76' lang='grc' dir='ltr'><strong>ε</strong></span> <span class='ocrx_word' id='word_1_522' title='bbox 1275 4089 1454 4147; x_wconf 87' lang='lat' dir='ltr'>Media</span> <span class='ocrx_word' id='word_1_523' title='bbox 1493 4093 1656 4146; x_wconf 90' lang='lat' dir='ltr'>nocte</span> <span class='ocrx_word' id='word_1_524' title='bbox 1683 4089 1794 4144; x_wconf 91' lang='lat' dir='ltr'>cla-</span> <span class='ocrx_word' id='word_1_525' title='bbox 1967 4087 2135 4143; x_wconf 85' lang='lat' dir='ltr'>Sexta</span> <span class='ocrx_word' id='word_1_526' title='bbox 2160 4102 2292 4142; x_wconf 89' lang='lat' dir='ltr'>vero</span> <span class='ocrx_word' id='word_1_527' title='bbox 2319 4087 2463 4142; x_wconf 90' lang='lat' dir='ltr'>hora</span> <span class='ocrx_word' id='word_1_528' title='bbox 2493 4087 2572 4144; x_wconf 90' lang='lat' dir='ltr'>sic</span> <span class='ocrx_word' id='word_1_529' title='bbox 2597 4086 2846 4144; x_wconf 89' lang='lat' dir='ltr'>ascendit</span> <span class='ocrx_word' id='word_1_530' title='bbox 2871 4089 3144 4144; x_wconf 90' lang='lat' dir='ltr'>Dominus</span> <span class='ocrx_word' id='word_1_531' title='bbox 3187 4092 3246 4146; x_wconf 86' lang='lat' dir='ltr'>in</span> <span class='ocrx_word' id='word_1_532' title='bbox 3273 4108 3521 4163; x_wconf 89' lang='lat' dir='ltr'>crucem,</span> 
     </span>
    </p>
   </div>
   <div class='ocr_carea' id='block_1_43' title="bbox 201 4180 3529 4267">
    <p class='ocr_par' dir='ltr' id='par_1_43' title="bbox 201 4180 3529 4267">
     <span class='ocr_line' id='line_1_43' title="bbox 201 4180 3529 4267; baseline 0.002 -33"><span class='ocrx_word' id='word_1_533' title='bbox 201 4193 304 4236; x_wconf 89' lang='lat' dir='ltr'>mor</span> <span class='ocrx_word' id='word_1_534' title='bbox 337 4183 504 4241; x_wconf 85' lang='lat' dir='ltr'>factus</span> <span class='ocrx_word' id='word_1_535' title='bbox 553 4189 659 4256; x_wconf 90' lang='lat' dir='ltr'>est,</span> <span class='ocrx_word' id='word_1_536' title='bbox 705 4200 832 4241; x_wconf 90' lang='lat' dir='ltr'>ecce</span> <span class='ocrx_word' id='word_1_537' title='bbox 877 4201 1116 4258; x_wconf 89' lang='lat' dir='ltr'>sponsus</span> <span class='ocrx_word' id='word_1_538' title='bbox 1159 4184 1332 4255; x_wconf 89' lang='lat' dir='ltr'>venit,</span> <span class='ocrx_word' id='word_1_539' title='bbox 1373 4185 1520 4241; x_wconf 88' lang='lat' dir='ltr'>exite</span> <span class='ocrx_word' id='word_1_540' title='bbox 1576 4182 1798 4240; x_wconf 87' lang='lat' dir='ltr'>obviam</span> <span class='ocrx_word' id='word_1_541' title='bbox 1897 4180 1976 4236; x_wconf 90' lang='lat' dir='ltr'>sic</span> <span class='ocrx_word' id='word_1_542' title='bbox 1995 4181 2242 4238; x_wconf 84' lang='lat' dir='ltr'>tenebrae</span> <span class='ocrx_word' id='word_1_543' title='bbox 2265 4181 2428 4237; x_wconf 80' lang='lat' dir='ltr'>factae</span> <span class='ocrx_word' id='word_1_544' title='bbox 2460 4187 2594 4238; x_wconf 90' lang='lat' dir='ltr'>sunt</span> <span class='ocrx_word' id='word_1_545' title='bbox 2629 4200 2810 4256; x_wconf 87' lang='lat' dir='ltr'>usque</span> <span class='ocrx_word' id='word_1_546' title='bbox 2847 4184 2921 4240; x_wconf 90' lang='lat' dir='ltr'>ad</span> <span class='ocrx_word' id='word_1_547' title='bbox 2950 4184 3152 4267; x_wconf 81' lang='lat' dir='ltr'>horam</span> <span class='ocrx_word' id='word_1_548' title='bbox 3199 4202 3429 4244; x_wconf 88' lang='lat' dir='ltr'>nonam.</span> <span class='ocrx_word' id='word_1_549' title='bbox 3462 4189 3529 4243; x_wconf 87' lang='lat' dir='ltr'>Et</span> 
     </span>
    </p>
   </div>
   <div class='ocr_carea' id='block_1_44' title="bbox 204 4273 3532 4351">
    <p class='ocr_par' dir='ltr' id='par_1_44' title="bbox 204 4273 3532 4351">
     <span class='ocr_line' id='line_1_44' title="bbox 204 4273 3532 4351; baseline 0.003 -25"><span class='ocrx_word' id='word_1_550' title='bbox 204 4273 260 4329; x_wconf 86' lang='lat' dir='ltr'>ei.</span> <span class='ocrx_word' id='word_1_551' title='bbox 1898 4277 2034 4332; x_wconf 89' lang='lat' dir='ltr'>tunc</span> <span class='ocrx_word' id='word_1_552' title='bbox 2078 4277 2297 4332; x_wconf 86' lang='lat' dir='ltr'>vocavit</span> <span class='ocrx_word' id='word_1_553' title='bbox 2331 4277 2603 4332; x_wconf 87' lang='lat' dir='ltr'>Dominus</span> <span class='ocrx_word' id='word_1_554' title='bbox 2641 4277 2874 4333; x_wconf 89' lang='lat' dir='ltr'>Saulum</span> <span class='ocrx_word' id='word_1_555' title='bbox 2935 4279 3162 4350; x_wconf 87' lang='lat' dir='ltr'>quando</span> <span class='ocrx_word' id='word_1_556' title='bbox 3209 4286 3532 4351; x_wconf 87' lang='lat' dir='ltr'>persecutor</span> 
     </span>
    </p>
   </div>
   <div class='ocr_carea' id='block_1_45' title="bbox 661 4367 3530 4446">
    <p class='ocr_par' dir='ltr' id='par_1_45' title="bbox 661 4367 3530 4446">
     <span class='ocr_line' id='line_1_45' title="bbox 661 4367 3530 4446; baseline 0.001 -18"><span class='ocrx_word' id='word_1_557' title='bbox 661 4413 673 4428; x_wconf 94' lang='lat'>.</span> <span class='ocrx_word' id='word_1_558' title='bbox 719 4415 732 4429; x_wconf 92' lang='lat'>.</span> <span class='ocrx_word' id='word_1_559' title='bbox 774 4379 971 4430; x_wconf 86' lang='lat' dir='ltr'>cantus</span> <span class='ocrx_word' id='word_1_560' title='bbox 1012 4391 1118 4446; x_wconf 89' lang='lat' dir='ltr'>pro</span> <span class='ocrx_word' id='word_1_561' title='bbox 1144 4373 1252 4428; x_wconf 91' lang='lat' dir='ltr'>hoc</span> <span class='ocrx_word' id='word_1_562' title='bbox 1280 4375 1540 4428; x_wconf 78' lang='lat' dir='ltr'>cantatur</span> <span class='ocrx_word' id='word_1_563' title='bbox 1581 4371 1804 4444; x_wconf 89' lang='lat' dir='ltr'>quando</span> <span class='ocrx_word' id='word_1_564' title='bbox 1823 4367 1884 4440; x_wconf 88' lang='lat' dir='ltr'>D</span> <span class='ocrx_word' id='word_1_565' title='bbox 1905 4375 2024 4425; x_wconf 89' lang='lat' dir='ltr'>erat</span> <span class='ocrx_word' id='word_1_566' title='bbox 2043 4370 2512 4441; x_wconf 87' lang='lat' dir='ltr'>Christianorum,</span> <span class='ocrx_word' id='word_1_567' title='bbox 2553 4376 2608 4425; x_wconf 90' lang='lat' dir='ltr'>et</span> <span class='ocrx_word' id='word_1_568' title='bbox 2637 4371 2780 4426; x_wconf 89' lang='lat' dir='ltr'>dixit</span> <span class='ocrx_word' id='word_1_569' title='bbox 2807 4387 2821 4426; x_wconf 90' lang='lat'><strong>:</strong></span> <span class='ocrx_word' id='word_1_570' title='bbox 2854 4372 3037 4440; x_wconf 86' lang='lat' dir='ltr'>Saule,</span> <span class='ocrx_word' id='word_1_571' title='bbox 3080 4373 3241 4428; x_wconf 89' lang='lat' dir='ltr'>Saule</span> <span class='ocrx_word' id='word_1_572' title='bbox 3274 4373 3409 4446; x_wconf 90' lang='lat' dir='ltr'>quid</span> <span class='ocrx_word' id='word_1_573' title='bbox 3439 4392 3530 4431; x_wconf 90' lang='lat' dir='ltr'>me</span> 
     </span>
    </p>
   </div>
   <div class='ocr_carea' id='block_1_46' title="bbox 206 4464 3534 4541">
    <p class='ocr_par' dir='ltr' id='par_1_46' title="bbox 206 4464 3534 4541">
     <span class='ocr_line' id='line_1_46' title="bbox 206 4464 3534 4541; baseline 0.003 -26"><span class='ocrx_word' id='word_1_574' title='bbox 206 4466 398 4536; x_wconf 79' lang='lat' dir='ltr'>negavit</span> <span class='ocrx_word' id='word_1_575' title='bbox 421 4474 647 4524; x_wconf 87' lang='lat' dir='ltr'>sanctus</span> <span class='ocrx_word' id='word_1_576' title='bbox 677 4470 872 4524; x_wconf 88' lang='lat' dir='ltr'>Petrus</span> <span class='ocrx_word' id='word_1_577' title='bbox 901 4485 964 4524; x_wconf 89' lang='lat' dir='ltr'>ac</span> <span class='ocrx_word' id='word_1_578' title='bbox 996 4467 1318 4541; x_wconf 88' lang='lat' dir='ltr'>passionem</span> <span class='ocrx_word' id='word_1_579' title='bbox 1355 4464 1598 4536; x_wconf 91' lang='lat' dir='ltr'>Domini,</span> <span class='ocrx_word' id='word_1_580' title='bbox 1626 4470 1684 4521; x_wconf 89' lang='lat' dir='ltr'>et</span> <span class='ocrx_word' id='word_1_581' title='bbox 1709 4481 1804 4522; x_wconf 84' lang='lat' dir='ltr'>re-</span> <span class='ocrx_word' id='word_1_582' title='bbox 1902 4464 2292 4536; x_wconf 83' lang='lat' dir='ltr'>persequeris?</span> <span class='ocrx_word' id='word_1_583' title='bbox 2313 4465 2383 4518; x_wconf 90' lang='lat' dir='ltr'>Et</span> <span class='ocrx_word' id='word_1_584' title='bbox 2402 4468 2536 4518; x_wconf 90' lang='lat' dir='ltr'>tunc</span> <span class='ocrx_word' id='word_1_585' title='bbox 2559 4464 2714 4519; x_wconf 91' lang='lat' dir='ltr'>venit</span> <span class='ocrx_word' id='word_1_586' title='bbox 2735 4481 2837 4519; x_wconf 88' lang='lat' dir='ltr'>vox</span> <span class='ocrx_word' id='word_1_587' title='bbox 2861 4465 2931 4520; x_wconf 86' lang='lat' dir='ltr'>ad</span> <span class='ocrx_word' id='word_1_588' title='bbox 2957 4466 3282 4523; x_wconf 86' lang='lat' dir='ltr'>Cornelium</span> <span class='ocrx_word' id='word_1_589' title='bbox 3307 4469 3534 4540; x_wconf 87' lang='lat' dir='ltr'>quando</span> 
     </span>
    </p>
   </div>
   <div class='ocr_carea' id='block_1_47' title="bbox 207 4556 3533 4634">
    <p class='ocr_par' dir='ltr' id='par_1_47' title="bbox 207 4556 3533 4634">
     <span class='ocr_line' id='line_1_47' title="bbox 207 4556 3533 4634; baseline 0.002 -21"><span class='ocrx_word' id='word_1_590' title='bbox 207 4558 418 4616; x_wconf 82' lang='lat' dir='ltr'>cordavit</span> <span class='ocrx_word' id='word_1_591' title='bbox 439 4568 634 4634; x_wconf 86' lang='lat' dir='ltr'>postea</span> <span class='ocrx_word' id='word_1_592' title='bbox 657 4563 728 4618; x_wconf 88' lang='lat' dir='ltr'>ad</span> <span class='ocrx_word' id='word_1_593' title='bbox 769 4604 782 4619; x_wconf 94' lang='lat'>.</span> <span class='ocrx_word' id='word_1_594' title='bbox 827 4605 841 4618; x_wconf 93' lang='lat'>.</span> <span class='ocrx_word' id='word_1_595' title='bbox 889 4605 902 4618; x_wconf 93' lang='lat'>.</span> <span class='ocrx_word' id='word_1_596' title='bbox 947 4604 960 4618; x_wconf 93' lang='lat'>.</span> <span class='ocrx_word' id='word_1_597' title='bbox 1009 4605 1021 4618; x_wconf 95' lang='lat'>.</span> <span class='ocrx_word' id='word_1_598' title='bbox 1069 4605 1082 4618; x_wconf 94' lang='lat'>.</span> <span class='ocrx_word' id='word_1_599' title='bbox 1123 4578 1356 4634; x_wconf 85' lang='lat' dir='ltr'>corpore</span> <span class='ocrx_word' id='word_1_600' title='bbox 1379 4561 1502 4616; x_wconf 88' lang='lat' dir='ltr'>sani</span> <span class='ocrx_word' id='word_1_601' title='bbox 1548 4601 1562 4614; x_wconf 94' lang='lat'>.</span> <span class='ocrx_word' id='word_1_602' title='bbox 1608 4600 1622 4614; x_wconf 94' lang='lat'>.</span> <span class='ocrx_word' id='word_1_603' title='bbox 1667 4601 1680 4614; x_wconf 94' lang='lat'>.</span> <span class='ocrx_word' id='word_1_604' title='bbox 1727 4600 1740 4614; x_wconf 95' lang='lat'>.</span> <span class='ocrx_word' id='word_1_605' title='bbox 1787 4601 1799 4616; x_wconf 92' lang='lat'>.</span> <span class='ocrx_word' id='word_1_606' title='bbox 1904 4556 2064 4626; x_wconf 84' lang='lat' dir='ltr'>dixit,</span> <span class='ocrx_word' id='word_1_607' title='bbox 2113 4557 2333 4612; x_wconf 88' lang='lat' dir='ltr'>Corneli</span> <span class='ocrx_word' id='word_1_608' title='bbox 2377 4556 2638 4612; x_wconf 84' lang='lat' dir='ltr'>exaudita</span> <span class='ocrx_word' id='word_1_609' title='bbox 2680 4562 2764 4613; x_wconf 89' lang='lat' dir='ltr'>est</span> <span class='ocrx_word' id='word_1_610' title='bbox 2801 4558 3118 4631; x_wconf 79' lang='lat' dir='ltr'>deprecatio</span> <span class='ocrx_word' id='word_1_611' title='bbox 3152 4565 3268 4632; x_wconf 90' lang='lat' dir='ltr'>tua,</span> <span class='ocrx_word' id='word_1_612' title='bbox 3300 4569 3356 4620; x_wconf 90' lang='lat' dir='ltr'>et</span> <span class='ocrx_word' id='word_1_613' title='bbox 3393 4563 3533 4620; x_wconf 85' lang='lat' dir='ltr'>elee-</span> 
     </span>
    </p>
   </div>
   <div class='ocr_carea' id='block_1_48' title="bbox 261 4650 3050 4730">
    <p class='ocr_par' dir='ltr' id='par_1_48' title="bbox 261 4650 3050 4730">
     <span class='ocr_line' id='line_1_48' title="bbox 261 4650 3050 4730; baseline 0 -22"><span class='ocrx_word' id='word_1_614' title='bbox 261 4651 613 4730; x_wconf 77' lang='lat' dir='ltr'>[Matutinum]</span> <span class='ocrx_word' id='word_1_615' title='bbox 639 4673 742 4729; x_wconf 92' lang='lat' dir='ltr'>pro</span> <span class='ocrx_word' id='word_1_616' title='bbox 759 4657 868 4711; x_wconf 90' lang='lat' dir='ltr'>hoc</span> <span class='ocrx_word' id='word_1_617' title='bbox 883 4661 1162 4726; x_wconf 87' lang='lat' dir='ltr'>cantatur,</span> <span class='ocrx_word' id='word_1_618' title='bbox 1195 4655 1325 4727; x_wconf 89' lang='lat' dir='ltr'>quia</span> <span class='ocrx_word' id='word_1_619' title='bbox 1339 4653 1608 4710; x_wconf 90' lang='lat' dir='ltr'>Dominus</span> <span class='ocrx_word' id='word_1_620' title='bbox 1635 4669 1803 4709; x_wconf 89' lang='lat' dir='ltr'>mane</span> <span class='ocrx_word' id='word_1_621' title='bbox 1903 4663 2155 4713; x_wconf 77' lang='lat' dir='ltr'>mosynae</span> <span class='ocrx_word' id='word_1_622' title='bbox 2180 4655 2292 4706; x_wconf 67' lang='lat' dir='ltr'>tua:</span> <span class='ocrx_word' id='word_1_623' title='bbox 2319 4650 2699 4706; x_wconf 89' lang='lat' dir='ltr'>ascenderunt</span> <span class='ocrx_word' id='word_1_624' title='bbox 2725 4667 2914 4708; x_wconf 89' lang='lat' dir='ltr'>coram</span> <span class='ocrx_word' id='word_1_625' title='bbox 2939 4671 3050 4709; x_wconf 91' lang='lat' dir='ltr'>me.</span> 
     </span>
    </p>
   </div>
   <div class='ocr_carea' id='block_1_49' title="bbox 208 4744 3530 4822">
    <p class='ocr_par' dir='ltr' id='par_1_49' title="bbox 208 4744 3530 4822">
     <span class='ocr_line' id='line_1_49' title="bbox 208 4744 3530 4822; baseline 0.004 -24"><span class='ocrx_word' id='word_1_626' title='bbox 208 4749 433 4820; x_wconf 79' lang='lat' dir='ltr'>surrexit,</span> <span class='ocrx_word' id='word_1_627' title='bbox 467 4755 524 4806; x_wconf 92' lang='lat' dir='ltr'>et</span> <span class='ocrx_word' id='word_1_628' title='bbox 549 4750 692 4807; x_wconf 80' lang='lat' dir='ltr'>dixit</span> <span class='ocrx_word' id='word_1_629' title='bbox 719 4750 1067 4822; x_wconf 86' lang='lat' dir='ltr'>evangelista</span> <span class='ocrx_word' id='word_1_630' title='bbox 1097 4766 1110 4806; x_wconf 89' lang='lat'><strong>:</strong></span> <span class='ocrx_word' id='word_1_631' title='bbox 1137 4749 1326 4806; x_wconf 87' lang='lat' dir='ltr'>Prima</span> <span class='ocrx_word' id='word_1_632' title='bbox 1349 4752 1540 4802; x_wconf 90' lang='lat' dir='ltr'>autem</span> <span class='ocrx_word' id='word_1_633' title='bbox 1576 4747 1805 4804; x_wconf 89' lang='lat' dir='ltr'>Sabbati</span> <span class='ocrx_word' id='word_1_634' title='bbox 1974 4746 2130 4802; x_wconf 89' lang='lat' dir='ltr'>Nona</span> <span class='ocrx_word' id='word_1_635' title='bbox 2152 4760 2286 4800; x_wconf 90' lang='lat' dir='ltr'>vero</span> <span class='ocrx_word' id='word_1_636' title='bbox 2325 4744 2464 4799; x_wconf 90' lang='lat' dir='ltr'>hora</span> <span class='ocrx_word' id='word_1_637' title='bbox 2491 4745 2567 4800; x_wconf 90' lang='lat' dir='ltr'>sic</span> <span class='ocrx_word' id='word_1_638' title='bbox 2597 4745 2783 4802; x_wconf 89' lang='lat' dir='ltr'>emisit</span> <span class='ocrx_word' id='word_1_639' title='bbox 2811 4747 3098 4822; x_wconf 90' lang='lat' dir='ltr'>spiritum,</span> <span class='ocrx_word' id='word_1_640' title='bbox 3133 4755 3189 4805; x_wconf 91' lang='lat' dir='ltr'>et</span> <span class='ocrx_word' id='word_1_641' title='bbox 3230 4747 3308 4806; x_wconf 87' lang='lat' dir='ltr'>sic</span> <span class='ocrx_word' id='word_1_642' title='bbox 3341 4758 3530 4810; x_wconf 82' lang='lat' dir='ltr'>osten-</span> 
     </span>
    </p>
   </div>
   <div class='ocr_carea' id='block_1_50' title="bbox 207 4834 3536 4918">
    <p class='ocr_par' dir='ltr' id='par_1_50' title="bbox 207 4834 3536 4918">
     <span class='ocr_line' id='line_1_50' title="bbox 207 4834 3536 4918; baseline 0.004 -28"><span class='ocrx_word' id='word_1_643' title='bbox 207 4834 347 4896; x_wconf 69' lang='lat' dir='ltr'>Maria</span> <span class='ocrx_word' id='word_1_644' title='bbox 392 4845 712 4918; x_wconf 77' lang='lat' dir='ltr'>Magdalene</span> <span class='ocrx_word' id='word_1_645' title='bbox 767 4844 920 4900; x_wconf 85' lang='lat' dir='ltr'>venit</span> <span class='ocrx_word' id='word_1_646' title='bbox 961 4860 1148 4914; x_wconf 91' lang='lat' dir='ltr'>mane,</span> <span class='ocrx_word' id='word_1_647' title='bbox 1187 4859 1314 4898; x_wconf 91' lang='lat' dir='ltr'>cum</span> <span class='ocrx_word' id='word_1_648' title='bbox 1343 4842 1528 4898; x_wconf 89' lang='lat' dir='ltr'>adhuc</span> <span class='ocrx_word' id='word_1_649' title='bbox 1555 4842 1804 4898; x_wconf 72' lang='lat' dir='ltr'>tenebrae</span> <span class='ocrx_word' id='word_1_650' title='bbox 1903 4853 2030 4895; x_wconf 87' lang='lat' dir='ltr'>sum</span> <span class='ocrx_word' id='word_1_651' title='bbox 2055 4843 2139 4896; x_wconf 91' lang='lat' dir='ltr'>est</span> <span class='ocrx_word' id='word_1_652' title='bbox 2161 4857 2256 4894; x_wconf 89' lang='lat' dir='ltr'>vas</span> <span class='ocrx_word' id='word_1_653' title='bbox 2283 4843 2472 4895; x_wconf 88' lang='lat' dir='ltr'>sancto</span> <span class='ocrx_word' id='word_1_654' title='bbox 2497 4841 2680 4910; x_wconf 90' lang='lat' dir='ltr'>Petro,</span> <span class='ocrx_word' id='word_1_655' title='bbox 2705 4841 2805 4896; x_wconf 92' lang='lat' dir='ltr'>ubi</span> <span class='ocrx_word' id='word_1_656' title='bbox 2831 4843 3074 4899; x_wconf 88' lang='lat' dir='ltr'>habebat</span> <span class='ocrx_word' id='word_1_657' title='bbox 3099 4845 3288 4900; x_wconf 91' lang='lat' dir='ltr'>omnia</span> <span class='ocrx_word' id='word_1_658' title='bbox 3321 4847 3536 4904; x_wconf 88' lang='lat' dir='ltr'>munda</span> 
     </span>
    </p>
   </div>
   <div class='ocr_carea' id='block_1_51' title="bbox 208 4933 3534 5013">
    <p class='ocr_par' dir='ltr' id='par_1_51' title="bbox 208 4933 3534 5013">
     <span class='ocr_line' id='line_1_51' title="bbox 208 4933 3534 5013; baseline 0.003 -25"><span class='ocrx_word' id='word_1_659' title='bbox 208 4939 390 5008; x_wconf 80' lang='lat' dir='ltr'>essent;</span> <span class='ocrx_word' id='word_1_660' title='bbox 426 4939 593 4994; x_wconf 88' lang='lat' dir='ltr'>tertia</span> <span class='ocrx_word' id='word_1_661' title='bbox 630 4939 722 4995; x_wconf 90' lang='lat' dir='ltr'>die</span> <span class='ocrx_word' id='word_1_662' title='bbox 769 4938 1078 4995; x_wconf 88' lang='lat' dir='ltr'>resurrexit</span> <span class='ocrx_word' id='word_1_663' title='bbox 1113 4955 1240 5011; x_wconf 64' lang='lat' dir='ltr'>quae</span> <span class='ocrx_word' id='word_1_664' title='bbox 1281 4937 1508 4994; x_wconf 82' lang='lat' dir='ltr'>lacessit</span> <span class='ocrx_word' id='word_1_665' title='bbox 1553 4954 1587 4992; x_wconf 90' lang='lat' dir='ltr'>a</span> <span class='ocrx_word' id='word_1_666' title='bbox 1621 4936 1807 5008; x_wconf 90' lang='lat' dir='ltr'>prima</span> <span class='ocrx_word' id='word_1_667' title='bbox 1905 4939 1962 4989; x_wconf 90' lang='lat' dir='ltr'>et</span> <span class='ocrx_word' id='word_1_668' title='bbox 1983 4933 2299 5004; x_wconf 88' lang='lat' dir='ltr'>immunda,</span> <span class='ocrx_word' id='word_1_669' title='bbox 2346 4933 2425 4988; x_wconf 91' lang='lat' dir='ltr'>sic</span> <span class='ocrx_word' id='word_1_670' title='bbox 2469 4933 2614 4994; x_wconf 84' lang='lat' dir='ltr'>dixit</span> <span class='ocrx_word' id='word_1_671' title='bbox 2649 4936 2890 5008; x_wconf 87' lang='lat' dir='ltr'>angelus</span> <span class='ocrx_word' id='word_1_672' title='bbox 2939 4955 2952 4992; x_wconf 92' lang='lat'>:</span> <span class='ocrx_word' id='word_1_673' title='bbox 2997 4937 3174 5010; x_wconf 87' lang='lat' dir='ltr'>Surge</span> <span class='ocrx_word' id='word_1_674' title='bbox 3211 4939 3392 5013; x_wconf 88' lang='lat' dir='ltr'>Petre,</span> <span class='ocrx_word' id='word_1_675' title='bbox 3440 4955 3534 4997; x_wconf 39' lang='lat' dir='ltr'>cos</span> 
     </span>
    </p>
   </div>
   <div class='ocr_carea' id='block_1_52' title="bbox 209 5021 2090 5106">
    <p class='ocr_par' dir='ltr' id='par_1_52' title="bbox 209 5021 2090 5106">
     <span class='ocr_line' id='line_1_52' title="bbox 209 5021 2090 5106; baseline 0.002 -25"><span class='ocrx_word' id='word_1_676' title='bbox 209 5021 416 5086; x_wconf 79' lang='lat' dir='ltr'>Sabbati.</span> <span class='ocrx_word' id='word_1_677' title='bbox 450 5032 592 5098; x_wconf 88' lang='lat' dir='ltr'>Quia</span> <span class='ocrx_word' id='word_1_678' title='bbox 633 5038 692 5089; x_wconf 88' lang='lat' dir='ltr'>et</span> <span class='ocrx_word' id='word_1_679' title='bbox 731 5033 938 5106; x_wconf 86' lang='lat' dir='ltr'>angeli,</span> <span class='ocrx_word' id='word_1_680' title='bbox 983 5037 1039 5088; x_wconf 91' lang='lat' dir='ltr'>et</span> <span class='ocrx_word' id='word_1_681' title='bbox 1072 5031 1354 5102; x_wconf 87' lang='lat' dir='ltr'>homines,</span> <span class='ocrx_word' id='word_1_682' title='bbox 1401 5035 1458 5088; x_wconf 90' lang='lat' dir='ltr'>et</span> <span class='ocrx_word' id='word_1_683' title='bbox 1496 5047 1646 5103; x_wconf 90' lang='lat' dir='ltr'>aves,</span> <span class='ocrx_word' id='word_1_684' title='bbox 1679 5045 1806 5104; x_wconf 64' lang='lat' dir='ltr'>quas</span> <span class='ocrx_word' id='word_1_685' title='bbox 1905 5028 2090 5084; x_wconf 89' lang='lat' dir='ltr'>mede.</span> 
     </span>
    </p>
   </div>
   <div class='ocr_carea' id='block_1_53' title="bbox 205 5114 3540 5204">
    <p class='ocr_par' dir='ltr' id='par_1_53' title="bbox 205 5114 3540 5204">
     <span class='ocr_line' id='line_1_53' title="bbox 205 5114 3540 5204; baseline 0.004 -29"><span class='ocrx_word' id='word_1_686' title='bbox 205 5114 345 5185; x_wconf 81' lang='lat' dir='ltr'>jussit</span> <span class='ocrx_word' id='word_1_687' title='bbox 369 5141 534 5198; x_wconf 90' lang='lat' dir='ltr'>super</span> <span class='ocrx_word' id='word_1_688' title='bbox 570 5131 802 5198; x_wconf 87' lang='lat' dir='ltr'>terram,</span> <span class='ocrx_word' id='word_1_689' title='bbox 833 5143 1027 5182; x_wconf 92' lang='lat' dir='ltr'>omnes</span> <span class='ocrx_word' id='word_1_690' title='bbox 1053 5126 1115 5182; x_wconf 92' lang='lat' dir='ltr'>in</span> <span class='ocrx_word' id='word_1_691' title='bbox 1149 5126 1244 5181; x_wconf 89' lang='lat' dir='ltr'>illa</span> <span class='ocrx_word' id='word_1_692' title='bbox 1264 5127 1422 5182; x_wconf 85' lang='lat' dir='ltr'>&#39;hora</span> <span class='ocrx_word' id='word_1_693' title='bbox 1457 5127 1632 5182; x_wconf 90' lang='lat' dir='ltr'>Deum</span> <span class='ocrx_word' id='word_1_694' title='bbox 1670 5142 1800 5181; x_wconf 91' lang='lat' dir='ltr'>con-</span> <span class='ocrx_word' id='word_1_695' title='bbox 1976 5122 2284 5178; x_wconf 89' lang='lat' dir='ltr'>Undecima</span> <span class='ocrx_word' id='word_1_696' title='bbox 2309 5139 2441 5180; x_wconf 86' lang='lat' dir='ltr'>vero</span> <span class='ocrx_word' id='word_1_697' title='bbox 2467 5124 2544 5180; x_wconf 90' lang='lat' dir='ltr'>sic</span> <span class='ocrx_word' id='word_1_698' title='bbox 2571 5125 2808 5181; x_wconf 59' lang='lat' dir='ltr'>canavit</span> <span class='ocrx_word' id='word_1_699' title='bbox 2833 5142 2963 5180; x_wconf 90' lang='lat' dir='ltr'>cum</span> <span class='ocrx_word' id='word_1_700' title='bbox 2991 5127 3276 5200; x_wconf 87' lang='lat' dir='ltr'>apostolis,</span> <span class='ocrx_word' id='word_1_701' title='bbox 3313 5133 3540 5204; x_wconf 87' lang='lat' dir='ltr'>quando</span> 
     </span>
    </p>
   </div>
   <div class='ocr_carea' id='block_1_54' title="bbox 210 5207 3536 5295">
    <p class='ocr_par' dir='ltr' id='par_1_54' title="bbox 210 5207 3536 5295">
     <span class='ocr_line' id='line_1_54' title="bbox 210 5207 3536 5295; baseline 0.005 -27"><span class='ocrx_word' id='word_1_702' title='bbox 210 5207 423 5287; x_wconf 71' lang='lat' dir='ltr'>laudant,</span> <span class='ocrx_word' id='word_1_703' title='bbox 463 5225 520 5276; x_wconf 92' lang='lat' dir='ltr'>et</span> <span class='ocrx_word' id='word_1_704' title='bbox 569 5225 704 5277; x_wconf 90' lang='lat' dir='ltr'>tunc</span> <span class='ocrx_word' id='word_1_705' title='bbox 749 5221 968 5276; x_wconf 89' lang='lat' dir='ltr'>animas</span> <span class='ocrx_word' id='word_1_706' title='bbox 1003 5220 1291 5292; x_wconf 87' lang='lat' dir='ltr'>justorum</span> <span class='ocrx_word' id='word_1_707' title='bbox 1335 5219 1434 5293; x_wconf 92' lang='lat' dir='ltr'>q&#39;ui</span> <span class='ocrx_word' id='word_1_708' title='bbox 1479 5220 1540 5274; x_wconf 91' lang='lat' dir='ltr'>in</span> <span class='ocrx_word' id='word_1_709' title='bbox 1581 5219 1806 5276; x_wconf 79' lang='lat' dir='ltr'>inferno</span> <span class='ocrx_word' id='word_1_710' title='bbox 1898 5214 2182 5289; x_wconf 86' lang='lat' dir='ltr'>jejunavit</span> <span class='ocrx_word' id='word_1_711' title='bbox 2196 5216 2572 5290; x_wconf 88' lang='lat' dir='ltr'>quadraginta</span> <span class='ocrx_word' id='word_1_712' title='bbox 2586 5216 2782 5274; x_wconf 87' lang='lat' dir='ltr'>diebus</span> <span class='ocrx_word' id='word_1_713' title='bbox 2801 5224 2856 5275; x_wconf 90' lang='lat' dir='ltr'>et</span> <span class='ocrx_word' id='word_1_714' title='bbox 2872 5221 3242 5295; x_wconf 85' lang='lat' dir='ltr'>quadraginta</span> <span class='ocrx_word' id='word_1_715' title='bbox 3259 5220 3536 5283; x_wconf 83' lang='lat' dir='ltr'>noctibus.</span> 
     </span>
    </p>
   </div>
   <div class='ocr_carea' id='block_1_55' title="bbox 212 5311 3541 5387">
    <p class='ocr_par' dir='ltr' id='par_1_55' title="bbox 212 5311 3541 5387">
     <span class='ocr_line' id='line_1_55' title="bbox 212 5311 3541 5387; baseline 0.004 -23"><span class='ocrx_word' id='word_1_716' title='bbox 212 5314 362 5381; x_wconf 75' lang='lat' dir='ltr'>erant,</span> <span class='ocrx_word' id='word_1_717' title='bbox 381 5312 438 5368; x_wconf 91' lang='lat' dir='ltr'>in</span> <span class='ocrx_word' id='word_1_718' title='bbox 463 5313 582 5387; x_wconf 84' lang='lat' dir='ltr'>ipsa</span> <span class='ocrx_word' id='word_1_719' title='bbox 608 5315 1015 5372; x_wconf 86' lang='lat' dir='ltr'>resurrectione</span> <span class='ocrx_word' id='word_1_720' title='bbox 1035 5315 1318 5386; x_wconf 88' lang='lat' dir='ltr'>liberavit,</span> <span class='ocrx_word' id='word_1_721' title='bbox 1350 5315 1448 5387; x_wconf 87' lang='lat' dir='ltr'>qui</span> <span class='ocrx_word' id='word_1_722' title='bbox 1476 5329 1641 5370; x_wconf 90' lang='lat' dir='ltr'>mane</span> <span class='ocrx_word' id='word_1_723' title='bbox 1681 5330 1803 5369; x_wconf 91' lang='lat' dir='ltr'>sur—</span> <span class='ocrx_word' id='word_1_724' title='bbox 1978 5311 2318 5368; x_wconf 90' lang='lat' dir='ltr'>Duodecima</span> <span class='ocrx_word' id='word_1_725' title='bbox 2340 5327 2472 5367; x_wconf 86' lang='lat' dir='ltr'>vero</span> <span class='ocrx_word' id='word_1_726' title='bbox 2512 5311 2589 5366; x_wconf 89' lang='lat' dir='ltr'>sic</span> <span class='ocrx_word' id='word_1_727' title='bbox 2622 5313 2872 5369; x_wconf 88' lang='lat' dir='ltr'>ascendit</span> <span class='ocrx_word' id='word_1_728' title='bbox 2897 5314 3166 5372; x_wconf 87' lang='lat' dir='ltr'>Dominus</span> <span class='ocrx_word' id='word_1_729' title='bbox 3202 5318 3262 5373; x_wconf 90' lang='lat' dir='ltr'>in</span> <span class='ocrx_word' id='word_1_730' title='bbox 3289 5327 3541 5377; x_wconf 88' lang='lat' dir='ltr'>montem</span> 
     </span>
    </p>
   </div>
   <div class='ocr_carea' id='block_1_56' title="bbox 211 5401 3538 5481">
    <p class='ocr_par' dir='ltr' id='par_1_56' title="bbox 211 5401 3538 5481">
     <span class='ocr_line' id='line_1_56' title="bbox 211 5401 3538 5481; baseline 0.004 -25"><span class='ocrx_word' id='word_1_731' title='bbox 211 5401 355 5459; x_wconf 77' lang='lat' dir='ltr'>rexit.</span> <span class='ocrx_word' id='word_1_732' title='bbox 1909 5404 2108 5462; x_wconf 89' lang='lat' dir='ltr'>Oliveti</span> <span class='ocrx_word' id='word_1_733' title='bbox 2131 5421 2312 5476; x_wconf 89' lang='lat' dir='ltr'>orare,</span> <span class='ocrx_word' id='word_1_734' title='bbox 2343 5410 2400 5460; x_wconf 93' lang='lat' dir='ltr'>et</span> <span class='ocrx_word' id='word_1_735' title='bbox 2423 5404 2552 5477; x_wconf 88' lang='lat' dir='ltr'>quia</span> <span class='ocrx_word' id='word_1_736' title='bbox 2587 5411 2747 5478; x_wconf 85' lang='lat' dir='ltr'>gutta</span> <span class='ocrx_word' id='word_1_737' title='bbox 2773 5409 3068 5481; x_wconf 88' lang='lat' dir='ltr'>sanguinis</span> <span class='ocrx_word' id='word_1_738' title='bbox 3091 5411 3146 5466; x_wconf 90' lang='lat' dir='ltr'>in</span> <span class='ocrx_word' id='word_1_739' title='bbox 3175 5413 3377 5469; x_wconf 90' lang='lat' dir='ltr'>sudore</span> <span class='ocrx_word' id='word_1_740' title='bbox 3402 5407 3538 5469; x_wconf 86' lang='lat' dir='ltr'>ceci-</span> 
     </span>
    </p>
   </div>
   <div class='ocr_carea' id='block_1_57' title="bbox 265 5493 3538 5576">
    <p class='ocr_par' dir='ltr' id='par_1_57' title="bbox 265 5493 3538 5576">
     <span class='ocr_line' id='line_1_57' title="bbox 265 5493 3538 5576; baseline 0.004 -26"><span class='ocrx_word' id='word_1_741' title='bbox 265 5493 436 5554; x_wconf 85' lang='lat' dir='ltr'>Prima</span> <span class='ocrx_word' id='word_1_742' title='bbox 452 5507 638 5560; x_wconf 87' lang='lat' dir='ltr'>autem</span> <span class='ocrx_word' id='word_1_743' title='bbox 651 5503 902 5576; x_wconf 87' lang='lat' dir='ltr'>proquid</span> <span class='ocrx_word' id='word_1_744' title='bbox 922 5502 1220 5560; x_wconf 79' lang='lat' dir='ltr'>cantatur?</span> <span class='ocrx_word' id='word_1_745' title='bbox 1233 5503 1374 5568; x_wconf 89' lang='lat' dir='ltr'>Quia</span> <span class='ocrx_word' id='word_1_746' title='bbox 1395 5508 1531 5559; x_wconf 89' lang='lat' dir='ltr'>tunc</span> <span class='ocrx_word' id='word_1_747' title='bbox 1549 5502 1661 5558; x_wconf 87' lang='lat' dir='ltr'>fuit</span> <span class='ocrx_word' id='word_1_748' title='bbox 1679 5517 1808 5558; x_wconf 91' lang='lat' dir='ltr'>con-</span> <span class='ocrx_word' id='word_1_749' title='bbox 1908 5501 2010 5570; x_wconf 91' lang='lat' dir='ltr'>dit,</span> <span class='ocrx_word' id='word_1_750' title='bbox 2039 5503 2272 5572; x_wconf 89' lang='lat' dir='ltr'>propter</span> <span class='ocrx_word' id='word_1_751' title='bbox 2297 5497 2436 5554; x_wconf 91' lang='lat' dir='ltr'>illud</span> <span class='ocrx_word' id='word_1_752' title='bbox 2463 5497 2619 5572; x_wconf 89' lang='lat' dir='ltr'>quod</span> <span class='ocrx_word' id='word_1_753' title='bbox 2647 5501 2717 5556; x_wconf 91' lang='lat' dir='ltr'>ad</span> <span class='ocrx_word' id='word_1_754' title='bbox 2759 5503 2937 5560; x_wconf 82' lang='lat' dir='ltr'>Adam</span> <span class='ocrx_word' id='word_1_755' title='bbox 2977 5506 3189 5562; x_wconf 84' lang='lat' dir='ltr'>dictum</span> <span class='ocrx_word' id='word_1_756' title='bbox 3220 5506 3404 5562; x_wconf 85' lang='lat' dir='ltr'>fuerat</span> <span class='ocrx_word' id='word_1_757' title='bbox 3431 5521 3448 5560; x_wconf 84' lang='lat'><strong>:</strong></span> <span class='ocrx_word' id='word_1_758' title='bbox 3479 5505 3538 5562; x_wconf 86' lang='lat' dir='ltr'>In</span> 
     </span>
    </p>
   </div>
   <div class='ocr_carea' id='block_1_58' title="bbox 211 5583 3252 5671">
    <p class='ocr_par' dir='ltr' id='par_1_58' title="bbox 211 5583 3252 5671">
     <span class='ocr_line' id='line_1_58' title="bbox 211 5583 3252 5671; baseline 0.006 -33"><span class='ocrx_word' id='word_1_759' title='bbox 211 5583 342 5644; x_wconf 82' lang='lat' dir='ltr'>silius</span> <span class='ocrx_word' id='word_1_760' title='bbox 365 5592 521 5652; x_wconf 86' lang='lat' dir='ltr'>datus</span> <span class='ocrx_word' id='word_1_761' title='bbox 548 5602 741 5654; x_wconf 88' lang='lat' dir='ltr'>contra</span> <span class='ocrx_word' id='word_1_762' title='bbox 768 5597 970 5654; x_wconf 82' lang='lat' dir='ltr'>Filium</span> <span class='ocrx_word' id='word_1_763' title='bbox 997 5598 1113 5667; x_wconf 87' lang='lat' dir='ltr'>Dei,</span> <span class='ocrx_word' id='word_1_764' title='bbox 1143 5597 1426 5670; x_wconf 90' lang='lat' dir='ltr'>quomodo</span> <span class='ocrx_word' id='word_1_765' title='bbox 1442 5613 1573 5653; x_wconf 90' lang='lat' dir='ltr'>eum</span> <span class='ocrx_word' id='word_1_766' title='bbox 1601 5598 1804 5671; x_wconf 88' lang='lat' dir='ltr'>perde-</span> <span class='ocrx_word' id='word_1_767' title='bbox 1909 5594 2111 5651; x_wconf 87' lang='lat' dir='ltr'>sudore</span> <span class='ocrx_word' id='word_1_768' title='bbox 2137 5593 2328 5650; x_wconf 88' lang='lat' dir='ltr'>vultus</span> <span class='ocrx_word' id='word_1_769' title='bbox 2351 5589 2435 5651; x_wconf 85' lang='lat' dir='ltr'>tui</span> <span class='ocrx_word' id='word_1_770' title='bbox 2464 5595 2702 5652; x_wconf 88' lang='lat' dir='ltr'>vesceris</span> <span class='ocrx_word' id='word_1_771' title='bbox 2728 5613 2956 5669; x_wconf 90' lang='lat' dir='ltr'>panem.</span> <span class='ocrx_word' id='word_1_772' title='bbox 2988 5601 3252 5657; x_wconf 74' lang='lat' dir='ltr'>Exrucn.</span> 
     </span>
    </p>
   </div>
   <div class='ocr_carea' id='block_1_59' title="bbox 213 5683 521 5748">
    <p class='ocr_par' dir='ltr' id='par_1_59' title="bbox 213 5683 521 5748">
     <span class='ocr_line' id='line_1_59' title="bbox 213 5683 521 5748; baseline 0.039 -12"><span class='ocrx_word' id='word_1_773' title='bbox 213 5688 316 5739; x_wconf 73' lang='lat' dir='ltr'>rent</span> <span class='ocrx_word' id='word_1_774' title='bbox 336 5683 521 5748; x_wconf 69' lang='lat' dir='ltr'>Judaei.</span> 
     </span>
    </p>
   </div>
   <div class='ocr_carea' id='block_1_60' title="bbox 274 5819 2438 5904">
    <p class='ocr_par' dir='ltr' id='par_1_60' title="bbox 274 5819 2438 5904">
     <span class='ocr_line' id='line_1_60' title="bbox 274 5819 2438 5904; baseline 0.004 -27"><span class='ocrx_word' id='word_1_775' title='bbox 274 5819 294 5847; x_wconf 86' lang='lat'>&#39;</span> <span class='ocrx_word' id='word_1_776' title='bbox 319 5819 463 5882; x_wconf 82' lang='lat' dir='ltr'>Hunc</span> <span class='ocrx_word' id='word_1_777' title='bbox 486 5827 736 5902; x_wconf 74' lang='lat' dir='ltr'>titulum,</span> <span class='ocrx_word' id='word_1_778' title='bbox 765 5828 862 5903; x_wconf 88' lang='lat' dir='ltr'>qui</span> <span class='ocrx_word' id='word_1_779' title='bbox 891 5827 952 5885; x_wconf 90' lang='lat' dir='ltr'>in</span> <span class='ocrx_word' id='word_1_780' title='bbox 979 5829 1182 5886; x_wconf 89' lang='lat' dir='ltr'>Codice</span> <span class='ocrx_word' id='word_1_781' title='bbox 1211 5827 1328 5903; x_wconf 81' lang='lat' dir='ltr'>legi</span> <span class='ocrx_word' id='word_1_782' title='bbox 1356 5845 1471 5886; x_wconf 89' lang='lat' dir='ltr'>non</span> <span class='ocrx_word' id='word_1_783' title='bbox 1498 5831 1706 5904; x_wconf 79' lang='lat' dir='ltr'>potest,</span> <span class='ocrx_word' id='word_1_784' title='bbox 1735 5827 1805 5888; x_wconf 86' lang='lat' dir='ltr'>de</span> <span class='ocrx_word' id='word_1_785' title='bbox 1828 5827 2023 5887; x_wconf 87' lang='lat' dir='ltr'>nostro</span> <span class='ocrx_word' id='word_1_786' title='bbox 2051 5825 2438 5900; x_wconf 75' lang='lat' dir='ltr'>apposuimus.</span> 
     </span>
    </p>
   </div>
  </div>
