4036 6188
470 281 3825 318 Ww

1559 367 2036 438 SYMBOLUM
2101 366 2743 436 APOSTOLOBUM

1096 490 1267 555 Cum
1294 505 1542 570 magna
1571 487 1826 551 cautela
1855 485 2211 563 collectum,
2245 493 2307 549 et
2329 484 2735 548 credentibus
2763 483 3209 565 adsignatum.

1927 623 2340 637 *ιι-

538 702 733 755 Petrus
761 696 903 751 dixit
932 712 948 748 :
977 696 1154 751 Credo
1186 696 1245 750 in
1274 697 1449 751 Deum
1483 697 1705 751 Patrem
1736 694 2095 766 omnipoten-
2120 697 2557 783 Apeccatorum
2585 691 2633 748 ι).
2663 691 2916 748 Matthias
2943 692 3084 747 dixit
3108 690 3335 746 :Carnis
3360 689 3847 746 resurrectionem

470 798 604 849 tem.
634 791 911 846 Iohannes
945 790 1087 845 dixit
1115 809 1128 845 :
1159 790 1336 845 Credo
1382 790 1442 845 in
1474 792 1665 845 Iesum
1707 790 1991 845 Christum
2017 791 2100 845 Fi-

469 886 608 941 lium
639 885 760 955 ejus
784 883 1040 954 unicum,
1073 885 1251 939 Deum
1281 888 1335 938 et
1353 883 1655 937 Dominum
1695 888 1974 939 nostrum.
2002 885 2096 939 Ia-

468 978 638 1033 cobus
665 977 810 1032 dixit
841 994 853 1032 :
882 979 1087 1033 Natum
1129 978 1197 1032 de
1235 977 1405 1031 Maria
1443 977 1663 1049 virgine
1691 993 1793 1047 per
1828 978 2099 1048 Spiritum

469 1077 751 1127 sanctum.
779 1072 1028 1126 Andreas
1053 1071 1195 1125 dixit
1226 1088 1239 1125 :
1272 1071 1501 1125 Passum
1537 1070 1641 1124 sub
1671 1071 1868 1125 Pontio
1894 1071 2095 1141 Pilato,

467 1165 799 1221 cruciﬁxum
827 1169 883 1219 et
909 1165 1215 1235 sepultum.
1243 1164 1534 1235 Philippus
1561 1164 1705 1219 dixit
1742 1180 1757 1218 :
1800 1165 2100 1219 Descendit

469 1260 543 1315 ad
584 1258 823 1314 inferna.
868 1259 1107 1313 Thomas
1154 1257 1295 1313 dixit
1336 1277 1350 1312 :
1390 1258 1573 1313 Tertia
1626 1257 1717 1311 die
1766 1257 2094 1313 resurrexit.

463 1352 916 1410 Rartholomaaus
954 1352 1097 1406 dixit
1141 1368 1154 1405 :
1197 1351 1460 1406 Ascendit
1498 1350 1557 1404 in
1594 1350 1780 1420 caelos,
1831 1351 1987 1405 sedet
2028 1351 2097 1405 ad

468 1448 758 1503 dexteram
785 1446 883 1502 Dei
919 1446 1093 1500 Patris
1123 1445 1542 1516 omnipotentis.
1578 1445 1871 1500 Matthaaus
1908 1444 2048 1499 dixit
2079 1463 2093 1500 :

470 1541 604 1597 lnde
643 1545 912 1595 venturus
952 1539 1206 1611 judicare
1256 1539 1409 1593 vivos
1443 1543 1499 1593 et
1550 1542 1823 1593 mortuos.
1865 1538 2098 1592 Iacobus

469 1634 687 1705 Alpbzei
713 1633 890 1689 dixit:
914 1633 1091 1689 Credo
1117 1632 1178 1688 in
1204 1632 1475 1703 Spiritum
1501 1638 1777 1687 sanctum.
1794 1631 1988 1688 Simon
2006 1634 2100 1687 Ze-

470 1727 608 1784 lotes
650 1727 789 1783 dixit
842 1745 855 1782 :
900 1727 1076 1782 Credo
1117 1727 1176 1780 in
1222 1725 1524 1781 Ecclesiam
1570 1731 1820 1781 sanctam
1837 1725 1886 1780 ⁸.
1929 1726 2099 1781 Iudas

470 1822 655 1879 Jacobi
680 1820 821 1876 dixit
848 1838 861 1875 :
894 1822 999 1875 Per
1031 1820 1379 1891 baptismum
1413 1824 1671 1874 sanctum
1706 1818 2099 1875 remissionem

542 1946 566 1975 ⁸
586 1944 876 2003 Omittitur
912 1947 1231 2001 Sanctorum
1270 1948 1706 2017 communionem,
1732 1944 1817 1999 uti
1846 1951 1902 2000 et
1946 1946 2097 2017 apud

470 2018 871 2098 Augustinum,
884 2016 1200 2098 ‘l'tlaximum
1213 2016 1646 2098 :l‘aurine‘nsem,
1676 2018 1905 2071 Petrum
1929 2016 2100 2098 Chry-

470 2086 747 2160 sologum,
770 2094 827 2142 et
848 2087 984 2160 alios
1011 2086 1337 2160 nonnullos.
1372 2087 1617 2160 Habetur
1635 2094 1824 2142 tamen
1850 2105 2019 2158 supra
2038 2086 2099 2142 in

468 2158 776 2216 traditione
796 2158 1066 2230 Symboli,
1085 2174 1215 2230 pag.
1245 2161 1346 2213 312
1375 2158 1507 2227 (huj.
1536 2159 1667 2213 edit.
1697 2160 1793 2214 col.
1823 2160 1927 2214 489
1954 2161 2099 2231 init.)

2197 788 2258 843 in
2281 787 2454 842 vitam
2482 792 2774 842 aeternam.
2796 789 2998 842 Amen.

2270 882 2381 935 Hoc
2407 886 2490 936 est
2520 881 2674 953 quod
2695 880 2766 935 ad
2795 880 3257 935 duodecinarium
3282 896 3593 935 numerum
3618 885 3844 951 aposto-

2196 974 2381 1029 lorum
2402 991 2533 1029 cum
2557 991 2765 1045 magna
2790 974 3009 1029 cautela
3042 974 3341 1029 collectum
3370 979 3471 1042 est,
3501 978 3560 1028 et
3600 973 3842 1028 creden-

2194 1068 2347 1123 tibus
2366 1068 2723 1140 adsignatum
2737 1076 2793 1139 -ξπ
2815 1068 2956 1132 Quia
2980 1067 3117 1123 ﬁdes
3148 1072 3467 1123 sanctarum
3495 1069 3611 1122 Deo
3637 1067 3711 1121 ad
3733 1067 3840 1122 ho-

2196 1162 2445 1216 minibus
2477 1162 2806 1216 nominibus
2842 1178 3053 1216 nomen
3089 1167 3174 1215 est
3214 1162 3353 1217 ﬁdes
3379 1160 3553 1215 divini
3582 1161 3842 1216 muneris

2196 1255 2353 1326 potio
2382 1258 2466 1310 est
2490 1272 2504 1310 :
2526 1255 2664 1311 ﬁdes
2691 1255 2805 1311 Deo
2830 1256 3126 1310 hominem
3146 1255 3336 1325 sociat,
3364 1254 3504 1310 ﬁdes
3529 1255 3839 1327 praesentia

2198 1354 2254 1404 et
2276 1349 2469 1404 futura
2496 1349 2815 1421 conjungit,
2840 1349 2979 1405 fides
3005 1349 3179 1404 etiam
3209 1366 3337 1421 quas
3372 1348 3673 1403 invisibilia
3707 1354 3843 1403 sunt

2196 1442 2327 1497 facit
2372 1443 2584 1511 videre,
2633 1443 2772 1498 ﬁdes
2810 1449 2936 1515 post
2979 1445 3307 1516 sepulcrum
3358 1442 3586 1514 generis
3632 1432 3838 1497 c'aslum

2197 1541 2365 1608 atque
2393 1554 2571 1609 regna
2595 1537 2862 1592 caelorum
2889 1538 3193 1610 promittit.
3225 1537 3464 1608 Ideoque
3508 1536 3610 1608 qui
3647 1536 3712 1590 in
3740 1534 3838 1590 tali

2198 1629 2543 1685 confessione
2568 1631 2962 1702 permanserit,
2990 1648 3023 1686 a
3048 1630 3480 1703 superveniente
3505 1630 3591 1684 ira
3633 1629 3839 1685 timere

2196 1740 2311 1779 non
2340 1727 2525 1795 potest
2544 1727 2603 1790 +.

2270 1947 2297 1987 δ
2327 1946 2489 2018 Apud
2513 1947 2861 2019 Cyprianum
2893 1966 2907 2002 :
2940 1947 3321 2019 Remissionem
3353 1952 3705 2018 peccatorum
3738 1964 3837 2019 per

2198 2023 2442 2143 iurgium
2470 2018 2780 2083 Ecclesiam,
2806 2020 2865 2074 in
2890 2018 3139 2091 epistolis
3164 2018 3235 2074 ad
3263 2020 3527 2091 Magnum
3557 2025 3617 2074 et
3643 2020 3714 2074 ad
3748 2018 3832 2075 Li-

2239 2106 2267 2144 e
2355 2106 2465 2144 em.

1155 2376 1378 2421 INCIPIT
1420 2375 1754 2422 CAPITULUS
1796 2378 1875 2422 DE
1917 2377 2159 2423 versae
2201 2360 2657 2442 [TESTAMENTO]
2705 2381 3155 2427 CANONIZATUS.

1132 2546 1204 2605 De
1234 2546 1438 2607 Vetere.

545 2640 708 2699 Liber
726 2639 970 2713 Genesis,
994 2638 1269 2713 Exodum,
1291 2641 1622 2713 Leviticum,
1667 2641 1917 2711 Numeri,
1962 2642 2102 2697 Deu-

471 2736 870 2804 teronomium,
901 2739 1085 2807 Iosue,
1110 2737 1389 2792 Iudicum.

538 2831 690 2886 Libri
714 2831 1019 2887 mulierum
1048 2831 1219 2901 Ruth,
1249 2831 1434 2901 Stcrh,
1465 2835 1521 2886 et
1546 2829 1760 2885 Iudith.

542 2926 960 2981 Maccabeorum
987 2926 1117 2981 libri
1142 2926 1273 2995 duo,
1301 2925 1401 2979 Iob
1431 2928 1487 2980 et
1514 2923 1775 2991 Thobias,
1808 2922 1935 2978 libri
1982 2924 2097 2980 sin-

475 3018 612 3090 guli.
639 3020 860 3090 Regum
885 3024 1169 3091 quattuor.
1201 3018 1613 3090 Prophetarum
1633 3017 1762 3071 libri
1792 3018 2097 3073 sexdecim.

474 3110 785 3166 Daviticum
812 3113 1064 3185 quinque
1089 3116 1134 3168 ⁸.
1179 3112 1439 3167 Salomon
1475 3117 1609 3167 tres.
1639 3111 2096 3181 Proverbiorum,

474 3205 846 3275 Ecclesiastes,
892 3210 949 3260 et
989 3206 1212 3261 Cantica
1248 3206 1592 3260 canticorum
1619 3206 1666 3275 ι),
1711 3207 1883 3261 Esdra
1931 3224 2096 3263 unus.

475 3298 639 3355 Fiunt
666 3299 794 3354 libri
815 3300 1025 3356 Veteris
1048 3317 1288 3356 numero
1312 3300 1690 3373 quadraginta
1716 3306 1981 3372 quatuor.

546 3425 569 3499 '_
606 3425 751 3481 Olim
795 3427 945 3499 apud
998 3432 1211 3482 veteres
1257 3426 1595 3482 Psalterium
1646 3427 2001 3483 dividebatur
2042 3427 2102 3482 in

473 3496 955 3579 quinqueﬁpa'rtes
995 3515 1094 3552 seu
1128 3499 1322 3579 libros,
1357 3499 1838 3579 quormnsinguli
1876 3498 2097 3555 desine-

474 3569 615 3643 bant
635 3569 694 3643 in
720 3570 971 3643 Psalmis,
1004 3586 1249 3643 quorum
1271 3569 1398 3624 linis
1423 3575 1524 3643 est.
1556 3573 1679 3643 Fiat
1707 3575 1823 3643 ﬁat.

544 3641 572 3681 b
602 3640 665 3694 Hi
691 3645 804 3694 tres
841 3641 971 3695 libri
1009 3640 1116 3713 alia
1153 3658 1344 3711 manu,
1372 3641 1485 3713 sed
1526 3640 1919 3713 antiquissima
1943 3641 2098 3713 adje-

475 3710 569 3783 cti,
600 3726 806 3782 nempe
831 3712 1148 3779 Proverbia,
1175 3710 1549 3781 Ecclesiastes,
1575 3710 1825 3783 Cantica,
1855 3710 2101 3769 erantin

2119 2570 2177 2641 B

2875 2555 2952 2606 De
2986 2553 3153 2609 Novo.

2270 2664 2665 2737 Apostolorum
2693 2666 2846 2733 libri,
2882 2667 3074 2740 [Pauli]
3106 2669 3533 2741 quatuordecim
3554 2668 3833 2741 Epistole;

2199 2759 2347 2814 Petri
2378 2760 2524 2830 duae,
2555 2761 2826 2817 Iohannis
2870 2768 3005 2818 tres.
3047 2763 3238 2818 Jacobi
3276 2769 3337 2819 et
3372 2764 3531 2819 Iudae
3576 2763 3834 2836 singulm,

2199 2853 2562 2925 Apocalypsis
2595 2870 2732 2924 uno,
2755 2857 2924 2910 Actus
2943 2857 3344 2928 Apostolorum
3366 2873 3504 2912 uno.
3534 2856 3835 2929 Evangelia

2198 2945 2326 2999 libri
2358 2952 2619 3018 quatuor.
2651 2948 3148 3006 Sacramentorum
3182 2967 3298 3006 uno
3342 2965 3384 3006 ο.
3413 2952 3494 3007 De
3521 2951 3677 3005 Novo
3713 2955 3839 3005 sunt

2198 3039 2331 3096 libri
2350 3040 2550 3113 viginti
2580 3047 2725 3099 octo.

2275 3172 2441 3228 Fiunt
2458 3172 2519 3228 in
2546 3190 2768 3229 summa
2796 3174 2925 3229 libri
2947 3176 3304 3248 septuaginta
3328 3177 3460 3231 duo.

2272 3303 2520 3359 Exeucnr
2559 3321 2734 3361 cons:
2774 3305 3077 3361 Bomexsxs.

2199 3429 2376 3484 veteri
2408 3430 2630 3486 Canoue
2656 3431 3045 3486 Hebraeorum.

2268 3512 2290 3541 ο
2323 3501 2566 3555 Observa
2603 3502 2694 3556 hic
2728 3502 2787 3555 in
2822 3519 3062 3557 numero
3091 3502 3367 3557 librorum
3407 3518 3701 3558 sacrorum
3743 3520 3824 3559 re-

2200 3572 2417 3627 censeri
2440 3572 2650 3627 librum
2675 3573 3201 3629 Sacramentorum:
3233 3589 3346 3630 auo
3367 3574 3603 3629 nomine
3624 3581 3827 3630 veteres

2200 3657 2330 3723 eum
2356 3642 2983 3723 librum_designabant_,
3018 3646 3115 3716 qui
3140 3642 3508 3701 Collectiones
3541 3652 3602 3701 et
3627 3647 3819 3701 Praefa-

2199 3715 2380 3769 tiones
2404 3715 2474 3771 ad
2510 3716 2703 3771 missas
2728 3715 3067 3772 continebat.

478 3877 3820 3932 Ἃ

1134 4071 3164 4278 ANTIPHONARIUM

878 4388 1930 4519 MONASTERII
2073 4393 3423 4525 BENCHORENSIS.

1215 4623 1635 4764 (Murat.
1691 4629 2046 4729 anecd.
2095 4643 2162 4730 t.
2219 4629 2392 4753 IV,
2423 4661 2541 4762 ρ.
2589 4632 2773 4733 121
2827 4627 3101 4769 sqq.)

1527 4839 2804 4892 ψ

901 4975 1058 5100 ἔτι
1115 4978 1931 5140 ηηῐὶρῦιοπατὶωη
1984 5029 2098 5097 mi

2215 4995 2573 5097 antarii
2628 4982 3281 5100 ﬂuctuarem:
3297 4994 3413 5101 is.-

552 5207 634 5260 Ex
663 5203 862 5260 Codice
895 5216 1003 5258 ms.
1030 5198 1415 5277 Ambrosianus
1443 5196 1826 5265 Bibliotheca,
1856 5213 2017 5252 num.
2053 5201 2139 5266 10,
2169 5196 2252 5254 lit.
2274 5200 2314 5256 Ο
2340 5197 2687 5271 descriptum
2714 5217 2815 5273 per
2840 5217 2933 5257 me
2953 5200 3063 5257 fuit
3087 5202 3193 5256 hoc
3219 5200 3579 5273 opusculum.
3610 5202 3826 5257 Mutuus

481 5299 565 5351 est
593 5294 734 5349 liber
759 5308 874 5347 non
899 5308 1010 5347 uno
1037 5291 1096 5345 in
1120 5292 1278 5361 loco;
1310 5292 1646 5345 vetustatem
1670 5292 1861 5343 autem
1890 5287 2037 5342 illius
2061 5288 2132 5344 ad
2174 5306 2352 5344 annos
2394 5307 2541 5362 pene
2575 5290 2730 5346 mille
2767 5293 3071 5348 ascendere
3117 5292 3351 5365 conjeci,
3392 5292 3720 5348 charactere
3756 5290 3824 5345 ad

481 5381 818 5441 Saxonicum
848 5380 1164 5449 accedente,
1204 5380 1521 5451 litterisque
1555 5378 1845 5434 nonnullis
1869 5377 2047 5433 minio
2091 5377 2384 5435 distinctis.
2422 5380 2651 5435 Celebre
2677 5386 2869 5437 autem
2897 5382 3035 5437 olim
3061 5383 3170 5438 fuit
3202 5384 3262 5438 in
3302 5382 3524 5438 Ultonia
3552 5381 3824 5436 Hibernia).

479 5471 770 5530 Provincia
795 5469 1199 5541 Benchorense,
1223 5470 1337 5525 sive
1361 5471 1755 5525 Benchorense
1777 5466 2185 5523 monasterium
2221 5468 2504 5526 diversum
2533 5470 2603 5525 ab
2629 5471 2805 5527 altero
2833 5472 3212 5528 Benchorensi
3251 5472 3505 5528 coenobio
3549 5472 3609 5527 in
3640 5468 3824 5524 Wallia

480 5563 699 5638 Anglia:
723 5559 1011 5635 provincia
1034 5559 1158 5615 sito.
1189 5560 1440 5615 Usserius
1464 5561 1525 5615 in
1550 5559 1926 5616 Britannicar.
1964 5560 2256 5616 Ecclesiar.
2287 5560 2752 5635 Antiquitatibus,
2785 5579 2917 5636 pag.
2949 5565 3051 5619 476
3083 5568 3138 5618 et
3176 5566 3299 5632 53l,
3326 5563 3397 5618 ad
3440 5561 3822 5618 Benchorense

481 5654 847 5713 Hibernicum
892 5649 1210 5706 coenobium
1252 5649 1427 5705 refert
1454 5651 1641 5706 locum
1675 5650 2038 5723 desumptum
2087 5667 2118 5707 e
2160 5649 2260 5705 lib.
2291 5667 2352 5718 ιι,
2383 5668 2507 5724 cap.
2537 5655 2590 5720 2,
2616 5652 2758 5709 Hist.
2790 5653 2997 5709 Eccles.
3028 5653 3212 5722 Bedae,
3243 5653 3404 5725 cujus
3447 5651 3622 5707 verba
3656 5652 3815 5705 sunt:

485 5765 515 5799 α
536 5745 710 5802 Erant
733 5746 925 5799 autem
951 5738 1190 5814 plurimi
1217 5754 1419 5795 eorum
1447 5738 1516 5794 de
1542 5740 1885 5797 monasterio
1908 5741 2169 5809 Bancor.,
2196 5738 2256 5795 in
2281 5755 2393 5813 quo
2418 5746 2607 5798 tantus
2640 5742 2824 5799 fertur
2868 5742 3041 5799 fuisse
3080 5759 3354 5799 numerus
3395 5741 3813 5804 monachorum,

483 5838 549 5897 ut
568 5848 695 5890 cum
715 5833 775 5890 in
804 5834 1022 5907 septem
1048 5828 1336 5905 portiones
1362 5832 1507 5885 esset
1527 5842 1659 5884 cum
1684 5829 1999 5902 pmpositis
2027 5830 2133 5887 sibi
2173 5829 2484 5889 rectoribus
2508 5832 2915 5893 monasterium
2938 5833 3200 5906 divisum,
3231 5830 3388 5889 nulla
3417 5830 3620 5888 harum
3646 5827 3815 5905 portio
