4036 6188
233 257 306 322 ssi
1023 251 1090 311 IN
1127 251 1682 312 ANTIPHONARIUM
1721 253 2124 311 MONASTERH
2163 251 2684 310 BENCHORENSIS.
3441 247 3542 310 382

227 375 392 430 minus
413 383 576 442 quam
601 369 875 422 trecentos
901 364 1160 432 homines
1185 363 1440 430 haberet,
1468 362 1567 436 qui
1595 378 1790 418 omnes
1815 362 1884 418 de
1909 362 2104 418 labore
2129 379 2404 418 manuum
2439 378 2670 417 suarum
2704 361 2889 417 vivere
2932 359 3201 418 solebant.
3250 379 3278 414 »
3327 359 3546 418 Similia

221 462 368 518 habet
390 457 692 514 (iotselinus
715 455 1030 511 monachus
1056 453 1410 509 Bertinianus
1435 453 1497 508 in
1523 452 1646 508 Vita
1669 451 1844 508 sancti
1870 452 2175 524 Augustini
2207 456 2473 508 Cantuar.
2502 452 2672 524 episc.
2694 453 2765 506 At
2805 452 2929 506 haec
2960 453 3148 524 potius
3186 458 3435 523 spectare
3472 453 3543 507 ad

221 551 436 606 alterum
471 545 786 602 cmnobium
809 545 1200 601 Benchorense
1224 545 1284 598 in
1308 543 1525 614 Angliae
1554 542 1847 616 provincia
1875 543 2069 597 Wallia
2092 543 2358 614 positum,
2389 548 2598 614 praeter
2633 542 2772 596 alios
2801 541 3138 596 clarissimos
3173 541 3320 598 viros
3361 541 3548 597 Mabil-

217 639 380 696 Ionius
402 636 696 692 arbitratur
721 635 782 689 in
805 635 954 690 notis
983 635 1054 690 ad
1079 633 1364 689 laudatam
1390 633 1573 688 Vitam
1615 633 1792 688 sancti
1825 632 2128 704 Augustini
2160 633 2426 704 scriptam
2468 650 2503 687 a
2539 632 2823 688 Gotselino
2864 632 3148 687 monacho
3193 631 3542 703 Bertiniano,

213 735 334 785 tom.
366 729 520 782 (Act.
555 729 729 780 sanet.
770 725 890 780 0rd.
937 723 1115 778 sancti
1161 722 1466 778 Benedicti.
1519 724 1585 778 Et
1628 739 1820 778 revera
1859 723 2302 778 animadvertere
2343 722 2433 777 hic
2476 739 2794 793 possumus,
2835 722 3314 778 Benchorensium
3352 738 3544 776 mona-

217 819 429 874 chorum
453 814 666 870 cladem
694 814 852 869 Bedaa
878 816 1253 868 memoratam
1280 811 1338 866 in
1365 829 1430 867 eo
1460 811 1792 867 Monasterio
1821 801 2142 882 contigisse,
2176 811 2267 866 cui
2295 812 2597 882 praefuerat
2625 812 2863 867 Dinooth
2891 811 3083 882 abbas,
3116 811 3184 867 de
3213 828 3326 883 quo
3352 816 3544 866 tamen

217 906 408 963 nullam
434 903 775 960 mentionem
797 903 1272 974 habetCatalogus
1292 901 1546 973 priorum
1569 901 2046 956 Benchorensium
2060 901 2122 955 in
2144 901 2408 955 Hibernia
2429 902 2719 970 abbatum,
2739 901 2906 973 quiin
2923 901 3330 974 Antiphonario
3349 905 3541 956 nostro

215 995 450 1052 murrit.
477 999 544 1050 At
568 993 768 1049 Usserii
797 992 1134 1048 sententiam
1162 991 1392 1047 roborat
1416 992 1568 1046 locus
1588 1008 1617 1046 e
1648 991 1774 1045 Vita
1809 992 1987 1045 sancti
2019 991 2291 1063 Comgalli
2329 991 2660 1062 descriptus,
2699 1007 2872 1062 quem
2906 991 3028 1064 ipse
3059 989 3222 1046 affert
3254 1007 3388 1061 pag.
3414 991 3545 1046 472.

216 1087 284 1142 Ita
308 1101 426 1139 vero
447 1082 635 1137 scribit
661 1083 783 1154 ejus
811 1082 950 1137 Vita:
975 1087 1170 1137 auctor
1198 1100 1212 1136 :
1248 1103 1276 1131 «
1305 1083 1366 1136 In
1396 1081 1628 1136 diversis
1658 1081 2012 1136 monasteriis
2037 1086 2094 1136 et
2123 1080 2278 1135 collis
2304 1081 2414 1135 tria
2443 1081 2619 1135 millia
2639 1081 3050 1136 monachorum
3070 1082 3174 1136 sub
3199 1098 3334 1137 cura
3361 1081 3538 1136 sancti

214 1175 366 1230 Patris
389 1172 654 1245 Comgalli
679 1173 941 1242 fuerunt;
975 1172 1070 1227 sed
1098 1171 1282 1242 major
1323 1175 1379 1226 et
1419 1171 1764 1226 nominatior
1796 1171 2016 1226 caeteris
2050 1171 2390 1242 praedictum
2434 1171 2846 1226 monasterium
2886 1173 3174 1226 Beanchor
3215 1177 3316 1242 est,
3359 1195 3388 1223 ››
3433 1176 3538 1227 etc.

215 1265 419 1320 Sanctus
444 1262 635 1318 itidem
658 1262 972 1317 Bernardus
995 1260 1410 1317 Clarevallensis
1438 1261 1607 1316 abbas
1627 1261 1686 1316 in
1717 1261 1838 1315 Vita
1865 1261 2041 1315 sancti
2062 1261 2363 1332 Malachiae,
2385 1278 2509 1332 cap.
2541 1263 2592 1329 6,
2619 1261 2814 1316 laudes
2831 1261 3109 1317 Hibernici
3138 1261 3542 1317 Benchorensis

213 1351 505 1409 monasterii
531 1352 909 1425 persequitur,
939 1351 1106 1425 eique
1136 1351 1360 1407 ascribit
1388 1367 1514 1423 qua:
1535 1350 1854 1406 Britannico
1879 1351 2130 1406 tribuere
2156 1350 2378 1407 videtur
2403 1352 2552 1406 Beda
2573 1351 2693 1406 loco
2720 1351 2906 1407 citato.

270 1497 344 1553 Ad
371 1513 530 1552 usum
561 1497 752 1568 itaque
782 1497 1021 1568 insignis
1041 1497 1192 1552 illius
1222 1496 1552 1552 monasterii
1579 1497 1639 1551 in
1666 1495 1937 1552 Hibernia
1960 1495 2051 1551 siti
2089 1496 2198 1551 fuit
2222 1496 2699 1568 Antiphonarium
2725 1514 2877 1551 nunc
2922 1513 2955 1550 a
2993 1497 3155 1552 nobis
3196 1497 3540 1569 evulgatum.

211 1588 246 1643 Ε
265 1587 528 1642 Bobiensis
551 1590 743 1641 autem
765 1587 1004 1642 caanobii
1031 1587 1376 1642 Bibliotheca
1402 1587 1460 1640 in
1488 1585 1917 1641 Ambrosianam
1943 1585 2165 1640 transiit
2197 1586 2384 1641 Codex
2409 1603 2548 1641 cura
2569 1586 2899 1657 amplissimi
2939 1586 3239 1641 cardinalis
3277 1585 3544 1641 Friderici

213 1676 506 1745 Borromaii,
535 1677 630 1731 cui
660 1677 1006 1733 Bibliotheca
1031 1677 1126 1730 illa
1155 1693 1318 1732 suum
1346 1680 1538 1731 ortum
1566 1676 1752 1744 debet,
1789 1676 1942 1742 urbs,
1982 1680 2040 1730 et
2063 1675 2576 1747 archiepiscopatus
2609 1676 3048 1746 Mediolanensis,
3095 1693 3402 1749 omnesque
3447 1676 3542 1731 lit-

213 1766 351 1821 terati
373 1765 619 1838 plurima
642 1773 921 1822 aeternum
943 1767 1248 1821 debebunt.
1279 1767 1472 1837 Neque
1498 1765 1729 1834 mirum,
1753 1765 1905 1837 quod
1931 1765 1990 1819 in
2013 1765 2269 1820 Bobiensi
2298 1765 2550 1820 coenobio
2563 1769 2998 1820 monumentum
3013 1767 3120 1820 hoc
3141 1771 3543 1824 asservaretur.

213 1855 544 1911 Celeberrimi
568 1857 741 1928 hujus
767 1857 1094 1912 monasterii
1119 1856 1408 1911 institutor
1430 1856 1540 1911 fuit
1565 1859 1789 1910 sanctus
1829 1855 2206 1910 Columbanus
2230 1856 2420 1924 abbas,
2467 1856 2562 1928 qui
2595 1861 2661 1911 ut
2699 1857 2868 1911 Jonas
2907 1856 3194 1911 Bobiensis
3232 1857 3546 1912 monachus

213 1944 260 1998 in
281 1947 388 2016 ejus
412 1946 533 2000 Vita
559 1950 774 2016 narrat,
797 1963 913 2000 non
933 1945 1066 2029 a’libi
1098 1946 1512 2001 monachorum
1539 1946 1664 2000 albo
1694 1961 1906 2000 nomen
1934 1944 2194 2016 primum
2224 1945 2479 2015 dederat,
2509 1961 2680 2016 quam
2707 1945 2768 2000 in
2797 1945 3156 2014 monasterio,
3204 1967 3232 1996 «
3269 1946 3430 2016 cujus
3464 1950 3548 2000 est

212 2035 514 2090 vocabulum
543 2036 817 2106 Banchor,
848 2057 875 2086 »
907 2036 1002 2090 illo
1026 2051 1252 2108 nempe,
1286 2036 1435 2108 quod
1460 2037 1520 2090 in
1547 2034 1816 2090 Hibernia
1845 2034 2018 2088 situm
2042 2034 2214 2090 fuisse
2241 2035 2507 2090 diximus.
2542 2035 2780 2090 Proinde
2809 2035 2958 2089 inter
2987 2035 3284 2090 Bobienses
3310 2040 3366 2090 et
3393 2035 3541 2091 Ben-

213 2123 476 2180 chorenses
503 2126 813 2180 monachos
840 2142 1047 2197 magna
1072 2125 1131 2180 in
1159 2129 1448 2196 posterum
1483 2141 1708 2196 quoque
1735 2123 2084 2179 necessitudo
2112 2123 2443 2193 intercessit,
2472 2141 2535 2180 ac
2568 2125 2778 2179 amoris
2803 2125 3228 2180 commercium.
3261 2125 3329 2179 Et
3355 2142 3539 2198 quan-

213 2228 359 2284 quam
394 2216 712 2287 excogitare
740 2233 856 2270 non
882 2215 1183 2288 possimus,
1213 2232 1277 2271 ac
1304 2215 1424 2287 ipso
1449 2219 1641 2271 sancto
1667 2214 2011 2270 Columbano
2037 2213 2288 2270 delatum
2307 2214 2366 2270 in
2398 2215 2613 2270 Italiam
2637 2215 3114 2286 Antiphonarium
3157 2216 3305 2272 istud
3345 2215 3542 2290 fuisse,

213 2317 320 2357 cum
339 2302 409 2358 ibi
437 2305 704 2377 quaedam
747 2305 1063 2360 habeantur
1085 2321 1214 2377 quas
1249 2305 1466 2378 aliquot
1507 2305 1780 2361 duntaxat
1806 2309 1938 2376 post
1984 2304 2106 2376 ejus
2156 2307 2399 2359 mortem
2451 2305 2615 2359 annis
2652 2303 2970 2376 contigere;
3014 2311 3266 2362 attamen
3298 2306 3369 2362 ab
3420 2308 3542 2379 ejus

215 2399 480 2474 discipulis,
511 2405 858 2475 proximisve
889 2405 1304 2460 successoribus
1329 2405 1386 2460 id
1411 2405 1624 2461 factum
1650 2421 1764 2461 non
1791 2404 2078 2461 immerito
2101 2405 2322 2476 opinor.

271 2549 481 2612 Quando
499 2553 699 2605 autem
723 2551 783 2606 in
807 2567 912 2606 usu
931 2551 1414 2606 Benchorensium
1438 2551 1612 2606 fuerit
1630 2551 1800 2606 hocce
1825 2549 2320 2622 Antiphonarium,
2339 2548 2615 2623 conjicere
2634 2569 2933 2624 possumus
2958 2570 3028 2609 ex
3048 2552 3225 2626 ipsius
3245 2552 3543 2627 postremis

213 2635 365 2707 lineis,
393 2639 488 2694 ubi
512 2640 789 2695 Memoria
815 2641 1083 2696 abbatum
1107 2646 1431 2696 nostrorum
1466 2641 1784 2696 exhibetur.
1831 2640 2052 2695 Primus
2097 2641 2502 2697 Benchorensis
2529 2643 2857 2698 monasterii
2897 2643 3068 2698 abbas
3105 2645 3185 2699 ibi
3209 2649 3546 2702 numeratur

213 2733 404 2782 sanctus
430 2729 760 2802 Comgillus,
792 2730 892 2803 qui
914 2731 1093 2786 sancti
1120 2731 1452 2787 Columbani
1481 2731 1754 2803 magister
1779 2747 1842 2785 ac
1871 2731 1932 2786 in
1957 2731 2273 2796 eruditione
2295 2731 2516 2803 pietatis
2531 2738 2690 2803 pater
2703 2731 2829 2787 fuit.
2861 2735 2938 2786 Ita
2963 2734 3031 2788 de
3060 2734 3408 2790 Columbano
3426 2735 3544 2790 lau-

214 2816 348 2872 datus
371 2819 530 2875 Jonas
561 2838 576 2874 :
614 2840 641 2873 (ι
669 2821 833 2876 Dedit
857 2821 1059 2876 deinde
1091 2838 1324 2894 operam
1345 2827 1410 2876 ut
1433 2822 1842 2876 monachorum
1871 2827 2192 2876 necteretur
2217 2820 2484 2890 societati,
2515 2827 2570 2876 et
2597 2823 3022 2892 monasterium,
3066 2824 3226 2894 cujus
3252 2827 3336 2879 est
3379 2841 3543 2880 voca-

213 2903 379 2962 bulum
408 2910 686 2979 Banchor,
713 2911 893 2982 petiit,
923 2912 982 2967 in
1004 2930 1119 2984 quo
1144 2913 1419 2968 virtutum
1443 2912 1651 2984 praesul
1676 2913 1932 2968 ubertate
1975 2912 2197 2966 cluebat
2231 2911 2426 2967 beatus
2459 2911 2897 2984 Commogellus,
2929 2913 3194 2985 egregius
3233 2914 3382 2970 inter
3417 2931 3553 2972 suos

213 2999 593 3055 monachorum
617 3004 796 3072 pater.
828 3021 856 3054 »
873 3002 1254 3067 Quamobrem
1279 3007 1500 3058 sanctus
1539 3002 1849 3074 Comgillus
1877 3001 2068 3056 ﬂoruit
2098 3001 2321 3056 circiter
2345 3017 2560 3055 annum
2587 3001 2792 3057 Christi
2822 3005 2944 3071 580,
2975 3009 3031 3058 et
3057 3003 3242 3059 adhuc
3288 3004 3546 3060 Bencho-

213 3086 336 3140 rensi
361 3090 698 3146 monasterio
725 3097 983 3163 praeerat,
1014 3109 1146 3148 cum
1172 3098 1399 3148 sanctus
1423 3091 1800 3148 Columbanus
1830 3107 1898 3146 ex
1922 3089 2185 3145 Hibernia
2207 3090 2268 3144 in
2293 3090 2498 3146 Gallias
2531 3091 2816 3162 processit,
2844 3109 2988 3148 nova
3022 3094 3364 3149 monasteria
3381 3095 3545 3152 insti-

211 3179 406 3234 tuturus
433 3196 446 3235 :
475 3181 636 3253 quod
663 3183 829 3254 paulo
855 3187 985 3238 ante
1017 3199 1234 3238 annum
1253 3183 1458 3238 Christi
1493 3186 1596 3238 590
1620 3182 1882 3237 accidisse
1921 3181 2273 3236 Mabillonius
2313 3181 2600 3236 contendit
2643 3181 2701 3238 in
2747 3183 2896 3238 notis
2946 3183 3018 3238 ad
3069 3185 3328 3240 eamdem
3369 3186 3546 3241 sancti

211 3263 506 3325 Columbani
531 3270 720 3326 Vitam
750 3289 877 3328 saec.
909 3289 948 3328 ιι
978 3274 1102 3329 Act.
1127 3278 1303 3328 sanet.
1351 3273 1474 3329 ord.
1513 3273 1692 3328 sancti
1732 3271 2037 3328 Benedicti.
2085 3272 2303 3340 Baleus,
2340 3271 2570 3328 Centur.
2625 3289 2664 3342 ι,
2712 3289 2833 3343 cap.
2886 3275 2974 3343 54,
3019 3273 3223 3345 Script.
3271 3273 3544 3344 Britann,

212 3358 360 3412 sancti
382 3359 882 3433 Comgillizetatem
909 3361 1154 3418 nimium
1183 3363 1472 3436 anticipat,
1510 3379 1641 3418 cum
1672 3362 1834 3416 illum
1878 3361 2134 3416 ccenobio
2177 3359 2548 3415 Benchorensi
2590 3361 2962 3432 prazpositum
2997 3379 3148 3418 anno
3187 3363 3394 3419 Christi
3441 3367 3544 3419 530

212 3445 390 3518 scribit,
419 3449 590 3522 eique
616 3452 934 3523 regendum
972 3453 1378 3524 Britannicum,
1405 3469 1524 3508 non
1553 3467 1687 3508 vero
1724 3451 2111 3519 Hibernicum,
2161 3450 2548 3506 Benehorense
2590 3450 2998 3506 monasterium
3034 3451 3252 3508 tribuit.
3293 3452 3546 3508 Usserius

213 3534 312 3605 ejus
330 3544 566 3596 mortem
597 3540 722 3612 ﬁgit
750 3541 808 3597 in
837 3559 987 3598 anno
1011 3543 1220 3599 Christi
1247 3545 1340 3599 60l
1359 3586 1372 3613 ,
1405 3560 1538 3616 pag.
1571 3542 1676 3597 494
1705 3542 1893 3614 Antiq.
1922 3541 2390 3596 Britannicarum.

271 3682 570 3742 Succedunt
595 3687 656 3742 in
680 3688 1086 3762 Antiphonario
1115 3690 1344 3746 abbates
1371 3691 1684 3763 Beognous,
1717 3688 1939 3756 Edeus,
1968 3685 2270 3757 Simlanus,
2302 3685 2667 3756 Fintenanus,
2696 3685 3092 3758 Michlaisreus,
3124 3687 3396 3760 Seganus,
3443 3685 3548 3745 Be-

212 3786 403 3914 facnus,
429 3776 778 3851 Cumnenus,
807 3781 1099 3852 Columba,
1119 3782 1388 3854 Aldanus,
1421 3780 1777 3850 Bautherius,
1811 3780 2121 3850 Cronanus,
2152 3779 2429 3835 Camanus
2460 3781 2517 3834 et
2545 3778 2857 3835 Cronanus.
2889 3779 2966 3836 De
2990 3781 3276 3852 postremo
3309 3779 3432 3836 haec
3471 3776 3550 3835 ibi

229 3869 450 3914 emintur
478 3887 494 3914 .-

229 3869 450 3934 eguntur
477 3887 494 3923 .-

619 3967 823 4022 Christo
845 3984 986 4022 nunc
1005 3971 1149 4037 sedet
1165 3985 1440 4037 supremus
1931 3989 1952 4004 ο
2375 3969 2665 4037 Conservet
2687 3983 2819 4037 eum
2835 3969 3101 4037 Dominus.

554 4029 790 4099 gymnas
818 4049 1012 4085 canens
1035 4029 1399 4099 quindecimus
2374 4032 2514 4099 Quos
2537 4032 2846 4099 convocavit
2873 4034 3121 4099 Dominus

554 4091 697 4145 Zéen
721 4100 779 4146 ut
800 4102 979 4162 carpat
999 4091 1286 4162 Cronanus,
2371 4096 2633 4146 leorum
2660 4096 2808 4160 regni
2839 4097 3067 4148 sedibus.

215 4227 327 4292 Quae
361 4251 486 4292 sane
526 4237 778 4294 indicare
825 4235 1108 4312 videntur,
1159 4243 1488 4300 Cronanum
1531 4244 1664 4297 tunc
1713 4238 1883 4296 etiam
1924 4239 2195 4312 temporis
2241 4237 2300 4294 in
2347 4238 2485 4294 vivis
2515 4239 2706 4310 fuisse,
2747 4257 2878 4296 cum
2925 4241 2978 4296 ei
3019 4242 3146 4313 Zoe,
3189 4235 3246 4298 id
3277 4242 3382 4313 est,
3418 4245 3552 4310 vita,

215 4321 424 4394 optetur,
451 4331 507 4381 et
531 4327 754 4383 dicatur
776 4331 1146 4386 convocandus
1164 4331 1236 4386 ad
1261 4332 1544 4388 Coelorum
1583 4331 1747 4404 regni
1775 4330 1952 4386 sedes.
1982 4332 2244 4384 Attamen
2263 4345 2395 4384 cum
2424 4330 2700 4401 scriptum
2725 4329 2804 4384 ibi
2828 4329 2899 4385 sit
2919 4347 3052 4401 quos
3079 4332 3410 4397 convocabit,
3437 4349 3548 4390 non

216 4421 324 4463 vero
346 4429 493 4482 quem
517 4419 851 4484 conaocabit,
881 4421 1185 4476 vehemens
1211 4421 1409 4476 oborta
1429 4421 1572 4476 mihi
1594 4420 1868 4476 dubitatio
1897 4423 2000 4486 est,
2029 4435 2102 4473 ne
2134 4419 2450 4474 convocabit
2475 4418 2627 4474 idem
2654 4419 2726 4474 sit
2754 4425 2924 4492 atque
2944 4424 3271 4487 convocavit,
3298 4423 3449 4495 quod
3495 4423 3554 4479 in

217 4503 572 4568 superioribus
597 4508 903 4580 repetitum
931 4511 1154 4581 videas;
1183 4515 1240 4568 et
1265 4511 1550 4584 praecipue
1573 4527 1703 4567 cum
1727 4515 2046 4583 postremus
2071 4507 2242 4564 etiam
2269 4525 2334 4564 ex
2363 4509 2452 4564 his
2478 4508 2776 4566 abbatibus
2801 4510 2952 4567 inter
2977 4515 3194 4568 sanctos
3217 4512 3555 4570 invocandoa

220 4597 574 4652 enumeretur.

276 4732 417 4797 Quod
442 4740 487 4794 si
513 4755 711 4800 revera
731 4745 1021 4804 Cronanus
1050 4749 1226 4805 abbas
1251 4753 1386 4806 tunc
1415 4745 1660 4818 vivebat,
1692 4753 1924 4822 tempus
1951 4762 2065 4821 quo
2089 4743 2564 4817 Antiphonarium
2587 4747 2730 4806 illud
2769 4749 3166 4808 concinnatum
3206 4752 3316 4809 fuit
3361 4757 3459 4810 aut
3497 4747 3558 4810 in

219 4833 460 4922 erat,
490 4831 745 4890 divinare
774 4836 1012 4895 fortasse
1039 4839 1253 4896 liceret.
1298 4843 1359 4896 In
1386 4841 1619 4916 antiquo
1648 4841 1903 4913 catalogo
1933 4843 2260 4895 sanctorum
2307 4839 2610 4911 Hiberniae,
2658 4856 2828 4912 quem
2867 4841 3120 4897 Usserius
3166 4841 3378 4914 publici
3409 4843 3558 4915 juris

213 4907 492 5012 fficittpag.
522 4923 626 4980 473
673 4926 882 4983 laudati
916 4930 1132 5002 Operis,
1179 4931 1470 4987 Cronanus
1511 4907 1698 4988 nescio
1733 4907 1863 5004 quis
1901 4931 2196 5004 presbyter
2241 4934 2467 4986 sanctus
2506 4907 2894 4987 enumeratur.
2935 4933 3067 4987 Tres
3102 4907 3231 4988 vero
3272 4907 3557 4990 Cronanos

225 4997 401 5103 ξςίῐξάεξ
423 5014 681 5103 agnoscit
704 4997 1100 5092 Usserius—ipse
1118 4997 1261 5094 pag.
1289 5025 1414 5078 502.
1445 5023 1667 5080 Primus
1697 4997 1846 5079 anno
1873 4997 2087 5078 Christi
2101 5022 2204 5076 640
2228 5019 2431 5076 vixisse
2467 5021 2526 5077 in
2555 5021 2816 5078 Hibernia
2843 5022 3040 5078 fertur.
3083 5023 3372 5080 Secundus
3407 5041 3558 5080 anno

225 5087 404 5186 Christi
428 5102 530 5157 665
558 5110 798 5162 mortem
826 5087 1028 5166 obiisse
1059 5087 1264 5166 dicitur
1287 5111 1348 5167 in
1379 5113 1690 5169 Hibernicis
1716 5112 2045 5168 Annalibus.
2077 5111 2299 5167 Tertius
2327 5111 2497 5166 abbas
2516 5112 2624 5168 fuit
2651 5113 3051 5186 magniﬁcique
3076 5115 3403 5170 monasterii
3423 5116 3554 5172 funa

225 5176 363 5238 dator
384 5187 441 5243 in
459 5191 872 5266 Tipperariensi
905 5200 1198 5257 comitatu.
1229 5201 1513 5259 Videndus
1553 5204 1720 5258 etiam
1763 5203 2063 5258 Bollandus
2103 5201 2172 5256 ad
2214 5201 2365 5258 diem
2402 5203 2648 5273 primam
2692 5176 2978 5270 Januarii;
3014 5201 3112 5258 ubi
3159 5205 3332 5263 refert
3369 5207 3553 5264 Vitam

225 5275 378 5372 Sancti
403 5279 803 5372 Mochuaa,sive
835 5289 1100 5358 Cronani,
1133 5309 1305 5364 quem
1332 5293 1463 5348 facit
1493 5293 1830 5365 discipulum
1855 5292 2031 5347 sancti
2069 5291 2351 5364 Comgilli,
2385 5295 2442 5346 et
2463 5289 2742 5347 abbatem.
2769 5293 2875 5346 Nos
2897 5291 2957 5347 in
2994 5293 3258 5372 catalogo
3300 5294 3557 5355 Bencho-

227 5365 453 5423 rensium
473 5371 736 5431 abbatum
757 5377 898 5434 duos
924 5380 1212 5437 Cronanos
1242 5384 1576 5454 reperimus.
1607 5387 1646 5437 A
1683 5399 1814 5436 vero
1837 5399 1954 5438 non
1991 5383 2261 5438 abhorret
2307 5382 2676 5436 recentiorem
2717 5379 2866 5437 inter
2907 5365 3009 5437 eos,
3033 5365 3288 5441 floruisse
3340 5387 3560 5443 circiter

226 5461 417 5551 Iturium
443 5460 648 5518 Christi
679 5469 801 5534 660,
831 5485 1159 5542 quanquam
1188 5471 1235 5526 si
1263 5478 1410 5527 recte
1437 5473 1692 5542 memini,
1721 5471 1939 5527 Gabriel
1971 5472 2274 5527 Bucelinus
2300 5472 2358 5526 in
2386 5470 2531 5525 libra
2555 5471 2623 5526 de
2645 5471 2848 5526 sanctis
2877 5473 3020 5528 Viris
3044 5474 3167 5530 ord.
3196 5477 3370 5532 sancti
3387 5478 3562 5532 Bene-

227 5534 362 5630 dicti,
387 5562 555 5617 quem
577 5553 710 5608 olim
737 5534 870 5626 vidi,
900 5534 1112 5630 scribit,
1145 5562 1469 5618 Crononum
1497 5534 1943 5618 Bench'orensem
1972 5562 2235 5616 abbatem
2262 5561 2468 5616 vixisse
2493 5561 2715 5616 circiter
2759 5579 2974 5619 annum
3017 5564 3225 5621 Christi
3261 5567 3382 5620 636.
3423 5565 3559 5630 Qum

228 5625 395 5728 tamen
416 5635 494 5728 ita
517 5639 656 5698 dicta
685 5625 875 5718 velim,
898 5652 964 5705 ut
981 5625 1108 5704 non
1125 5657 1318 5722 putem
1339 5655 1641 5724 propterea
1669 5651 1932 5708 Codicem
1955 5651 2144 5724 ipsum
2190 5667 2304 5724 quo
2353 5667 2480 5706 sum
2521 5667 2660 5706 usus
2696 5651 2766 5707 ad
2804 5669 2931 5710 eam
2969 5654 3150 5728 ipsam
3174 5656 3397 5708 aetatem
3432 5625 3557 5712 esse

229 5717 587 5824 Effertfpdum,
615 5751 746 5792 cum
765 5739 1056 5813 exemplar
1075 5717 1146 5797 in
1163 5717 1529 5798 Ambrosiam
1556 5746 1922 5815 asservatum,
1953 5717 2010 5798 et
2036 5745 2188 5800 certe
2205 5717 2680 5815 vetustissimum,
2699 5757 2780 5803 ex
2803 5717 3120 5818 antiquiore
3144 5745 3332 5797 tamen
3359 5740 3558 5812 Codice

224 5801 436 5872 describi
461 5801 701 5884 subinde
729 5843 835 5906 per
857 5801 1162 5900 monachos
1189 5831 1485 5892 Bobienses
1509 5831 1624 5892 sive
1654 5801 2097 5894 Benehorienses
2126 5833 2394 5910 potuerit.
