4058 6190
481 255 580 309 583
1350 249 1679 305 APPENDIX
1717 250 1805 306 AD
1840 253 2063 308 OPEHA
2099 251 2154 307 S.
2194 251 2491 309 GERMANI
2533 253 2956 310 PARlSlENSlS.
3730 253 3825 312 584

545 361 704 427 Quod
729 366 812 417 est
829 360 897 417 ad
926 357 1171 432 reliquos
1199 359 1446 427 abbates,
1478 359 1711 415 eruditis
1737 360 1890 416 locus
1918 363 2026 416 erit
2050 362 2373 434 inquirendi
2403 379 2600 418 eorum
2628 369 2850 434 tempus
2875 380 2938 418 ac
2965 361 3302 424 memoriam
3329 360 3388 417 in
3432 363 3672 436 antiquis
3714 370 3823 420 An-

478 453 720 523 nalibus,
753 458 920 526 atque
948 449 1269 522 Agiologiis,
1301 467 1363 504 ac
1392 450 1750 522 potissimum
1775 452 1835 507 in
1861 453 2029 508 vastis
2049 453 2515 508 Bollandistarum
2539 453 2716 523 libris,
2750 470 2989 525 eamque
3015 454 3074 508 in
3095 471 3214 510 rem
3235 453 3547 524 plurimum
3571 454 3690 524 opis
3708 471 3829 510 con-

478 543 662 599 ferent
692 559 819 616 quae
851 543 916 597 de
949 540 1149 594 sanctis
1171 540 1448 595 Hiberniae
1474 541 1605 596 viris
1630 543 1876 613 vaganti,
1917 543 2012 598 sed
2053 543 2247 614 magni
2283 548 2476 598 tamen
2508 543 2781 610 facienda,
2831 543 3146 599 eruditione
3180 543 3461 616 congessit
3495 551 3825 599 memoratus

479 634 733 688 Usserius
760 632 817 686 in
842 631 985 686 libro
1012 629 1424 700 Antiquitatum
1450 630 1916 688 Britannicarum.
1951 633 2049 687 Hic
2069 633 2296 688 interim
2328 633 2619 689 adnotasse
2639 633 2860 704 juvabit
2883 633 3131 705 priorem
3165 634 3465 704 hymnum,
3491 633 3590 704 qui
3630 633 3688 687 in
3729 635 3828 690 hoe

479 720 884 793 Antiphonario
909 720 1170 788 occurrit,
1197 721 1371 774 tribui
1399 728 1588 776 sancto
1637 723 1846 777 Hilario
1889 723 2216 778 Pictaviensi
2263 723 2546 796 episcopo,
2583 724 2694 778 illis
2741 723 2926 778 verbis
2956 741 2969 778 :
3013 726 3289 793 Hymnum
3324 727 3499 779 sancti
3535 724 3734 777 Hilarii
3767 724 3826 779 de

481 812 707 866 Christo.
740 811 806 864 Et
831 810 1079 881 profecto
1105 814 1460 882 compertum
1488 817 1572 866 est
1608 813 1758 867 inter
1789 813 2057 880 eruditos,
2099 816 2241 868 teste
2282 819 2472 868 sancto
2522 816 2884 886 Hieronymo,
2935 815 3285 884 Hymnorum
3321 812 3531 868 librum
3573 829 3606 866 a
3649 817 3824 867 sancto

479 899 687 955 Hilario
705 899 874 954 fuisse
893 900 1288 971 compositum.
1317 903 1396 956 Ex
1423 902 1491 956 iis
1516 902 1685 957 etiam
1717 905 2017 960 nonnullos
2047 904 2106 958 in
2135 904 2363 958 ecclesia
2394 905 2676 960 decantari
2711 905 2898 959 solitos
2937 904 3109 958 fuisse
3149 903 3320 959 tradit
3355 901 3655 958 concilium
3685 903 3824 958 Tole-

475 994 678 1042 tanum
705 1005 780 1057 ιν,
809 990 944 1043 anni
967 992 1091 1045 633.
1115 994 1184 1045 At
1209 991 1268 1045 in
1296 991 1509 1062 hymno
1525 1009 1676 1047 nunc
1702 1011 1734 1048 a
1749 994 1911 1050 nobis
1936 994 2209 1066 producto
2230 994 2507 1066 majorem
2533 995 2766 1050 fortasse
2785 993 3124 1065 elegantiam
3145 992 3545 1049 desiderabunt
3558 992 3821 1063 nonnulli,

479 1082 544 1132 ut
569 1093 699 1134 eum
729 1085 919 1134 sancto
947 1080 1154 1134 Hilario
1179 1081 1476 1138 ascribunt.

552 1197 635 1253 Ad
661 1198 781 1252 haec
810 1197 1051 1269 legimus
1077 1198 1136 1253 in
1161 1200 1567 1272 Antiphonario
1595 1207 1787 1258 nostro
1809 1206 2085 1274 Hymnum
2107 1207 2284 1261 sancti
2309 1206 2540 1260 Patricii
2562 1207 2815 1274 magistri
2835 1205 3132 1260 Scotorum.
3153 1203 3380 1258 Memini
3401 1207 3614 1269 autem,
3647 1200 3821 1256 claris-

480 1286 691 1343 simum
715 1287 898 1342 virum
935 1289 991 1342 P.
1024 1290 1083 1343 D.
1115 1290 1468 1345 Bernardum
1501 1291 1569 1345 de
1597 1293 2002 1362 Montefaucon,
2032 1295 2170 1349 dum
2199 1295 2333 1350 olim
2361 1295 2648 1349 Mediolani
2687 1300 2900 1366 ageret,
2940 1299 3236 1366 conspecta
3282 1292 3498 1348 Codicis
3544 1291 3726 1362 hujus,
3765 1307 3821 1345 ac

478 1377 836 1433 monumenti
862 1382 1153 1448 vetustate,
1182 1380 1324 1434 mihi
1355 1383 1671 1438 ostendenti
1696 1383 1866 1439 fuisse
1899 1385 2265 1456 gratulatum.
2295 1385 2564 1439 Narrabat
2589 1385 2820 1456 quippe,
2853 1384 2912 1438 in
2935 1384 3128 1439 Galliis
3152 1401 3272 1438 esse
3307 1381 3592 1437 eruditum
3639 1396 3818 1451 quem-

481 1467 636 1536 dam,
665 1467 754 1521 cui
780 1471 912 1522 nata
935 1468 1174 1540 suspicio
1202 1470 1386 1526 fuerat
1411 1489 1523 1526 non
1553 1472 1699 1544 ipsas
1719 1473 1900 1528 solum
1927 1475 2105 1530 sancti
2131 1474 2354 1530 Patricii
2383 1491 2469 1529 res
2515 1480 2715 1546 gestas,
2764 1474 2861 1528 sed
2913 1473 3182 1528 eumdem
3226 1476 3485 1527 sanctum
3536 1469 3821 1524 Patricium

479 1556 631 1612 inter
655 1557 884 1612 Fabulae
923 1559 1306 1615 Romanenses
1332 1578 1448 1617 esse
1478 1564 1918 1635 emendandum,
1951 1566 2118 1620 tantis
2147 1581 2351 1636 nempe
2371 1565 2616 1618 anilibus
2629 1563 2964 1619 commentis
2977 1563 3270 1635 deturpata
3285 1563 3471 1617 fuerat
3491 1561 3672 1615 sancti
3697 1559 3823 1614 illius

483 1645 728 1718 episcopi
753 1647 1008 1702 Historia.
1037 1652 1105 1704 At
1127 1651 1378 1721 profecto
1397 1668 1546 1707 unus
1572 1653 1663 1708 hic
1690 1655 1937 1726 hymnus
1963 1655 2094 1710 satis
2119 1671 2240 1710 esse
2267 1657 2451 1727 potest
2479 1655 2550 1709 ad
2577 1654 3023 1709 confirmandam
3051 1653 3346 1708 veritatem
3370 1668 3502 1707 cum
3527 1649 3823 1721 insignium

482 1736 705 1792 Patricii
733 1755 992 1810 operum,
1016 1743 1139 1794 tum
1167 1742 1548 1798 celeberrimm
1576 1744 1763 1814 famae,
1792 1762 1923 1818 quas
1950 1746 2018 1800 de
2039 1749 2230 1802 sancto
2258 1745 2378 1800 viro
2399 1745 2469 1800 ad
2496 1750 2688 1801 nostra
2715 1761 2896 1817 usque
2926 1747 3185 1816 tempora
3198 1741 3572 1814 permanavit.
3592 1741 3676 1795 Tu
3701 1738 3824 1794 ube-

481 1825 650 1897 riora,
683 1827 785 1882 etsi
809 1845 924 1884 non
954 1830 1113 1900 paria
1140 1832 1494 1904 antiquitate,
1522 1834 1592 1889 ab
1621 1836 1838 1891 Usserio
1867 1840 2017 1909 pete,
2040 1853 2164 1908 cap.
2198 1840 2283 1906 l7,
2310 1852 2442 1908 pag.
2477 1835 2580 1891 425
2609 1841 2665 1891 et
2684 1852 2827 1908 seq.,
2861 1834 3163 1889 Britannic.
3193 1832 3629 1905 Antiquitatum.

487 2006 3831 2050 ψ

1069 2209 1276 2330 IN
1371 2209 2112 2335 NOMINE
2211 2211 2524 2334 DEI
2627 2209 3272 2334 SUMMI.

791 2537 1069 2594 Canticum
1097 2540 1295 2609 Moysi,

557 2651 778 2720 Audite,
807 2653 948 2725 caeli,
977 2671 1104 2726 quae
1133 2655 1356 2728 loquor,
1385 2660 1490 2712 etc.

523 2783 795 2848 Hymnum
820 2783 997 2836 sancti
1022 2782 1227 2836 Hilarii
1246 2783 1311 2838 de
1339 2784 1565 2841 Christo.

559 2896 844 2966 Hymnum
869 2897 1016 2951 dicat
1051 2898 1219 2953 turba
1243 2899 1516 2954 ﬁdelium.

484 2985 770 3056 Hymnum
801 2990 996 3040 cantus
1022 3003 1268 3057 person.
1280 3031 1292 3044 .

487 3073 709 3128 Christo
737 3073 878 3144 Regi
897 3075 1308 3132 concinnentur

487 3140 1589 3224 Laudes..‘...........v..

485 3251 1588 3314 ,TuDeide.....'.......

561 3609 767 3661 Dextra
791 3608 987 3677 Patris,
1016 3625 1200 3678 mons,
1222 3613 1279 3664 et
1302 3613 1517 3683 Agnus,

489 3693 789 3766 Angularis
809 3699 873 3749 tu
899 3695 1060 3767 lapis,

490 3786 740 3856 Sponsus
766 3782 936 3853 idem,
967 3786 1054 3840 vel
1081 3785 1359 3846 columba.

490 3874 760 3942 Flamma,
783 3873 992 3944 Pastor,
1017 3876 1214 3931 Janua.

564 3959 624 4014 In
643 3958 932 4031 prephetis
961 3958 1228 4015 inveniris

466 4047 688 4130 (Nostro
714 4051 882 4102 natus
907 4049 1111 4104 saaculo

489 4141 631 4195 Ante
662 4137 827 4192 saecla
854 4141 914 4192 tu
942 4137 1096 4193 fuisti

491 4228 688 4282 Factor
711 4226 882 4298 primi
903 4227 1113 4284 szeculi.

561 4317 759 4373 Factor
784 4316 931 4386 caeli,
961 4322 1128 4373 terra:
1157 4315 1356 4390 factor,

486 4409 871 4480 Congregator
888 4412 948 4462 tu
976 4407 1167 4478 maris,

491 4495 874 4568 Omniumque
897 4501 960 4551 tu
987 4503 1205 4554 creator

490 4587 626 4651 Quae
650 4587 812 4641 Pater
838 4587 992 4641 nasci
1015 4589 1201 4658 jubet.

565 4672 805 4744 Virginis
837 4679 1091 4746 receptus
1117 4677 1410 4749 membris,

487 4759 758 4819 Gabrielis
782 4763 981 4817 nuntio

489 4850 697 4908 Crescit
719 4851 875 4908 alvus
899 4852 1054 4924 prole
1085 4857 1274 4908 sancta

497 4982 512 5000 .
555 4984 568 4999 .
615 4985 628 5000 .
673 4985 686 4999 .
731 4985 745 5000 .
790 4985 802 5000 .
845 4941 996 4998 erius
1020 4943 1268 4998 credere.

498 5029 1378 5088 ............visam

567 5385 709 5442 Cum
727 5383 891 5454 jubet
914 5401 1114 5457 parvos
1129 5383 1339 5459 necari,

491 5472 738 5534 Turbam
761 5464 893 5526 fecit
913 5473 1249 5544 Martyrum;

493 5564 698 5622 Fertur
723 5561 906 5618 infans
929 5562 1288 5630 occulendus,

492 5651 602 5711 Nili
626 5652 841 5709 ﬂumen
865 5669 978 5726 quo
1006 5649 1151 5706 fluit.

566 5742 672 5808 Qui
697 5742 940 5800 refertur
966 5744 1096 5816 post
1121 5738 1396 5798 Herodem

498 5824 839 5890 Nutriendus
865 5827 1136 5885 Nazareth

1657 2543 1826 2598 Multa
1854 2559 2078 2614 parvus,
2102 2545 2282 2600 multa
2305 2544 2528 2600 adultus

1656 2632 1825 2703 Signa
1854 2632 1986 2690 fecit
2013 2633 2248 2688 caelitus.

1723 2731 1858 2795 Quae
1883 2731 2078 2801 latent,
2101 2737 2156 2788 et
2182 2748 2310 2804 quae
2334 2733 2606 2803 leguntur

1655 2820 1855 2875 Coram
1881 2821 2074 2876 multis
2099 2823 2352 2892 testibus,

1659 2908 1969 2963 Prmdicans
1995 2909 2211 2966 caeleste
2236 2926 2501 2982 regnum,

1659 2996 1818 3050 Dicta
1841 2998 2005 3052 factis
2035 2999 2332 3070 adprobat.

1727 3095 1945 3151 Debiles
1972 3097 2103 3152 fecit
2129 3097 2341 3168 vigere,

1656 3187 1844 3241 Czecos
1869 3186 1992 3240 luce
2018 3186 2342 3256 inluminat,

1657 3274 1852 3329 Verbis
1878 3280 2085 3347 purgat
2111 3275 2285 3347 lepraa
2310 3275 2596 3347 morbum,

1656 3363 1898 3420 Mortuos
1925 3363 2242 3420 resuscitat.

1725 3460 1950 3532 Vinum,
1975 3463 2126 3535 quod
2153 3463 2346 3519 deerat
2371 3463 2607 3536 hydriis,

1655 3551 1856 3606 Mutari
1882 3569 2091 3624 aquam
2111 3553 2294 3624 jubet.

1656 3641 1874 3713 Nuptiis
1895 3658 2055 3697 mero
2079 3643 2314 3698 retentis

1661 3731 2419 3805 .........populo.

1662 4046 2680 4066 ...οσσοοοοοσθοοιοο

1729 4193 1913 4248 Turba
1936 4211 2003 4248 ex
2031 4195 2187 4250 omni
2213 4195 2600 4252 discumbente

1657 4285 1859 4355 Jugem
1890 4283 2113 4338 laudem
2141 4285 2395 4356 pertulit,

1661 4371 1964 4428 Duodecim
1992 4373 2142 4427 viros
2165 4375 2442 4446 probavit,

1659 4461 1765 4516 Per
1787 4477 1931 4532 quos
1957 4460 2069 4515 vita
2095 4461 2345 4518 discitur.

1730 4559 1810 4614 Ex
1832 4559 2038 4631 quibus
2057 4577 2202 4615 unus
2232 4561 2518 4618 invenitur

1660 4645 1868 4702 Christi
1891 4647 2061 4702 Judas
2089 4649 2345 4719 traditor,

1659 4737 2022 4792 lnstruuntur
2043 4737 2202 4792 missi
2230 4739 2300 4793 ab
2327 4741 2487 4795 Anna

1658 4823 1964 4880 Proditoris
1991 4825 2203 4882 osculo.

1732 4925 2002 4978 Innocens
2025 4930 2221 4996 captus
2245 4930 2490 4998 tenetur,

1658 5011 1769 5066 Nec
1807 5027 2133 5084 repugnans
2160 5013 2404 5083 ducitur,

1658 5099 1884 5154 Sistitur
1907 5099 2080 5169 falsis,
2105 5109 2432 5172 grassantur

1655 5185 1964 5244 Olferentes
2003 5187 2219 5244 Pontio.

1729 5285 1991 5341 Dicerent
2030 5286 2319 5343 Christum
2367 5292 2725 5364 negandum:

1657 5374 1858 5431 Turbis
1883 5379 2108 5430 sanctus
2135 5377 2412 5449 traditur;

1661 5463 1859 5537 lmpiis
1883 5464 2068 5519 verbis
2088 5472 2449 5540 grassantur;

1659 5553 1852 5626 Sputa,
1881 5551 2062 5625 ﬂagra
2089 5555 2348 5625 sustinet,

1732 5652 2010 5709 Scandere
2039 5669 2266 5709 crucem
2277 5653 2516 5727 jubetur

1663 5740 1936 5800 lnnocens
1960 5761 2067 5818 pro
2093 5744 2310 5816 noxiis;

1662 5828 1833 5886 Morte
1858 5833 2061 5906 carnis,
2093 5849 2268 5906 quam
2302 5834 2551 5910 gerebat,

2783 2543 3015 2597 Mortem
3043 2539 3175 2594 vicit
3199 2538 3478 2593 omnium.

2849 2641 2992 2694 Tum
3019 2640 3196 2693 Deum
3221 2637 3469 2692 clamore
3495 2650 3703 2706 magno

2785 2729 3004 2782 Patrem
3035 2727 3286 2798 pendens
3314 2727 3542 2780 invocat

2787 2853 2801 2869 .
2848 2857 2860 2870 .
2907 2857 2919 2870 .
2966 2857 2978 2870 .
3026 2857 3038 2871 .
3085 2857 3098 2870 .
3139 2815 3393 2870 membra
3415 2814 3628 2870 Christi

2857 3003 2986 3056 Vela
3011 3002 3208 3074 templi
3228 3001 3394 3057 scissa
3421 3001 3698 3074 pendent;

2783 3094 2901 3148 Nox
2921 3095 3181 3149 obscurat
3201 3094 3506 3151 saeculum:

2785 3184 3116 3240 Excitantur
3139 3183 3208 3240 de
3237 3185 3547 3256 sepulchris

2789 3273 3011 3328 Dudum
3039 3274 3222 3328 clausa
3249 3290 3502 3346 corpora.

2855 3372 3049 3427 Adfuit
3072 3373 3276 3444 Joseph
3303 3372 3500 3428 beatus
3524 3391 3541 3443 ;

2781 3463 2998 3535 Corpus
3022 3479 3212 3535 myrra
3239 3463 3509 3536 perlitum

2781 3552 2976 3607 Linteo
3003 3552 3132 3607 rudi
3165 3552 3408 3624 ligatum

2783 3642 2922 3698 Cum
2951 3641 3144 3696 dolore
3171 3642 3438 3698 condidit.

2856 3741 3054 3795 Milites
3080 3756 3304 3795 servare
3331 3757 3538 3813 corpus

2783 3833 2944 3886 Anna
2970 3829 3232 3901 princeps
3257 3830 3536 3902 praecipit,

2789 3921 2861 3975 Ut
2886 3919 3122 3988 videret,
3150 3920 3195 3974 si
3221 3920 3484 3992 probaret

2785 4007 3058 4077 Christus,
3087 4010 3238 4081 quod
3265 4009 3653 4082 spoponderat.

2847 4108 3128 4179 Angelum
3155 4107 3257 4162 Dei
3286 4111 3593 4164 trementes

2789 4198 2946 4252 Veste
2966 4195 3236 4251 amictum
3261 4197 3519 4266 candida,

2785 4286 2906 4350 Quo
2931 4284 3170 4338 candore
3209 4283 3476 4339 claritatis

2787 4372 2975 4428 Vellus
3005 4373 3139 4429 vicit
3163 4373 3426 4428 sericum.

2861 4472 3112 4527 Demovit
3138 4488 3336 4526 saxum
3365 4472 3660 4543 sepulchro

2784 4563 3037 4632 Surgens
3067 4560 3321 4617 Christus
3339 4561 3594 4632 integer;

2789 4650 2910 4704 Haec
2931 4649 3068 4705 vidit
3087 4650 3281 4704 Judaaa
3307 4650 3574 4715 mendax,

2788 4739 2912 4792 Hec
2940 4742 3130 4808 negat,
3163 4753 3294 4792 cum
3321 4736 3558 4792 videret.

2935 5049 3826 5072 ...διοσοοιοιοσοί

2857 5201 3036 5276 Seque
3062 5221 3094 5258 a
3120 5205 3360 5260 mortuis
3385 5209 3619 5276 paterna

2787 5290 3130 5348 Suscitatum
3154 5294 3385 5350 dextera

2784 5381 2968 5437 Tertia
2987 5381 3078 5438 die
3099 5383 3330 5440 rediisse

2785 5469 3019 5526 Nuntiat
3044 5471 3327 5543 apostolis.

2853 5567 2976 5624 Mox
2997 5568 3220 5624 videtur
3243 5586 3276 5624 a
3301 5569 3500 5638 beatis,

2783 5657 2941 5723 Quod
2966 5658 3242 5732 probavit,
3270 5658 3559 5730 fratribus,

2783 5745 2944 5813 Quod
2967 5747 3204 5804 redisset
3231 5747 3605 5822 ambigentes,

2785 5835 2958 5893 Intrat
2976 5836 3167 5912 januis
3192 5837 3413 5899 clausis.
