3940 6178
229 436 311 489 Dat
331 434 510 489 docens
537 439 818 506 praecepta
841 435 1002 510 legis,

175 525 253 578 Dat
275 523 497 577 divinum
520 523 808 594 Spiritum,

173 611 394 684 Spiritum
409 613 500 668 Dei
519 613 852 686 perfectum,

170 700 401 756 Trinitatis
423 701 724 760 vinculum.

219 799 439 871 Praecipit
455 803 628 856 totum
653 818 757 874 per
779 803 974 862 orbem

166 887 386 958 Baptizari
410 890 672 961 credulos,

163 978 334 1032 Nomen
357 979 520 1034 Patris
546 980 886 1056 invocantes,

161 1065 440 1122 Conﬁtentes
463 1069 682 1128 Filium.

210 1165 402 1236 Mystica
423 1166 526 1224 ﬁde
550 1171 760 1226 revelat

160 1255 334 1310 Tinctos
355 1260 530 1313 sancto
559 1259 770 1332 Spiritu
790 1304 805 1332 ,

158 1344 292 1400 Fonte
311 1345 494 1403 tinctos
516 1349 830 1421 innovatos,

158 1433 282 1488 Filios
302 1435 462 1492 factos
489 1438 609 1494 Dei.

206 1534 322 1589 Ante
337 1534 511 1592 lucem
529 1539 719 1596 turba.
799 1583 813 1596 .
893 1585 905 1598 .
987 1585 1000 1600 .
1083 1586 1096 1600 .

157 1623 1152 1691 Concinit........'

203 1891 317 1947 Galli
338 1899 543 1963 cantus,
578 1898 706 1969 galli
731 1899 958 1971 plausus

155 1981 419 2038 Proximum
442 1985 614 2041 sentit
639 1987 812 2059 diem,

153 2068 230 2123 Nos
251 2083 504 2142 canentes,
533 2080 595 2130 et
617 2084 912 2148 precantes

153 2159 250 2222 Quae
269 2161 438 2218 futura
455 2165 761 2222 credimus.

199 2257 611 2337 llajestatemque
637 2263 958 2323 inmensam

149 2346 491 2408 Concinnemus
515 2354 742 2426 uniter;

148 2438 252 2493 Ante
272 2439 436 2497 lucem
462 2443 799 2501 nuntiemus

147 2525 371 2586 Christum
394 2533 613 2605 Regem
641 2536 864 2592 saeculo.

195 2629 306 2684 Ante
328 2630 503 2687 lucem
529 2633 886 2704 nuntiemus,

146 2716 369 2775 Christum
393 2723 615 2794 Regem
639 2725 866 2779 saeculo.

145 2805 220 2868 Qui
237 2807 286 2862 in
308 2810 453 2866 illum
478 2815 642 2869 recte
669 2814 906 2869 credunt

143 2893 391 2966 Regnaturi
416 2918 544 2958 cum
581 2919 668 2958 eo.

190 2995 338 3052 Gloria
361 2999 502 3055 Patri
525 3001 812 3074 ingenito,

139 3081 278 3140 Gloria
300 3088 594 3162 unigenito

138 3170 272 3230 Simul
294 3194 409 3234 cum
436 3181 654 3237 Sancto
681 3181 892 3254 Spiritu

136 3261 180 3317 In
196 3267 498 3340 sempiterna
525 3288 550 3326 s
568 3270 763 3326 uacula.

300 3424 557 3492 Hymnum
581 3427 972 3497 apostolorum.

190 3535 448 3594 Precamur
471 3540 701 3598 Patrem

137 3619 301 3696 Regem
317 3628 786 3702 omnipotentem,

137 3708 183 3766 Et
199 3713 358 3771 Iesum
384 3718 696 3789 Christum,

138 3797 346 3863 Sanctum
368 3825 592 3883 quoque
625 3810 920 3884 Spiritum.

427 3901 692 3958 Alleluia.

186 3981 332 4043 Deum
354 3988 412 4046 in
436 4008 552 4048 una

133 4069 391 4138 Perfectum
414 4083 732 4141 substantia

132 4157 1086 4231 Trinum.........

181 4341 541 4407 Universorum

129 4425 272 4489 Fontis
287 4435 448 4506 jnbar
472 4440 766 4497 luminum

129 4517 481 4602 Ethereorum,

129 4603 177 4661 Et
195 4611 294 4669 orbi
317 4615 652 4676 lucentium.

178 4707 254 4766 Hic
274 4715 416 4771 enim
443 4717 568 4774 dies

130 4778 249 4844 Velut
268 4795 680 4871 primogenitus
711 4862 718 4868 ,

125 4872 225 4932 Coeli
250 4881 459 4942 abarce

125 4957 271 5023 Mundi
293 4971 420 5028 olim
445 4974 670 5032 micuit.

174 5062 242 5119 Sic
263 5069 491 5128 verbum
511 5090 644 5130 caro

124 5140 307 5209 Factum
331 5174 362 5212 a
383 5160 670 5234 principio

123 5234 292 5301 Lumen
317 5252 600 5308 aeternum

121 5323 302 5390 Missum
329 5339 491 5396 Patre
521 5343 754 5408 saeculo.

168 5428 351 5504 Illeque
380 5443 546 5509 proto

119 5513 239 5574 Vires
260 5523 509 5583 adimens
532 5529 708 5599 Caho,

116 5601 227 5664 Tum
249 5611 547 5686 improviso

118 5687 310 5756 Noctem
335 5705 559 5777 pepulit
589 5709 822 5766 mundo.

174 5793 238 5850 Ita
253 5803 459 5858 aeterno

123 5878 203 5938 Iste
224 5883 374 5946 hoste
397 5893 633 5948 subacto

391 5991 674 6063 Parnon.
721 5996 959 6070 LXXII.

1267 442 1466 496 Polum
1494 444 1704 499 nodoso

1265 533 1436 589 Solvit
1461 536 1658 590 mortis
1676 536 1896 593 vinculo

1335 645 1605 701 Tenebras
1637 664 1808 719 super

1258 734 1400 789 Ante
1427 741 1588 791 erant
1611 737 1897 809 abyssum,

1261 825 1445 888 Quam
1471 826 1718 883 radiaret

1262 914 1488 971 Primus
1513 917 1631 973 dies
1657 918 1900 976 dierum.

1334 1033 1461 1088 Haec
1481 1049 1656 1106 quam
1680 1038 1932 1108 prodiret

1265 1124 1404 1178 Vera
1430 1125 1528 1179 lux
1556 1128 1815 1183 mortalia

1261 1213 1524 1269 Contexit
1541 1215 1654 1272 alta

1261 1302 1437 1360 Corda
1461 1305 1808 1378 ignorantia.

1333 1415 1542 1470 Eodem
1565 1417 1656 1473 die

1258 1505 1537 1576 Rubrum,
1566 1511 1632 1561 ut
1656 1507 1706 1578 aj
1717 1512 1836 1576 unt,
1863 1525 2019 1564 mare

1258 1594 1390 1649 Post
1415 1599 1641 1666 tergum
1662 1597 1830 1669 liquit

1177 1677 1190 1692 '
1261 1682 1550 1740 Liberatus
1579 1674 1810 1743 Israhel.

1330 1792 1434 1846 Per
1453 1793 1559 1848 hoc
1579 1795 1847 1850 docemur

1179 1857 1192 1873 ⁸
1219 1919 1226 1925 ι
1259 1879 1450 1936 Mundi
1473 1888 1594 1938 acta
1619 1901 1906 1957 spernere,

1259 1970 1326 2025 Et
1349 1971 1410 2026 in
1435 1972 1656 2028 deserto

1257 2061 1541 2118 Virtutum
1570 2067 1892 2124 consistere.

1328 2159 1648 2219 Summerso
1679 2181 1826 2221 saevo

1255 2250 1409 2306 Cicni
1434 2259 1644 2311 canunt
1671 2257 1894 2313 aemulo.

1255 2342 1522 2398 Certatim
1549 2347 1662 2402 Deo

1255 2431 1469 2490 Laudes
1501 2437 1636 2492 Duci
1668 2439 1856 2510 igneo.

1325 2525 1526 2596 Sicque
1551 2529 1731 2598 erepti

1252 2615 1504 2686 Nequam
1525 2617 1799 2688 jubemur
1824 2621 1982 2677 fretis

1253 2705 1504 2762 Laudare
1531 2709 1703 2766 Deum

1255 2797 1509 2868 Explosis
1534 2800 1792 2858 inimicis.

1324 2917 1391 2972 Et
1409 2916 1554 2974 sicut
1577 2919 1668 2976 ille

1251 3007 1415 3063 Lucis
1431 3008 1543 3065 fuit
1567 3011 1815 3086 initium,

1253 3097 1333 3152 Ita
1355 3102 1412 3154 et
1433 3099 1523 3156 isti

1252 3187 1457 3244 Salutis
1487 3193 1804 3251 exordium.

1319 3309 1604 3382 Loquatur
1629 3313 1854 3386 primus

1252 3400 1313 3454 In
1341 3404 1538 3458 tenore
1567 3403 1680 3460 diei

1251 3489 1538 3547 Secundus
1562 3510 1692 3550 vero

1252 3581 1314 3636 In
1341 3583 1524 3640 calore
1553 3584 1705 3642 ﬁdei.

1323 3701 1383 3756 In
1406 3702 1518 3760 ﬁne
1543 3707 1744 3762 mundi

1247 3791 1376 3846 Post
1398 3795 1556 3848 tanta
1581 3797 1848 3868 mysteria

1247 3880 1417 3938 Adest
1437 3881 1686 3942 Salvator

1246 3971 1389 4028 Cum
1420 3976 1621 4046 grandi
1647 3978 1962 4040 clementia.

1319 4083 1568 4157 Tamque
1595 4093 1791 4160 aperte

1246 4171 1534 4232 Elementa
1557 4181 1942 4255 praetendunt,

1243 4265 1424 4329 Quam
1447 4273 1640 4325 vatum
1665 4272 1806 4328 hora

1244 4354 1450 4413 Lucide
1475 4361 1890 4421 concelebrant.

1315 4463 1487 4520 Natus
1518 4471 1581 4522 ut
1599 4468 1769 4526 homo

1244 4553 1462 4609 Mortali
1490 4556 1552 4612 in
1577 4560 1826 4630 tegmine

1246 4644 1367 4698 Non
1397 4645 1550 4703 deest
1573 4650 1711 4706 cmlo

1245 4734 1472 4792 Manens
1495 4737 1557 4794 in
1584 4740 1874 4802 Trinitate.

1316 4843 1480 4918 Vagit
1506 4846 1566 4904 in
1591 4852 1813 4924 pannis,

1241 4936 1554 4995 Veneratur
1571 4957 1603 4995 a
1621 4943 1828 5016 magis,

1246 5027 1449 5101 Fulget
1471 5031 1533 5087 in
1557 5034 1747 5106 stellis,

1245 5118 1526 5177 Adoratur
1549 5123 1608 5178 in
1636 5125 1807 5182 caelis.

1316 5238 1546 5296 Statura
1569 5242 1664 5298 vili

1244 5328 1576 5388 Continetur
1599 5333 1860 5409 praisepi,

1248 5417 1421 5490 Cujus
1445 5423 1661 5494 pugillo

1249 5509 1436 5566 Potest
1461 5513 1614 5570 orbis
1643 5517 1922 5576 concludi.

1319 5627 1686 5705 Primumque
1713 5633 1943 5708 signum

1248 5717 1538 5777 Portendit
1571 5723 1856 5798 discipulis

1248 5810 1426 5883 Aqua:
1453 5829 1738 5873 conversae

1253 5901 1314 5956 In
1342 5917 1540 5977 sapore
1561 5907 1818 5965 nectaris.

1007 331 1556 390 ANTIPHONARIUM
1597 336 1998 394 MONASTERH
2039 340 2559 399 BENCHORENSIS.

2470 453 2611 506 Tum
2637 469 2740 523 per
2761 455 3096 526 prophetam

2399 543 2724 615 Completur
2748 549 2812 600 ut
2834 545 3046 604 dictum
3077 565 3090 604 :

2401 633 2568 690 Saliet
2595 636 2826 691 claudus

2398 725 2469 779 Ut
2490 742 2686 781 cervus
2707 728 3032 798 perniciter.

2470 826 2748 897 Planaque
2775 827 2930 884 fatur

2395 915 2660 971 Absoluto
2685 917 2908 974 vinculo

2395 1005 2614 1078 Lingua
2635 1013 2943 1080 mutorum,

2397 1096 2712 1168 lmperante
2740 1100 3004 1158 Domino.

2465 1198 2630 1254 Surdi
2661 1206 2952 1274 sanantur,

2393 1288 2559 1358 Caeci,
2589 1295 2758 1364 atque
2782 1293 3013 1364 leprosi,

2391 1379 2546 1435 Fune
2571 1387 2786 1438 retroso

2393 1468 2743 1528 Suscitantur
2766 1475 2997 1532 mortui.

2463 1569 2717 1626 Totidem
2743 1589 2918 1643 panes

2391 1658 2653 1730 Quinque
2677 1660 2876 1718 dividit
2899 1664 3085 1720 virum

2391 1746 2734 1805 Saturaturis

2388 1837 2588 1893 Procul
2608 1839 2782 1896 dubio
2807 1844 3076 1902 millibus.

2457 1936 2588 1990 Post
2615 1942 2800 1995 tantas
2827 1943 3004 1998 moles

2390 2025 2601 2082 Divinas
2626 2029 2941 2088 clementia:

2389 2116 2604 2172 Exosus
2631 2119 2724 2174 ill'e

2389 2204 2624 2262 Stimulo
2648 2209 2894 2268 invidia.

2456 2307 2564 2370 Qui
2588 2307 2841 2367 invidere

2388 2396 2456 2449 Et
2479 2397 2636 2454 odire
2668 2400 2917 2458 animam

2387 2486 2494 2540 Pro
2518 2486 2762 2546 inimicis

2384 2577 3462 2662 Prorogans.....‘.:'.'

2452 2667 2732 2724 Adversus
2756 2687 2890 2726 eum

2387 2754 2566 2811 luitur
2589 2759 2910 2830 consilium,

2383 2845 2495 2911 Qui
2517 2849 2714 2920 magni
2739 2850 2918 2906 dictus

2382 2937 2612 2994 Consilii
2643 2945 2727 2997 est
2750 2945 3004 3002 nuntius.

2454 3039 2742 3096 Accedunt
2767 3041 2822 3098 ei

2385 3129 2454 3184 Ut
2477 3129 2684 3187 latroni
2710 3149 2841 3192 cum
2868 3136 3070 3210 gladiis

2382 3221 2590 3277 Furem
2621 3228 2849 3283 eternis

2380 3311 2663 3368 Tradituri
2687 3316 2916 3372 aestibus
2927 3359 2940 3372 .

2451 3413 2702 3470 Tandem
2724 3413 2978 3472 humano

2379 3500 2642 3557 Traditur
2658 3504 2871 3575 judicio

2379 3590 2594 3646 Mortali
2623 3609 2758 3666 rege

2382 3679 2692 3738 Damnatur
2713 3687 3043 3758 perpetuus.

2451 3781 2614 3837 Cruci
2639 3784 2890 3842 conﬁxus

2380 3869 2580 3926 Polum
2604 3873 2750 3930 mire
2776 3876 3044 3948 concutit,

2379 3963 2709 4038 Lumenque
2733 3968 2864 4024 solis

2379 4053 2576 4110 Tribus
2601 4055 2859 4114 obtondit
2877 4059 3052 4118 horis.

2452 4153 2593 4209 Saxa
2619 4163 2987 4229 rumpuntur,

2381 4243 2582 4299 Velum
2607 4246 2882 4304 scinditur
2905 4248 3123 4324 templi,

2380 4332 2500 4388 Vivi
2526 4343 2872 4409 consurgant

2381 4422 2458 4478 De
2483 4424 2798 4496 sepulchris
2825 4427 3056 4486 mortui.

2450 4523 2762 4581 Conrosum
2789 4527 2952 4583 nodis

2379 4615 2570 4668 Annos
2591 4613 2710 4670 fere
2735 4615 2985 4674 millibus

2379 4702 2622 4760 Extricat
2646 4706 2794 4762 senis

2379 4791 2586 4850 Inferni
2612 4795 2882 4855 feralibus

2545 4935 2560 4950 .
2642 4939 2655 4954 .
2694 4899 3077 4972 to-plaustum

2386 5025 2399 5038 .
2481 5025 2493 5040 .
2575 5029 2588 5042 .
2630 5004 2726 5043 osa
2756 4989 2992 5064 soboles,

2379 5073 2607 5146 Abjecta
2632 5079 2767 5136 mali
2795 5086 2978 5137 morte

2381 5167 2533 5224 Saeva
2551 5169 2772 5225 ultrice.

2450 5267 2743 5341 Quemque
2771 5271 3072 5347 antiquum

2379 5356 2644 5412 Paradiso
2675 5358 2922 5416 incolam

2381 5447 2633 5504 Recursu
2660 5466 2762 5505 suo

2379 5535 2698 5595 Clementer
2721 5542 2988 5602 restituit.

2455 5638 2714 5698 Exaltans
2740 5652 2908 5717 caput

2384 5728 2636 5787 Universi
2663 5737 2932 5808 corporis,

2389 5821 2450 5875 In
2473 5821 2743 5882 Trinitate

2390 5913 2613 5970 Locavit
2631 5914 2908 5972 Ecclesiae.

3059 6019 3132 6082 19

3360 357 3462 409 ῧ86
