3940 6178
501 387 600 442 587

574 493 636 546 In
663 489 770 544 hoc
795 483 1010 543 coalitus

499 582 666 638 Jubet
693 581 879 650 portas
906 569 1191 645 principes

502 670 646 741 Regi
675 683 806 722 cum
835 661 995 718 sociis

504 758 784 816 Eternales
813 753 1086 826 pandere.

574 857 867 911 Errantem
901 849 1146 922 propriis

500 945 756 1002 Evehens
781 941 1152 996 certissimam

503 1033 772 1107 Supernis
799 1048 964 1088 ovem

503 1125 767 1180 Humeris
795 1123 1053 1178 ovilibus.

573 1225 755 1288 Quem
783 1224 1143 1293 expectamus

503 1315 848 1372 Adfuturum
873 1311 1126 1367 Iudicem

506 1407 731 1461 Iustum
757 1402 958 1474 cuique

508 1497 660 1568 Opus
684 1509 853 1548 suum
883 1490 1144 1546 reddere.

581 1595 742 1664 Rogo
767 1607 946 1663 quam
969 1589 1141 1644 tantis

511 1683 854 1753 Talibusque
884 1677 1128 1734 donariis

513 1773 703 1828 Vicem
723 1769 1000 1840 condigne
1107 1809 1116 1816 .

514 1864 815 1918 Possumus
839 1855 1152 1929 rependere
1167 1856 1195 1910 ‘I

585 1959 729 2024 Quid
755 1961 873 2012 tam
902 1954 1167 2011 mortales

513 2053 878 2122 Temptamus
904 2043 1198 2116 micrologi

517 2143 774 2207 Narrare,
805 2137 987 2210 quivit

518 2236 654 2299 Quae
681 2231 871 2287 nullus
897 2227 1153 2284 edicere?

593 2331 785 2387 Solum
810 2343 1038 2384 oramus

522 2421 658 2491 Hoc,
686 2419 951 2490 idemque
969 2413 1286 2471 maximum
1321 2428 1336 2468 :

523 2511 708 2568 Nostri
737 2514 947 2566 aeterne

474 2635 487 2655 ι
525 2604 805 2672 Miserere,
832 2596 1090 2656 Domine.
1118 2593 1376 2666 Alleluja.

669 2737 953 2793 Canticum
983 2731 1160 2788 sancti
1195 2729 1488 2786 Zachariae.

599 2845 929 2904 Benedictus
991 2839 1266 2898 Dominus
1329 2839 1477 2894 Deus
1553 2838 1632 2892 Is-

527 2938 710 3009 rahel,
732 2939 839 2993 etc.

933 3021 1234 3078 Canticum.

602 3135 904 3190 Cantemus
931 3127 1194 3198 Domino,
1225 3125 1464 3199 gloriose
1483 3122 1635 3182 enim

531 3223 954 3290 honoriﬁcatus,
985 3224 1092 3274 etc.

676 3357 982 3416 Benedictio
1007 3355 1173 3410 trium
1192 3367 1504 3424 puerorum.

605 3474 928 3534 Benedicite
971 3469 1163 3527 omnia
1205 3485 1376 3541 Opera
1415 3463 1639 3521 Domini

535 3565 860 3636 Dominum,
898 3564 1179 3636 hymnum
1217 3557 1418 3628 dicite,
1449 3559 1506 3612 et
1542 3573 1637 3612 su-

536 3657 884 3731 perexaltate
909 3669 1043 3711 eum
1065 3652 1126 3707 in
1151 3649 1371 3716 saecula,
1401 3651 1509 3704 etc.

697 3789 972 3861 Hymnum
998 3788 1060 3842 in
1080 3787 1168 3844 die
1189 3785 1485 3841 Dominico.

610 3903 878 3972 Laudato,
920 3899 1105 3972 pueri,
1152 3897 1477 3966 Dominum,
1516 3895 1640 3952 laua

543 3995 670 4051 date
694 4007 908 4048 nomen
935 3987 1182 4044 Domini.
1217 3988 1292 4042 Te
1316 3988 1493 4042 Deum
1519 3987 1642 4042 lau-

543 4085 762 4152 damus,
789 4086 846 4138 te
865 4077 1170 4135 Dominum
1200 4077 1554 4134 conﬁtemur.

612 4183 687 4238 Te
714 4183 994 4236 aeternum
1031 4177 1256 4232 Patrem
1289 4175 1472 4231 omnis
1497 4179 1647 4231 terra

540 4273 862 4330 veneratur.
892 4266 1023 4324 .Tibi
1057 4281 1256 4322 omnes
1292 4265 1502 4338 angeli,
1544 4265 1646 4322 tibi

544 4363 688 4433 coeli,
718 4365 774 4416 et
795 4359 1074 4415 universae
1099 4360 1420 4429 potestates.

613 4459 736 4516 Tibi
759 4457 1034 4514 cherubin
1051 4499 1065 4528 ,
1093 4461 1150 4512 et
1171 4456 1438 4530 seraphin
1461 4456 1645 4512 inces-

543 4551 707 4608 sabili
756 4565 892 4606 voce
941 4547 1296 4621 proclamant
1331 4565 1346 4604 :
1391 4547 1646 4620 Sanctus,

543 4645 780 4701 Sanctus
795 4683 810 4712 ,
875 4639 1108 4697 Sanctus
1166 4637 1436 4696 Dominus
1499 4639 1649 4695 Deus

545 4731 808 4790 Sabaoth.

615 4829 775 4886 Pleni
811 4829 948 4884 sunt
981 4826 1108 4882 coeli
1133 4831 1190 4884 et
1210 4828 1472 4885 universa
1498 4833 1651 4886 terra

544 4923 764 4980 honore
790 4917 989 4993 gloriae
1011 4921 1148 4974 tuae.

617 5023 692 5077 Te
743 5017 1020 5092 gloriosus
1073 5017 1457 5090 apostolorum
1513 5018 1649 5074 cho-

548 5127 668 5179 rus,
695 5113 752 5165 te
775 5108 1188 5182 prophetarum
1214 5107 1516 5166 laudabilis
1539 5126 1649 5166 nu-

549 5216 742 5258 merus
749 5241 762 5255 .

619 5300 694 5354 Te
738 5300 1056 5370 martyrum
1095 5296 1421 5354 candidatus
1463 5299 1656 5356 laudet

550 5385 849 5446 exercitus.
893 5389 968 5444 Te
1005 5403 1110 5460 per
1147 5389 1343 5446 orbem
1372 5393 1654 5448 terrarum

551 5483 742 5535 sancta
767 5478 1069 5534 conﬁtetur
1093 5480 1352 5538 Ecclesia.

619 5581 845 5635 Patrem
869 5577 1162 5633 immensae
1190 5581 1516 5651 majestatis.
1547 5584 1652 5638 Ve-

549 5669 868 5726 nerandum
905 5672 1073 5723 tuum
1119 5684 1339 5740 verum,
1386 5669 1653 5743 unigeni-

553 5759 678 5814 tum
704 5757 931 5813 Filium.

622 5857 891 5913 Sanctum
915 5871 1142 5926 quoque
1167 5855 1504 5912 Paraclitum
1529 5859 1655 5931 Spi-

558 5945 750 6014 ritum,
777 5946 860 6000 Tu
885 5945 999 5998 Rex
1032 5943 1245 6016 glorim,
1275 5946 1512 6003 Christe.

1372 367 1705 426 APPENDIX
1741 362 1829 422 AD
1865 362 2086 420 OPERA
2124 361 2180 416 S.
2219 355 2518 415 GERMANI
2557 351 2985 410 PARISIENSIS.

1737 475 1820 529 Tu
1843 471 2020 528 Patris
2045 467 2431 540 sempiternus
2452 481 2512 521 es
2541 463 2736 518 Filius.

1667 567 1750 621 Tu
1775 564 1845 619 ad
1870 561 2226 618 liberandum
2253 557 2534 613 mundum
2559 569 2741 611 susce-

1669 655 1801 727 pisti
1829 653 2146 709 hominem.

1743 754 1864 808 Non
1891 750 2162 807 horruisti
2195 748 2436 820 Virginis
2486 750 2737 801 uterum.

1671 845 1754 898 Tu
1785 843 1999 898 devicto
2029 839 2228 896 mortis
2252 838 2446 894 aculeo
2471 833 2742 910 aperuisti

1674 932 2032 989 credentibus
2059 945 2237 1003 regna
2261 928 2553 984 coalorum.

1743 1033 1826 1087 Tu
1869 1032 1940 1086 ad
1984 1031 2279 1086 dexteram
2315 1027 2414 1082 Dei
2457 1025 2653 1081 sedens
2683 1021 2745 1076 in

1679 1123 1858 1196 gloria
1901 1121 2078 1176 Patris
2115 1119 2295 1191 judex
2346 1115 2588 1172 crederis
2625 1129 2745 1170 esse

1675 1219 1967 1270 venturus.

1749 1315 1824 1368 Te
1877 1329 2014 1384 ergo
2065 1324 2394 1382 quesumus
2435 1305 2600 1362 nobis
2637 1302 2749 1360 mis

1679 1403 1908 1459 famulis
1967 1400 2240 1468 subveni,
2303 1414 2445 1471 quos
2505 1394 2750 1467 pretioso

1683 1493 1958 1564 sanguine
1980 1489 2291 1547 redemisti.

1754 1593 1983 1646 )Eterna
2023 1589 2110 1644 fac
2151 1603 2283 1644 cum
2317 1582 2522 1641 sanctis
2573 1578 2754 1653 gloria

1684 1681 1993 1739 munerari.

1757 1781 1980 1837 Salvum
2005 1778 2093 1833 fac
2115 1774 2395 1849 populum
2422 1776 2610 1836 tuum,
2641 1769 2751 1822 Do-

1685 1873 1860 1939 mine,
1887 1873 1944 1926 et
1959 1866 2196 1924 benedic
2219 1860 2522 1920 hereditati
2548 1865 2681 1926 tum,
2700 1860 2756 1911 et

1685 1979 1820 2035 rege
1845 1977 1960 2030 eos,
2003 1962 2060 2014 et
2097 1955 2299 2013 extolle
2323 1952 2448 2008 illos
2474 1964 2654 2022 usque
2695 1947 2756 2000 in

1685 2053 1972 2111 saeculum.

1757 2155 1863 2208 Per
1904 2147 2158 2222 singulos
2207 2145 2326 2201 dies
2373 2138 2759 2198 benedicimus

1688 2249 1764 2313 te,
1807 2245 1866 2298 et
1915 2239 2214 2295 laudamus
2261 2249 2472 2290 nomen
2508 2235 2673 2285 tuum
2698 2227 2760 2282 in

1691 2339 1988 2401 aeternum,
2045 2331 2102 2386 et
2138 2329 2198 2384 in
2236 2323 2508 2382 saeculum
2545 2319 2758 2376 saeculi.

1691 2427 1888 2481 Amen.

1765 2523 1904 2590 Fiat,
1943 2519 2201 2586 Domine,
2245 2511 2627 2572 misericordia
2665 2513 2764 2566 tua

1696 2632 1866 2688 super
1905 2631 2028 2685 nos,
2055 2607 2547 2686 quemadmodum
2571 2620 2761 2677 spera-

1697 2707 1880 2762 vimus
1904 2705 1964 2760 in
1989 2709 2065 2760 te.

1715 2880 1987 2946 Hymnum
2013 2871 2241 2946 quando
2259 2868 2712 2926 communicarent

2052 2943 2372 3000 sacerdotes.

1773 3085 1958 3143 Sancti
1984 3082 2190 3151 venite,

1699 3177 1906 3235 Christi
1929 3190 2132 3246 corpus
2157 3170 2383 3237 sumite,

1700 3270 1968 3326 Sanctum
1990 3264 2267 3329 bibentes,

1699 3360 1820 3424 Quo
1844 3352 2147 3426 redempti,
2177 3346 2533 3422 sanguinem.

1773 3453 1975 3511 Salvati
1993 3449 2200 3508 Christi

1701 3546 1946 3617 Corpore
1971 3545 2029 3599 et
2055 3537 2348 3612 sanguine,

1701 3638 1748 3692 A
1777 3652 1890 3708 quo
1913 3631 2110 3689 refecti

1705 3725 1924 3782 Laudes
1949 3724 2204 3780 dicamus
2229 3722 2364 3776 Deo.

1779 3827 1890 3880 Hoc
1915 3823 2265 3878 sacramento

1705 3913 1967 3986 Corporis
1997 3917 2053 3968 et
2077 3908 2388 3983 sanguinis,

1709 4005 1918 4061 Omnes
1945 4001 2102 4058 exuti

1709 4095 1792 4151 Ab
1817 4093 2026 4150 inferni
2049 4091 2328 4148 faucibus.

1749 4265 1754 4268 _
1782 4193 1948 4248 Dator
1975 4190 2170 4247 salutis

1709 4282 1962 4338 Christus
1988 4281 2160 4337 Filius
2187 4280 2284 4337 Dei

1710 4372 1981 4430 Mundum
2006 4371 2242 4428 salvavit

1709 4465 1818 4520 Per
1840 4480 2086 4536 crucem,
2115 4466 2173 4519 et
2196 4459 2550 4533 sanguinem.

1779 4566 1886 4620 Pro
1905 4561 2184 4620 universis

1714 4654 2038 4710 lmmolatus
2065 4652 2336 4709 Dominus

1711 4747 1833 4818 Ipse
1858 4744 2116 4801 sacerdos

1714 4835 1913 4892 Existit
1934 4841 1990 4892 et
2016 4834 2219 4892 hostia.

1784 4935 1934 5007 Lege
1959 4937 2309 5008 praeceme

1717 5027 2001 5082 Immolari
2027 5026 2262 5095 hostias,

1714 5120 1834 5184 Qua
1859 5120 2271 5176 adumbrantur

1716 5209 1913 5266 Divina
1929 5211 2215 5283 mysteria.

1788 5309 1950 5366 Lucis
1972 5308 2226 5365 indultor

1719 5401 1786 5456 Et
1807 5400 2056 5456 Salvator
2081 5397 2340 5454 omnium

1719 5491 2051 5548 Praeclaram
2075 5488 2282 5545 sanctis

1719 5581 1978 5656 Largitus
2006 5585 2090 5638 est
2117 5579 2375 5652 gratiam.

1789 5682 2070 5738 Accedant
2092 5694 2290 5735 omnes

1719 5775 1868 5828 Pura
1891 5777 2085 5828 mente
2112 5767 2346 5838 creduli,

1721 5861 1959 5918 Sumant
1983 5864 2255 5918 aeternam

1723 5951 1926 6006 Salutis
1953 5951 2282 6007 custodiam.

3749 343 3833 394 388

2875 460 3210 515 Sanctorum
3234 455 3419 508 custos

2804 553 3008 607 Rector
3033 561 3262 620 quoque
3287 541 3560 598 Dominus

2805 642 2943 697 Vitae
2964 637 3230 712 perennis

2803 732 3066 804 Largitur
3092 725 3468 784 credentibus.

2877 835 3171 891 leestem
3196 843 3405 902 panem

2805 935 2908 988 Dat
2933 924 3310 984 esurientibus

2809 1025 2888 1078 De
2913 1021 3068 1076 fonte
3091 1016 3215 1070 vivo

2806 1111 3024 1170 Praebet
3047 1104 3384 1163 sitientibus.

2881 1209 3063 1282 Alpha
3086 1211 3144 1262 et
3169 1219 3373 1275 omega

2810 1304 2932 1374 Ipse
2957 1297 3210 1356 Christus
3236 1291 3508 1349 Dominus

2811 1393 2977 1448 Venit
2997 1395 3266 1446 venturus

2814 1483 3073 1540 Judicare
3098 1479 3383 1536 homines.

2817 1651 3092 1719 Hymnum
3105 1641 3326 1714 quando
3343 1639 3504 1694 czria
3537 1635 3852 1692 benedicitun

2892 1765 3042 1837 Ignis
3068 1763 3300 1818 Creator
3326 1757 3528 1828 igneus

2818 1857 3035 1912 Lurhen
3059 1852 3300 1906 donator
3325 1845 3581 1912 luminis,

2820 1947 3058 2016 Vitaque
3078 1941 3207 1997 vitae
3230 1936 3508 2005 conditor,

2820 2039 2990 2092 Dator
3017 2030 3232 2100 salutis,
3264 2032 3321 2083 et
3345 2025 3512 2082 salus.

2892 2137 3003 2190 Nec
3030 2129 3210 2186 noctis
3240 2127 3412 2198 hujus
3439 2123 3650 2197 gaudia

2823 2225 2967 2297 Vigil
2994 2224 3227 2278 lucerna
3255 2217 3494 2280 deserat,

2824 2317 2928 2384 Qui
2959 2311 3250 2369 hominem
3279 2324 3394 2363 non
3415 2305 3498 2360 vis
3525 2303 3694 2375 mori,

2825 2411 2905 2464 Da
2941 2409 3132 2462 nostro
3155 2403 3352 2458 lumen
3377 2397 3618 2471 pectori.

2900 2507 2978 2561 Ex
3009 2505 3249 2576 Egypto
3271 2495 3655 2568 migrantibus

2828 2597 3090 2668 Indulges
3123 2591 3410 2665 geminam
3440 2586 3701 2660 gratiam,

2830 2688 3006 2746 Nubis
3028 2683 3284 2739 velamen
3311 2678 3571 2747 exhibes,

2830 2783 3180 2836 Nocturnum
3198 2773 3396 2828 lumen
3423 2767 3690 2842 porrigis.

2902 2879 3078 2938 Nubis
3104 2877 3406 2947 columpna
3428 2889 3536 2944 per
3564 2870 3709 2926 diem

2830 2973 3160 3031 Venientem
3187 2965 3412 3038 plebem
3447 2959 3722 3036 protegis,

2834 3063 2986 3139 Ignis
3011 3059 3314 3129 columpna
3333 3055 3402 3110 ad
3429 3065 3728 3124 vesperum

2833 3159 3064 3214 Noctem
3089 3145 3326 3221 depellis
3347 3143 3590 3202 lumine.

2905 3257 2947 3312 E
2973 3253 3204 3308 ﬂamma
3235 3243 3517 3302 famulum
3546 3252 3815 3315 provocas,

2835 3345 3065 3405 Rubum
3090 3354 3209 3395 non
3229 3333 3450 3408 spernis
3476 3332 3728 3405 spineam

2835 3441 2902 3497 Et
2925 3449 3057 3492 cum
3081 3431 3155 3486 sis
3187 3425 3339 3499 ignis
3363 3436 3727 3480 concremans

2833 3532 2957 3588 Non
2981 3522 3100 3581 uris
3123 3517 3279 3592 quod

2908 3628 3080 3684 Fusco
3109 3620 3342 3692 depasto
3359 3614 3564 3671 nubilo

2839 3722 3080 3789 Tempus
3105 3707 3347 3766 decoctis
3371 3703 3645 3761 sordibus

2803 3871 2808 3876 ,
2841 3806 3111 3866 Fervente
3135 3803 3325 3856 sancto
3351 3795 3574 3868 Spiritu

2840 3903 3080 3958 Carnem
3105 3893 3294 3948 lucere
3323 3902 3572 3943 ocream.

2912 3993 3148 4056 Secretis
3167 3991 3291 4063 jam
3319 3985 3518 4043 condis
3545 3982 3657 4040 favi

2840 4087 3022 4148 Divini
3049 4081 3232 4141 mellis
3261 4079 3453 4147 alitus,

2841 4179 3033 4238 Cordis
3057 4186 3374 4248 repurgans
3398 4165 3636 4224 intimas

2841 4271 3023 4330 Verbo
3047 4262 3274 4339 replesti
3297 4257 3554 4316 cellulas.

2914 4375 3164 4429 Examen
3189 4367 3255 4418 ut
3272 4362 3441 4417 fretus
3457 4355 3594 4413 novi

2843 4469 2951 4526 Ore
2976 4458 3326 4536 praalectum,
3355 4448 3570 4522 spiritu

2845 4535 3138 4614 Relectum
3161 4545 3366 4602 malum
3395 4535 3639 4594 sarcinis

2845 4645 3072 4714 Quaerat
3101 4635 3310 4696 securis
3332 4626 3615 4704 pinnulis.

2915 4743 3102 4803 Gloria
3127 4735 3279 4795 Patri
3303 4727 3570 4804 ingenito
3586 4767 3602 4796 ,

2847 4837 3039 4896 Gloria
3061 4824 3382 4902 Unigenito,

2848 4927 3028 4988 Simul
3051 4938 3183 4980 cum
3203 4919 3397 4973 sancto
3421 4907 3644 4982 Spiritu

2851 5023 2915 5078 In
2941 5015 3280 5090 sempiterna
3303 5002 3531 5063 saecula.

3031 5168 3278 5238 Hymnus
3304 5157 3496 5216 mcdiz
3513 5151 3710 5210 noctis.

2921 5289 3112 5350 Mediis
3136 5281 3316 5343 noctis
3349 5283 3584 5346 tempus
3609 5271 3713 5336 est,

2850 5377 3180 5455 Prophetica
3207 5388 3314 5428 vox
3339 5363 3632 5431 admonet,

2851 5474 3111 5531 Dicamus
3138 5463 3334 5523 laudes
3358 5460 3472 5514 Deo

2852 5564 3006 5624 Patri
3031 5571 3276 5630 semper,
3307 5569 3372 5606 ac
3403 5544 3568 5610 Filio,

2923 5665 3122 5721 Sancto
3145 5668 3372 5730 quoque
3395 5640 3671 5720 Spiritu“

2853 5755 3102 5815 Perfecta
3129 5747 3283 5804 enim
3299 5737 3567 5802 Trinitas,

2854 5847 3141 5916 Uniusque
3167 5829 3491 5894 substantiae

2857 5915 3158 5997 Laudande
3178 5925 3341 5986 nobis
3361 5931 3589 5990 semper
3613 5915 3718 5968 est.
