4058 6190
219 366 304 418 589
1084 367 1636 427 ANTIPHONARIUM
1674 373 2077 431 MONASTERII
2117 378 2640 440 BENCHORENSIS.

267 469 537 524 Terrorem
560 473 780 542 tempus
807 471 916 527 hoc
941 473 1131 543 habet,

207 560 428 623 Quocum
455 563 698 614 vastator
717 563 952 633 angelus

204 649 412 719 Egypto
438 651 680 704 mortem
703 651 911 719 intulit,

201 736 387 794 Delevit
408 737 799 811 primogenita.
1055 806 1066 816 ,

254 830 368 884 Haec
387 829 552 900 justis
574 831 714 886 hora
738 833 884 889 salus
909 839 1012 906 est,

198 919 252 974 Et
271 935 399 990 quos
423 920 575 976 idem
603 927 736 979 tunc
761 927 996 999 angelus

194 1011 348 1064 Ausus
371 1011 573 1081 punire
595 1029 710 1068 non
739 1019 861 1071 erat

193 1096 398 1170 Signum
419 1099 726 1159 formidem
751 1107 1064 1178 sanguinis.

244 1189 498 1261 Egyptus
525 1191 695 1248 ﬂebat
716 1193 938 1252 fortiter

189 1277 460 1334 Tantorum
488 1281 609 1336 diro
637 1283 868 1356 funere;

188 1369 324 1424 Solus
351 1372 624 1442 gaudebat
649 1376 856 1432 Israhel

188 1460 308 1532 Agni
324 1467 602 1533 protectus
624 1467 920 1538 sanguine.

242 1555 336 1610 Nos
360 1573 486 1612 vero
515 1559 726 1616 Israhel
753 1577 966 1632 sumus,

189 1643 431 1702 Laetamur
452 1647 513 1704 in
540 1654 618 1717 te,
647 1652 906 1724 Domine,

186 1735 375 1791 Hostem
401 1746 726 1809 spernentes
756 1747 814 1799 et
836 1746 1072 1819 malum,

185 1823 353 1880 Christi
377 1827 588 1885 defensi
616 1835 916 1906 sanguine.

235 1915 400 1986 Ipsum
421 1920 672 1990 profecto
698 1929 926 1998 tempus
951 1933 1036 1984 est

181 2005 274 2068 Quo
290 2023 409 2065 voce
434 2011 778 2086 Euangelica

181 2096 416 2156 Venturus
443 2101 695 2174 Sponsus
720 2109 990 2181 creditur,

179 2185 327 2258 Regni
352 2192 582 2250 caelestis
615 2199 892 2256 conditor.

233 2277 520 2339 Occurrunt
543 2292 758 2344 sanctae
780 2291 1029 2364 virgines

177 2367 368 2426 Obviam
395 2378 526 2430 tunc
551 2378 846 2452 adventui,

177 2456 417 2518 Gestantes
440 2466 626 2522 claras
651 2469 942 2544 lampades

174 2545 335 2620 Magno
355 2553 610 2612 laetantes
637 2562 862 2630 gaudio.

227 2637 394 2698 Stultse
415 2661 546 2701 vero
575 2659 906 2724 remanent,

173 2727 277 2792 Quae
302 2733 554 2792 extinctas
576 2739 797 2797 habent
813 2745 1122 2818 lampades,

172 2819 356 2881 Frustra
377 2830 667 2901 pulsantes
681 2835 888 2908 januas

168 2911 340 2971 Clausa:
357 2919 474 2990 jam
501 2925 676 2996 regni
702 2929 894 3000 regiae.

217 3005 376 3070 Quare
399 3011 712 3086 vigilemus
737 3019 909 3075 sobrii

165 3093 406 3158 Gestantes
430 3111 656 3163 mentes
681 3109 1016 3182 splendidas,

165 3186 393 3248 Adventui
419 3200 483 3250 ut
503 3199 530 3252 J
534 3213 644 3254 esu

165 3275 305 3351 Digne
328 3300 624 3343 curramus
657 3289 902 3348 obviam.

215 3369 480 3449 Noctisque
503 3379 704 3435 medio
722 3385 975 3454 tempore

161 3457 323 3519 Paulus
343 3483 562 3540 quoque
600 3475 658 3526 et
681 3470 855 3527 Sileas

161 3549 398 3612 Christum
420 3559 602 3617 vincti
627 3561 686 3616 in
714 3579 934 3620 carcere

159 3638 518 3708 Conlaudantes
545 3653 723 3710 soluti
747 3660 898 3712 sunt.

209 3732 349 3793 Nobis
374 3743 628 3800 mundus
657 3745 749 3802 hic
774 3764 964 3806 carcer
992 3755 1094 3808 est.

158 3819 210 3914 Te
231 3825 522 3906 laudamus,
545 3834 773 3893 Christe
800 3839 966 3914 Deus,

157 3911 279 3972 Solve
300 3921 470 3979 vincla
491 3933 863 3998 peccatorum

153 4003 196 4060 In
223 4012 268 4066 te
285 4019 459 4072 sancte
487 4019 870 4080 credentium.

204 4098 384 4172 Dignos
407 4123 514 4165 nos
538 4110 654 4183 fac,
686 4113 805 4170 Rex
832 4113 979 4188 agie,

151 4184 308 4249 Futuri
327 4201 485 4272 regni
509 4202 715 4275 gloria:

153 4278 347 4342 :Eternis
369 4295 432 4347 ut
452 4311 784 4354 mereamur

151 4373 205 4430 Te
223 4379 460 4444 laudibus
483 4393 805 4451 concinere.

203 4469 363 4530 Gloria
389 4479 540 4536 Patri
569 4481 629 4537 in
635 4484 846 4556 genito;

151 4553 295 4617 Gloria
317 4566 642 4642 Unigenito,

148 4643 289 4739 _Simul
308 4671 432 4715 cum
456 4661 664 4718 Sancto
689 4665 901 4739 Spiritu

149 4735 192 4792 [η
212 4749 529 4821 sempiterna
557 4735 775 4813 saecula.

171 4914 484 5010 "Wymjn
511 4933 1056 5010 natalemartyrum,
1083 4940 1167 4997 vel

297 4998 527 5059 Sabbato
559 5006 634 5061 ad
655 4998 1004 5066 Matutiﬁam.

213 5139 564 5208 Sacratissimi
637 5159 912 5229 martyres
987 5161 1196 5216 summi
1334 5139 1586 5236 SPmmS.

1061 5257 1172 5281 ml.
1261 5225 1424 5281 Lucis
1449 5225 1586 5281 2101']

1061 5257 1197 5334 mei,
1261 5225 1426 5334 Eucis
1447 5225 1664 5327 gloritB,

140 5300 390 5396 Dellatores
414 5319 722 5396 fortissimi,

137 5393 299 5484 ghﬁsti
321 5408 490 5482 Regis
512 5393 884 5484 potentissimi

138 5480 275 5578 Duces
297 5480 572 5558 exercitus
594 5506 712 5578 Dei,

137 5569 338 5641 Victores
360 5585 419 5644 in
443 5593 594 5650 caelis

135 5659 223 5760 Dec
243 5684 512 5737 canentes.
541 5684 793 5760 Alleluja.

186 5755 540 5850 lixwlsissime
567 5755 801 5850 Christe,

122 5839 358 5945 ﬁbram
382 5859 533 5918 Deus
559 5839 856 5945 cherubin,

120 5929 194 5991 Cui
217 5943 356 6003 sedes
379 5965 509 6006 cum
547 5959 710 6018 Patre
739 5929 916 6023 sacra.

1341 479 1684 548 Angelorum
1711 482 1788 536 ibi
1818 487 1874 538 et
1897 487 2212 558 martyrum

1339 568 1583 641 Fulgens
1612 573 1838 644 chorus,

1337 657 1456 712 Tibi
1483 661 1660 716 sancti
1683 665 2053 734 proclamant.

1401 757 1692 830 Magniﬁce
1717 765 1781 818 tu
1805 764 1962 836 prior

1332 845 1601 904 Omnium
1619 868 1814 923 passus
1839 870 2064 911 crucem

1329 936 1434 1000 Qui
1461 938 1677 996 devicta
1702 947 1886 1000 morte
1914 946 2178 1002 refulsisti

1326 1029 1555 1103 Mundo,
1585 1036 1881 1091 ascendisti
1906 1038 1977 1094 ad
2003 1038 2192 1109 caelos,

1324 1119 1410 1174 Ad
1436 1121 1728 1179 dexteram
1751 1126 1852 1180 Dei

1321 1207 1443 1264 Tibi
1473 1213 1648 1268 sancti
1671 1217 2039 1286 proclamant.

1388 1309 1576 1366 Armis
1602 1313 1946 1384 spiritalibus

1319 1399 1530 1456 Munita
1551 1408 1743 1460 mente
1767 1408 2002 1478 apostoli

1320 1487 1505 1546 Sancti
1533 1496 1590 1548 te
1617 1499 1752 1550 sunt
1775 1497 1970 1567 secuti,

1317 1579 1424 1643 Qui
1451 1597 1582 1637 cum
1611 1583 1732 1656 ipsa
1756 1588 1936 1641 crucis

1316 1670 1650 1730 Paterentur
1677 1681 1860 1732 morte

1313 1759 1434 1815 Tibi
1459 1765 1636 1820 sancti
1663 1767 1960 1824 canebant.
2067 1822 2082 1829 -

1383 1862 1600 1920 Christe
1623 1871 1943 1938 martyrum
1979 1873 2042 1924 tu
2069 1887 2128 1926 es

1310 1951 1548 2022 Adjutor
1571 1961 1772 2026 potens
1799 1959 2200 2034 praeliantium,

1310 2041 1507 2098 Sancta
1531 2061 1634 2116 pro
1659 2050 1757 2101 tua
1783 2050 1983 2119 gloria,

1308 2131 1415 2196 Qui
1441 2149 1571 2189 cum
1591 2135 1828 2192 victores

1309 2221 1538 2279 Exirent
1565 2225 1634 2280 de
1662 2225 1772 2282 hoc
1797 2231 2020 2302 saeculo,

1306 2311 1428 2366 Tibi
1452 2315 1626 2370 sancti
1654 2317 1948 2377 canebant.

1379 2411 1608 2469 lllustris
1633 2420 1748 2487 tua,
1773 2419 2028 2489 Domine,

1303 2502 1603 2560 Laudanda
1638 2507 1838 2578 virtus,
1886 2527 2014 2582 qua
2051 2529 2153 2586 per
2195 2515 2371 2589 Spiri-

1371 2599 1495 2650 tum

1300 2684 1565 2742 Sanctum
1589 2688 1834 2748 ﬁrmavit
1857 2698 2153 2768 martyres,

1296 2775 1400 2840 Qui
1420 2783 1843 2840 consternerent
1860 2786 2150 2861 Zabulu'm,

1296 2868 1364 2922 Et
1391 2874 1634 2926 mortem
1662 2873 1968 2934 vincerent.

1297 2958 1418 3015 Tibi
1440 2963 1616 3018 sancti
1641 2967 1934 3025 canebant.

1365 3063 1531 3119 Manu
1556 3066 1656 3122 Dei
1686 3072 1900 3128 excelsa

1291 3153 1533 3211 Protecti
1557 3163 1752 3215 contra
1773 3162 2060 3222 diabolum

1293 3243 1580 3302 Steterunt
1603 3247 1832 3323 ﬁrmati,

1290 3335 1526 3409 Semper
1551 3339 1808 3398 Trinitati
1835 3345 2008 3402 ﬁdem

1287 3426 1422 3482 Toto
1448 3429 1616 3485 corde
1645 3438 1946 3492 servantes.

1286 3517 1408 3573 Tibi
1433 3521 1608 3576 sancti
1634 3524 1930 3582 canebant.

1357 3619 1496 3675 Vere
1520 3626 1824 3693 regnantes
1852 3629 2018 3681 erant

1284 3709 1512 3778 Tecum,
1541 3710 1760 3766 Christe
1782 3715 1950 3786 Deus,

1281 3799 1388 3864 Qui
1413 3801 1692 3872 passionis
1719 3804 1922 3861 merito
1952 3823 2187 3865 coronas

1283 3889 1522 3962 Habent,
1555 3895 1612 3947 et
1637 3896 1958 3952 centenario

1280 3981 1490 4038 Fructu
1515 3983 1716 4056 repleti
1744 3988 2012 4058 gaudent.

1279 4072 1401 4128 Tibi
1425 4075 1603 4130 sancti
1621 4077 1990 4148 proclamant.

1349 4173 1558 4230 Christi
1580 4175 1680 4231 Dei
1705 4178 1947 4248 gratiam

1277 4264 1563 4338 Supplices
1587 4268 1966 4335 obsecramus,

1275 4357 1344 4412 Ut
1366 4358 1427 4413 in
1451 4358 1626 4430 ipsius
1651 4360 1892 4432 gloriam

1273 4453 1764 4522 Consummemur,
1791 4456 1848 4507 et
1871 4451 1931 4508 in
1958 4457 2212 4512 sanctam

1273 4543 1618 4600 Hierusalam
1647 4540 1935 4600 civitatem
1955 4544 2054 4600 Dei

1270 4634 1527 4691 Trinitati
1553 4649 1684 4690 cum
1709 4634 1913 4690 sanctis

1473 4726 1733 4782 Dicamus
1759 4725 2002 4797 alleluja.

1371 4904 1643 4972 Hymnum
1669 4899 1744 4955 ad
1770 4899 2098 4958 Mamtz'nam
2131 4903 2192 4958 in

1628 4975 1925 5030 Dominica.

1334 5130 1572 5204 Spiritus
1598 5128 1804 5186 divina:

1261 5316 1495 5391 Respice
1519 5315 1580 5370 in
1603 5329 1716 5382 me,

1329 5407 1586 5476 Domine,

1327 5501 1472 5556 Deus
1493 5493 1762 5562 veritatis,

1255 5589 1526 5646 Dominus
1555 5589 1702 5642 Deus
1725 5583 1988 5658 Sabaoth,

1251 5681 1400 5736 Deus
1423 5679 1651 5750 Israhel,

1321 5770 1572 5842 Respice.

1318 5879 1536 5938 Lumen
1563 5879 1634 5938 de
1661 5879 1877 5938 lumine

1249 5971 1578 6029 Referemus
1601 5970 1803 6030 Filium
1832 5970 2028 6042 Patris,

2474 492 2850 567 Sanctumque
2877 497 3148 568 Spiritum

2474 582 2534 636 In
2559 600 2676 639 una
2703 586 3032 660 substantia,

2649 677 2900 748 Respice.

2540 765 2892 838 Unigenitus,
2917 773 2973 826 et
2996 771 3428 850 primogenitus,

2466 855 2509 908 A
2539 858 2595 910 te
2621 857 2944 916 obtinemus

2466 944 2935 1020 Redemptionem
2963 960 3232 1015 nostram.

2644 1026 2896 1113 Respice.

2535 1129 2708 1186 Natus
2735 1148 2794 1187 es
2818 1135 3032 1206 Spiritu
3059 1139 3281 1211 Sancto,

2462 1218 2542 1274 Ex
2568 1221 2740 1277 Maria
2764 1225 3016 1298 virgine;

2460 1307 2519 1361 In
2544 1308 2790 1381 idipsum
2815 1315 2875 1370 in
2901 1317 3262 1391 adoptionem

2459 1397 2749 1474 Filiorum,
2781 1407 2880 1476 qui
2903 1407 3006 1463 tibi

2457 1489 2738 1548 Procreati
2767 1511 2836 1550 ex
2863 1497 3021 1554 fonte
3047 1501 3260 1560 vivunt.

2635 1583 2890 1655 Respice.

2525 1677 2786 1736 Haeredes
2807 1687 2862 1737 et
2887 1687 3255 1755 quohaaredes

2451 1767 2658 1823 Christi
2685 1771 2786 1839 tui,
2815 1774 2874 1828 in
2895 1791 3089 1846 quem,
3152 1762 3158 1768 ’

2451 1857 2518 1912 Et
2543 1874 2647 1929 per
2671 1877 2842 1932 quem
2873 1872 3076 1922 cuncta
3101 1873 3323 1943 creasti,

2445 1947 2583 2010 Quia
2612 1949 2672 2004 in
2699 1954 3196 2022 praedestinatione

2445 2039 2489 2092 A
2515 2041 2734 2098 szeculis
2757 2046 2919 2101 nobis
2946 2053 3031 2103 est

2444 2127 2590 2185 Deus
2613 2131 2788 2205 Jesus,
2819 2137 2916 2208 qui
2943 2155 3095 2196 nunc
3124 2144 3310 2216 coepit.

2623 2222 2877 2296 Respice.

2513 2319 2812 2392 Unigenito
2838 2341 2908 2380 ex
2935 2331 3176 2386 mortuis

2441 2409 2550 2464 Deo
2574 2411 2832 2469 obtinens
2858 2432 3079 2490 corpus,

2438 2498 2762 2558 Claritatem
2791 2505 2908 2578 Dei,
2937 2525 3171 2568 manens

2438 2589 2500 2642 In
2525 2593 2736 2648 saecula
2761 2598 3094 2656 saeculorum

2435 2678 2553 2735 Rex
2573 2686 2936 2743 aeternorum.

2610 2774 2862 2846 Respice.

2502 2869 2643 2933 Quia
2669 2890 2822 2930 nunc
2851 2879 3018 2952 cepit,
3046 2884 3145 2955 qui
3170 2902 3399 2960 semper

2431 2958 2558 3016 Fuit
2579 2967 2799 3021 naturae
2823 2972 2938 3025 tuae
2968 2972 3158 3046 Filius,

2429 3049 2640 3108 Divinas
2666 3054 2804 3112 lucis
2831 3059 3024 3132 gloriae
3053 3067 3188 3138 tuae,

2427 3141 2535 3204 Qui
2561 3148 2646 3200 est
2666 3146 2850 3204 forma
2875 3156 2930 3207 et
2953 3154 3250 3226 plenitudo

2428 3230 2742 3292 Divinitatis
2770 3243 2886 3297 tuas
2909 3243 3198 3318 frequens.

2608 3325 2860 3400 Respice.

2493 3427 2737 3485 Persona
2758 3431 3068 3506 Unigeniti,

2423 3517 2490 3571 Et
2525 3519 2914 3596 primogeniti,

2420 3607 2528 3672 Qui
2556 3613 2638 3665 est
2659 3613 2810 3668 totus
2837 3631 2872 3670 a
2901 3619 3019 3673 toto

2419 3696 2674 3756 Diximus
2699 3703 2800 3761 lux
2824 3706 2895 3762 de
2921 3707 3157 3768 lumine.

2597 3803 2848 3877 Respice.

2489 3891 2556 3948 Et
2578 3893 2758 3951 Deum
2787 3913 2987 3956 verum
3011 3918 3046 3956 a
3071 3902 3185 3959 Deo
3213 3921 3345 3962 vero

2416 3981 2650 4058 Semper
2683 4005 2908 4063 semper
2941 3993 3303 4067 conﬁtemur,

2412 4075 2611 4134 Tribus
2639 4083 2893 4152 personis

2415 4166 2476 4222 In
2503 4185 2618 4226 una
2643 4173 2974 4234 substantia.

2589 4265 2844 4338 Respice.

2432 4411 2704 4479 Hymnum
2727 4416 2904 4491 salicti
2925 4416 3149 4472 Patritz'i
3168 4423 3421 4491 magistri

2771 4485 3067 4544 Scotorum.

2473 4595 2699 4668 Audite,
2727 4615 2924 4656 omnes
2951 4609 3203 4663 amantes

2402 4685 2602 4756 Deum,
2626 4695 2818 4747 sancta
2842 4695 3045 4751 merita

2317 4801 2324 4807 -
2400 4775 2515 4831 Viri
2539 4775 2602 4832 in
2628 4780 2849 4840 Christo
2869 4784 3018 4844 beati

2397 4867 2603 4924 Patrici
2627 4871 2874 4948 episcopi

2395 4959 2684 5024 Quomodo
2707 4966 2925 5025 bonum
2955 4966 3026 5026 ob
3052 4977 3243 5032 actum

2395 5049 2685 5110 Similatur
2709 5059 2945 5131 angelis,

2394 5144 2819 5220 Perfectamque
2847 5155 3082 5226 propter
3113 5156 3285 5214 vitam

2393 5237 2667 5310 Equatur
2687 5243 2974 5313 apostolis.

2465 5330 2631 5385 Beata
2652 5331 2858 5388 Christi
2883 5339 3127 5398 custodit

2388 5421 2642 5478 Mandata
2664 5423 2725 5479 in
2749 5427 3011 5485 omnibus

2387 5515 2559 5588 cuius
2582 5532 2753 5589 opera
2775 5519 3061 5596 refulgent

2380 5605 2538 5662 Clara
2562 5607 2712 5664 inter
2735 5609 2996 5670 homines

2383 5696 2762 5772 Sanctumque
2789 5704 2950 5775 cujus
2975 5709 3292 5778 sequuntur

2380 5788 2720 5863 Exemplum
2747 5792 3076 5864 miriﬁcum,

2382 5880 2538 5938 Unde
2566 5886 2622 5938 et
2645 5881 2705 5937 in
2731 5882 2884 5938 caelis
2907 5885 3132 5941 Patrem

2381 5971 2737 6044 Magniﬁcant
2759 5971 3087 6031 Dominum.

3444 405 3544 457 590
