4058 6190
529 393 623 462 391
1322 387 1652 449 APPE‘NDIX
1690 387 1777 443 AD
1813 381 2034 439 OPERA
2073 373 2304 433 SANCTI
2343 369 2642 429 GERMANI
2681 359 3107 436 PARISIENSIS.
3761 353 3828 407 Ξίθὲ

604 517 872 571 Constans
903 509 960 564 in
989 508 1086 564 Dei
1111 507 1312 562 timore

529 607 598 663 Et
621 605 730 660 ﬁde
757 599 1043 656 inmobilis

533 695 710 766 Super
735 707 862 763 quae
892 689 1218 758 aediﬁcatur,

531 786 600 839 Ut
624 785 854 837 Petrum
883 778 1124 833 Ecclesia

530 873 812 946 Cujusque
833 869 1210 940 apostolatum

529 967 570 1018 A
601 964 712 1016 Deo
738 962 970 1016 sortitus
998 966 1100 1029 est,

529 1055 592 1108 lu
619 1053 778 1122 cujus
803 1055 980 1122 portae
1009 1051 1306 1104 adversum

533 1141 742 1196 Inferni
769 1157 884 1206 non
911 1140 1238 1211 praevalent.

599 1259 875 1314 Dominus
901 1258 1063 1311 illum
1090 1255 1259 1326 elegit

531 1351 602 1408 Ut
627 1351 851 1405 doceret
869 1347 1139 1402 barbaras

530 1441 814 1508 Nationes,
848 1443 905 1493 et
926 1439 1167 1509 piscaret

531 1535 638 1588 Per
667 1529 936 1586 doctrina:
967 1529 1126 1598 retia,

534 1626 602 1680 Et
628 1624 696 1677 de
725 1621 927 1676 saeculo
957 1621 1249 1674 credentes

533 1713 803 1770 Traheret
825 1712 896 1766 ad
922 1711 1160 1782 gratiam

531 1805 840 1859 Dominum
867 1800 965 1872 qui
995 1799 1365 1871 sequerentur

534 1895 735 1950 Sedem
763 1891 833 1946 ad
858 1891 1185 1946 aetheream.

605 2011 792 2065 Electa
813 2007 1018 2064 Christi
1038 2007 1249 2062 talenta

532 2099 734 2156 Vendit
758 2097 1106 2168 euangelica,

533 2192 670 2254 Quas
698 2189 968 2243 Hibernas
1003 2188 1154 2241 inter
1181 2187 1376 2257 gentes

534 2280 676 2334 Cum
703 2278 892 2332 usuris
917 2277 1112 2347 exigit,

535 2367 780 2438 Navigiis
803 2367 973 2438 hujus
999 2367 1205 2422 laboris

534 2460 678 2515 Tum
704 2475 890 2530 operae
919 2456 1164 2529 pretium

535 2553 678 2607 Cum
705 2549 928 2606 Christo
957 2550 1121 2620 regni
1148 2547 1382 2604 caalestis

534 2642 895 2695 Possessurus
917 2639 1210 2710 gaudium.

607 2757 811 2813 Fidelis
838 2756 938 2812 Dei
962 2756 1242 2824 minister,

537 2847 894 2919 lusignisque
919 2847 1154 2901 nuntius

537 2937 930 3008 Apostolicum
955 2936 1308 3007 exemplum,

538 3027 917 3097 Formamque
941 3026 1158 3096 praebet
1183 3024 1368 3090 bonis,

541 3115 648 3179 Qui
679 3121 795 3170 tam
823 3115 1006 3170 verbis
1036 3133 1208 3186 quam
1233 3119 1290 3170 et
1313 3113 1472 3169 factis

541 3205 700 3261 Plebi
727 3205 1000 3278 praedicat
1027 3206 1148 3273 Dei,

543 3297 612 3352 Ut
638 3313 810 3368 quem
840 3295 1000 3350 dictis
1019 3313 1138 3352 non
1165 3296 1438 3351 convertit

543 3387 752 3442 Fructu
776 3391 1044 3458 provocet
1065 3387 1233 3442 bono.

615 3503 862 3559 Gloriam
890 3503 1063 3559 habet
1087 3521 1219 3560 cum
1243 3503 1484 3571 Christo,

547 3597 835 3652 Honorem
863 3597 922 3650 in
947 3597 1149 3651 saeculo

548 3685 658 3750 Qui
681 3686 750 3739 ab
778 3685 1060 3753 omnibus,
1091 3691 1157 3741 ut
1185 3687 1280 3740 Dei

552 3775 869 3830 Veneratur
896 3777 1132 3846 angelus

553 3866 734 3930 Quem
759 3866 904 3919 Deus
929 3865 1084 3919 misit
1105 3869 1170 3920 ut
1197 3865 1434 3920 Paulum

554 3957 641 4011 Ad
669 3960 863 4027 gentes
888 3957 1224 4026 apostolum,

557 4047 628 4102 Ut
655 4045 984 4100 hominibus
1011 4046 1278 4101 ducatum

559 4136 846 4191 Praeberet
872 4152 1048 4207 regno
1079 4135 1198 4190 Dei.

631 4257 869 4314 Humilis
898 4259 997 4313 Dei
1023 4259 1093 4314 ob
1129 4263 1346 4316 metum

561 4349 776 4422 Spiritu
802 4355 858 4404 et
875 4365 1131 4422 corpore,

563 4439 745 4512 Super
770 4458 942 4514 quem
971 4443 1186 4497 bonum
1212 4441 1284 4497 ob
1304 4443 1492 4496 actum

564 4532 886 4602 Requiescit
915 4534 1206 4602 Dominus,

571 4621 854 4692 Cujusque
877 4623 1031 4692 justa
1059 4624 1120 4678 in
1151 4640 1316 4678 carne

573 4707 778 4765 Christi
805 4717 992 4781 portat
1013 4714 1296 4784 stigmata,

619 4815 644 4865 t
668 4807 826 4877 cujus
855 4803 970 4858 sola
995 4808 1314 4858 sustentans

577 4900 857 4958 Gloriatur
881 4895 942 4949 in
969 4909 1153 4949 cruce.

650 5017 896 5090 Impiger
921 5013 1211 5068 credentes
1237 5011 1414 5083 pascit

579 5107 825 5181 Dapibus
848 5103 1160 5160 coelestibus

577 5201 658 5256 Ne
685 5198 783 5270 qui
809 5196 1074 5250 videntur
1097 5210 1229 5249 cum
1253 5193 1470 5248 Christo

581 5293 646 5348 In
669 5289 759 5346 via
783 5287 1063 5356 deﬁciant,

583 5379 796 5446 Quibus
823 5381 1018 5448 erogat
1047 5379 1110 5430 ut
1135 5391 1306 5448 panes

583 5471 766 5528 Verba
790 5465 1132 5537 euangelica,

581 5566 651 5622 Et
676 5563 836 5633 cujus
861 5557 1309 5628 multiplicantur

587 5658 656 5711 Ut
681 5667 890 5710 manna
915 5647 972 5702 in
1006 5647 1284 5702 manibus.

663 5781 882 5832 Kastam
912 5772 1008 5844 qui
1037 5771 1278 5825 custodit
1303 5783 1530 5822 carnem

593 5869 675 5924 0b
700 5881 952 5920 amorem
981 5861 1225 5928 Domini,

596 5961 770 6022 Quam
798 5969 1024 6010 carnem
1053 5949 1328 6019 templum
1355 5948 1568 6018 paravit

1699 501 2012 568 Sanctoque
2039 489 2292 564 Spiritui,

1699 595 1740 645 A
1767 605 1880 660 quo
1910 587 2230 640 constanter
2259 594 2389 632 cum
2415 575 2646 630 mundis

1699 677 2020 734 Possidetur
2039 672 2273 736 actibus,

1697 771 1877 833 Quam
1897 770 1954 821 et
1973 763 2215 819 hostiam
2239 759 2555 832 placentem

1698 859 1890 913 Vivam
1919 854 2083 910 offert
2108 851 2366 906 Domino.

1771 979 2098 1046 Lumenque
2127 971 2322 1026 mundi
2351 984 2649 1024 accensum

1703 1071 1905 1139 Ingens
1930 1065 2345 1136 euangelicum,

1703 1159 1766 1212 In
1794 1156 2125 1211 candelabro
2147 1155 2394 1208 levatum

1703 1249 1841 1302 Toto
1867 1247 2090 1316 fulgens
2115 1245 2342 1312 saeculo,

1703 1337 1847 1391 Civis
1870 1337 2022 1407 regis
2045 1335 2266 1390 munita

1705 1427 1884 1498 Supra
1909 1429 2162 1480 montem
2189 1423 2391 1495 posita,

1705 1515 1873 1586 COpia
1897 1516 1956 1568 in
1984 1531 2096 1586 qua
2123 1519 2208 1570 est
2234 1515 2431 1582 multa,

1703 1606 1882 1667 Quam
1909 1603 2180 1658 Dominus
2206 1603 2470 1674 possidet.

1775 1725 2046 1780 Maximus
2072 1742 2320 1797 namque
2345 1727 2405 1780 in
2432 1741 2609 1798 regno

1705 1815 1988 1870 leorum
2011 1816 2318 1884 vocabitur,

1705 1906 1810 1970 Qui
1835 1907 1985 1977 quod
2010 1905 2193 1960 verbis
2220 1906 2382 1960 docet
2407 1904 2594 1972 sacris,

1707 1997 1888 2052 Factis
1912 1997 2188 2066 adimplet
2211 1996 2396 2065 bonis,

1709 2090 1861 2143 Bono
1887 2088 2158 2159 praecedit
2184 2088 2466 2159 exemplo,

1708 2179 2080 2250 Formamque
2104 2177 2360 2233 ﬁdelium

1705 2269 2023 2340 Mundoque
2043 2268 2103 2322 in
2129 2269 2294 2323 corde
2325 2268 2496 2323 habet

1707 2360 1790 2414 Ad
1814 2360 1992 2413 Deum
2012 2357 2297 2414 ﬁduciam.

1781 2480 1997 2534 Nomen
2021 2478 2117 2533 Dei
2143 2479 2418 2534 audenter

1707 2569 2016 2624 Adnuntiat
2047 2569 2329 2640 gentibus,

1707 2659 1919 2723 Quibus
1943 2659 2176 2713 lavacris
2199 2660 2391 2714 salutis

1711 2753 1994 2806 Eternam
2032 2751 2128 2804 dat
2158 2751 2422 2820 gratiam,

1709 2843 1815 2895 Pro
1841 2857 2084 2912 quorum
2115 2845 2239 2896 orat
2264 2841 2483 2896 delictis

1709 2932 1793 2986 Ad
1821 2933 1998 2986 Deum
2027 2931 2253 2999 cotidie,

1709 3023 1817 3076 Pro
1843 3022 2048 3092 quibus
2071 3025 2135 3075 ut
2162 3023 2274 3075 Deo
2301 3021 2499 3092 dignas

1717 3112 2088 3183 lmmolatque
2113 3111 2345 3166 hostias.

1785 3234 2024 3288 Omnem
2049 3249 2152 3303 pro
2181 3233 2370 3288 divina
2397 3233 2524 3306 lege

1715 3323 1904 3379 Mundi
1931 3324 2148 3394 spernit
2174 3324 2433 3395 gloriam,

1715 3413 1822 3477 Qui
1847 3417 2048 3467 cuncta
2074 3414 2147 3468 ad
2175 3413 2336 3484 cujus
2375 3429 2630 3468 mensam

1719 3504 1974 3558 {Estimat
1993 3504 2312 3576 quisquilia,

1719 3595 1829 3648 Nec
1853 3595 2146 3666 ingruenti
2171 3598 2431 3650 movetur

1721 3683 1910 3740 Mundi
1933 3685 2100 3755 hujus
2125 3685 2384 3754 fulmine,

1723 3775 1828 3832 Sed
1861 3775 1918 3829 in
1945 3775 2190 3830 adversis
2215 3775 2456 3842 laetatur,

1723 3865 1866 3921 Cum
1889 3883 1992 3936 pro
2021 3865 2240 3920 Christo
2264 3865 2498 3936 patitur.

1798 3989 1989 4042 Pastor
2012 3987 2197 4041 bonus
2229 3991 2282 4042 et
2307 3985 2486 4041 ﬁdelis

1727 4077 1921 4148 Gregis
1948 4075 2283 4148 euangelici,

1729 4171 1908 4233 Quem
1934 4169 2078 4223 Deus
2115 4168 2212 4222 Dei
2242 4167 2412 4238 elegit

1729 4259 2022 4315 Custodire
2051 4258 2348 4329 populum,

1733 4351 2014 4421 Suamque
2041 4363 2264 4420 pascere
2297 4345 2524 4419 plebem

1733 4440 1942 4497 Divinis
1967 4439 2342 4511 dogmatibus.

1735 4534 1841 4588 Pro
1870 4547 1980 4603 qua
2005 4531 2074 4585 ad
2104 4529 2312 4585 Christi
2337 4525 2662 4598 exemplum

1738 4623 1908 4680 Suam
1932 4621 2102 4676 tradit
2127 4619 2398 4674 animam.

1810 4746 1988 4808 Quem
2013 4759 2117 4814 pro
2145 4741 2362 4798 meritis
2391 4740 2643 4796 Salvator

1741 4835 1998 4891 Provexit
2023 4833 2368 4905 pontiﬁcem,

1745 4928 1814 4982 Ut
1837 4923 1897 4979 in
1925 4925 2140 4979 caelesti
2165 4928 2420 4979 moneret

1745 5017 1985 5071 Clericos
2013 5015 2236 5084 militia,

1747 5107 2040 5163 Coelestem
2069 5106 2277 5178 quibus
2303 5119 2586 5160 annonam

1749 5199 1954 5269 Erogat
1980 5213 2110 5252 cum
2131 5197 2392 5264 vestibus,

1750 5287 1908 5353 Quod
1933 5287 1994 5342 in
2020 5287 2224 5342 divinis
2249 5286 2542 5359 impletur,

1753 5378 2046 5450 Sacrisque
2075 5377 2354 5432 affatibus.

1823 5502 1992 5574 Regis
2016 5501 2247 5556 nuntius
2275 5499 2520 5556 invitans

1754 5595 2052 5650 Credentes
2076 5592 2147 5647 ad
2173 5590 2394 5662 nuptias

1755 5685 1858 5750 Qui
1883 5689 2117 5739 ornatur
2143 5682 2476 5737 vestimento

1757 5773 1996 5845 Nuptiali
2023 5773 2256 5828 indutus
2277 5814 2290 5840 ,

1757 5863 1860 5926 Qui
1889 5863 2110 5917 caeleste
2137 5862 2326 5917 haurit
2352 5861 2548 5916 vinum

1761 5953 1822 6005 In
1853 5951 1998 6006 vasis
2025 5951 2356 6024 coelestibus,

2832 473 3259 544 Pr0pinansque
3287 465 3390 521 Dei
3414 461 3642 536 plebem

2833 561 3094 636 Spiritale
3123 557 3414 631 poculum.

2905 691 3133 745 Sacrum
3163 683 3381 740 invenit
3409 681 3721 735 thesaurum

2836 781 3012 835 Sacro
3040 778 3100 832 in
3123 774 3430 838 volumine,

2836 867 3246 938 Salvatorisque
3275 865 3336 917 in
3361 876 3530 915 carne
3561 925 3565 928 ι

2835 959 3111 1014 Deitatem
3137 953 3410 1026 pervidet,

2835 1053 3012 1116 Quem
3039 1049 3374 1103 thesaurum
3407 1039 3546 1096 emit
3571 1037 3748 1094 sanctis

2837 1141 3212 1211 Perfectisque
3233 1134 3469 1202 meritis,

2839 1231 3046 1287 Israhel
3075 1232 3308 1283 vocatur
3333 1225 3504 1294 hujus

2839 1325 3040 1380 Anima
3063 1321 3258 1376 videns
3282 1317 3480 1371 Deum.

2909 1461 3085 1517 Testis
3107 1455 3328 1514 Domini
3353 1450 3534 1507 fidelis

2843 1553 3056 1622 Inlege
3083 1545 3377 1608 catholica,

2841 1645 3014 1714 Cujus
3044 1640 3216 1696 verba
3241 1639 3373 1692 sunt
3399 1630 3602 1688 divinis

2843 1732 3092 1790 Candida
3117 1725 3376 1794 oraculis,

2844 1828 2922 1881 Ne
2948 1825 3214 1880 humanae
3243 1817 3446 1889 putent
3467 1825 3664 1866 carnes

2842 1919 3104 1986 Esseque
3125 1930 3158 1966 a
3177 1907 3487 1970 vermibus,

2845 2009 2955 2066 Sed
2981 2003 3192 2061 caelesti
3219 2001 3494 2054 alleantur

2845 2101 3054 2171 Sapore
3084 2095 3152 2150 ad
3181 2091 3464 2148 victimam
3475 2128 3488 2140 .

2917 2227 3093 2280 Verus
3117 2219 3300 2274 cultor
3325 2219 3379 2270 et
3407 2209 3644 2282 insignis

2843 2313 2982 2386 Agri
3007 2306 3347 2380 euangelici,

2845 2407 3020 2477 Cujus
3042 2401 3256 2459 semina
3281 2396 3548 2452 videntur

2847 2496 3060 2553 Christi
3085 2488 3403 2562 euangelia,

2847 2591 2983 2653 Quae
3010 2584 3200 2640 divino
3227 2579 3362 2635 serit
3389 2591 3486 2630 ore

2847 2684 2911 2735 In
2937 2693 3101 2733 aures
3128 2668 3500 2746 prudentium
3517 2706 3531 2730 ,

2848 2773 3104 2836 Quorum
3130 2777 3356 2835 quoque
3381 2757 3552 2814 corda
3581 2769 3642 2808 ac
3669 2750 3843 2806 mentes

2850 2863 3051 2918 Sancto
3072 2861 3196 2913 arat
3224 2851 3457 2925 Spiritu.

2923 2998 3177 3055 Christus
3203 2993 3360 3046 illum
3388 2987 3494 3042 sibi
3523 2983 3692 3054 elegit

2851 3093 2914 3146 In
2947 3085 3113 3144 terris
3137 3081 3430 3148 vicarium,
3611 3101 3616 3104 -

2851 3181 2958 3245 Qui
2989 3179 3058 3233 de
3085 3174 3311 3248 gemino
3341 3167 3590 3240 captivos

2851 3269 3082 3326 Liberat
3113 3261 3358 3329 servitio,

2853 3359 3158 3428 Plerosque
3183 3355 3252 3410 de
3281 3349 3554 3406 servitute

2853 3455 3002 3519 Quos
3039 3448 3280 3505 redemit
3305 3443 3625 3508 hominum,

2857 3547 3190 3600 Innumeros
3216 3538 3284 3592 de
3309 3533 3505 3589 Zabuli

2859 3631 3105 3689 Absolvit
3125 3625 3392 3684 dominio.

2927 3771 3182 3839 Hymnos
3208 3777 3338 3818 cum
3367 3752 3696 3830 Apocalypsi

2859 3860 3220 3928 Psalmosque
3248 3855 3433 3908 cantat
3459 3849 3577 3918 Dei,

2861 3953 3120 4020 Quosque
3147 3945 3219 4000 ad
3245 3939 3638 3998 mdiﬁcandum

2861 4041 2962 4096 Dei
2982 4041 3186 4093 tractat
3211 4034 3509 4106 populum,

2862 4131 3043 4196 Quam
3069 4127 3256 4197 legem
3285 4123 3344 4177 in
3373 4120 3638 4176 Trinitate

2866 4219 3018 4278 Sacri
3041 4217 3220 4273 credit
3236 4213 3508 4280 nominis,

2866 4309 3178 4379 Tribusque
3203 4303 3460 4376 personis
3481 4315 3651 4355 unam

2867 4401 3148 4470 Docetque
3175 4392 3568 4450 substantiam.

2941 4538 3088 4590 Zona
3113 4531 3338 4588 Domini
3363 4527 3694 4601 praecinctus

2871 4626 3078 4683 Diebus
3103 4641 3166 4678 ac
3195 4620 3474 4688 noctibus,

2873 4717 3006 4774 Sine
3031 4711 3448 4770 intermissione

2875 4809 3054 4864 Deum
3079 4807 3201 4860 orat
3227 4801 3558 4870 Dominum,

2877 4899 3050 4969 Cujus
3073 4893 3323 4967 ingentis
3351 4890 3559 4946 laboris

2879 4991 3250 5059 Percepturus
3276 4983 3583 5054 praemium

2880 5081 3024 5135 Cum
3049 5074 3311 5149 apostolis
3338 5070 3601 5144 regnabit

2881 5172 3120 5227 Sanctus
3146 5180 3316 5237 super
3345 5161 3576 5218 Israhel.

2953 5310 3220 5368 Patricius
3247 5306 3542 5378 episcopus

2885 5405 3020 5461 Oret
3043 5417 3146 5473 pro
3170 5396 3332 5452 nobis
3361 5393 3638 5458 omnibus,

2885 5495 2956 5550 Ut
2979 5492 3270 5548 deleantur
3293 5485 3552 5558 protinus

2885 5585 3116 5640 Peccata
3139 5596 3267 5652 quae
3291 5573 3684 5632 commisimus.

2887 5672 3111 5730 Patricii
3129 5669 3322 5724 laudes

2887 5767 3122 5835 Semper
3147 5761 3416 5828 dicamus,

2887 5857 2957 5912 Ut
2979 5871 3083 5909 nos
3103 5867 3234 5908 cum
3257 5849 3356 5904 illo

2887 5947 3119 6018 Semper
3139 5941 3412 5998 vivamus.
