3940 6178
151 288 220 342 593

178 393 401 462 Hymnum
428 383 596 439 sancti
622 379 871 462 Comgt'lli
909 378 1124 434 abbatis
1201 375 1413 448 Pignus
1437 374 1711 447 praeclaro
1740 371 1930 426 animo

520 455 702 509 nostri.

189 567 527 626 Recordemur
546 562 777 634 justitiee

145 659 283 717 Nostri
307 655 520 730 patroni
542 653 753 724 fulgida

139 749 347 822 Comgilli
373 745 539 802 sancti
565 744 792 799 nomine

139 837 433 910 Refulgentis
456 837 511 891 in
536 854 723 908 opere.

139 931 288 1001 Adjuti
317 930 400 984 Dei
424 930 667 984 Flamine

142 1023 296 1076 Sancto
321 1019 563 1090 claroque
585 1019 820 1089 lumine,

139 1109 368 1165 Trinitatis
393 1111 708 1166 celsissimae

138 1204 302 1256 Cuncta
327 1203 570 1257 tenentes
593 1204 874 1275 regmine,

138 1293 272 1356 Quem
299 1292 432 1345 Deus
449 1293 515 1346 ad
545 1294 789 1348 aetherea

139 1381 364 1436 Conduxit
388 1381 726 1451 habitacula,

137 1473 194 1527 Ab
217 1473 402 1543 angelis
422 1475 720 1544 custodita,

137 1565 440 1618 Permansura
469 1563 527 1618 in
551 1565 778 1620 saecula.

184 1680 351 1734 Audite
373 1685 565 1752 pantes
585 1687 643 1737 ta
663 1699 796 1754 erga

135 1771 257 1824 Allati
277 1771 338 1824 ad
360 1771 608 1842 angelica

136 1860 314 1914 Athletae
347 1861 436 1915 Dei
461 1861 654 1916 abdita

134 1953 417 2019 Ajuventute
442 1952 644 2007 florida

135 2046 262 2097 Aucta
283 2043 336 2097 in
361 2044 492 2114 legis
516 2044 746 2115 pagina,

134 2133 222 2186 Alta
243 2135 394 2188 sancti
417 2150 518 2204 per
543 2135 758 2190 viscera

135 2227 237 2294 Apta
255 2223 348 2278 ﬁde
365 2225 601 2295 justitia,

134 2315 191 2368 Ad
212 2315 290 2369 Dei
315 2315 470 2369 ducta
498 2314 724 2386 gaudia,

135 2404 212 2457 Alti
230 2405 385 2459 adlata
409 2405 614 2459 merita

138 2493 308 2549 Atlatim
331 2493 746 2562 concordantia,

292 2585 364 2638 Ab
383 2583 620 2656 angelis.

187 2694 357 2747 Bonam
375 2693 564 2760 vitam,
595 2692 897 2764 justitiam,

136 2784 485 2855 Benignitatem
506 2783 793 2851 floridam,

134 2873 373 2930 (laxitatem
403 2875 810 2945 ﬁrmissimam,

134 2963 213 3018 Deo
235 2965 395 3035 primo
415 2965 750 3034 adhibitam,

131 3055 255 3108 Juxta
277 3057 593 3112 mandatum
621 3057 862 3111 solidam

134 3145 175 3197 lu
194 3161 341 3216 regno
367 3147 910 3217 praestantissimam,

132 3233 351 3290 Proximis
379 3254 522 3308 saepe
551 3234 804 3291 debitam

132 3322 264 3379 Corde
289 3343 477 3380 sereno
503 3325 773 3398 placitam

135 3412 361 3469 Efﬁciebat
387 3417 679 3488 cognitam

135 3503 174 3555 in
195 3505 355 3559 futuro
380 3506 754 3573 fructiferam,

295 3597 463 3658 Quem
490 3597 663 3650 Deus.

179 3702 540 3776 Contemptum
567 3703 948 3759 mundialium

132 3791 453 3864 Voluptatum,
490 3795 866 3868 praesentium

132 3881 350 3938 Vitiorum
379 3886 777 3942 ﬁrmissimum

136 3970 337 4029 lnﬁrmos
365 3977 783 4034 devastantium

131 4061 386 4121 Verborum
405 4067 818 4138 cogitaminum

133 4149 251 4207 Parte
279 4156 405 4210 laeva
437 4158 790 4212 versantium

130 4240 408 4303 Continebat
431 4267 536 4320 per
560 4249 845 4305 viscerum

132 4332 304 4392 Secreta
326 4340 689 4410 vigilantium

295 4428 370 4483 Ab
395 4429 636 4500 angelis.

183 4541 354 4599 Doctus
378 4547 437 4600 in
468 4547 572 4600 Dei
600 4544 824 4614 legibus

133 4627 297 4686 Divinis
321 4635 662 4690 dictionibus

135 4718 303 4776 Ditatus
328 4725 530 4780 sanctis
562 4722 784 4795 opibus,

133 4809 216 4866 Deo
232 4832 443 4888 semper
467 4813 844 4888 placentibus,

131 4899 379 4960 Dedicatus
400 4907 460 4960 in
486 4904 764 4970 moribus,

133 4991 203 5047 Dei
227 4995 533 5068 Stephanus
559 4995 720 5067 agius

132 5084 327 5142 Docebat
352 5089 429 5144 sic
455 5093 514 5144 et
541 5091 774 5142 caeterus

132 5174 250 5233 Dicta
273 5179 430 5235 docta
452 5178 720 5252 operibus

303 5273 481 5335 Quem
507 5272 670 5325 Deus.

182 5392 346 5465 Elegit
369 5410 402 5447 a
429 5391 759 5465 primordio,

130 5481 257 5542 Quod
283 5489 399 5538 erat
427 5484 488 5538 in
515 5483 812 5555 principio,

131 5571 388 5628 .Eternum
410 5573 658 5628 Verbum
685 5576 921 5643 paterno

131 5659 430 5717 Eructatum
458 5662 809 5718 sanctissimo

131 5748 278 5806 Corde
302 5769 502 5808 verum
534 5753 800 5807 altissimo

133 5841 278 5901 Carus
304 5845 490 5904 eidem
514 5844 700 5904 lucido

1203 469 1474 524 Constans
1499 482 1669 537 opere
1693 463 1935 536 placido.

1418 558 1500 612 Ab
1531 555 1765 628 angelis.

1276 666 1549 737 Fulgebat
1576 663 1670 719 alti
1694 663 1913 734 fulgore

1207 760 1347 818 Solis
1370 759 1491 813 vice
1517 758 1576 812 in
1600 755 1806 810 vertice

1209 850 1514 909 Rutilantis
1523 847 1665 904 meri
1679 847 1767 902 die

1208 942 1360 998 Fidei
1387 938 1744 1005 claritudine,

1209 1033 1583 1090 Conﬁrmatus
1610 1045 1680 1083 ex
1705 1027 1916 1081 viscere

1210 1125 1268 1179 In
1289 1123 1388 1178 Dei
1413 1136 1636 1190 semper
1654 1117 1835 1172 sidere

1208 1213 1504 1270 Conﬁdens
1533 1205 1918 1263 sanctimonia

1207 1303 1500 1375 Praecipuo
1526 1297 1864 1354 munimine.

1420 1392 1600 1455 Quem
1626 1389 1790 1442 Deus.

1279 1501 1559 1558 Gaudium
1586 1497 1761 1552 sancti
1791 1492 2031 1564 Spiritus

1206 1592 1452 1649 Habebat
1479 1589 1538 1643 in
1568 1585 1889 1652 visceribus,

1207 1686 1470 1755 Regnum
1496 1680 1650 1751 quod
1677 1681 1760 1732 est
1785 1672 2118 1730 sublimibus

1205 1775 1316 1828 Deo
1346 1771 1585 1842 dignum
1618 1772 1674 1822 et
1701 1766 1922 1822 fortius.

1204 1863 1462 1919 Gladium
1489 1875 1714 1932 quoque
1745 1857 1981 1927 Spiritus

1206 1955 1472 2009 Levatum
1499 1951 1570 2004 ad
1597 1946 1976 2020 nequissimus

1204 2045 1324 2108 Quo
1353 2043 1736 2113 prosterneret
1759 2036 2034 2106 superbus

1206 2136 1422 2190 Tenens
1448 2131 1648 2186 sanctis
1670 2130 1729 2182 in
1756 2126 2037 2182 manibus.

1418 2222 1500 2276 Ab
1526 2218 1760 2290 angelis.

1279 2331 1535 2401 Humilis,
1567 2332 1811 2394 sanctus,
1839 2323 2119 2396 benignus

1207 2423 1434 2479 Probus
1447 2423 1508 2476 in
1537 2420 1636 2475 Dei
1659 2417 1902 2490 legibus,

1207 2515 1515 2577 Humanus,
1542 2510 1745 2581 justus,
1776 2505 2126 2571 commodus,

1206 2601 1523 2658 Laudabilis
1549 2600 1608 2654 in
1635 2598 1911 2663 moribus,

1208 2693 1408 2749 Hilaris
1433 2691 1615 2757 vultu,
1645 2688 1885 2752 sobrius,

1209 2782 1467 2841 Caritatis
1495 2781 1554 2835 in
1581 2779 1836 2847 ﬂoribus,

1211 2877 1509 2929 Decoratus
1537 2869 1848 2938 ordinibus,

1213 2966 1412 3020 Factus
1437 2962 1620 3035 palam
1650 2959 1982 3016 mortalibus

1212 3059 1272 3111 ln
1301 3055 1600 3128 Scripturis
1626 3052 1900 3118 eruditus,

1213 3147 1520 3219 lnspiratus
1550 3142 1839 3210 divinitus,

1213 3241 1273 3292 In
1299 3234 1659 3291 sacramentis
1682 3231 1967 3303 providus,

1211 3327 1502 3386 Canonicis
1528 3325 1786 3382 affatibus

1211 3418 1552 3475 Testamenti
1579 3413 1970 3488 praefulgidus,

1214 3512 1454 3565 Fervens
1482 3507 1704 3580 spiritu,
1732 3502 1986 3575 placidus

1214 3603 1327 3657 Deo
1353 3615 1535 3664 carus,
1567 3599 1620 3650 et
1645 3593 1946 3665 piissimus.

1425 3689 1506 3743 Ab
1530 3684 1765 3757 angelis.

1286 3798 1530 3854 Kalcavit
1554 3793 1832 3850 mundum
1860 3786 2159 3845 subdolum

1218 3888 1478 3945 Karitatis
1506 3901 1608 3957 per
1636 3882 1886 3936 studium

1218 3978 1497 4034 Kastitatis
1515 3972 1924 4040 ﬁrmissimum,

1217 4072 1634 4138 Contempnens
1661 4079 1828 4117 omne
1857 4060 2078 4128 vitium,

1220 4164 1474 4216 lnserens
1505 4171 1709 4227 agrum
1734 4151 2020 4217 ﬂoridum,

1218 4255 1414 4309 Pectus
1442 4232 1735 4304 adornans'
1749 4244 2022 4308 lucidum,

1223 4342 1482 4397 Divinum
1508 4335 1891 4392 habitaculum

1219 4431 1388 4487 Trino
1414 4427 1646 4484 nomine
1675 4424 1976 4480 sancitum.

1430 4522 1611 4584 Quem
1639 4518 1801 4570 Deus.

1289 4627 1630 4700 Lampadem
1659 4623 1948 4696 sapientiae

1220 4718 1521 4778 Constituit
1543 4717 1601 4771 in
1631 4719 1876 4787 pectore,

1224 4814 1285 4868 In
1308 4813 1576 4867 thesauro
1603 4806 1891 4878 sapientiae

1222 4901 1453 4957 Condito
1479 4898 1581 4953 Dei
1605 4912 1861 4962 munere,

1223 4993 1609 5050 Inflammatus
1635 5002 1978 5059 magnopere

1224 5086 1369 5140 Luce
1396 5097 1543 5136 vera:
1567 5077 1820 5151 justitise,

1226 5173 1510 5230 Exaltatus
1537 5167 1856 5223 munimine

1224 5263 1408 5337 Legis,
1441 5260 1689 5334 spiritus,
1718 5258 1920 5312 literas.

1439 5369 1519 5425 Ab
1539 5366 1773 5439 angelis.

1299 5467 1567 5535 Magnum
1591 5457 1968 5529 adprehendit
1992 5453 2252 5511 bradium

1231 5558 1435 5612 Eterna
1459 5551 1571 5604 vita
1595 5547 1948 5619 condignum

1230 5647 1477 5716 Adeptus
1506 5644 1763 5695 sanctum
1793 5636 2098 5710 praemium

1233 5743 1363 5796 Post
1387 5737 1636 5792 laborem
1666 5731 2072 5793 ﬁrmissimum,

1243 5831 1410 5908 Cujus
1435 5828 1746 5905 perfectum
1770 5822 2040 5885 meritum

964 235 1516 326 ANTIPHONARIUM
1556 261 1955 321 MONASTERII
1994 252 2516 317 BENCHORENSIS.

2339 365 2610 419 Vocamus
2634 361 2694 416 in
2723 353 3024 428 auxilium,

2340 457 2408 510 Ut
2427 469 2748 509 mereamur
2777 453 3034 507 omnium

2339 545 2618 599 Vitiorum
2643 542 2959 598 excidium.

2551 635 2730 698 Quem
2759 634 2924 687 Deus.

2411 739 2584 792 Notus
2613 741 2940 791 sanctorum
2969 736 3206 792 cmtibus

2341 827 2615 882 Ahbatem
2645 826 2703 880 in
2731 825 3022 880 ordinibus

2342 918 2743 974 Monachorum
2771 916 3044 971 militibus

2342 1010 2820 1064 Anachoretarum
2846 1009 3100 1063 sensibus

2342 1099 2630 1170 Synodum
2661 1097 2866 1152 sanctis
2895 1099 3154 1168 plebibus

2345 1191 2524 1243 immo
2551 1189 2637 1243 vir
2661 1189 2996 1260 apostolicus

2343 1281 2536 1335 Clarus
2562 1280 2778 1334 cunctis
2803 1280 2862 1334 in
2882 1281 3143 1351 sortibus,

2341 1371 2624 1425 Adauctus
2662 1371 2721 1425 in
2754 1372 3090 1428 sublimibus

2555 1462 2636 1516 Ab
2658 1462 2890 1532 angelis.

2414 1563 2457 1615 Ο
2488 1567 2707 1633 petram
2734 1564 3126 1622 solidissimam

2345 1653 2404 1706 In
2431 1652 2801 1709 fundamento
2825 1656 3088 1726 positam,

2343 1741 2386 1796 Ο
2414 1746 2858 1813 contemptorem
2887 1747 3141 1802 omnium

2341 1833 2552 1887 Rerum
2581 1850 2828 1904 nequam
2854 1839 3243 1908 praesentium,

2340 1922 2382 1976 0
2413 1922 2613 1977 ducem
2636 1928 2892 1980 sanctum
2916 1926 3162 1983 militum

2343 2011 2580 2066 Domino
2607 2013 2932 2070 milantium

2343 2103 2385 2158 Ο
2413 2107 2671 2174 tyronem
2699 2105 3066 2163 fortissimum

2341 2194 2573 2250 Domino
2601 2199 2788 2252 totum
2817 2198 3090 2255 deditum.

2551 2287 2730 2350 Quem
2756 2287 2920 2344 Deus.

2411 2396 2626 2450 Positus
2652 2397 2804 2452 muri
2831 2397 3000 2453 ferrei

2340 2485 2468 2541 Vice
2489 2486 2548 2540 in
2574 2485 2699 2540 luce
2724 2488 2918 2558 populi

2339 2577 2634 2648 Dissipare,
2659 2577 3001 2649 disperdere,

2342 2669 2554 2724 Cuncta
2579 2668 2730 2722 mala
2757 2669 3064 2735 destruere,

2343 2758 2655 2828 IEdiﬁcare,
2685 2760 2937 2830 plantare

2345 2851 2494 2904 Bona
2524 2853 2639 2905 tota
2670 2851 2729 2903 in
2755 2866 3055 2905 commune

2344 2942 2491 2995 More
2517 2940 2697 2994 sancti
2722 2939 3017 2994 Hieremiae

2346 3029 2646 3085 Constituti
2672 3030 2732 3083 in
2753 3028 3018 3085 culmine.

2557 3119 2641 3173 Ab
2670 3119 2906 3190 angelis.

2416 3221 2552 3285 Quis
2579 3221 2915 3291 contempsit
2941 3222 3240 3293 prmsentia

2347 3312 2521 3384 Hujus
2547 3311 2650 3364 azvi
2677 3309 2957 3365 decidua?

2345 3401 2478 3465 Quis
2503 3401 2753 3455 ascendit
2777 3401 2847 3454 ad
2876 3417 3122 3471 superna

2345 3494 2480 3546 Toto
2505 3491 2693 3546 animo
2721 3491 2926 3562 gaudia
2945 3492 2973 3545 ?

2347 3583 2480 3648 Quis
2506 3582 2726 3636 volebat
2752 3582 2813 3636 in
2841 3582 3054 3637 aethera

2348 3676 2526 3731 Carne
2551 3674 2742 3730 volare
2769 3674 2989 3746 posita?

2349 3764 2597 3830 Qualiter
2625 3763 2724 3819 iste
2749 3763 2882 3818 talia

2350 3856 2598 3928 Adeptus
2629 3857 2822 3908 sancta
2848 3853 3069 3909 merita.

2562 3950 2742 4013 Quem
2773 3948 2918 4002 Deus

2420 4061 2584 4118 Rexit
2612 4063 2858 4115 sanctam
2882 4058 3185 4113 Ecclesiam

2348 4152 2691 4210 Catholicam
2716 4167 2819 4222 per
2847 4150 3125 4221 regulam,

2349 4245 2615 4301 Retinens
2641 4243 2811 4297 ﬁdem
2840 4241 3078 4295 solidam

2349 4337 2544 4393 Malam
2571 4337 2764 4389 contra
2789 4330 3122 4402 nequitiam,

2351 4427 2522 4482 Suam
2548 4438 2815 4479 exercens
2841 4420 3088 4474 animam

2351 4517 2567 4571 Sanctae
2590 4511 2734 4583 legis
2757 4525 2863 4582 per
2886 4508 3180 4580 paginam,

2354 4607 2525 4678 Cujus
2553 4607 2756 4674 exopto
2784 4600 3023 4673 gratiam

2354 4697 2484 4755 Mihi
2511 4696 2748 4752 adornat
2774 4692 3045 4747 animam.

2570 4785 2656 4840 Ab
2683 4782 2919 4855 angelis.

2430 4897 2663 4969 Sapiens
2691 4911 2819 4950 suos
2845 4893 3096 4948 internos

2360 4992 2589 5048 Sanctos
2618 4988 2840 5043 elevans
2867 4983 3057 5038 oculos

2360 5078 2679 5136 Deducebat
2704 5075 2775 5130 ad
2803 5089 3034 5145 superos

2362 5171 2553 5244 Capite
2581 5171 2769 5223 sancto
2799 5166 3068 5231 intentos,

2362 5265 2524 5316 Parte
2550 5261 2740 5312 sancta
2766 5255 2827 5309 in
2854 5255 3084 5309 dextera

2363 5352 2650 5408 Collocans
2675 5364 2777 5402 sua
2802 5345 3013 5402 viscera

2363 5440 2722 5500 Centurionis
2751 5455 2922 5510 opera

2363 5533 2580 5588 Habens
2617 5534 2807 5586 sancta
2831 5545 2935 5600 per
2967 5525 3188 5584 studia!

2579 5621 2758 5687 Quem
2785 5620 2952 5674 Deus.

2439 5724 2589 5781 Tulit
2612 5740 2772 5779 suam
2802 5718 3138 5776 memoriam

2378 5819 2462 5878 Ad
2490 5815 2841 5875 mansionem
2869 5819 3175 5882 supernam

3329 241 3428 308 594
