4058 6190
206 267 288 322 397
1090 261 1646 326 ANTIPHONARIUM
1685 266 2090 326 MONASTERII
2129 269 2653 332 BENCHORENSIS.

197 394 466 454 miracula
496 399 688 454 nostra
715 412 941 472 quoque
971 412 1172 456 eorum
1199 395 1520 456 imitatione
1548 398 1715 457 corda
1741 399 1826 458 in-
1843 387 1904 464 Α

199 489 432 550 lumina.
460 489 568 559 Qui
589 507 817 566 regnas.

794 587 886 644 Ad
907 589 1302 660 Vespertinam.

253 662 590 738 Vespertina
613 667 796 724 oratio
814 672 1010 724 nostra
1031 669 1298 724 ascendat
1319 669 1392 725 ad
1424 685 1589 726 aures
1619 670 1823 728 divinas

192 759 502 832 maiestatis
524 765 658 832 tuas,
681 765 738 818 et
761 762 1060 818 descendat
1086 763 1402 819 benedictio
1422 765 1540 835 tua,
1561 765 1820 834 Domine,

191 871 358 926 super
396 872 522 921 nos,
561 857 1050 931 quemadmodum
1085 856 1435 931 speravimus
1486 858 1550 914 in
1597 863 1671 915 te.
1717 859 1824 928 Qui

191 965 418 1022 rem.
719 1023 811 1080 Ad
841 1025 1058 1080 initium
1085 1026 1289 1084 Noctis.

251 1110 430 1179 Deus,
462 1110 556 1184 qui
584 1111 998 1169 inextricabiles
1043 1113 1304 1169 tenebras
1343 1112 1654 1170 inluminas
1682 1131 1819 1170 noc-

189 1205 333 1260 tium
364 1204 723 1274 densitatem,
753 1207 1017 1279 caliginis
1037 1207 1326 1278 inlustras,
1347 1208 1517 1266 corda
1544 1212 1736 1264 nostra
1762 1209 1824 1264 in

188 1314 361 1370 opere
385 1299 784 1356 mandatorum
804 1304 1056 1368 tuorum,
1079 1307 1134 1358 te
1162 1317 1411 1372 oramus,
1447 1303 1702 1374 Domine,
1731 1318 1824 1359 cu-

189 1392 417 1450 stodias.
443 1393 552 1460 Qui
577 1409 804 1466 regnas.

729 1489 821 1546 Ad
848 1491 1066 1544 initium
1093 1494 1281 1547 noctis.

247 1569 509 1624 Evolutis
533 1586 686 1626 nunc
713 1545 826 1626 diei
865 1571 1238 1642 temporibus,
1267 1545 1672 1644 nocturnique
1691 1545 1854 1644 spa-.

188 1663 272 1718 tiis
324 1665 876 1736 supervenientibus,
917 1664 1017 1720 Dei
1061 1664 1508 1720 misericordiam
1551 1666 1819 1739 deprece-

3451 281 3552 342 598

2344 381 2531 440 Oratio
2553 383 2843 441 communis
2862 382 3123 452 fratrum.

1993 475 2072 531 Ne
2090 473 2418 533 memineris
2431 476 2796 550 iniquitatum
2825 480 3149 538 nostrarum
3166 480 3550 558 antiquarum.

1921 568 2042 626 Cito
2071 569 2384 653 anticipent
2402 588 2507 627 nos
2555 572 2961 629 misericordia:
2989 577 3122 644 tum,
3161 576 3306 649 quia‘
3337 596 3552 654 paupe-

1921 679 2012 719 res
2035 663 2168 720 facti
2191 681 2388 721 sumus
2416 665 2607 722 nimis.
2629 667 2728 740 Adi
2738 684 2844 724 uva
2860 685 2964 724 nos
2980 671 3124 725 Deus
3140 671 3402 729 salutaris
3417 691 3551 731 nos-

1922 762 2038 828 ter;
2071 763 2306 831 propter
2333 760 2577 830 gloriam
2615 761 2863 818 nominis
2899 763 3022 832 tui,
3070 765 3328 837 Domine,
3371 767 3556 826 libera

1922 869 2024 908 nos
2036 870 2053 922 ;
2083 855 2139 908 et
2162 853 2440 925 propitius
2461 858 2580 910 esto
2600 856 2842 928 peccatis
2857 857 3062 912 nostris
3088 864 3326 932 pr0pter
3343 877 3554 919 nomen

1923 950 2109 1002 tuum.
2156 948 2236 1003 Ne
2273 948 2464 1004 tradas
2497 949 2690 1005 bestiis
2732 949 2979 1005 animam
3019 953 3386 1010 conﬁtentem
3427 957 3551 1012 tibi.

1923 1040 2151 1096 Animas
2170 1057 2492 1113 pauperum
2518 1048 2750 1099 tuorum
2776 1061 2846 1100 ne
2875 1045 3218 1103 obliviscaris
3253 1049 3315 1104 in
3354 1048 3550 1107 ﬁnem.

1923 1133 2150 1206 Respice
2161 1134 2221 1190 in
2235 1138 2656 1207 testamentum,
2673 1138 2933 1194 Domine.
2954 1140 3120 1210 Deus,
3136 1140 3194 1196 in
3206 1142 3555 1214 adjutorium

1922 1244 2116 1283 meum
2145 1228 2406 1300 intende;
2436 1231 2780 1302 Domine,ad
2801 1233 3186 1304 adjuvandum
3212 1253 3304 1292 me
3323 1237 3550 1295 festina.

1922 1322 2165 1394 Festina,
2193 1323 2450 1395 Domine,
2491 1325 2734 1382 liberare
2771 1343 2876 1383 nos
2915 1343 2985 1383 ex
3012 1328 3276 1386 omnibus
3313 1333 3556 1404 peccatis

1923 1416 2152 1472 nostris.

2518 1493 2622 1546 Pro
2661 1491 2974 1563 baptizatis.

1993 1581 2221 1638 Salvum
2246 1581 2334 1637 fac
2383 1584 2664 1655 populum
2708 1589 2893 1654 tuum,
2930 1587 3188 1657 Domine,
3226 1592 3283 1643 et
3321 1589 3557 1644 benedic

1921 1675 2242 1732 hiereditati
2267 1680 2400 1746 tuae,
2429 1681 2484 1732 et
2513 1694 2647 1750 rege
2673 1695 2786 1750 eos,
2818 1685 2874 1736 et
2897 1681 3122 1750 cxtolle,
3154 1681 3411 1751 Domine,
3437 1683 3561 1738 illos

185 1773 334 1826 mur,
360 1761 429 1813 ut
455 1759 702 1831 suppleti
727 1758 932 1815 divinis
961 1759 1238 1829 sensibus,
1277 1759 1638 1816 tenebrarum
1685 1777 1820 1832 ope-
1843 1767 1900 1839 B
1923 1786 2102 1842 usque
2130 1769 2191 1825 in
2219 1771 2513 1826 saeculum.
2535 1769 2794 1828 Miserere
2813 1774 3070 1830 Ecclesiae
3097 1781 3211 1830 tum
3235 1777 3556 1848 Catholicae,

186 1851 342 1908 ribus
373 1852 704 1909 renuntiare
731 1853 1034 1926 possimus.
1062 1853 1169 1918 Qui
1197 1869 1428 1926 regnas.

650 1948 742 2004 Ad
759 1964 949 2019 pacem
966 1947 1360 2004 celebrandam.

249 2028 336 2100 lnj
349 2031 474 2084 uste
503 2027 746 2100 egimus.
775 2028 1083 2084 Redemisti
1109 2045 1233 2097 nos,
1263 2027 1520 2096 Domine,
1552 2027 1699 2084 Deus
1725 2043 1821 2084 ve-

185 2121 386 2192 ritatis,
413 2122 478 2177 in
504 2127 601 2177 tuo
627 2126 816 2177 sancto
845 2122 1140 2194 sanguine,
1179 2138 1332 2177 nunc
1370 2121 1573 2177 adiuva
1614 2137 1722 2176 nos
1765 2121 1824 2177 in

184 2216 456 2272 omnibus
479 2217 612 2272 Iesu
637 2215 877 2286 Christe,
907 2215 1006 2289 qui
1033 2233 1260 2287 regnas.

245 2312 370 2366 Pax
389 2311 573 2366 multa
600 2310 985 2383 diligentibus,
1008 2327 1120 2383 pax
1151 2313 1267 2380 tua,
1297 2309 1553 2380 Domine,
1581 2325 1683 2365 rex
1709 2327 1821 2366 coe-

180 2407 357 2474 lestis,
401 2409 733 2476 permaneat
768 2421 993 2476 semper
1037 2403 1095 2459 in
1139 2402 1444 2460 visceribus
1489 2404 1715 2474 nostris,
1759 2408 1824 2460 ut

181 2517 300 2555 non
327 2499 637 2555 timeamus
672 2517 706 2554 a
729 2499 932 2555 timore
957 2503 1257 2554 nocturno.
1283 2499 1390 2564 Qui
1413 2514 1641 2571 regnas.

728 2595 927 2664 Incipit
949 2594 1281 2662 Symbolum.

247 2674 436 2730 Credo
464 2673 524 2729 in
551 2675 728 2730 Deum
753 2676 953 2729 Parem
975 2673 1431 2745 omnipotentem
1453 2672 1822 2743 invisibilem,

179 2769 450 2824 omnium
473 2771 860 2824 creaturarum
875 2767 1200 2836 visibilium,
1223 2771 1281 2824 et
1299 2767 1670 2825 invisibilium
1695 2785 1824 2824 con-

179 2863 452 2920 ditorem.

242 2957 438 3013 Credo
467 2960 521 3012 et
549 2956 608 3011 in
637 2957 829 3012 Iesum
852 2955 1142 3012 Christum
1170 2956 1377 3012 Filium
1422 2957 1543 3028 ejus
1588 2957 1825 3014 unicum

176 3050 496 3106 Dominum
534 3055 812 3120 nostrum,
853 3051 1034 3106 Deum
1079 3050 1552 3124 omnipotentem,
1582 3068 1821 3124 concep-

176 3151 307 3201 tum
327 3146 400 3202 de
431 3145 638 3217 Spiritu
667 3146 888 3215 Sancto,
918 3148 1120 3200 natum
1148 3145 1218 3201 de
1243 3145 1415 3200 Maria
1434 3145 1678 3218 virgine,
1700 3163 1826 3218 pas.
1845 3145 1900 3220 ρ

176 3257 310 3297 sum
339 3238 448 3295 sub
483 3239 679 3294 Pontio
720 3239 934 3310 Pylato,
984 3239 1083 3311 qui
1112 3237 1435 3308 cruciﬁxus,
1475 3243 1532 3295 et
1574 3239 1828 3312 sepultus

171 3333 475 3392 descendit
497 3333 566 3388 ad
585 3332 815 3402 inferos,
847 3332 1015 3389 tertia
1037 3332 1128 3388 die
1154 3333 1465 3390 resurrexit
1502 3349 1537 3388 a
1560 3334 1822 3406 mortuis,

174 3434 442 3492 ascendit
467 3433 526 3488 in
568 3433 737 3502 caelis,
775 3431 1029 3504 seditque
1066 3433 1138 3487 ad
1172 3433 1463 3489 dexteram
1503 3433 1601 3490 Dei
1647 3433 1826 3490 Patris

175 3527 591 3601 omnipotentis
641 3526 848 3584 exinde
887 3529 1196 3583 venturum
1232 3526 1491 3600 judicare
1534 3527 1709 3599 vivos,
1761 3545 1825 3584 ac

175 3628 466 3680 mortuos.

244 3717 440 3774 Credo
467 3719 524 3772 et
547 3716 608 3772 in
645 3715 920 3788 Spiritum
953 3718 1211 3771 sanctum
1244 3717 1424 3772 Deum
1461 3716 1820 3790 omnipoten-

173 3817 300 3868 tem
327 3828 506 3866 unam
524 3810 829 3866 habentem
848 3810 1218 3866 substantiam
1245 3826 1376 3866 cum
1401 3812 1562 3866 Patre
1588 3815 1644 3867 et
1662 3809 1820 3881 Filio,

176 3908 450 3963 Sanctam
476 3920 597 3960 esse
625 3903 933 3960 Ecclesiam
957 3903 1316 3972 catholicam,
1353 3904 1663 3960 abremissa
1687 3921 1820 3977 pec-

176 4003 468 4068 catorum,
497 4002 822 4054 sanctorum
843 3997 1324 4069 communionem,
1343 3997 1525 4054 carnis
1546 4014 1825 4055 resurrec-

175 4095 452 4150 ctionem.
465 4093 645 4149 Credo
655 4092 832 4149 vitam
842 4096 969 4164 post
987 4096 1252 4161 mortem,
1271 4095 1327 4149 et
1347 4093 1524 4149 vitam
1547 4097 1823 4150 aeternam

174 4189 237 4244 in
270 4186 459 4262 gloria
479 4186 710 4243 Christi.
737 4188 866 4242 Hiec
891 4185 1082 4242 omnia
1101 4187 1270 4242 credo
1298 4187 1359 4244 in
1383 4189 1584 4244 Deum.
1615 4190 1818 4244 Amen.

727 4282 914 4338 Oratio
951 4282 1250 4336 Dominica.

251 4380 422 4434 Pater
445 4379 660 4444 noster,
691 4379 798 4431 etc.

767 4470 859 4526 Ad
886 4473 1236 4528 Nocturnum.

1923 1879 2096 1935 quam
2125 1863 2185 1918 in
2212 1867 2311 1918 tuo
2339 1863 2615 1935 sanguine
2641 1865 2952 1922 redemisti.
2980 1868 3084 1932 Qui
3115 1884 3342 1939 regnas.

1995 1959 2242 2030 Exurge,
2281 1957 2538 2026 Domine,
2590 1957 2650 2013 in
2678 1960 2936 2032 requiem
2980 1967 3158 2017 tuam.
3205 1963 3289 2017 Tu
3332 1980 3390 2018 es
3433 1981 3560 2019 arca

1924 2051 2380 2106 sanctiﬁcationis
2409 2055 2543 2107 tuae.
2577 2051 2907 2109 Sacerdotes
2934 2054 3017 2109 tui
3045 2054 3354 2112 induantur
3388 2057 3559 2128 justi-

1923 2149 2080 2220 tiam,
2104 2154 2160 2204 et
2191 2149 2368 2204 sancti
2393 2149 2497 2218 tui,
2529 2153 2638 2206 etc.
2667 2151 2793 2221 Qui,
2824 2155 2931 2208 etc.

1994 2244 2278 2299 Laetentur
2303 2243 2362 2298 in
2383 2247 2460 2312 te,
2489 2243 2744 2315 Domine,
2769 2261 2967 2302 omnes
2993 2246 3170 2302 sancti
3194 2247 3298 2317 tui,
3319 2249 3417 2321 qui
3437 2266 3560 2322 spe-

1924 2341 2053 2394 rant
2078 2337 2137 2392 in
2161 2342 2218 2393 te
2244 2336 2304 2392 in
2333 2337 2492 2393 omni
2530 2338 2789 2408 veritate,

2561 2447 2667 2500 Pro
2695 2445 2908 2502 abbate.

1996 2517 2270 2593 Dominus
2299 2542 2589 2595 conservet
2617 2555 2772 2610 eum,
2803 2544 2862 2595 et
2885 2539 3130 2596 viviﬁcet
3159 2557 3312 2612 eum,
3347 2545 3404 2598 et
3433 2542 3564 2599 bea-

1922 2638 2048 2688 tum
2085 2631 2252 2687 faciat
2294 2649 2427 2686 eum
2463 2631 2523 2687 in
2561 2637 2734 2688 terra.
2781 2634 3059 2690 Dominus
3099 2635 3342 2690 custodit
3388 2641 3442 2692 te
3491 2637 3562 2693 ab

1923 2721 2080 2778 omni
2101 2722 2274 2789 malo,
2291 2721 2570 2777 custodiat
2583 2722 2838 2778 animam
2864 2727 3022 2778 tuam
3049 2725 3340 2779 Dominus.
3370 2725 3560 2780 Domi-

1923 2833 2030 2872 nus
2055 2815 2333 2870 custodiat
2361 2814 2664 2871 introitum
2693 2819 2858 2872 tuum
2903 2833 2973 2872 ex
2997 2817 3105 2872 hoc
3129 2835 3280 2874 nunc
3307 2823 3364 2874 et
3386 2835 3566 2892 usque

1923 2910 1984 2966 in
2009 2909 2301 2966 saeculum.
2649 2925 2655 2930 '

1995 3004 2219 3062 Custodi
2245 3020 2372 3074 nos,
2402 3003 2658 3074 Domine,
2691 3008 2754 3061 ut
2771 3005 3052 3078 pupillam
3081 3006 3250 3076 oculi,
3299 3007 3404 3064 sub
3436 3024 3561 3065 um~

1923 3101 2026 3155 bra
2049 3099 2268 3154 alarum
2297 3102 2529 3154 tuarum
2558 3103 2794 3172 protege
2820 3117 2944 3156 nos.

1993 3197 2296 3266 Protegere
2325 3197 2381 3248 et
2409 3193 2756 3250 sanctiﬁcare
2783 3193 3035 3268 digneris
3075 3197 3340 3254 omnibus
3382 3198 3559 3256 omni-

1924 3293 2143 3362 potens.
2175 3286 2280 3355 Qui
2303 3302 2527 3360 regnas,
2552 3290 2660 3344 etc.

2497 3383 2602 3437 Pro
2619 3383 2988 3449 fraternitate.

1994 3478 2096 3544 Tu,
2125 3474 2380 3544 Domine,
2403 3474 2648 3531 servabis
2676 3491 2799 3546 nos,
2831 3479 2890 3532 et
2914 3476 3194 3534 custodias
3211 3494 3314 3535 nos
3339 3496 3372 3534 a
3393 3496 3559 3553 gene-

1923 3571 2141 3630 ratione
2166 3570 2272 3625 hac
2297 3569 2358 3624 in
2388 3575 2688 3626 aeternum.

1992 3667 2207 3724 Exaudi
2232 3667 2508 3724 orationes
2535 3670 2759 3724 nostras
2787 3683 2892 3741 pro
2929 3668 3198 3727 fratribus
3236 3672 3465 3744 nostris,
3497 3679 3559 3732 ut

1922 3763 2031 3821 illis
2057 3765 2202 3820 Deus
2227 3761 2569 3818 miserearis.

2256 3869 2364 3950 Pro
2379 3882 2514 3937 pace
2530 3866 2879 3938 populorum,
2907 3871 2958 3923 et
2983 3883 3190 3940 regum.

1995 3959 2268 4016 Dominus
2292 3959 2561 4017 virtutem
2581 3960 2790 4034 populo
2815 3977 2914 4017 suo
2941 3961 3118 4020 dabit.
3145 3963 3418 4023 Dominus
3454 3967 3554 4024 be-

1921 4054 2145 4112 nedicet
2169 4055 2378 4128 populo
2404 4071 2506 4110 suo
2523 4053 2586 4112 in
2610 4071 2768 4128 pace.

1987 4151 2191 4206 Pacem
2238 4151 2510 4224 praestare
2555 4149 2808 4224 digneris
2859 4151 3141 4224 omnibus,
3196 4154 3554 4228 omnipotens

1921 4243 2086 4300 Deus.
2115 4243 2221 4310 Qui
2248 4260 2474 4317 regnas,
2499 4246 2608 4300 etc.

2428 4349 2493 4402 In
2512 4347 3023 4418 ὁζαφὴθπιαηιίὸιιε.

1993 4439 2252 4511 Domine,
2284 4438 2670 4497 misericordia
2691 4444 2790 4496 tua
2812 4440 2874 4496 in
2898 4441 3192 4514 saeculum,
3219 4459 3390 4516 opera
3427 4461 3549 4501 ma-

251 4555 362 4610 Per
384 4552 593 4608 horam
618 4549 823 4607 mediae
863 4526 1044 4605 noctis
1080 4554 1216 4606 tunc
1253 4550 1431 4622 gavisi
1460 4555 1594 4608 sunt
1634 4553 1821 4624 angeli
1839 4526 1898 4600 Ι)
1920 4549 2103 4589 unum
2131 4537 2353 4588 tuarum
2377 4549 2451 4590 ne
2470 4532 2762 4605 despicias.

175 4648 254 4704 de
280 4645 578 4703 nativitate
615 4643 844 4700 Domini
877 4642 1055 4699 nostri
1091 4645 1221 4699 Jesu
1257 4644 1483 4700 Christi.
1525 4646 1604 4702 Ita
1637 4650 1695 4702 et
1717 4663 1823 4702 nos

175 4741 365 4798 lateri
391 4740 668 4796 debemus
694 4738 757 4794 in
781 4743 882 4796 tua
906 4742 1097 4795 sancta
1119 4754 1258 4810 pace
1277 4739 1636 4812 omnipotens
1653 4741 1819 4812 Deus,

175 4836 280 4910 qui
303 4835 473 4906 vivis,
503 4839 610 4891 etc.

766 4905 858 4961 Ad
889 4906 1240 4962 Matutinum.

250 4999 335 5053 Tu
364 5013 448 5067 es,
474 4994 732 5063 Domine,
759 4991 1133 5048 inluminator
1167 4991 1499 5066 caliginum,
1543 4994 1823 5052 conditor-

173 5107 290 5163 que
313 5091 756 5157 elementorum,
788 5086 1056 5142 remissor
1081 5086 1416 5158 criminum;
1437 5087 1822 5145 misericordia

173 5191 295 5257 tua,
329 5185 595 5255 Domine,
612 5198 824 5258 magna
845 5189 930 5239 est
955 5197 1125 5254 super
1154 5197 1249 5237 eos
1275 5181 1375 5254 qui
1403 5187 1458 5239 te
1495 5184 1610 5238 toto
1653 5183 1821 5240 corde

169 5280 506 5353 requirunt.
531 5279 790 5352 Majestas
807 5284 925 5348 tua,
941 5276 1198 5347 Domine,
1220 5293 1388 5333 mane
1407 5294 1514 5333 nos
1534 5277 1817 5347 exaudiat,

169 5379 238 5429 et
261 5375 458 5431 deleat
494 5373 696 5430 delicta
730 5377 944 5442 nostra,
989 5387 1119 5444 quae
1161 5369 1265 5426 tibi
1294 5387 1410 5428 non
1449 5375 1582 5428 sunt
1610 5371 1816 5428 abdita.

169 5469 288 5533 Qui
313 5484 548 5541 regnas,
579 5472 685 5524 etc.

696 5565 827 5619 Item
867 5561 942 5617 ad
967 5562 1320 5618 Matutinum.

251 5654 336 5710 Tu
359 5669 425 5710 es
448 5667 576 5725 spes
601 5654 660 5708 et
675 5651 846 5708 salus.
874 5650 954 5705 Tu
979 5666 1040 5707 es
1066 5648 1183 5706 vita
1209 5652 1266 5704 et
1292 5647 1486 5704 virtus.
1514 5648 1596 5704 Tu
1635 5664 1694 5704 es
1715 5648 1816 5704 ad-

164 5747 336 5819 jutor
367 5748 432 5804 in
459 5745 939 5804 tribulationibus.
982 5746 1066 5801 Tu
1103 5761 1162 5800 es
1199 5742 1461 5800 defensor
1499 5742 1818 5799 animarum

179 5845 536 5914 nostrarum,
554 5842 699 5898 Deus
721 5839 928 5898 Israhel
947 5839 1007 5896 in
1027 5837 1313 5896 omnibus.
1341 5835 1446 5906 Qui
1466 5853 1688 5911 regnas,
1708 5842 1814 5897 etc.

1991 4626 2227 4684 Domine
2245 4627 2395 4684 Deus
2419 4626 2716 4700 virtutum,
2743 4643 2817 4684 ne
2847 4631 3058 4686 statuas
3081 4629 3193 4688 illis
3213 4631 3320 4688 hoc
3345 4631 3406 4690 in
3425 4649 3552 4708 pec-

1921 4725 2130 4778 catum.

2559 4796 2664 4851 Pro
2707 4796 2910 4868 impiis.

1992 4893 2186 4950 Indica
2213 4893 2360 4964 illos,
2389 4893 2556 4964 Deus,
2587 4893 2862 4952 decedant
2885 4913 2919 4951 a
2942 4895 3375 4970 cogitationibus
3400 4899 3546 4974 suis;

1920 5003 2100 5060 usque
2125 4988 2501 5044 inritaverunt
2523 4993 2599 5060 te,
2626 4990 2886 5047 Domine.

1991 5082 2417 5139 Confundantur
2440 5083 2542 5155 illi,
2572 5084 2671 5157 qui
2696 5085 2990 5142 conﬁdunt
3012 5085 3074 5142 in
3103 5103 3182 5157 se,
3208 5091 3265 5146 et
3283 5105 3400 5146 non
3424 5107 3546 5158 nos,

1921 5177 2176 5249 Domine,
2208 5177 2306 5250 qui
2333 5177 2670 5234 conﬁdimus
2693 5179 2756 5234 in
2780 5183 2858 5235 te.

2427 5275 2532 5328 Pro
2564 5275 2666 5329 iter
2692 5274 3036 5342 facientibus.

1993 5365 2036 5422 Ο
2058 5365 2316 5434 Domine,
2345 5364 2562 5423 salvum
2580 5367 2691 5438 fac,
2707 5384 2739 5422 ο
2757 5367 3014 5441 Domine,
3031 5369 3178 5427 bene
3193 5388 3546 5446 prosperare,

1917 5461 2356 5534 Prosperitatem
2380 5460 2600 5517 itineris
2624 5465 2836 5535 praesta
2861 5463 3089 5521 famulis
3114 5466 3244 5523 tuis.
3285 5469 3412 5540 Qui,
3437 5473 3544 5524 etc.

1991 5555 2377 5612 Conﬁteantur
2406 5555 2530 5625 tibi,
2572 5557 2830 5628 Domine,
2863 5560 3057 5617 omnia
3102 5577 3273 5635 opera
3323 5565 3440 5631 tua,
3488 5565 3546 5616 et

1919 5649 2098 5706 sancti
2122 5649 2206 5707 tui
2230 5649 2606 5707 conﬁteantur
2629 5650 2752 5708 tibi.

1988 5743 2110 5798 Tibi
2133 5744 2339 5817 gratias
2377 5750 2560 5819 agunt
2597 5747 2807 5804 animus
2845 5754 3057 5806 nostrae
3098 5761 3201 5820 pro
3225 5744 3545 5805 innumeris

1919 5837 2208 5898 beneﬁciis
2235 5839 2366 5898 tuis.
2382 5841 2491 5912 Qui
2509 5858 2734 5918 regnas,
2764 5844 2872 5897 etc.
