3940 6178
444 250 544 304 599

979 358 1082 412 Pro
1101 353 1552 424 elecmosynaritls.
2093 359 2154 432 Α

519 449 812 526 Dispersit,
841 448 994 507 dedit
1017 447 1382 521 pauperibus.
1408 445 1634 504 Iustitia
1657 445 1782 519 ejus
1799 447 1991 502 manet
2014 444 2074 500 in

448 547 719 604 smeulum
744 544 955 616 saeculi,
983 560 1159 600 cornu
1175 543 1296 614 ejus
1323 541 1660 599 exaltabitur
1685 541 1745 596 in
1775 539 1976 614 gloria.

520 642 909 711 Eleemosynas
936 637 1277 694 facientibus
1312 637 1373 692 in
1417 637 1525 694 hoc
1561 636 1776 692 mundo
1802 634 2071 705 retribue,

449 737 704 804 Domine,
734 734 794 789 in
822 749 1001 806 regno
1028 737 1127 788 tuo
1153 735 1362 788 sancto.

1067 844 1170 896 Pro
1203 841 1454 910 inﬁrmis.

517 939 986 996 Exclamaverunt
1011 936 1080 991 ad
1129 934 1453 1004 Dominum,
1482 949 1612 988 cum
1647 932 2074 1000 tribularentur,

446 1037 504 1090 et
521 1035 591 1089 de
619 1031 1042 1088 necessitatibus
1068 1047 1272 1086 eorum
1295 1027 1560 1084 liberabit
1587 1043 1702 1082 eos.
1873 1091 1893 1106 _

515 1127 738 1197 Tribue,
769 1125 1022 1196 Domine,
1045 1125 1157 1180 tuis
1195 1122 1424 1179 famulis
1443 1120 1742 1177 sanitatem
1768 1120 1994 1190 mentis,
2023 1124 2080 1174 et

447 1228 714 1284 corporis.

518 1309 766 1376 Exurge,
794 1303 1054 1371 Domine,
1087 1303 1292 1374 adjuva
1324 1316 1448 1371 nos,
1477 1304 1534 1356 et
1577 1298 1794 1354 redime
1818 1314 1921 1353 nos
1944 1313 2077 1370 pro-

449 1405 577 1474 pter
599 1415 810 1456 nomen
839 1401 1021 1453 tuum.

520 1492 878 1566 Adjutorium
901 1495 1161 1546 nostrum
1186 1490 1247 1544 in
1272 1489 1502 1545 nomine
1528 1487 1775 1543 Domini.

521 1587 744 1644 Salvare
767 1603 872 1642 nos
909 1585 1164 1657 digneris
1208 1600 1312 1658 per
1343 1581 1755 1639 invocationem
1787 1579 1962 1636 sancti
1997 1579 2080 1634 tui

446 1682 718 1742 nominis.
745 1681 853 1747 Qui
879 1697 1102 1752 regnas,
1133 1683 1240 1735 etc.

1227 241 1564 300 APPENDIX
1600 242 1688 298 AD
1723 239 1946 297 OPERA
1981 235 2214 296 SANCTI
2251 232 2550 293 GERMANI
2587 229 3017 290 PARISIENSIS.

3685 237 3777 293 600

2775 341 2866 400 Ad
2907 343 3192 414 martyres.

2244 442 2409 508 Deus,
2440 438 2772 512 qui-sanctos
2798 441 2924 493 tuos
2954 453 3087 492 cum
3115 452 3386 494 mensura
3428 437 3714 510 approbas,
3739 445 3790 500 et

2173 535 2295 591 sine
2340 549 2606 589 mensura
2633 531 2938 604 gloriﬁcas,
2967 531 3127 603 cujus
3167 534 3453 604 praecepta
3486 531 3656 588 ﬁnem
3685 533 3774 590 ha-

2173 629 2328 700 bent,
2359 633 2416 684 et
2450 625 2698 700 praemia
2725 625 3036 682 terminum
3062 642 3179 682 non
3213 625 3446 691 habent,
3476 627 3670 684 exaudi
3702 645 3790 702 per

2176 724 2405 778 illorum
2437 721 2642 778 merita
2693 735 2890 792 preces
2939 723 3180 790 nostras,
3209 725 3267 776 et
3301 720 3491 776 tribue
3529 723 3592 776 ut
3616 737 3788 780 eorum

2175 817 2491 890 patrocinia
2523 815 2613 887 adi
2621 819 2794 871 uvent
2829 831 2933 870 nos
2959 815 3032 870 ad
3066 813 3200 870 ﬁdei
3236 814 3574 886 profectum,
3603 815 3672 871 ad
3699 816 3786 873 bo-

2177 927 2386 967 norum
2438 925 2676 982 operum
2725 908 3000 980 fructum,
3053 909 3124 964 ad
3154 907 3543 980 prosperitatis
3570 907 3786 982 bonum,

2177 1006 2248 1062 ad
2274 1003 2614 1060 salubritatis
2642 1003 3033 1072 commodum,
3060 1002 3132 1058 ad
3161 1001 3456 1074 religionis
3484 1003 3710 1075 cultum,
3726 1007 3786 1062 ad

2180 1099 2355 1154 divini
2380 1097 2597 1154 timoris
2643 1101 3021 1169 augmentum
3060 1113 3164 1168 per
3205 1095 3509 1152 Dominum
3557 1102 3791 1155 nostrum

2179 1195 2370 1248 Iesum
2399 1191 2687 1248 Christum
2711 1190 2915 1246 Filium
2941 1193 3126 1260 tuum,
3149 1190 3345 1264 quiest
3369 1192 3490 1246 Rex
3505 1207 3717 1263 regum,
3742 1197 3791 1248 et

2181 1274 2453 1342 Dominus
2496 1283 2936 1355 dominantium,
2995 1289 3051 1340 et
3097 1283 3278 1356 gloria
3328 1285 3670 1354 futurorum,
3717 1301 3790 1341 re-

2183 1397 2382 1452 gnans,
2422 1384 2479 1436 et
2500 1395 2846 1452 permanens
2872 1395 2985 1434 una
3017 1394 3150 1435 cum
3191 1382 3402 1436 aeterno
3429 1378 3644 1451 Spiritu
3677 1395 3791 1435 san-

2180 1479 2270 1528 sto
2295 1474 2356 1530 in
2375 1474 2579 1529 saecula
2604 1473 2962 1529 saeculorum.

2643 1576 2888 1632 ϐοηθειίο
2908 1578 3036 1646 post
3058 1577 3348 1631 canticum.
3773 1627 3776 1632 .

2253 1671 2420 1740 Deus,
2453 1670 2551 1742 qui
2590 1669 2818 1726 exeunti
2857 1685 2926 1724 ex
2965 1670 3207 1742 Egypto
3247 1669 3456 1740 populo
3499 1671 3602 1724 tuo
3643 1670 3798 1726 maria

519 1778 686 1845 Deus,
719 1775 818 1848 qui
845 1773 1050 1830 sanctis
1069 1772 1415 1844 martyribus
1439 1775 1496 1827 et
1535 1769 1728 1826 electis
1770 1768 1882 1824 tuis
1919 1783 2078 1824 coro-
2102 1741 2158 1812 Β
2183 1763 2440 1834 divisisti,
2471 1768 2527 1818 et
2553 1763 2836 1836 suspensis
2864 1763 3128 1835 utrinque
3164 1762 3520 1834 marginibus
3547 1762 3610 1817 in
3635 1763 3797 1835 specie

447 1887 583 1928 nam
627 1868 885 1940 martyrii
932 1865 1266 1940 praestitisti,
1319 1871 1376 1922 te
1411 1881 1660 1934 oramus,
1709 1862 1972 1932 Domine,
2023 1865 2084 1917 ut

449 1980 651 2020 eorum
676 1962 892 2018 meritis
920 1961 1276 2016 obtineamus
1299 1959 1544 2030 veniam,
1573 1957 1674 2031 qui
1698 1961 1930 2042 tantam
1959 1956 2081 2029 glo-

448 2059 593 2114 riam
616 2073 735 2113 non
759 2071 1072 2112 meremur.
1103 2055 1210 2120 Qui
1236 2070 1462 2126 regnas,
1491 2057 1598 2110 etc.

520 2152 604 2208 Ad
630 2155 706 2220 te,
751 2150 1013 2220 Domine,
1054 2147 1330 2204 clamabo.
1379 2148 1526 2202 Deus
1566 2163 1728 2203 meus
1757 2161 1828 2201 ne
1863 2143 2024 2200 sileas
2052 2161 2086 2198 a

451 2263 565 2302 me.

521 2339 794 2396 Dominus
847 2338 1124 2393 virtutum
1194 2336 1510 2406 nobiscum,
1561 2338 1852 2407 susceptor
1897 2337 2088 2389 noster

452 2437 602 2491 Deus
619 2433 805 2488 Jacob.

524 2527 761 2600 Adjutor
784 2529 975 2582 noster
985 2528 1130 2582 Deus
1144 2525 1310 2582 Jacob
1331 2525 1601 2581 miserere
1618 2522 1802 2592 nobis,
1829 2521 2083 2578 Domine.

453 2623 559 2689 Qui
589 2637 816 2694 regnas,
849 2624 954 2676 etc.

1074 2693 1164 2749 Ad
1196 2693 1461 2748 collectas.

525 2789 758 2844 Sanctus
783 2786 842 2842 in
869 2785 1094 2854 sanctis,
1141 2787 1338 2858 Agnus
1363 2783 1779 2860 immaculatus,
1814 2782 2090 2854 gloriosus

453 2883 514 2938 in
534 2881 707 2948 caelis,
741 2880 1016 2936 mirabilis
1041 2879 1098 2935 in
1128 2879 1313 2950 terris,
1359 2883 1568 2950 praesta
1603 2877 1790 2946 nobis,
1832 2876 2087 2948 Domine,

453 2975 766 3031 secundum
792 2990 1066 3046 magnam
1095 2972 1544 3028 misericordiam
1571 2975 1752 3042 tuam,
1772 2973 1940 3039 Deus,
1963 2987 2091 3044 quae

456 3073 513 3124 te
536 3067 783 3140 petimus
811 3070 868 3122 et
891 3083 1136 3121 oramus.
1177 3066 1284 3130 Qui
1313 3081 1537 3136 regnas.

1063 3173 1154 3229 Ad
1197 3176 1484 3242 martyres.

529 3273 824 3326 Eternum
861 3267 1082 3322 virtutis
1118 3271 1234 3322 tuae
1280 3281 1495 3322 nomen
1549 3265 1907 3337 omnipotens
1950 3267 2092 3322 Deus

457 3381 706 3434 oramus,
753 3363 836 3418 uti
881 3378 984 3417 nos
1020 3365 1338 3433 martyrum
1378 3364 1435 3416 et
1472 3359 1732 3414 omnium
1769 3363 2090 3415 sanctorum

455 3463 687 3516 tuorum
709 3457 925 3513 meritis
951 3455 1130 3512 socios
1156 3456 1266 3511 ﬁde
1287 3472 1474 3527 pares,
1498 3453 1792 3510 devotione
1809 3457 2092 3522 strenuos,

457 3553 714 3628 passione
741 3551 1062 3607 consimiles
1089 3551 1150 3606 in
1188 3549 1601 3607 resurrectione
1627 3548 1880 3604 felicium
1923 3548 2094 3604 facias

461 3645 762 3720 comquari.
790 3646 897 3711 Qui
914 3663 1138 3717 regnas,
1173 3648 1279 3700 etc.

533 3741 793 3797 Miserere
821 3739 956 3808 mei,
984 3740 1148 3809 Deus,
1182 3739 1494 3794 secundum
1521 3754 1812 3810 magnam,
1843 3741 1950 3793 etc.

535 3833 762 3902 Tribue,
788 3832 1044 3902 Domine,
1073 3831 1396 3903 petentibus
1433 3836 1489 3887 te
1530 3847 1600 3886 ex
1633 3831 1744 3904 ﬁde
1785 3831 2097 3886 secundum

470 3943 740 4000 magnam
755 3925 1202 3982 misericordiam
1221 3930 1402 3995 tuam,
1426 3926 1596 3995 Deus,
1627 3925 1725 3996 qui
1741 3941 1964 3997 regnas,
1989 3929 2096 3980 etc.

1051 4030 1142 4085 Ad
1171 4033 1521 4088 Nocturnum.

537 4124 716 4180 Media
738 4128 902 4180 nocte
933 4125 1177 4178 clamore
1207 4125 1374 4193 facto,
1396 4127 1461 4178 ut
1481 4138 1583 4178 nos
1611 4121 1968 4177 inveniamur
1997 4137 2098 4193 pa-

469 4219 576 4275 rati
599 4235 822 4291 sponso,
843 4218 943 4290 qui
973 4233 1198 4290 regnas,
1228 4223 1334 4273 etc.

1039 4329 1130 4384 Ad
1175 4329 1532 4384 Matutinum.

540 4424 687 4478 Deus
713 4424 860 4479 Deus
883 4425 1096 4492 noster,
1125 4423 1196 4477 ad
1224 4426 1280 4476 te
1308 4422 1379 4477 de
1407 4421 1530 4476 luce
1549 4419 1782 4492 vigilare
1809 4421 2097 4491 debemus,

2183 1857 2334 1913 muri
2359 1856 2504 1929 erigi
2531 1857 2744 1913 fluenta
2761 1855 2998 1928 jussisti,
3027 1856 3244 1911 animas
3274 1873 3501 1929 quoque
3537 1861 3746 1912 nostras
3770 1874 3799 1911 a

2183 1951 2391 2007 diluvio
2418 1956 2780 2023 peccatorum
2811 1950 3054 2006 liberare
3083 1949 3354 2022 digneris,
3386 1956 3453 2006 ut
3477 1951 3716 2007 transire
3735 1951 3800 2005 vi-

2183 2045 2393 2102 tiorum
2419 2045 2706 2118 gurgitem
2731 2045 3016 2101 valeamus
3046 2045 3206 2100 hoste
3248 2049 3602 2117 contempto,
3643 2043 3801 2101 Salva-

2185 2143 2273 2194 tor
2306 2139 2527 2209 mundi,
2559 2139 2659 2210 qui
2693 2155 2826 2194 cum
2865 2145 3076 2194 aeterno
3107 2139 3270 2193 Patre
3313 2137 3476 2208 vivis,
3507 2138 3801 2194 dominaris

2185 2249 2248 2288 ac
2267 2249 2470 2306 regnas
2506 2249 2638 2289 cum
2678 2232 2895 2304 Spiritu
2919 2235 3110 2287 sancto
3136 2232 3198 2286 in
3223 2233 3426 2288 saecula
3457 2232 3799 2288 saeculorum.

2417 2347 2663 2405 Collectio
2683 2348 2809 2416 post
2838 2345 3250 2400 benedictionem
3273 2360 3589 2416 puerorum.

2257 2439 2470 2496 Exaudi
2506 2455 2704 2512 preces
2727 2442 2968 2508 nostras,
2991 2437 3356 2510 omnipotens
3382 2439 3550 2510 Deus,
3584 2444 3650 2495 et
3671 2455 3800 2512 pra:-

2185 2539 2271 2589 sta
2293 2538 2357 2589 ut
2375 2533 2519 2589 sicut
2542 2533 2604 2588 in
2633 2533 2924 2589 decantato
2954 2532 3170 2604 hymno
3211 2533 3376 2588 beata
3400 2548 3713 2604 puerorum
3728 2533 3804 2588 in-

2187 2628 2381 2684 stituta
2406 2631 2706 2696 sectamur,
2735 2627 2816 2683 ita
2833 2630 2934 2684 tuo
2959 2643 3196 2684 munere
3223 2631 3584 2698 peccatorum
3617 2627 3807 2700 laqueis

2187 2721 2428 2777 absoluti
2452 2721 2652 2778 aeterni
2675 2721 2824 2794 ignis
2860 2737 2976 2776 non
3021 2720 3345 2776 ambiamur
3385 2721 3666 2778 incendiis
3713 2720 3811 2778 Sal-

2189 2821 2346 2872 vator
2363 2815 2584 2888 mlmdi,
2614 2815 2713 2889 qui
2738 2831 2871 2870 cum
2894 2817 3056 2870 Patre
3084 2815 3245 2884 vivis,
3273 2819 3380 2871 etc.

2606 2930 2852 2988 Collectio
2866 2931 2990 2999 post
3016 2931 3122 2983 tres
3140 2927 3400 2998 psalmos.

2261 3025 2354 3094 Te,
2384 3023 2641 3093 Domine,
2682 3022 2752 3078 de
2789 3021 2938 3077 caelis
2975 3021 3292 3090 laudamus,
3321 3019 3424 3076 tibi
3445 3024 3513 3076 ut
3537 3022 3810 3076 canticum

2111 3118 2165 3191 Ο
2190 3133 2402 3173 novum
2434 3121 2660 3172 cantare
2687 3131 3032 3172 mereamur.
3059 3117 3135 3172 Te
3180 3114 3492 3170 Dominum
3528 3115 3594 3170 in
3626 3116 3812 3170 sanctis

2190 3213 2304 3266 tuis
2329 3210 2726 3267 venerabiliter
2745 3211 3136 3282 deprecamur,
3166 3213 3227 3264 ut
3258 3209 3450 3264 omnia
3483 3214 3683 3266 nostra
3699 3213 3813 3264 vota

2191 3305 2479 3377 suscipias,
2510 3307 2736 3376 peccata
2762 3303 3034 3373 dimittas,
3069 3303 3321 3358 Salvator
3346 3302 3567 3359 mundi.
3614 3303 3717 3368 Qui
3743 3319 3816 3358 re—

2195 3415 2356 3472 gnas,
2381 3403 2487 3454 etc.

2614 3470 2860 3528 Collectio
2877 3473 3003 3540 post
3027 3469 3407 3539 Euangelium.

2266 3564 2588 3620 Exultantes
2630 3563 2834 3636 gaudio
2879 3579 2985 3635 pro
3027 3562 3251 3618 reddita
3281 3561 3451 3617 nobis
3497 3563 3674 3636 hujus
3712 3561 3810 3619 diei

2196 3660 2321 3715 luce
2346 3658 2724 3730 omnipotenti
2750 3658 2865 3713 Deo
2893 3657 3088 3712 laudes
3125 3655 3450 3730 gratiasque
3496 3657 3811 3723 referamus,

2196 3753 2370 3825 ipsius
2389 3751 2833 3808 misericordiam
2860 3751 3240 3820 obsecrantes,
3261 3755 3324 3806 ut
3349 3750 3504 3806 diem
3533 3751 3812 3808 dominica

2199 3846 2643 3904 Resurrectienis
2679 3846 2841 3902 nobis
2883 3845 3216 3904 solemniter
3259 3844 3698 3916 celebrantibus,
3725 3862 3814 3918 pa-

2199 3959 2322 3998 cem
2345 3947 2404 3998 et
2425 3940 2914 4012 tranquillitatem,
2949 3939 3207 3995 laetitiam
3241 3943 3514 4012 prastare
3544 3940 3815 4013 dignetur,

2199 4042 2309 4092 uta
2329 4035 2521 4109 vigilia
2535 4035 2812 4091 matutina
2826 4050 3008 4107 usque
3035 4034 3106 4090 ad
3123 4037 3354 4090 noctem
3378 4034 3698 4090 clementiae
3715 4049 3820 4088 suae

2200 4133 2387 4188 favore
2411 4129 2671 4202 protecti,
2708 4129 3027 4186 exultantes
3053 4128 3248 4183 laetitia
3289 4133 3569 4201 perpetua
3602 4128 3822 4200 gaudea-

2199 4242 2328 4281 mus
2355 4241 2456 4296 per
2480 4223 2786 4280 Dominum
2812 4226 3070 4279 nostrum
3098 4223 3291 4279 Iesum
3310 4222 3625 4279 Christum.
3656 4226 3757 4278 etc.

2767 4327 2940 4397 Super
2979 4326 3257 4396 hymnum.

2271 4421 2468 4477 Sancte
2497 4419 2752 4490 Domine,
2781 4419 3163 4489 inluminatio,
3185 4423 3242 4474 et
3260 4419 3410 4473 salus
3433 4435 3568 4474 vera
3597 4416 3823 4475 creden-

469 4522 525 4573 et
548 4519 613 4572 tu
638 4517 814 4572 excita
843 4517 912 4572 de
939 4517 1097 4588 gravi
1123 4533 1339 4586 somno,
1370 4519 1426 4570 et
1451 4515 1628 4571 libera
1659 4515 1730 4571 de
1761 4531 1957 4587 sopore
1984 4515 2107 4571 ani-
2127 4502 2188 4574 D
2210 4515 2378 4585 tibus,
2407 4513 2763 4570 Resurrectio
2793 4513 3102 4569 Dominicaa
3128 4513 3415 4583 claritatis,
3441 4512 3722 4570 inlumina
3741 4525 3828 4565 cor

473 4627 596 4666 mas
619 4615 860 4680 nostras,
891 4615 948 4666 et
975 4610 1036 4664 in
1063 4610 1346 4665 cubilibus
1385 4609 1592 4665 nostris
1632 4625 2104 4682 compungamur,

475 4708 534 4758 ut
555 4703 638 4759 tui
663 4719 779 4758 esse
804 4720 1088 4758 memores
1109 4720 1453 4759 mereamur.
1471 4703 1578 4768 Qui
1600 4719 1824 4774 regnas,
1857 4707 1963 4758 etc.

541 4799 624 4854 Tu
649 4814 708 4853 es
730 4814 858 4871 spes
877 4801 934 4853 et
959 4798 1130 4852 salus.
1158 4799 1241 4853 Tu
1267 4815 1326 4853 es
1354 4797 1467 4852 vita
1505 4802 1562 4852 et
1586 4797 1786 4855 virtus.
1816 4799 1899 4852 Tu
1923 4813 1982 4853 es
2006 4798 2106 4854 ad-

459 4893 626 4965 jutor
649 4891 710 4948 in
733 4891 1214 4948 tribulationibus.
1243 4893 1326 4946 Tu
1375 4907 1434 4946 es
1475 4891 1736 4947 defensor
1785 4891 2110 4948 animarum

469 4991 816 5056 nostrarum,
883 4988 1030 5042 Deus
1103 4985 1335 5055 Israhel,
1404 4985 1464 5040 in
1527 4985 1808 5042 omnibus.
1864 4986 1968 5053 Qui
2017 5003 2106 5042 re-

473 5096 633 5151 gnas,
665 5085 774 5136 etc.

1054 5152 1144 5208 Ad
1171 5155 1524 5210 Matutinum.

547 5245 591 5300 Ο
623 5244 722 5316 qui
741 5245 806 5304 in
831 5245 958 5301 altis
985 5246 1226 5315 habitas,
1243 5248 1317 5314 ‘et
1340 5245 1580 5301 humilia
1594 5244 1838 5317 ,respicis
1871 5245 1931 5300 in
1967 5246 2106 5300 caelo

473 5343 530 5395 et
553 5337 616 5393 in
644 5343 814 5409 terra,
846 5339 904 5394 in
929 5341 1072 5395 mari
1112 5345 1168 5396 et
1203 5341 1261 5394 in
1293 5340 1558 5395 omnibus
1596 5339 1828 5412 abyssis,
1869 5338 1937 5394 de
1972 5355 2106 5410 pro-

471 5429 649 5488 fundo
677 5433 860 5489 cordis
904 5439 958 5489 te
995 5434 1388 5506 deprecamur,
1416 5439 1483 5488 ut
1514 5435 1707 5490 ﬁrmes
1745 5449 1948 5488 manus
1975 5449 2105 5488 nos-

469 5531 585 5584 tras
613 5527 686 5582 ad
706 5527 988 5600 prmlium,
1013 5532 1070 5583 et
1089 5529 1294 5601 digitos
1327 5533 1548 5584 nostros
1595 5528 1666 5584 ad
1715 5527 1948 5598 bellum,
1990 5543 2106 5600 quo

471 5638 780 5694 possumus
809 5623 868 5678 in
899 5623 1184 5680 matutino
1214 5623 1534 5680 interﬁcere
1564 5639 1761 5679 omnes
1787 5627 2106 5696 peccatores

469 5719 639 5772 terrae
665 5721 874 5774 nostrae
899 5735 962 5772 ac
989 5734 1094 5772 nos
1118 5717 1356 5774 indeﬁce
1383 5732 1706 5772 mereamur
1729 5723 1787 5774 et
1827 5719 2106 5791 templum

472 5814 728 5868 sanctum
747 5815 912 5868 tuum
939 5809 1178 5870 Christe.
1212 5810 1319 5878 Qui
1343 5826 1566 5883 regnas,
1595 5815 1701 5867 etc.

2207 4613 2567 4680 nostrum,ut
2589 4607 2856 4663 trinitatis
2883 4606 3132 4674 scientia,
3162 4611 3221 4664 et
3239 4607 3471 4662 unitatis
3489 4605 3830 4679 cognitione,

2208 4702 2309 4757 ﬁlii
2327 4702 2487 4772 lucis,
2515 4705 2572 4756 et
2598 4700 2857 4757 membra
2879 4699 3106 4763 Christi,
3124 4717 3188 4754 ac
3204 4700 3489 4772 templum
3517 4699 3696 4756 sancti
3725 4696 3834 4770 Spi-

2208 4797 2351 4851 ritus
2375 4811 2494 4852 esse
2531 4811 2876 4866 mereamur,
2909 4793 3008 4868 qui
3031 4809 3241 4868 regnas
3278 4794 3339 4850 in
3385 4795 3592 4851 saecula
3617 4791 3837 4850 saeculo-

2209 4906 2361 4945 rum.

2801 4963 2875 5016 De
2897 4960 3251 5030 martyribus.

2281 5055 2343 5110 Hi
2383 5058 2534 5126 sunt,
2578 5053 2838 5122 Domine,
2863 5053 2987 5126 qui,
3018 5052 3173 5108 felici
3201 5068 3402 5110 cruore
3440 5053 3680 5126 perfusi,
3705 5051 3838 5108 dum

2207 5149 2589 5206 blandientem
2627 5147 2826 5204 mundi
2871 5147 3044 5220 hujus
3067 5146 3409 5202 inlecebram
3436 5147 3686 5219 gloriosa
3711 5161 3836 5219 pas-

2209 5245 2363 5300 sione
2405 5242 2744 5315 despiciunt,
2775 5244 3019 5298 mortem
3049 5247 3237 5297 morte
3275 5241 3548 5310 vicerunt,
3588 5239 3844 5295 conside-

2209 5343 2507 5410 rantcsque
2534 5335 2795 5392 tenebras
2823 5335 2996 5408 hujus
3020 5335 3162 5391 lucis
3179 5339 3332 5390 certo
3349 5335 3612 5402 termino,
3639 5350 3708 5388 ac
3731 5332 3844 5387 ﬁne

2207 5431 2469 5500 ruiturus,
2516 5433 2879 5501 sumpserunt
2920 5429 2990 5486 de
3025 5445 3190 5502 poma
3226 5428 3422 5500 vitam,
3461 5433 3516 5484 et
3547 5427 3624 5483 de
3661 5433 3848 5483 morte

2207 5525 2516 5581 victoriam.
2545 5525 2834 5596 Rogamus
2869 5527 2948 5595 te,
2975 5522 3214 5594 Christe,
3241 5526 3307 5578 ut
3333 5539 3526 5579 eorum
3567 5521 3847 5594 precibus

2205 5619 2460 5692 adjuvari
2485 5634 2830 5690 mereamur,
2853 5634 3100 5691 quorum
3127 5623 3418 5674 consortes
3434 5633 3546 5674 esse
3565 5633 3698 5672 non
3723 5633 3850 5689 pos-

2206 5730 2402 5770 sumus
2430 5729 2533 5784 per
2559 5719 2635 5784 te,
2663 5712 3019 5788 Christe,qu
3037 5728 3172 5770 cum
3195 5712 3357 5770 Patre
3385 5711 3538 5782 vivis,
3563 5711 3844 5767 domina-

2207 5809 2303 5881 ris,
2335 5813 2392 5864 et
2413 5823 2636 5882 regnas.
