3940 6178
210 283 280 334 601
1061 275 1611 332 ΑΝΤΙΡΗΟΝΑΗΙΠΜ
1651 276 2052 336 MONASTERII
2092 283 2610 342 BENCHORENSIS.

441 385 605 455 Super
630 384 935 439 Cantemus
963 383 1202 438 Domino
1231 383 1493 454 gloriam.
1804 400 1861 472 Α

257 484 399 549 Deus,
431 478 522 552 qui
559 477 765 534 cotidie
795 477 1074 551 populum
1121 482 1284 534 tuum
1318 479 1462 551 jugo
1505 479 1780 551 Egyptiac

199 575 442 635 servitutis
467 573 717 643 absolvis,
751 577 807 628 et
833 590 937 645 per
963 573 1174 628 ﬂuenta
1200 574 1463 644 spiritalis
1488 574 1695 629 lavacri
1724 575 1781 630 in

199 679 376 728 terram
411 667 851 740 repromissionis
888 668 1103 723 devicto
1141 669 1300 723 hoste
1341 670 1674 725 transducis.
1705 671 1782 723 Da

196 766 329 822 nobis
355 765 419 820 de
463 763 726 818 vitiorum
766 762 1196 834 impugnatione
1241 762 1554 831 victoriam,
1593 770 1647 819 et
1691 765 1782 818 de-

194 861 325 916 victis
351 858 584 914 tenebris
612 856 820 912 nostris
845 857 1089 912 deducas
1124 857 1515 913 heereditatem
1543 858 1602 912 in
1641 857 1778 912 San-

190 955 391 1024 ctuario,
432 953 576 1025 quod
617 956 1077 1024 praeparaverunt
1121 968 1322 1006 manus
1363 957 1494 1022 tuae,
1533 953 1782 1008 Salvator

191 1050 377 1118 mundi,
405 1049 497 1120 qui
527 1063 656 1102 cum
686 1051 920 1116 aeterno,
951 1051 1057 1101 etc.

402 1144 567 1212 Super
595 1142 1005 1196 benedictionem
1033 1143 1196 1195 trium
1220 1156 1528 1211 puerorum.

245 1239 425 1292 Sancte
455 1236 708 1300 Domine,
740 1240 796 1289 et
835 1235 1073 1305 gloriose
1114 1234 1463 1290 mirabilium
1507 1234 1781 1290 virtutum

185 1331 394 1394 cﬂ'ector,
425 1329 520 1400 qui
551 1329 732 1383 tribus
763 1329 954 1400 pueris
980 1329 1128 1385 inter
1154 1329 1428 1400 supplicia
1461 1328 1781 1383 constitutis

186 1426 394 1493 adsistis,
421 1424 508 1478 cui
538 1424 750 1478 factum
776 1424 936 1478 facile
966 1429 1051 1478 est
1075 1423 1298 1495 ignium
1328 1428 1646 1494 temperare
1672 1439 1774 1477 na-

186 1526 362 1585 turam,
390 1524 443 1574 et
477 1519 593 1572 vim
640 1518 1059 1589 quodammodo
1110 1516 1491 1572 exustantium
1525 1533 1780 1572 coercere

186 1614 528 1682 ﬂammarum,
559 1619 624 1668 ut
648 1612 796 1666 inter
821 1611 1080 1667 incendia
1116 1611 1324 1683 frigida
1365 1612 1643 1682 hymnum
1680 1609 1780 1664 tibi

184 1712 409 1762 canentes
447 1723 581 1760 cum
624 1723 833 1778 magna
873 1706 1103 1761 victoria
1146 1707 1483 1772 exultarent,
1523 1704 1779 1759 eamdem

3406 291 3509 345 602

2366 397 2497 450 Item
2516 398 2642 465 post
2685 396 3018 452 Benedicite.

1955 489 2121 556 Deus,
2155 489 2254 559 qui
2285 493 2396 543 tres
2421 505 2626 560 pueros
2651 490 2720 544 de
2746 490 2972 546 fornace
2998 491 3275 563 eripuisti,
3305 493 3383 548 sic
3409 511 3510 549 nos

1883 581 2086 653 eripias
2113 583 2182 638 de
2208 582 2498 654 suppliciis
2522 583 2748 654 inferni,
2771 585 2870 656 qui
2890 602 3094 657 regnas
3120 586 3182 641 in
3211 589 3436 642 saecula.

2189 685 2314 736 Post
2333 683 2576 737 Laudate
2603 684 2907 739 Dominum
2933 685 3002 740 de
3028 685 3198 740 caelis.

1952 777 2024 829 Te
2049 776 2366 844 laudamus,
2396 777 2651 846 Domine,
2687 796 2816 833 cum
2845 780 3047 833 sanctis
3073 779 3202 846 tuis,
3230 784 3294 834 ut
3319 797 3511 850 preces

1881 874 2099 923 nostras
2125 869 2406 941 suscipere
2436 872 2704 942 digneris,
2737 873 2834 944 qui
2859 890 3081 944 regnas,
3113 877 3216 928 etc.

2431 969 2554 1021 Post
2582 969 2957 1036 Euangelium.

1953 1059 2368 1130 Resurgentem
2405 1059 2463 1113 in
2490 1060 2595 1114 hoc
2623 1060 2871 1115 diluculo
2899 1062 3199 1116 Dominum
3243 1063 3508 1133 depreca-

1884 1167 2035 1218 mur,
2070 1158 2136 1207 ut
2179 1157 2234 1207 et
2271 1169 2372 1207 nos
2413 1153 2471 1207 in
2510 1154 2683 1208 vitam
2727 1160 2995 1211 aeternam
3022 1172 3386 1228 resurgamus
3412 1175 3512 1230 per

1883 1247 2077 1301 omnia
2102 1247 2304 1302 saecula
2329 1249 2686 1303 saeculorum.

2487 1345 2610 1397 Post
2637 1344 2913 1411 hymnum.

1952 1436 2436 1492 Resurrectionem
2494 1442 2672 1505 tuam,
2715 1437 2954 1507 Christe,
3002 1454 3356 1509 veneramur,
3413 1458 3514 1512 per

1881 1548 2052 1604 quam
2078 1532 2138 1586 in
2163 1536 2442 1588 aeternum
2471 1532 2674 1586 salvari
2703 1548 3028 1588 mereamur
3053 1550 3158 1606 per
3192 1534 3382 1589 omnia
3406 1553 3509 1590 sm-

1882 1626 2004 1679 cula
2015 1669 2027 1680 .

1952 1720 2169 1775 Christe
2197 1721 2360 1790 Deus,
2391 1721 2488 1792 qui
2513 1721 2570 1774 in
2601 1722 2837 1775 salutem
2864 1721 3058 1792 populi
3080 1721 3164 1777 tui
3195 1723 3400 1777 Israhel
3421 1724 3516 1778 ad-

184 1818 322 1868 nunc,
351 1800 608 1868 Domine,
647 1801 718 1856 ad
756 1800 1094 1867 liberandos,
1141 1816 1205 1853 ac
1260 1799 1638 1869 protegendos
1677 1814 1778 1853 nos

1926 1818 2029 1869 utor
2061 1819 2117 1869 et
2148 1819 2431 1886 protector
2457 1815 2630 1880 fuisti,
2663 1831 2832 1886 quem
2858 1832 2961 1886 per
2986 1816 3195 1870 siccum
3248 1834 3403 1872 mare
3443 1818 3513 1872 ab

183 1896 299 1950 dona
326 1895 609 1964 virtutem,
639 1895 887 1950 Salvator
911 1893 1132 1948 mundi.

426 1990 602 2060 Super
623 1990 865 2044 Laudate
893 1988 1195 2043 Dominum
1222 1987 1291 2042 de
1321 1987 1488 2042 caelis.

235 2085 391 2149 Quem
431 2087 635 2138 cuncta
667 2082 848 2138 canite
876 2083 1161 2138 elementa
1185 2082 1490 2136 Dominum
1523 2081 1773 2136 laudent.

181 2179 322 2248 Cujus
367 2179 642 2233 confessio
682 2194 837 2231 sacra
885 2176 1081 2231 eadem
1128 2177 1185 2230 in
1226 2176 1380 2243 cmlo,
1429 2178 1485 2229 et
1522 2180 1690 2242 terra,
1722 2178 1778 2229 et

180 2272 382 2344 pignora
408 2271 539 2326 Sion
574 2288 781 2325 novum
808 2271 1025 2324 tonanti
1054 2269 1219 2324 dicite
1247 2271 1553 2340 hymnum,
1573 2267 1776 2323 facturi

173 2366 411 2436 judicium
461 2366 744 2421 nefandiis
778 2365 833 2418 in
874 2366 984 2418 fine
1011 2363 1412 2435 conscriptum,
1445 2363 1776 2434 perstrepite

178 2459 374 2513 diversis
405 2459 690 2530 spiritales
717 2457 973 2511 melodiae
1006 2457 1207 2523 modis,
1241 2461 1300 2511 ut
1331 2456 1617 2511 Christum
1641 2472 1771 2510 con-

179 2553 372 2608 laudent
406 2553 640 2624 spiritus
679 2569 783 2625 per
823 2551 984 2606 saecla
1022 2567 1237 2620 omnes,
1287 2550 1386 2622 qui
1430 2567 1559 2605 cum
1613 2551 1773 2604 Patre

179 2646 302 2700 vivit.

713 2720 884 2787 Super
919 2718 1206 2770 canticum.

234 2802 359 2855 Deus
406 2803 504 2874 qui
539 2801 774 2871 impiam
801 2802 1107 2870 Egyptum
1133 2798 1376 2854 dienniis
1403 2797 1771 2869 corruptioni-

175 2894 258 2949 bus
280 2896 494 2966 multas,
528 2899 589 2949 et
614 2895 791 2949 diviso
825 2909 979 2947 mare
1005 2894 1238 2964 planum
1268 2893 1375 2947 iter
1402 2893 1610 2964 papula
1636 2907 1778 2963 prae-

176 2993 280 3059 stas,
305 3006 489 3061 preces
516 2989 750 3057 exaudi,
784 3003 1128 3059 quaesumus,
1162 2991 1404 3054 nostras,
1437 2991 1493 3040 et
1525 3003 1626 3040 nos
1669 3002 1770 3040 no-

174 3082 276 3137 stris
303 3085 477 3140 taliter
500 3083 763 3138 hostibus
800 3083 968 3151 salva,
1001 3081 1246 3137 Salvator
1273 3080 1490 3135 mundi.
1535 3079 1640 3144 Qui
1684 3095 1774 3134 re-

176 3193 307 3248 gnas,
334 3184 435 3234 etc.

401 3276 527 3328 Post
566 3272 971 3328 benedictionem
997 3273 1161 3325 trium
1183 3285 1493 3340 puerorum.

230 3357 371 3420 Deus,
410 3358 508 3429 qui
569 3355 756 3427 pueris
801 3355 909 3410 fide
946 3354 1289 3409 ferventibus
1333 3353 1576 3407 fornacis
1606 3353 1775 3406 llam-

172 3465 296 3505 mam
324 3452 594 3524 frigidam
628 3450 782 3516 facis,
821 3454 877 3504 et
907 3450 1089 3504 tribus
1121 3448 1337 3503 invictis
1365 3451 1543 3502 morte
1570 3447 1784 3502 devicta

173 3551 374 3613 quartus
390 3545 638 3613 adsistis,
662 3560 964 3616 precamur
979 3542 1144 3597 nobis
1159 3543 1385 3596 aestibus
1411 3541 1597 3595 carnis
1613 3542 1781 3595 talem

171 3636 401 3694 virtutem
447 3644 687 3712 praestes
731 3637 942 3693 adustis
993 3653 1094 3709 per
1137 3640 1213 3705 te,
1263 3638 1390 3690 Jesu
1419 3635 1656 3703 Christe,
1683 3635 1782 3705 qui

171 3747 364 3803 regnas,
393 3738 500 3789 etc.

435 3833 570 3884 Post
595 3827 836 3881 Laudate
870 3826 1174 3880 Dominum
1205 3825 1273 3878 de
1306 3824 1477 3878 caelis.

228 3917 358 3971 Deus
384 3923 605 3985 noster,
628 3917 774 3972 Deus
799 3915 1055 3970 omnium
1097 3913 1439 3981 animarum,
1488 3916 1543 3966 te
1581 3911 1776 3965 adora-

169 4025 292 4080 mus,
322 4012 459 4066 utin
487 4013 603 4066 hac
632 4010 826 4082 vigilia
849 4007 1262 4080 solempnitatis
1282 4009 1352 4062 ad
1377 4006 1545 4061 missa
1575 4021 1774 4077 perve-

168 4103 269 4157 nire
308 4111 565 4176 przrstes,
602 4121 714 4175 quo
742 4120 923 4174 usque
957 4104 1206 4158 tenebrae
1238 4101 1552 4173 iniquitatis
1577 4104 1780 4154 nostras

168 4204 550 4254 convertantur
574 4199 634 4253 in
667 4198 902 4266 lumine,
933 4197 1075 4251 sicut
1100 4198 1181 4250 sol
1211 4196 1269 4250 in
1310 4195 1547 4252 meridie
1589 4194 1778 4266 splen-

167 4291 334 4361 descit,
367 4295 630 4349 Salvator
651 4292 872 4361 mundi,
897 4292 995 4363 qui
1020 4307 1249 4362 regnas,
1278 4295 1385 4346 etc.

704 4390 828 4442 Post
856 4387 1230 4456 Euangelium.

229 4478 594 4545 Dominicam,
619 4480 823 4530 nostra:
854 4474 1296 4530 Resurrectionis
1338 4472 1584 4537 initium,
1617 4487 1780 4527 vene-

1800 3160 1853 3234 C

1878 1911 2116 1980 Egypto
2139 1909 2365 1978 duxisti,
2395 1910 2542 1962 salva
2566 1925 2667 1962 nos
2687 1909 2793 1963 hoc
2825 1909 2990 1964 modo
3020 1910 3089 1963 ab
3110 1911 3251 1982 jugo
3279 1911 3509 1982 peccati.

1876 2003 1983 2068 Qui
2007 2019 2210 2074 regnas
2238 2004 2298 2058 in
2328 2004 2548 2058 saecula.

2233 2101 2360 2153 Post
2383 2101 2642 2167 hymnum
2671 2102 2835 2153 trium
2854 2115 3167 2168 puerorum.

1948 2195 2022 2247 Te
2050 2192 2222 2261 enim,
2254 2192 2613 2264 omnipotens
2637 2194 2802 2262 Deus,
2829 2192 3212 2248 benedicimus
3231 2194 3382 2264 jure,
3415 2193 3514 2266 qui

1880 2292 1990 2342 tres
2014 2303 2219 2358 pueros
2245 2287 2493 2343 liberasti
2509 2288 2578 2341 ab
2603 2287 2756 2359 igne,
2781 2305 2882 2342 nos
2903 2304 3127 2359 quoque
3147 2288 3215 2342 de
3241 2288 3514 2359 supplicio

1876 2383 2073 2436 mortis
2115 2386 2341 2436 aeternae
2386 2387 2617 2454 propter
2653 2382 3098 2438 misericordiam
3142 2386 3298 2437 tuam
3338 2382 3512 2454 eripe,

1874 2477 1971 2548 qui
1999 2493 2221 2548 regnas,
2253 2481 2359 2532 etc.

2184 2574 2311 2626 Post
2332 2571 2576 2626 Laudate
2608 2571 2914 2626 Dominum
2943 2572 3012 2626 de
3039 2571 3208 2626 caelis.

1948 2666 2093 2719 Deus
2130 2664 2400 2719 altissime
2444 2667 2598 2733 Rex,
2645 2668 2982 2737 angelorum
3023 2667 3185 2733 Deus,
3229 2665 3349 2719 laus
3391 2682 3510 2719 om-

1876 2758 2037 2812 nium
2067 2759 2501 2825 elementorum,
2548 2761 2691 2814 Deus
2737 2759 2948 2830 glorias,
2988 2764 3044 2813 et
3081 2758 3352 2812 exultatio
3394 2775 3518 2812 san-

1875 2855 2118 2917 ctorum,
2145 2851 2361 2906 custodi
2392 2851 2610 2907 animas
2660 2869 2952 2908 servorum
2994 2855 3246 2919 tuorum,
3285 2851 3384 2922 qui
3421 2867 3510 2906 re-

1881 2962 2017 3018 gnas
2043 2945 2103 3000 in
2123 2945 2346 3000 saecula.

2432 3022 2560 3073 Post
2587 3021 2970 3088 Euangelium.

1946 3103 2192 3168 Canticis
2221 3112 2566 3184 spiritalibus
2592 3113 2910 3168 delectatim
2937 3129 3061 3182 nos,
3095 3110 3335 3177 Christe,
3379 3127 3514 3165 con-

1879 3211 2141 3263 sonantes
2179 3207 2432 3262 canimus
2473 3207 2597 3277 tibi,
2643 3207 2848 3280 quibus
2899 3212 2998 3262 tua
3047 3206 3300 3276 Majestas
3343 3203 3520 3276 possit

1883 3301 2116 3373 placari,
2150 3301 2332 3356 oblata
2366 3301 2546 3356 laudis
2579 3301 2760 3356 hostia
2793 3301 3048 3372 spiritali,
3093 3299 3191 3370 qui
3218 3302 3404 3353 tecum
3432 3297 3514 3352 vi-

1882 3396 1979 3463 vit,
2005 3400 2111 3451 etc.

2352 3469 2494 3548 .Item
2513 3471 2637 3536 post
2665 3467 3041 3532 Euangelium.

1955 3559 2208 3615 Diluculo
2234 3559 2374 3614 lucis
2413 3562 2652 3613 Auctore
2689 3562 3042 3629 resurgente,
3094 3557 3414 3612 exultemus
3457 3555 3518 3612 in

1885 3655 2143 3722 Domino,
2167 3653 2381 3708 devicta
2399 3658 2601 3719 morte,
2629 3669 2742 3722 quo
2761 3656 2989 3723 peccata
3000 3651 3277 3722 possimus
3295 3666 3520 3721 semper

1882 3749 2057 3812 obire,
2105 3747 2348 3818 vittaque
2393 3747 2749 3802 ambulemus
2782 3746 2840 3800 in
2883 3746 3148 3815 novitate,
3189 3744 3288 3816 qui
3331 3749 3519 3800 tecum

1881 3843 2033 3909 vivit,
2063 3846 2168 3897 etc.

2487 3915 2611 3968 Post
2630 3915 2904 3983 hymnum.

1952 4009 2070 4063 Lux
2117 4012 2239 4063 orta
2275 4011 2358 4064 est
2397 4007 2455 4062 in
2496 4007 2620 4062 luce
2650 4007 2856 4078 prima,
2885 4007 3113 4061 exordio
3139 4005 3359 4060 dierum
3383 4003 3522 4059 anti-

1881 4121 1993 4174 quo
2048 4103 2210 4167 facta,
2270 4100 2602 4172 Unigenitus
2640 4106 2790 4168 tuus,
2849 4099 3103 4164 Domine,
3168 4098 3266 4169 qui
3329 4102 3522 4151 nostra

1880 4197 2108 4252 abluere
2154 4195 2310 4251 venit
2352 4209 2454 4266 per
2500 4210 2728 4249 crucem
2774 4198 3024 4266 peccata,
3069 4191 3168 4263 qui
3206 4196 3394 4246 tecum
3435 4189 3518 4243 vi-

1858 4292 1862 4296 ’
1881 4291 1980 4360 vit,
2012 4296 2120 4345 etc.

2453 4364 2525 4415 De
2572 4359 2924 4428 martyribus.

1953 4450 2405 4522 Triumphalium
2452 4464 2733 4503 memores
2772 4450 3090 4516 martyrum
3130 4448 3380 4511 tuorum,
3423 4443 3521 4516 qui

173 4577 350 4640 rantes,
379 4539 642 4626 Trinitati
671 4572 782 4624 Deo
809 4575 1002 4624 nostro
1031 4569 1245 4624 debitas
1272 4568 1485 4633 laudes,
1516 4571 1571 4620 et
1601 4569 1778 4636 grates

1926 4561 1987 4598 ro
2026 4549 2079 4598 te
2126 4545 2432 4598 toleravere
2475 4541 2675 4596 vexilla
2718 4539 3067 4612 passionum,
3106 4554 3425 4610 precamur,
3459 4542 3522 4592 ut

172 4666 305 4719 unita
329 4667 652 4721 referamus
686 4664 909 4733 affectu,
952 4663 1305 4717 obsecrantes
1346 4659 1784 4715 misericordiam

170 4757 288 4828 ejus,
315 4764 376 4812 ut
404 4759 575 4814 nobis
602 4758 826 4812 Domini
859 4761 915 4812 et
941 4756 1236 4812 Salvatoris
1264 4753 1439 4809 nostri
1467 4753 1645 4808 beatae
1673 4754 1782 4808 Re-

166 4854 515 4909 surrectionis
533 4852 900 4924 participium
917 4854 1034 4904 tam
1057 4851 1114 4904 in
1135 4849 1335 4921 spiritu
1353 4865 1527 4920 quam
1543 4848 1711 4903 etiam
1727 4847 1786 4902 in

165 4960 374 5018 corpore
394 4947 688 5016 concedat,
717 4945 816 5018 qui
847 4962 977 5000 cum
1008 4947 1168 4999 Patre
1197 4943 1352 5011 vivit,
1382 4945 1489 4998 etc.

746 5043 866 5095 Post
905 5041 1182 5108 hymnum.

223 5125 471 5196 Respice,
505 5123 762 5192 Domine,
789 5123 858 5178 ad
885 5139 1077 5194 preces
1124 5126 1362 5190 nostras,
1403 5119 1500 5193 qui
1541 5117 1780 5176 inﬁrmi-

163 5221 284 5272 tates
315 5219 559 5275 visitasti
583 5219 880 5283 humanas,
906 5221 962 5272 et
990 5220 1144 5271 tuam
1193 5215 1352 5270 nobis
1393 5211 1781 5268 sanctiﬁcatio~

161 5326 276 5366 nem
323 5313 565 5384 largire,
611 5317 667 5367 et
709 5311 1214 5381 immortalitatem,
1261 5309 1501 5376 Christe,
1549 5305 1648 5378 qui
1691 5321 1781 5361 re-

157 5422 302 5475 gnas,
332 5414 443 5462 etc.

673 5482 803 5534 Item
824 5482 948 5549 post
976 5479 1258 5533 canticum.

210 5567 545 5623 Summerso
579 5567 638 5624 in
676 5568 823 5623 mari
879 5568 1169 5622 Pharaone
1221 5565 1492 5621 liberatur
1551 5561 1781 5618 Israhel.

153 5659 246 5714 Nos
273 5678 509 5733 quoque
538 5678 636 5731 per
660 5661 929 5733 baptismi
964 5661 1208 5732 gratiam
1258 5662 1313 5714 et
1355 5657 1533 5712 crucis
1574 5656 1780 5711 trium-

154 5754 321 5822 phum
343 5757 417 5811 ab
437 5757 616 5811 ommi
642 5757 790 5811 malo
809 5772 1135 5827 quiesumus
1155 5753 1378 5809 liberari
1406 5768 1507 5823 per
1518 5755 1592 5818 te,
1618 5750 1781 5806 Chri-

155 5852 248 5917 ste,
277 5855 387 5913 etc,

1886 4643 2219 4708 per'sancta
2251 4638 2448 4692 merita
2481 4637 2734 4708 ipsorum
2776 4638 3103 4689 nostrorum
3139 4633 3361 4688 veniam
3400 4649 3519 4687 me-

1886 4748 2117 4787 reamur
2141 4737 2522 4804 peccatorum.
2551 4730 2657 4794 Qui
2684 4746 2907 4801 regnas,
2941 4732 3046 4784 etc.

2459 4829 2584 4880 Post
2609 4825 2931 4880 Cantemus.

1956 4919 2115 4974 Plebs
2142 4919 2344 4974 Israhel
2373 4919 2431 4974 in
2457 4919 2702 4990 ﬁguram
2728 4918 2907 4972 nostri
2944 4917 3214 4972 liberatur
3250 4913 3309 4968 in
3349 4919 3526 4968 trans-

1886 5015 1967 5068 itu
1990 5013 2180 5068 maris.
2213 5014 2319 5068 Nos
2340 5030 2475 5085 ergo
2496 5030 2600 5084 per
2619 5012 2860 5084 gratiam
2879 5009 3143 5081 baptismi
3169 5008 3346 5064 libera
3370 5013 3432 5065 tu
3453 5008 3522 5061 ab

1889 5107 2073 5163 exitiis
2100 5107 2317 5163 mundi.
2347 5108 2452 5173 Qui
2475 5124 2701 5179 regnas,
2732 5110 2838 5161 etc.

2457 5205 2582 5257 Post
2612 5199 2950 5255 Benedicite.

1957 5299 2024 5352 Ut
2047 5301 2161 5352 tres
2186 5313 2392 5368 pueros
2418 5296 2477 5350 in
2507 5296 2738 5350 ﬂamma
2774 5293 2992 5348 salvasti
3021 5292 3293 5348 descensu
3323 5293 3381 5347 in
3402 5294 3521 5348 for-

1884 5408 2085 5446 nacem
2111 5391 2346 5446 caelestis
2375 5389 2580 5458 nuntii,
2610 5388 2687 5443 sic
2723 5405 2825 5443 nos
2867 5405 2972 5459 per
3002 5389 3284 5460 Angelum
3331 5385 3524 5456 magni

1885 5486 2100 5542 consilii
2147 5485 2390 5539 liberare
2439 5482 2690 5554 digneris
2733 5483 2803 5537 ab
2845 5483 2976 5555 igne
3014 5483 3242 5538 inferni.
3291 5481 3394 5546 Qui
3441 5495 3524 5534 re-

1886 5597 2046 5651 gnas.
2193 5653 2317 5706 Post
2343 5651 2591 5706 Laudate
2613 5651 2918 5706 Dominum
2944 5650 3012 5705 de
3041 5647 3212 5702 ccelis.

1957 5747 2119 5811 Deus,
2163 5761 2336 5817 quem
2384 5745 2662 5808 exercitus
2707 5745 2857 5800 canit
2896 5744 3182 5804 ccelorum,
3233 5752 3521 5810 quemque

1882 5839 2120 5897 Ecclesia
2166 5841 2357 5898 laudat
2382 5845 2723 5910 sanctorum,
2765 5854 2934 5913 quem
2964 5832 3247 5909 hymnizat
3275 5831 3504 5906 spiritus
