3940 6178
427 257 526 322 ὃο3

415 373 833 442 universorum,
885 375 1174 449 miserere,
1221 376 1470 446 obsecro,
1519 373 1776 433 omnium
1821 374 2042 431 nostro-
2065 381 2127 457 Α

414 485 569 544 rum,
590 471 690 548 qui
716 489 938 546 regnas,
959 476 1066 528 etc.

971 556 1146 626 Super
1170 557 1493 612 Cantemus.

488 636 793 693 Cantemus
816 635 939 705 tibi,
969 635 1204 692 Domine
1230 636 1582 692 exercituum
1607 634 1846 704 Christe,
1877 651 2046 690 oran-

417 732 520 798 tes,
562 733 627 786 ut
667 729 1154 803 quemadmodum
1190 730 1448 787 exemisti
1477 729 1745 786 dilectum
1773 730 2047 802 populum

418 827 584 880 tuum
621 823 954 894 captivitatis
996 824 1286 880 acerrimae
1300 824 1464 898 jugo,
1492 825 1600 880 iter
1629 825 2049 881 demonstrante

417 917 497 973 eis
532 916 699 972 nubis
743 918 1043 990 columpna
1077 935 1183 992 per
1223 919 1398 999 diem,
1427 921 1624 976 eadem
1650 919 1799 992 ignis
1824 935 2050 992 quoque

415 1027 518 1082 per
535 1013 783 1068 noctem.
815 1012 1070 1068 Finditur
1087 1029 1224 1085 ergo
1254 1030 1410 1070 mare
1436 1013 1682 1085 dextera,
1713 1015 1964 1086 laevaque
1989 1013 2050 1068 in

413 1104 754 1177 abruptum;
804 1107 1031 1179 digestis
1071 1107 1376 1180 aggeribus
1421 1113 1650 1181 stupens
1667 1109 1819 1164 unda
1845 1107 2047 1164 solida-

416 1203 539 1269 tur;
569 1203 701 1256 tuus
730 1201 973 1272 populus
1000 1201 1227 1273 navigat
1243 1203 1477 1274 plantis.
1499 1203 1634 1259 Mira
1653 1220 1742 1260 res
1764 1203 1778 1258 Ι
1802 1203 1910 1259 iter
1928 1203 2050 1274 ejus

413 1309 517 1349 nec
537 1310 709 1367 eques
738 1299 923 1366 potest
951 1295 1128 1367 sequi,
1168 1313 1271 1352 ncc
1312 1297 1466 1354 ratis.
1505 1298 1674 1353 Maria
1715 1302 2052 1370 tympanum

415 1387 616 1460 quatit,
661 1389 908 1460 hymnus
949 1389 1054 1446 iste
1097 1389 1338 1462 canitur,
1386 1407 1525 1464 grex
1558 1391 1812 1464 peculius
1837 1395 2048 1447 tuetur.

417 1483 500 1537 Ita
531 1486 586 1538 et
605 1498 707 1538 nos
729 1483 799 1538 ab
831 1482 1192 1541 insectatione
1217 1485 1420 1542 veteris
1445 1485 1682 1555 inimici,
1710 1489 1766 1541 et
1792 1485 1862 1542 ab
1893 1485 2054 1540 omni

414 1575 666 1648 periculo
705 1578 904 1633 mundi
929 1578 1170 1637 liberare
1221 1579 1490 1650 digneris,
1535 1580 1789 1634 Salvator
1831 1578 2051 1650 mundi,

1212 265 1544 324 ΑΡΡΕΝΒΙΧ
1580 263 1668 321 ΑΙ)
1703 261 1926 320 OPERA
1961 259 2049 316 SA]

2174 258 2193 315 l
2229 256 2528 316 GERMANI
2566 253 2990 314 PARlSlENSlS.

3636 261 3718 326 604

2453 367 2837 426 PostLaudate
2863 363 3168 425 Dominum
3197 363 3268 424 de
3293 362 3460 425 oculis.

2214 463 2468 522 Laudent
2489 466 2565 534 te,
2596 463 2858 532 Domine,
2888 462 3100 536 angeli,
3127 461 3384 530 virtutes,
3408 461 3608 537 sydera,
3633 484 3720 541 po.

2145 562 2388 630 testates,
2431 562 2488 614 et
2526 575 2656 631 quae
2696 562 2887 614 ortum
2911 574 3080 614 suum
3099 556 3203 614 tibi
3222 557 3427 613 debent
3450 559 3613 616 ofﬁcio
3632 565 3725 622 tua

2146 653 2478 710 laudationis
2508 652 2782 723 exultent,
2813 657 2880 708 ut
2904 669 3007 724 per
3047 651 3421 708 universitatis
3453 656 3725 716 armoniam

2146 747 2369 804 tibimet
2393 746 2828 803 concinnentem
2850 745 2967 816 ﬁat,
2995 750 3060 801 ut
3087 747 3149 802 in
3169 746 3330 816 coelo,
3359 745 3434 801 ita
3452 750 3504 802 et
3524 747 3578 802 in
3602 754 3727 808 terra

2146 841 2402 898 voluntas
2422 848 2540 897 tua.
2569 840 2651 897 Sit
2672 841 2795 912 tibi,
2815 857 3134 914 precamur,
3168 839 3425 910 Domine,
3450 839 3721 914 beneplaci-

2147 941 2270 992 tum
2295 935 2355 991 in
2381 935 2596 1008 populo
2625 939 2744 1006 tuo,
2780 940 2846 991 ut
2867 952 2972 1007 per
2995 933 3352 990 exaltationes
3393 937 3511 990 tuas
3546 936 3602 990 in
3629 938 3726 1008 ejus

2147 1029 2403 1086 faucibus
2449 1030 2758 1100 collocatas,
2807 1033 3034 1085 maneat
3060 1029 3122 1084 in
3157 1027 3394 1100 singulis
3420 1031 3474 1084 et
3497 1029 3632 1086 verbi
3659 1033 3726 1088 tui

2149 1128 2456 1193 armatura,
2508 1140 2622 1195 qua
2666 1124 2886 1191 doceas,
2930 1126 2988 1178 et
3009 1123 3139 1178 vita:
3163 1125 3372 1178 nostras
3403 1122 3608 1192 veritas,
3635 1141 3725 1197 qua

2150 1234 2374 1290 semper
2417 1217 2672 1290 aspicias,
2712 1223 2770 1273 et
2815 1216 2984 1284 salus,
3033 1233 3144 1288 qua
3185 1220 3502 1272 mansuetos
3539 1217 3728 1286 exaltes,

2150 1313 2285 1385 quia
2322 1312 2634 1368 secundum
2671 1311 3098 1368 multitudinem
3140 1311 3538 1384 magnitudinis
3573 1315 3671 1368 tua).
3688 1318 3732 1368 te

2150 1407 2468 1477 laudamus,
2504 1405 2760 1476 Domine,
2806 1405 2987 1478 gratia
3008 1405 3348 1461 laudationis
3375 1409 3609 1476 ostensa,
3643 1407 3730 1462 im-

2152 1499 2456 1556 molatione
2476 1516 2580 1572 per
2600 1499 2954 1572 psalterium,
2985 1498 3421 1555 mortiﬁcatione
3438 1516 3533 1571 per
3552 1502 3733 1573 tympa-

2153 1611 2318 1664 num,
2360 1593 2798 1666 congregatione
2847 1610 2952 1666 per
2999 1595 3260 1664 chorum,
3304 1593 3627 1650 exultatione
3659 1611 3740 1666 per

417 1669 518 1742 qui
545 1687 676 1726 cum
696 1675 908 1728 aeterno
931 1675 1089 1728 Patre
1117 1673 1274 1745 vivis,
1295 1673 1601 1728 dominaris
1627 1691 1690 1730 ac
1715 1690 1918 1744 regnas
1941 1689 2057 1729 una
2099 1760 2102 1761 ν
2156 1706 2454 1761 organum,
2477 1688 2813 1761 jubﬂatione
2839 1705 2942 1760 per
2969 1687 3316 1760 cymbalum,
3343 1691 3415 1743 ιιι
3431 1704 3632 1760 semper
3652 1688 3738 1743 mi.

419 1781 551 1820 cum
577 1769 788 1822 aeterno
815 1767 1026 1838 Spiritu
1048 1772 1238 1822 sancto
1267 1768 1326 1823 in
1355 1769 1557 1824 saecula
1576 1769 1934 1824 smculorum.

665 1852 838 1921 Super
862 1851 1271 1907 benedictionem
1297 1854 1462 1907 trium
1487 1869 1801 1924 puerorum.

489 1931 623 1986 Tres
648 1930 850 1986 Hebrei
878 1931 1225 1987 venerabiles
1256 1949 1518 2002 numero,
1552 1937 1901 1990 sacramento
1927 1951 2053 1990 mu-

419 2023 544 2094 niti,
575 2028 738 2080 aatate
764 2025 965 2092 teneri,
994 2026 1089 2080 sed
1119 2026 1249 2080 fidei
1280 2026 1564 2083 soliditate
1590 2027 1832 2096 robusti,
1865 2044 2058 2084 amore

417 2117 622 2174 divinae
638 2117 928 2190 religionis
951 2119 1119 2190 Regis
1133 2119 1366 2176 adorare
1385 2120 1692 2194 imaginem
1711 2125 2059 2195 contempse-

418 2216 574 2281 runt,
587 2215 784 2284 utpote
805 2213 904 2285 qui
922 2213 1109 2285 ipsum
1123 2219 1581 2288 contempserant
1597 2217 1836 2287 Regem,
1859 2216 1960 2288 qui
1977 2215 2056 2270 ira

419 2306 674 2362 sufﬂatus
685 2307 847 2363 solito
863 2307 1066 2379 septies
1079 2309 1326 2382 amplius
1339 2309 1626 2365 caminum
1634 2309 1656 2381 j
1665 2310 1802 2365 ussit
1812 2310 2034 2365 incendi
2043 2353 2058 2378 ,

423 2417 486 2454 ac
499 2399 624 2472 pice
639 2404 696 2456 et
711 2405 877 2473 stupa
889 2405 1175 2457 armatum
1187 2403 1344 2458 citari
1357 2404 1681 2459 incendium
1694 2403 2060 2459 aestuantibus

425 2494 624 2565 globis.
645 2495 934 2552 Erubescit
945 2513 1167 2570 quoque
1183 2497 1370 2569 ipsum
1383 2499 1581 2554 alienis
1591 2497 1820 2570 ignibus
1831 2497 2035 2554 coelum
2044 2539 2058 2554 .

421 2587 521 2642 Illo
566 2588 994 2660 praecipitantur
1027 2589 1296 2661 insontes,
1340 2591 1662 2664 ibidemque
1712 2597 1789 2660 te,
1831 2597 2063 2663 propter

425 2697 597 2754 quem
641 2683 1088 2755 prazcipitantur,
1135 2683 1450 2752 inveniunt,
1493 2685 1732 2741 Christe.
1776 2685 1981 2740 Taliter
2005 2689 2064 2740 et

424 2792 528 2831 nos
571 2793 639 2832 ex
685 2778 911 2848 tyranni
950 2777 1346 2834 intellectualis
1378 2779 1590 2849 furore,
1619 2783 1676 2836 ct
1702 2780 1772 2835 ab
1802 2780 2060 2852 ingenito

424 2869 547 2940 igni
599 2870 849 2942 digneris
897 2871 1155 2943 liberare,
1216 2873 1463 2930 Salvator
1513 2873 1732 2943 mundi,
1786 2873 1884 2946 qui
1930 2889 2062 2928 cum

427 2968 638 3020 aeterno
662 2965 824 3020 Patre
849 2965 1008 3035 vivis,
1037 2971 1142 3021 etc.

567 3089 837 3145 Versiculi
859 3090 1092 3156 familiae
1115 3092 1398 3147 Benchuir.

501 3179 782 3236 Benchuir
803 3181 950 3236 bona
968 3182 1186 3253 regula,

431 3273 622 3339 Recta,
653 3275 824 3345 atque
845 3271 1064 3342 divina;

431 3363 652 3433 Stricta,
677 3368 886 3434 sancta,
915 3363 1127 3433 sedula,

431 3454 662 3509 Summa
679 3455 855 3525 justa,
887 3471 950 3509 ac
977 3454 1142 3509 mira.
1203 3485 1206 3489 -

501 3545 766 3601 Munther
795 3545 1076 3601 Benchuir
1098 3545 1262 3602 beata

431 3635 564 3689 Fide
588 3635 822 3690 fundata
845 3639 1016 3703 certa,

434 3725 545 3795 Spe
565 3725 763 3780 salutis
787 3731 1008 3796 ornata,

431 3814 672 3869 Caritate
696 3815 963 3886 perfecta.

503 3905 666 3959 Navis
684 3921 1001 3976 numquam
1027 3906 1266 3975 turbata,

431 3994 694 4058 Quamvis
718 3995 983 4050 ﬂuctibus
1008 3999 1188 4063 tonsa,

429 4084 648 4156 Nuptiis
673 4101 895 4158 quaque
913 4089 1108 4157 parata

434 4176 574 4247 Regi
600 4175 840 4231 Domino
866 4192 1094 4248 sponsa.

500 4269 706 4322 Domus
733 4267 942 4324 deliciis
966 4268 1154 4340 plena.

575 4423 818 4479 Collectio
842 4437 1005 4494 super
1028 4422 1290 4478 hominem
1315 4423 1411 4492 qui
1435 4421 1595 4478 habet
1620 4421 1915 4477 diabolum.

501 4526 738 4582 Domine
783 4530 971 4582 sancte
1018 4527 1182 4582 Pater
1222 4525 1582 4598 omnipotens
1635 4529 1844 4580 (uterne
1895 4526 2061 4593 Deus,

433 4619 649 4690 expelle
679 4619 988 4690 diabolum,
1017 4624 1073 4676 et
1098 4620 1476 4691 gentilitatem
1503 4619 1574 4675 ab
1601 4619 1834 4675 homine
1857 4618 1963 4674 isto
1994 4619 2065 4675 de

431 4712 634 4784 capite,
664 4713 732 4768 de
750 4714 982 4786 capillis,
1013 4714 1083 4770 de
1108 4715 1359 4785 cerebro,
1387 4719 1492 4770 etc.

919 4820 1106 4876 Oratio
1131 4821 1197 4876 de
1223 4821 1578 4890 Martyribus.

503 4911 670 4980 Deus,
703 4910 802 4983 qui
827 4911 1168 4983 martyribus
1189 4911 1300 4966 tuis
1327 4911 1564 4984 largitus
1585 4927 1642 4966 es
1672 4927 1941 4983 regnum,
1969 4925 2067 4966 no-

431 5003 516 5059 bis
549 5009 740 5060 autem
781 5004 1166 5076 peccatoribus
1217 5005 1443 5061 veniam
1484 5009 1752 5077 praestare
1795 5003 2064 5077 digneris.

435 5098 499 5152 Hi
543 5114 811 5153 coronam
849 5116 1010 5155 suam
1044 5100 1304 5172 passione
1345 5116 1450 5172 per
1483 5100 1655 5155 fidem
1683 5104 2063 5170 meruerunt;

433 5208 536 5246 nos
576 5208 706 5246 vero
750 5210 854 5265 pro
896 5193 1290 5266 iniquitatibus
1314 5198 1371 5250 et
1396 5193 1948 5273 praevaricationibus
1972 5209 2068 5249 no-

433 5285 561 5340 stris
588 5286 978 5344 remissionem
1001 5292 1109 5344 ate
1137 5293 1194 5344 et
1220 5287 1664 5346 misericordiam
1691 5286 2062 5360 postulamus,

431 5396 537 5451 per
561 5383 634 5450 te,
663 5381 792 5436 Iesu
821 5381 1060 5438 Christe.

1557 3094 1742 3162 Super
1765 3096 1990 3163 petram
2001 3083 2350 3161 constructa,

1556 3183 1666 3238 Nec
1693 3199 1809 3238 non
1833 3181 1996 3237 vinea
2020 3198 2152 3238 vera

1558 3273 1638 3328 Ex
1665 3275 1904 3344 [Egypto
1928 3273 2268 3343 transducta,

1625 3363 1785 3418 Certe
1810 3361 2001 3417 civitas
2027 3361 2211 3430 ﬁrma,

1561 3447 1764 3523 Fortis,
1793 3455 1962 3524 atque
1992 3453 2232 3524 munita,

1557 3543 1824 3612 Gloriosa,
1855 3560 1920 3598 ac
1945 3543 2138 3616 digna,

1559 3637 1742 3708 Supra
1767 3639 2020 3692 montem
2039 3635 2246 3708 posita.

1628 3730 1773 3782 Arca
1797 3726 2072 3782 cherubin
2097 3729 2261 3795 tecta,

1559 3817 1728 3872 Omni
1750 3823 1906 3888 parte
1931 3820 2148 3886 aurata,

1556 3907 1932 3963 Sacrosanctis
1955 3907 2182 3976 referta,

1557 3997 1699 4052 Viris
1724 4000 1968 4070 quatuor
1991 4000 2232 4068 portata.

1625 4086 1846 4143 Christo
1871 4087 2070 4159 regina
2093 4091 2224 4160 apta

1557 4176 1696 4233 Solis
1733 4177 1858 4232 luce
1885 4177 2090 4232 amicta

1555 4267 1826 4340 Simplex,
1849 4267 2128 4341 simulque
2155 4267 2336 4338 docta,

2072 1760 2129 1834 Β
2153 1760 2512 1840 sericordiam
2553 1787 2715 1839 tuam
2751 1783 2962 1838 habere
2982 1798 3328 1851 mereamur,
3365 1782 3570 1839 Christe
3590 1782 3742 1840 Salva-

2154 1884 2244 1935 tor
2260 1878 2480 1949 mundi,
2509 1877 2606 1951 qui
2629 1894 2760 1932 cum
2789 1880 3001 1933 aeterno
3023 1878 3186 1933 Patre
3211 1876 3378 1948 vivis,
3398 1880 3494 1932 ctc.

2584 2015 2756 2086 Super
2778 2013 3083 2069 Cantemus
3106 2013 3375 2069 Domino.

2229 2121 2623 2194 Dominepqui
2659 2120 2947 2176 Cinchrim
2990 2120 3273 2194 fugientes
3312 2120 3492 2176 tueris
3523 2119 3600 2176 bis
3623 2135 3753 2175 senas

2157 2232 2262 2287 per
2303 2215 2480 2271 invisa
2506 2215 2688 2274 tribus
2712 2215 2986 2270 aemulum
3013 2214 3236 2285 itinera,
3265 2215 3428 2286 prius
3455 2213 3685 2269 ﬂuctibus
3703 2214 3750 2268 in

2158 2309 2305 2365 binis
2329 2309 2614 2364 montium
2625 2308 2917 2382 utrimque
2937 2309 3180 2364 redactis
3205 2309 3502 2378 celsorum,
3523 2324 3616 2364 ceu
3625 2307 3753 2378 jugis

2160 2404 2396 2476 abrupte
2424 2403 2713 2459 arentibus
2737 2402 2860 2458 talis
2884 2419 3110 2474 aequore
3151 2419 3390 2457 murum
3435 2401 3582 2474 quasi
3615 2406 3662 2457 et
3696 2400 3751 2455 de

2159 2502 2318 2568 petra
2354 2497 2621 2570 lymphas
2657 2497 3008 2568 producens;
3053 2501 3350 2568 mergatur
3392 2512 3522 2567 ergo
3561 2498 3616 2549 ut
3645 2493 3756 2548 olim

2157 2591 2385 2664 piorum
2409 2589 2753 2662 supplicium
2779 2590 2956 2646 hostis
2991 2589 3212 2659 aeterni,
3242 2604 3586 2662 quaesumus,
3613 2592 3752 2642 stato-

2159 2701 2248 2741 res
2289 2701 2540 2750 currum,
2586 2684 2738 2755 quod
2783 2689 2867 2740 est
2912 2684 3072 2755 cujus
3119 2683 3344 2754 affatus,
3383 2687 3629 2753 actusque
3649 2696 3754 2735 cum

2161 2779 2418 2849 cogitatu
2443 2777 2609 2834 celeri
2637 2794 2888 2849 nequam
2920 2777 2991 2833 sit
3023 2777 3312 2833 Pharaoni
3346 2778 3464 2833 Rex
3501 2775 3755 2831 lsrahelem

2160 2888 2378 2942 verum,
2410 2889 2538 2944 quae
2562 2872 2717 2927 unda
2740 2872 2932 2940 salvat,
2956 2875 3020 2926 ut
3061 2871 3287 2927 Christo
3329 2870 3571 2927 carmina
3607 2870 3756 2933 canat,

2161 2982 2265 3038 per
2289 2965 2476 3038 saecla,
2505 2965 2603 3039 qui
2629 2982 2759 3022 cum
2779 2967 2939 3022 Patre
2964 2964 3118 3023 vivit.

2693 3090 3097 3161 Undecumque
3121 3087 3354 3158 invicta,

2764 3183 2903 3236 Vere
2931 3180 3137 3252 regalis
3165 3180 3322 3250 aula,

2691 3271 2870 3326 Variis
2898 3270 3139 3343 gemmis
3163 3275 3390 3338 ornata,

2692 3361 3000 3434 Gregisque
3029 3361 3237 3417 Christi
3259 3361 3442 3428 caula,

2692 3455 2852 3508 Patre
2877 3468 3100 3507 summo
3127 3456 3370 3522 servata,
3517 3449 3524 3454 ’

2765 3543 2935 3615 Virgo
2961 3543 3124 3598 valde
3151 3541 3440 3612 foecunda,

2696 3637 2823 3690 Haac
2848 3638 2904 3689 et
2931 3637 3113 3688 mater
3143 3632 3378 3704 intacta,

2695 3725 2864 3794 Laeta,
2892 3740 2956 3778 ac
2983 3723 3385 3794 tremebunda,

2696 3813 2876 3870 Verbo
2894 3813 2993 3869 Dei
3019 3814 3273 3878 subacta.

2763 3904 2865 3960 Cui
2893 3903 3009 3958 vita
3031 3903 3198 3958 beata

2690 3997 2831 4052 Cum
2855 3993 3118 4066 perfectis
3146 3994 3369 4063 futura,

2690 4087 2800 4141 Deo
2825 4087 2987 4140 Patre
3012 4089 3226 4156 parata,

2687 4175 2817 4232 Sine
2842 4174 2952 4231 ﬁde
2977 4191 3267 4231 mansura.

2761 4265 3042 4322 Benchuir
3065 4265 3214 4321 bona
3242 4266 3472 4340 regula.

2081 4435 2135 4507 ρ
2195 4422 2463 4492 Incipiunt
2491 4420 2800 4491 antiphonae
2827 4434 2990 4490 super
3016 4417 3326 4474 Cantemus
3354 4424 3406 4475 et
3437 4413 3742 4474 Benedicite.

2235 4515 2431 4570 Educti
2459 4531 2530 4570 ex
2558 4515 2794 4586 Egypto
2827 4513 3017 4568 Patres
3042 4511 3220 4566 nostri
3247 4516 3310 4567 et
3361 4507 3770 4585 pertransierunt

2163 4609 2401 4682 pedibus
2427 4607 2684 4665 Rubrum
2710 4623 2886 4674 mare,
2915 4605 3298 4679 dixeruntque
3323 4605 3554 4662 laudem
3577 4599 3775 4659 Domino

2164 4707 2376 4759 nostro.

2235 4799 2366 4853 Tres
2400 4795 2563 4869 pueri
2605 4795 2665 4850 in
2710 4793 2930 4850 camino
2959 4793 3116 4848 missi
3146 4797 3303 4865 sunt,
3351 4799 3412 4850 et
3458 4809 3571 4849 non
3609 4790 3776 4846 timue-

2164 4896 2301 4948 runt
2341 4890 2632 4947 ﬂammam
2672 4888 2842 4963 ignis,
2889 4888 3272 4961 dixeruntque
3318 4889 3554 4946 laudem
3577 4882 3778 4942 Domino

2165 4991 2376 5042 nostro.

2237 5079 2361 5135 Filii
2388 5079 2756 5135 Hebraeorum
2789 5081 3253 5150 penetraverunt,
3289 5077 3597 5134 lsrahelitze
3621 5070 3779 5148 plebes

2165 5173 2512 5232 transierunt
2536 5189 2641 5246 per
2664 5172 2877 5228 siccum
2895 5187 3073 5242 mare,
3104 5171 3460 5245 laudemque
3487 5169 3744 5228 dixerunt.

2235 5271 2368 5324 Tres
2394 5266 2558 5341 pueri
2577 5271 2632 5322 te
2659 5266 2897 5322 orabant
2923 5265 2992 5320 de
3017 5265 3204 5321 medio
3231 5265 3414 5336 ignis,
3438 5265 3513 5322 ad
3539 5269 3591 5321 te
3613 5263 3782 5318 clama-

2164 5365 2301 5419 bant
2321 5379 2391 5418 ex
2420 5378 2535 5417 una
2558 5363 2712 5430 'voce,
2743 5361 3142 5432 hymnumque
3166 5359 3463 5416 dicebant.

504 5447 699 5560 Incipit
721 5489 1019 5560 antiphona
1041 5492 1100 5544 in
1127 5491 1325 5548 Natale
1348 5491 1564 5546 Domini
1586 5504 1749 5560 super
1765 5486 2002 5544 Domine
2089 5468 2150 5540 D
2202 5551 2213 5560 _
2241 5457 2521 5560 δῙοΓίοδιξξ
2637 5454 2874 5524 sueti-‘3,
2903 5452 3178 5509 wil‘abilis
3196 5451 3259 5508 in
3286 5451 3687 5526 majestatibus,
3713 5447 3780 5500 fa-

870 5560 1178 5632 refugium,
1205 5563 1280 5617 ad
1304 5561 1624 5617 Secundam.

504 5651 586 5704 Ab
607 5650 884 5706 hodierno
907 5650 998 5706 die
1015 5667 1127 5704 nox
1147 5649 1448 5732 minuitur,
1476 5649 1594 5704 dies
1620 5648 1842 5718 crescit,
1869 5664 2070 5705 concu-

435 5744 657 5798 tiuntur
684 5745 952 5813 tenebrae,
991 5745 1186 5798 lumen
1225 5746 1486 5812 augetur,
1529 5747 1584 5796 et
1629 5742 1687 5797 in
1735 5745 1891 5799 lucro
1930 5743 2070 5798 lucis

439 5841 730 5894 nocturna:
759 5836 1051 5908 dispendia
1076 5836 1510 5891 transferentur.

2169 5551 2320 5608 ciens
2341 5550 2621 5624 prodigia.

2241 5645 2644 5701 Benedicamus
2669 5643 2852 5698 Deum
2878 5643 3106 5698 Patrem
3123 5644 3178 5698 et
3200 5639 3441 5712 Filium,
3465 5645 3522 5697 et
3542 5635 3784 5712 Spiritum

2170 5744 2428 5794 sanctum
2451 5737 2774 5794 Dominum.

2241 5834 2526 5904 Dextram,
2557 5831 2869 5906 laevamque
2896 5830 3105 5906 Moyses
3127 5829 3356 5902 aspexit
3375 5828 3526 5886 viam
3545 5823 3785 5900 regalem.
