4058 6190
246 299 334 352 605
721 345 739 360 .
1111 297 1563 354 ANTIPHOle
1571 298 1660 354 UM
1698 297 1837 355 MON

1972 301 2102 358 ΕΒΗ
2141 300 2660 359 BENCHORENSIS.

236 407 419 483 polum
449 403 602 478 [forte
616 405 912 481 populum]
948 406 1162 479 eduxit,
1189 408 1260 464 ad
1279 407 1436 465 littus
1459 407 1634 466 maris
1659 425 1840 483 usque
1859 421 1920 498 Α

239 499 503 574 perduxit.

296 594 546 651 Fornacis
581 594 841 651 ﬂammas
883 597 1046 668 pueri
1091 601 1570 670 contempserunt,
1613 598 1837 656 Christo

227 689 427 763 jugiter
446 690 907 760 immolaverunt,
935 691 1084 748 viam
1104 692 1359 766 iniquam
1387 693 1834 767 dereliquemnt.

486 787 658 857 Super
679 785 926 843 Laudato
955 788 1259 844 Dominum
1285 788 1354 844 de
1379 788 1552 855 caelis.

292 871 364 924 De
389 869 539 926 cmlis
556 869 866 926 Dominum
893 871 1138 943 laudate,
1170 872 1502 944 psalterium
1521 873 1837 944 jocundum

230 965 519 1033 immolate,
544 965 768 1022 laudate
794 982 928 1021 eum
954 966 1018 1023 in
1042 983 1179 1022 sono
1205 966 1378 1022 tubas.

287 1059 499 1115 Pharao
539 1060 828 1116 demersus
864 1065 948 1117 est
986 1060 1046 1117 in
1087 1061 1348 1117 Rubrum
1388 1077 1566 1117 mare.
1622 1063 1836 1135 Moyses

230 1153 516 1226 pertransit
542 1153 603 1210 in
631 1154 778 1211 sicco
801 1156 944 1229 pede
973 1155 1174 1225 maria,
1197 1155 1340 1212 dixit
1363 1157 1476 1212 Deo
1500 1159 1738 1214 cantate.

794 1253 868 1306 De
890 1251 1244 1320 martyribus.

289 1335 414 1390 Post
439 1333 602 1406 ignes
627 1338 686 1391 et
708 1334 968 1406 laminas,
991 1351 1204 1406 cruces,
1232 1338 1402 1407 atque
1429 1334 1638 1392 bestias
1663 1334 1838 1390 sancti

229 1443 346 1483 cum
369 1444 578 1501 magno
603 1429 896 1503 triumpho
934 1429 1220 1486 vehuntur
1251 1429 1312 1485 in
1354 1445 1534 1502 regno
1570 1433 1628 1486 et
1663 1429 1724 1486 in
1753 1445 1838 1485 re-

228 1521 458 1594 frigerio.

287 1618 344 1672 In
389 1616 740 1674 invocatione
802 1622 1126 1674 sanctorum
1185 1619 1493 1690 Martyrum
1548 1617 1834 1689 miserere,

227 1711 356 1766 Deus
383 1711 706 1784 supplicum
732 1716 986 1768 tuorum.

312 1807 479 1876 Super
508 1805 751 1862 Domine
779 1807 1090 1880 refugium,
1117 1809 1176 1862 in
1204 1808 1600 1864 Dominich
1617 1807 1724 1862 die.

284 1899 635 1972 Convertere,
665 1901 921 1973 Domine,
951 1917 1263 1974 usquequo,
1296 1905 1354 1958 et
1370 1900 1735 1974 deprecabilis
1758 1917 1840 1958 es-

223 1999 272 2047 to
295 2010 456 2070 super
473 2010 666 2050 servos
695 1999 839 2051 tuos.

868 2088 1000 2142 Item
1033 2087 1168 2142 alia.

283 2168 508 2241 Respice
537 2167 600 2224 in
629 2185 820 2226 servos
849 2175 975 2226 tuos
995 2170 1131 2226 etin
1156 2186 1330 2244 opera
1354 2175 1471 2242 tua,
1503 2168 1762 2226 Domine.

870 2267 1006 2321 Item
1031 2267 1166 2321 alia.

284 2347 490 2420 Repleti
516 2364 718 2404 sumus
743 2365 912 2404 mane
935 2348 1325 2405 misericordia
1348 2353 1463 2404 tua.

793 2445 924 2500 Alia
944 2444 1242 2499 cotidiana.

282 2524 354 2582 Sit
382 2523 655 2598 splendor
680 2524 906 2580 Domini
937 2525 1035 2581 Dei
1063 2527 1241 2582 nostri
1265 2543 1440 2600 super
1462 2543 1586 2582 nos.

303 2681 554 2735 Memoria
593 2679 852 2735 abbatum
884 2685 1206 2737 nostrorum.

280 2768 466 2824 Sancta
485 2773 817 2824 sanctorum
843 2786 1015 2841 opera

223 2859 447 2926 Patrum,
473 2859 703 2930 fratres,
733 2859 1038 2915 fortissima

223 2948 583 3004 Benchorensi
602 2949 664 3003 in
691 2948 904 3020 optima

225 3037 594 3094 Fundatorum
619 3038 880 3106 Ecclesia,

223 3127 482 3183 Abbatum
508 3126 826 3184 eminentia
869 3191 874 3195 ,

224 3216 540 3287 Numerum,
575 3221 852 3290 tempora,
880 3217 1130 3276 nomina.

223 3306 334 3362 Sine
359 3306 466 3363 ﬁne
491 3306 793 3379 fulgentia,

223 3395 400 3452 Audite
425 3413 641 3470 magna
664 3397 886 3468 merita,

221 3483 351 3548 Quos
379 3487 703 3542 convocavit
721 3487 994 3545 Dominus

226 3572 478 3630 Calorum
503 3577 674 3648 regni
702 3578 944 3634 sedibus.

281 3665 491 3720 Amavit
513 3666 772 3738 Christus
797 3669 930 3724 Com
936 3669 1134 3741 gillum

227 3753 355 3810 Bene
379 3759 433 3811 et
456 3756 582 3828 ipse
609 3756 937 3829 Dominum,

221 3842 405 3900 Carum
434 3845 548 3901 hab
558 3845 657 3925 uit.
670 3846 1022 3918 Beognoum,

224 3934 485 3990 Domnum
510 3935 734 3990 ornavit
757 3936 1014 3992 Edeum.

225 4022 387 4095 Elegit
414 4029 678 4081 sanctum
702 4024 1020 4081 Simlanum

1374 2773 1544 2837 Quos.

1377 3400 1546 3464 Quos.

1380 4027 1548 4093 Quos.

1853 1808 1910 1879 B

1373 2683 1672 2738 Famosum
1699 2678 1901 2735 mundi
1919 2676 2282 2748 magistrum,

1447 2862 1678 2915 Gratum
1706 2857 1840 2914 fecit
1865 2857 2264 2922 Fintenanum,

1375 2950 1668 3019 Heredem,
1701 2949 1938 3016 almum,
1977 2947 2275 3019 inclytum,

1377 3038 1676 3096 lllustravit
1697 3036 2140 3108 Machlaisreum,

1377 3131 1562 3200 Kaput
1583 3128 1860 3183 abbatum
1887 3127 2166 3198 omnium,

1375 3217 1656 3290 Lampade
1683 3234 1839 3273 sacra
1861 3219 2148 3290 Seganum

1378 3310 1643 3380 Magnum
1669 3308 1972 3381 Scriptura:
1994 3307 2302 3364 medicum.

1380 3491 1554 3545 Notus
1579 3487 1666 3542 vir
1694 3490 1813 3543 erat
1839 3488 2138 3553 Beracnus,

1381 3581 1624 3636 Ornatus
1647 3580 1704 3632 et
1724 3577 2068 3643 Camenas,

1379 3671 1570 3725 Pastor
1595 3666 1866 3724 Columba
1893 3682 2198 3740 congruus,

1297 3821 1312 3834 .
1381 3759 1619 3824 Querela
1644 3757 1854 3830 absque
1875 3756 2143 3825 Aidanus,

1380 3848 1580 3902 Rector
1601 3847 1785 3902 bonus
1809 3847 2166 3917 Bautherius,

1381 3936 1647 3994 Summus
1671 3936 1903 3994 antistes
1931 3937 2238 3994 Cronanus.

3461 307 3563 362 606

2491 413 2583 470 Ad
2608 412 3016 470 communicare.

2005 509 2222 581 Corpus
2247 507 2471 564 Domini
2493 507 2831 580 accepimus,
2855 510 2912 564 et
2935 506 3212 581 sanguine
3239 507 3362 580 ejus
3385 509 3562 582 potati

1938 620 2154 675 sumus,
2181 603 2252 660 ab
2279 603 2436 660 omni
2462 603 2612 660 malo
2632 619 2752 660 non
2769 601 3116 672 timebimus,
3139 602 3272 677 quia
3290 603 3560 662 Dominus

1935 697 2231 756 nobiscum
2256 703 2360 755 est.

2603 773 2736 828 Item
2757 770 2892 826 alia.

2008 866 2070 919 In
2094 865 2254 920 labiis
2281 863 2422 920 meis
2447 863 2766 920 meditabor
2791 865 3091 937 hymnum,
3121 864 3382 936 alleluja;
3428 882 3563 922 cum

1937 957 2194 1015 docueris
2215 975 2328 1030 me,
2353 975 2460 1030 ego
2477 958 2724 1030 justitias
2749 957 3099 1030 respondebo
3126 975 3140 1014 :
3169 958 3424 1030 Alleluja.

2603 1056 2734 1110 Item
2759 1054 2894 1108 alia.

2007 1148 2234 1204 Gustate
2269 1151 2325 1204 et
2348 1147 2552 1218 videte,
2579 1147 2824 1225 alleluia,
2856 1163 3029 1222 quam
3056 1146 3242 1203 suavis
3261 1151 3345 1204 est
3372 1147 3562 1204 Domi-

1935 1259 2062 1311 nus,
2089 1242 2332 1316 alleluja.

2673 1315 2824 1370 Alia.

2008 1412 2122 1466 Hoc
2147 1426 2371 1465 sacrum
2416 1425 2621 1482 corpus
2657 1406 2881 1463 Domini
2923 1411 2980 1464 et
3005 1407 3294 1464 salvatoris
3332 1407 3562 1482 sangui-

1938 1521 2072 1562 nem
2099 1503 2306 1561 sumite
2333 1503 2490 1559 vobis
2514 1501 2574 1558 in
2600 1501 2773 1558 vitam
2801 1518 3132 1574 perennem.
3163 1502 3419 1576 Alleluja.

2598 1601 2731 1654 Item
2757 1597 2893 1652 alia.

2007 1696 2188 1760 Quam
2215 1693 2402 1750 dulcia
2428 1691 2684 1750 faucibus
2723 1691 2867 1746 meis
2894 1691 3119 1766 eloquia
3150 1696 3268 1761 tua,
3306 1691 3560 1749 Domine.

2599 1793 2731 1846 Item
2756 1792 2892 1847 alia.

2010 1885 2110 1941 Hic
2135 1887 2219 1940 est
2249 1882 2412 1956 panis
2453 1881 2628 1951 vivus,
2666 1880 2766 1953 qui
2813 1880 2880 1934 de
2907 1880 3044 1935 cmlo
3077 1881 3384 1937 descendit.
3415 1883 3563 1936 Alle-

1937 1979 2074 2051 luja.
2103 1978 2210 2044 Qui
2237 1977 2539 2033 manducat
2573 1992 2643 2032 ex
2683 1991 2770 2045 eo,
2811 1975 2959 2030 vivet
2986 1974 3046 2030 in
3083 1979 3382 2031 aztemum.
3411 1977 3561 2032 Alle—

1936 2075 2070 2146 Ilua.
2597 2143 2733 2197 Item
2765 2141 2900 2196 alia.

2009 2238 2222 2296 Refecti
2246 2235 2454 2294 Christi
2481 2251 2719 2308 corpore
2761 2238 2818 2291 et
2857 2233 3152 2307 sanguine,
3178 2235 3284 2290 tibi
3321 2251 3564 2310 semper,

1937 2333 2194 2404 Domine,
2217 2331 2476 2388 dicamus
2509 2347 2522 2385 :
2555 2329 2811 2401 Alleluja.

2274 2427 2363 2482 Ad
2392 2428 2684 2496 Vcsperum
2710 2428 2762 2480 et
2787 2425 2862 2480 ad
2881 2425 3232 2480 Matutinam.
3293 2441 3302 2456 α

2009 2521 2192 2577 Gloria
2216 2520 2276 2576 in
2297 2519 2538 2576 Excelsis
2563 2521 2698 2588 Deo,
2727 2523 2783 2575 et
2807 2519 2866 2574 in
2894 2522 3046 2574 terra
3069 2535 3200 2590 pax,
3230 2521 3340 2574 etc.

2565 2673 2757 2730 Tantis
2780 2673 3046 2728 successit
3071 2673 3348 2729 Camanus

2496 2763 2592 2818 Vir
2611 2762 2958 2819 admirabilis
2985 2762 3268 2818 omnibus.

2497 2851 2720 2909 Christo
2737 2868 2890 2907 nunc
2917 2852 3072 2907 sedet
3098 2867 3417 2923 supremus,

2499 2944 2748 3014 Hymnos
2771 2958 2979 2997 canens
3003 2941 3414 3013 quindecimus,

2498 3035 2649 3089 Zoen
2674 3035 2738 3088 ut
2763 3036 2954 3104 carpat
2972 3032 3287 3102 Cronanus,

2498 3124 2799 3180 Conservet
2822 3137 2956 3178 eum
2975 3120 3262 3177 Dominus.

2497 3213 2664 3279 Quos.

2576 3399 2792 3452 Horum
2817 3400 3139 3451 sanctorum
3166 3395 3370 3452 merita

2504 3486 2785 3542 Abbatum
2807 3485 3128 3540 ﬁdelissima

2503 3577 2652 3648 Erga
2672 3575 3014 3647 Comgillum
3043 3591 3291 3647 congrua

2504 3667 2831 3721 Invocamus
2852 3663 3142 3732 altissima,

2501 3753 2591 3810 Uti
2616 3754 2894 3827 possimus
2917 3754 3111 3810 omnia

2503 3847 2700 3900 Nostra
2725 3845 2910 3900 delere
2935 3844 3172 3900 crimina

2503 3938 2609 3992 Per
2631 3937 2823 3992 Iesum
2841 3935 3127 3992 Christum
3154 3939 3365 3991 interna

2505 4027 2860 4099 Regnantem
2883 4025 2944 4082 in
2970 4026 3190 4082 saecula.

1625 4381 2179 4511 ORIGO

654 4582 1168 4658 CANTUUM
1250 4583 1390 4656 ET
1473 4581 1976 4658 CURSUUM
2057 4579 3107 4658 ECCLESIASTICORUM
3129 4632 3153 4675 ,

1365 4723 1468 4789 EX
1511 4725 1786 4792 CODICE
1827 4724 2427 4794 VETUSTISSIMO.

1243 4853 1607 4938 (Spelman.
1659 4855 1907 4924 Concil.
1955 4855 2210 4940 Anglic.
2259 4863 2415 4920 tam.
2463 4855 2548 4937 Ῑ.)

1581 4987 2200 5026 --4----

281 5088 332 5144 Si
371 5089 567 5146 sedulo
611 5090 975 5163 inspiciamus
1019 5107 1218 5146 cursus
1256 5093 1532 5161 auctores,
1576 5090 1637 5145 in
1674 5107 1840 5147 exor-
1865 5104 1922 5180 Ο
2019 5093 2152 5150 Inde
2173 5098 2372 5168 postea
2397 5093 2669 5150 relatione
2697 5091 2847 5148 beati
2870 5089 3094 5146 Photini
3132 5089 3420 5160 martyris,
3449 5105 3580 5144 cum

222 5181 367 5238 dium
393 5183 713 5256 reperimus
738 5185 1101 5241 decantatum
1129 5184 1321 5256 fuisse,
1350 5201 1469 5240 non
1495 5183 1640 5240 sicut
1667 5185 1844 5258 aliqui

220 5274 456 5348 imperiti
504 5277 694 5348 fuisse,
733 5279 818 5332 vel
863 5277 1014 5333 varie
1060 5277 1400 5351 objectiones
1457 5277 1840 5352 pertulerunt,

220 5369 389 5426 adhuc
414 5372 579 5428 multi
602 5376 878 5428 conantur
898 5373 1041 5428 fore.

283 5465 480 5521 Beatus
505 5466 792 5523 Trosimus
818 5466 1117 5539 episcopus
1141 5466 1502 5536 Arelatensis,
1535 5469 1593 5522 et
1620 5471 1846 5524 sanctus

218 5565 476 5625 Photinus
505 5575 720 5644 martyr
742 5575 800 5627 et
825 5569 1123 5644 episcopus
1149 5569 1542 5642 Lugdunensis
1591 5570 1842 5644 discipu-

217 5659 293 5714 lus
313 5663 494 5719 sancti
519 5664 667 5721 Petri
694 5666 956 5738 apostoli,
985 5665 1132 5722 sicut
1156 5670 1211 5722 et
1237 5665 1412 5721 refert
1459 5665 1738 5738 Iosephus
1786 5669 1843 5722 et

221 5754 476 5814 Eusebius
503 5759 855 5817 Cmsariensis
897 5760 1213 5834 episcopus,
1246 5775 1480 5826 cursum
1520 5762 1842 5824 Romanum

221 5851 272 5908 in
295 5854 494 5912 Galleis
519 5860 890 5918 tradiderunt.

1947 5189 2324 5262 quadraginta
2348 5193 2404 5244 et
2428 5192 2552 5244 octo
2589 5185 2952 5258 martyribus,
2976 5183 3183 5241 retrusi
3207 5184 3579 5257 ergastulum,

1947 5285 2218 5340 relatione
2245 5283 2316 5339 ad
2341 5283 2572 5338 beatum
2608 5281 2958 5336 Clementem
2999 5280 3062 5334 ιν
3100 5277 3211 5335 1οοὶ
3249 5281 3582 5337 successoris

1948 5379 2100 5436 Petri
2124 5377 2363 5451 apostoli
2388 5376 2854 5448 deportaverunt,
2887 5377 2944 5429 et
2980 5373 3210 5430 beatum
3255 5375 3576 5432 lnerenium

1947 5474 2277 5546 episcopum
2317 5472 2514 5528 beatus
2552 5469 2811 5526 Clemens
2848 5468 3144 5526 ordinavit.
3189 5470 3301 5525 Hoc
3342 5469 3402 5524 in
3439 5468 3583 5522 libro

1951 5568 2127 5624 sancti
2155 5567 2334 5640 ipsius
2364 5564 2607 5621 lnerenii
2632 5564 2884 5637 episc0pi
2909 5569 2965 5620 et
2991 5564 3256 5637 martyris
3305 5559 3573 5632 reperies.

1948 5662 2190 5718 Edoctus
2213 5679 2248 5716 ε.
2271 5660 2436 5716 beato
2455 5659 2762 5733 Polycarpo
2777 5658 3224 5716 Hismerniorum
3249 5655 3579 5726 episcopum

1949 5761 2006 5814 et
2031 5761 2363 5830 martyrem,
2393 5755 2494 5830 qui
2521 5755 2628 5811 fuit
2653 5754 2963 5827 discipulus
3003 5748 3274 5808 Johannis
3315 5747 3576 5820 apostoli,
