3940 6178
397 266 499 333 ΒΟἸ

1172 276 1518 337 'APPENDIX
1554 280 1642 335 AD
1677 279 1898 336 OPERA
1936 279 2168 336 SANCTI
2205 278 2505 335 GERMANI
2542 276 2969 335 PABJSIENSIS.
3644 274 3728 340 808

396 386 541 443 sicut
577 386 750 445 refert
793 388 1246 462 historiograﬁ‘us
1295 390 1569 463 Iosephus
1615 395 1672 447 et
1721 391 2026 449 Hiereneus
2047 400 2105 474 Α
2125 388 2226 444 dra
2254 388 2465 444 summi
2483 387 2732 459 honoris,
2761 403 2870 461 pro
2897 384 3212 445 reverentia
3237 384 3546 446 sanctitatis
3557 400 3731 447 eorum

399 482 648 556 episcopi
671 484 732 540 in
758 502 859 540 suo
878 485 1041 541 libro.

465 578 747 635 Iohannes
788 578 1131 650 evangelista
1177 578 1431 651 primum
1475 595 1704 635 cursum
1734 579 2023 636 Gallorum

397 670 738 742 decantavit;
768 671 900 728 inde
927 677 1119 744 postea
1142 675 1482 746 Polycarpus
1512 674 1822 745 discipulus
1848 675 2023 730 sancti

367 764 697 835 Johannis;
730 766 861 821 inde
890 771 1079 838 postea
1118 767 1423 824 Hiereneus
1447 768 1548 841 qui
1588 768 1696 823 fuit
1728 768 2025 840 episcopus

401 859 787 931 Lugdunensis
812 860 1006 917 Gallei.
1045 862 1267 918 Tertius
1308 862 1428 934 ipse
1453 863 1643 936 ipsum
1669 879 1899 918 cursum
1924 863 2022 919 de-

402 953 643 1008 cantavit
665 954 726 1009 in
754 954 973 1011 Galleis.

470 1047 602 1102 Inde
631 1048 1135 1120 modulationibus,
1165 1050 1337 1105 series
1356 1050 1775 1123 Scripturarum
1800 1053 1938 1107 Novi
1962 1070 2026 1107 ac

398 1141 611 1196 Veteris
628 1143 987 1214 Testamenti,
1010 1144 1358 1200 diversorum
1368 1145 1736 1217 prudentium
1772 1147 2025 1201 virorum

400 1234 643 1306 paginis,
673 1252 790 1291 non
815 1253 888 1292 ne
912 1237 1175 1308 propriis,
1200 1238 1297 1293 sed
1325 1239 1393 1293 de
1411 1238 1584 1294 sacris
1613 1239 1916 1310 Scripturis
1943 1256 2027 1295 re-

399 1328 654 1401 ciperent
686 1328 1056 1405 [receperunt]
1088 1331 1445 1403 antiphonias
1466 1336 1522 1388 et
1536 1334 1911 1405 responsoria,
1927 1350 2025 1389 seu

400 1439 588 1490 sonus,
622 1427 679 1478 et
700 1425 967 1480 Alleluias
989 1431 1452 1497 composuerunt,
1481 1431 1538 1483 et
1560 1444 1664 1498 per
1698 1427 2029 1483 universum

401 1516 596 1571 orbem
633 1519 936 1588 terrarum,
965 1518 1101 1573 ordo
1132 1535 1328 1574 cursus
1367 1522 1469 1575 est.
1515 1521 1635 1575 Non
1682 1520 1828 1575 sicut
1864 1520 2028 1576 multi

400 1610 724 1681 opinantur,
758 1616 817 1666 ut
842 1611 1153 1668 Gallicanus
1178 1613 1412 1685 quidam
1436 1613 1671 1669 clericus
1698 1614 1873 1670 Britto
1902 1631 2024 1669 mo-

401 1703 685 1759 dulatione
716 1704 946 1760 deditus
984 1707 1134 1777 quod
1167 1707 1356 1778 ipsum
1403 1707 1684 1777 edidisset,
1716 1709 1867 1780 quod
1910 1725 2028 1764 non

2124 486 2255 538 sunt
2282 482 2494 555 adepti.

2194 578 2261 632 Et
2283 580 2476 648 postea
2499 576 2559 631 in
2585 575 2888 631 Britanniis
2917 576 3004 631 vel
3030 574 3253 631 Scottiis
3281 574 3730 647 praedicaverunt,

2123 686 2251 742 quae
2275 670 2399 725 Vita
2429 670 2693 726 Germani
2734 669 2984 742 episcopi
3016 669 3509 739 Antisiodorensis,
3547 675 3603 726 et
3635 672 3734 727 Vita

2123 763 2272 819 beati
2299 764 2443 836 Lupi
2472 763 2754 834 adfirmat,
2786 764 2885 836 qui
2909 763 3138 818 beatum
3166 763 3475 818 Patricium
3500 763 3734 835 spiritali-

2126 860 2213 912 ter
2247 856 2462 912 litteras
2503 873 2687 913 sacras
2725 857 3043 913 docuerunt
3078 860 3248 929 atque
3276 857 3650 926 enutrierunt,
3687 864 3734 915 et

2124 951 2311 1023 ipsum
2338 950 2672 1023 episcopum
2701 968 2805 1023 pro
2854 967 3051 1007 eorum
3096 950 3500 1022 prtedicatione
3538 951 3732 1007 archie-

2124 1044 2420 1117 piscopum
2474 1045 2534 1099 in
2564 1044 2786 1101 Scottiis
2835 1048 2893 1101 et
2924 1044 3227 1100 Britanniis
3279 1049 3609 1116 posuerunt,
3651 1047 3729 1118 qui

2126 1138 2263 1194 vixit
2280 1155 2455 1194 annos
2485 1142 2714 1195 centum
2734 1138 3147 1211 quinquaginta
3171 1143 3303 1210 tres,
3326 1142 3382 1194 et
3409 1139 3599 1210 ipsum
3630 1156 3730 1195 cur-

2126 1249 2252 1288 sum
2272 1233 2484 1289 ibidem
2513 1234 2843 1288 decantavit.

2196 1328 2263 1381 Et
2286 1331 2413 1399 post
2441 1328 2630 1399 ipsum
2653 1327 2853 1382 beatus
2882 1326 3282 1381 Wandilochus
3310 1342 3501 1394 senex,
3530 1330 3589 1382 et
3622 1327 3731 1382 bea-

2125 1425 2217 1475 tus
2241 1420 2610 1492 Gomogillus,
2634 1421 2732 1493 qui
2758 1421 3080 1477 habuerunt
3101 1420 3160 1474 in
3189 1435 3387 1475 eorum
3412 1422 3732 1477 monasterio

2125 1515 2432 1571 monachos
2459 1514 2682 1571 circiter
2707 1515 2817 1570 tria
2847 1515 3025 1571 milia.

2198 1610 2331 1664 Inde
2358 1610 2557 1665 beatus
2587 1609 2989 1664 Wandilochus
3028 1609 3084 1663 in
3126 1608 3546 1680 praedicationis
3587 1609 3735 1664 mini-

2128 1703 2363 1758 sterium
2389 1703 2592 1759 abbato
2610 1703 2926 1774 Gomogillo
2956 1703 3158 1758 missus
3184 1707 3298 1771 est;
3341 1707 3397 1758 et
3431 1702 3627 1759 beatus
3647 1704 3735 1759 Co-

401 1796 533 1854 facit
557 1798 708 1869 quod
748 1799 947 1853 beatus
981 1800 1355 1872 Hieronymus
1378 1801 1692 1872 presbyter,
1723 1802 2033 1858 Germanus
2052 1785 2108 1858 Β
2130 1796 2437 1851 lumbamls
2461 1797 2715 1869 partibus
2738 1796 3045 1851 Galliarum
3066 1796 3327 1852 destinati
3351 1799 3483 1851 sunt
3507 1797 3738 1868 Luxogi-

403 1893 459 1945 et
484 1891 670 1963 Lupus
696 1891 960 1964 episcopi,
990 1894 1347 1965 Pelagianam
1373 1894 1660 1964 haeresim,
1708 1896 1795 1950 vel
1831 1896 2028 1951 Gallia-

400 2000 535 2038 nam
563 1984 709 2056 (quae
733 2002 945 2041 nomen
973 1987 1151 2058 ipsius
1194 1987 1474 2060 titulatur)
1522 2004 1614 2044 ex-
1633 1989 1937 2044 Britanniis
1976 1995 2034 2046 et

401 2077 622 2133 Scottiis
654 2080 956 2151 provinciis
990 2081 1352 2153 expulerunt,
1388 2082 1535 2137 unde
1578 2082 1753 2137 alium
1802 2100 2032 2139 cursum

400 2172 502 2244 qui
526 2172 733 2228 dicitur
759 2179 1037 2246 praesente
1070 2179 1324 2248 tempore
1353 2176 1696 2244 Scottorum,
1726 2193 1837 2249 que
1970 2194 2033 2232 sa

401 2265 665 2338 opinione
679 2266 945 2337 jactatur,

474 2359 582 2414 Sed
604 2360 803 2416 beatus
827 2363 1041 2417 Marcus
1067 2363 1430 2434 evangelista,
1471 2362 1616 2419 sicut
1649 2364 1824 2419 refert
1870 2367 2022 2421 Jose-

402 2452 550 2523 phus
571 2458 627 2509 et
652 2455 924 2510 Eusebius
946 2455 1007 2511 in
1030 2455 1172 2511 libro
1191 2473 1265 2527 1v,
1291 2460 1469 2512 totam
1484 2459 1790 2529 Egyptum
1816 2459 1902 2513 vel
1932 2460 2033 2513 Ita-

401 2545 536 2601 liam
566 2547 754 2603 taliter
792 2549 1263 2620 praadicaverunt,
1294 2551 1440 2606 sicut
1484 2568 1662 2606 unum
1706 2552 2027 2620 Ecclesiam,

403 2643 469 2695 ut
501 2642 688 2696 omnis
715 2647 956 2710 sanctus,
987 2645 1071 2699 vel
1098 2646 1284 2702 Gloria
1310 2648 1369 2699 in
1396 2646 1614 2701 emcelsz's
1639 2649 1763 2708 Deo,
1792 2646 1878 2700 vel
1903 2662 2028 2701 ora-

402 2735 555 2791 tione
583 2738 896 2809 Dominica,
921 2744 979 2795 et
1000 2743 1171 2796 Amen
1199 2740 1445 2796 universi
1474 2746 1592 2797 tam
1615 2741 1718 2796 viri
1745 2758 1915 2813 quam
1944 2743 2029 2798 fe-

400 2830 572 2885 minae
601 2832 982 2889 decantarent.
1009 2835 1181 2889 Tanta
1208 2834 1318 2891 fuit
1344 2851 1444 2889 sua
1472 2835 1804 2908 praedicatio
1848 2837 2028 2906 unita,

403 2928 460 2981 et
486 2929 680 2997 postea
718 2927 1085 2999 Evangelium
1137 2945 1207 2984 ex
1252 2946 1349 2984 ore
1396 2929 1544 2984 Petri
1572 2929 1809 3001 apostoli
1835 2930 2028 2985 edidit.

476 3019 678 3073 Beatus
693 3019 1067 3092 Hieronymus
1092 3021 1354 3078 adﬁrmat
1377 3022 1566 3093 ipsum
1582 3039 1810 3077 cursum
1831 3022 1931 3094 qui
1953 3022 2034 3077 di-

2131 1891 2251 1946 lum
2283 1890 2714 1961 monasterium,
2759 1896 2815 1949 et
2829 1891 3038 1947 ibidem
3067 1891 3259 1963 ipsum
3283 1906 3514 1946 cursum
3554 1890 3737 1946 decan-

2132 1988 2412 2040 faverunt.

2203 2081 2271 2134 Et
2294 2079 2426 2135 inde
2449 2084 2641 2152 postea
2684 2079 3007 2152 percrebuit
3050 2079 3296 2133 formam
3336 2078 3642 2135 sanctitatis
3660 2095 3739 2133 eo-

2132 2190 2260 2228 rum
2290 2190 2394 2245 per
2416 2174 2745 2229 universum
2764 2174 2961 2229 orbem
2980 2178 3288 2243 terrarum,
3304 2176 3359 2228 et
3383 2173 3570 2228 multa
3586 2190 3745 2228 caeno-

2130 2268 2221 2323 bia
2264 2284 2333 2323 ex
2367 2284 2566 2323 eorum
2609 2267 2862 2323 doctrina
2898 2273 3015 2324 tam
3042 2267 3299 2323 virorum
3337 2282 3515 2340 quam
3544 2267 3741 2339 puella-

2132 2378 2261 2417 rum
2284 2365 2417 2417 sunt
2439 2365 2798 2434 congregata.

2202 2458 2268 2511 Et
2293 2460 2486 2527 postea
2526 2455 2656 2511 inde
2696 2455 2941 2526 sumpsit
2976 2454 3272 2509 exordium
3319 2454 3422 2509 sub
3465 2454 3631 2511 beato
3653 2456 3744 2510 Co-

2131 2549 2421 2617 lumbano,
2444 2549 2594 2621 quod
2621 2551 2753 2603 ante
2799 2548 2996 2603 beatus
3032 2548 3245 2604 Marcus
3282 2549 3628 2621 evangelista
3660 2550 3748 2604 de-

2130 2643 2394 2712 cantavit,
2436 2647 2493 2698 et
2534 2642 2578 2697 si
2624 2659 2727 2698 nos
2775 2659 2894 2698 non
2950 2642 3197 2709 creditis,
3242 2642 3517 2714 inquirite
3551 2643 3610 2697 in
3643 2642 3751 2697 Vita

2130 2738 2277 2793 beati
2304 2736 2635 2793 Columbani
2666 2740 2723 2791 et
2750 2736 2900 2791 beati
2922 2736 3133 2792 Eastasi
3156 2735 3395 2804 abbatis,
3426 2736 3650 2807 plenius
3670 2737 3748 2790 in-

2131 2831 2382 2901 venietis,
2413 2835 2469 2886 et
2490 2829 2637 2886 dicta
2659 2830 2809 2886 beati
2835 2829 3105 2885 Attheleti
3123 2829 3337 2885 abbatis
3363 2829 3684 2885 Ebovensis.

2202 2927 2296 2980 Est
2328 2924 2472 2979 alius
2515 2941 2712 2980 cursus
2759 2923 3043 2979 orientalis
3079 2940 3114 2977 a
3152 2925 3343 2979 sancto
3380 2924 3667 2979 Cromatio
3703 2928 3755 2980 et

2131 3018 2387 3074 Eliodoro
2416 3022 2472 3074 et
2489 3019 2653 3073 beato
2678 3016 2928 3087 Paulino,
2956 3033 3058 3072 seu
3082 3021 3138 3072 et
3166 3017 3471 3072 Athanasio
3501 3018 3751 3091 episcOpo

402 3110 551 3166 citur
593 3116 869 3182 prasente
911 3118 1170 3186 tempore
1209 3116 1545 3184 Scottorum,
1583 3116 1779 3171 beatus
1818 3117 2032 3172 Marcus
2055 3159 2106 3186 η
2131 3112 2334 3180 editus,
2362 3128 2473 3184 que
2497 3111 2559 3167 in
2583 3111 2869 3167 Gallorum
2885 3110 3355 3166 consuetudinem
3370 3126 3489 3166 non
3502 3111 3753 3177 habetur,

404 3204 739 3276 decantavit,
774 3207 830 3263 et
878 3213 1004 3280 post
1050 3209 1238 3281 ipsum
1287 3210 1588 3281 Gregorius
1615 3211 2030 3281 Nanzenzenus,

405 3314 575 3370 quem
605 3300 980 3374 Hieronymus
1020 3320 1189 3358 suum
1230 3303 1567 3376 magistrum
1598 3319 1717 3360 esse
1756 3304 2035 3360 adﬁrmat.

409 3394 476 3448 Et
500 3393 695 3450 beatus
730 3397 962 3452 Basilius
994 3398 1167 3454 frater
1204 3398 1382 3471 ipsius
1420 3398 1596 3453 sancti
1622 3398 1898 3470 Gregorii,
1921 3399 2033 3453 An-

403 3488 611 3556 tonius,
660 3490 882 3561 Paulus,
914 3492 1248 3563 Macharius,
1277 3492 1363 3547 vel
1397 3492 1677 3547 Johannes
1714 3496 1771 3548 et
1792 3492 2037 3548 Malchus

405 3584 716 3638 secundum
735 3585 992 3641 ordinem
1018 3588 1249 3642 Patrum
1277 3586 1732 3642 decantaverunt.

480 3676 611 3731 Inde
642 3682 835 3749 postea
861 3679 1218 3735 beatissimus
1253 3680 1565 3750 Cassianus,
1597 3680 1694 3752 qui
1743 3680 2038 3737 Livorense

410 3771 749 3825 monasterio
774 3772 1005 3828 beatum
1030 3773 1338 3829 Honorium
1366 3774 1566 3829 habuit
1600 3791 1945 3846 comparem.
1974 3777 2040 3830 Et

407 3866 534 3933 post
554 3863 741 3935 ipsum
783 3864 979 3921 beatus
1028 3868 1342 3923 Honoratus
1365 3869 1586 3940 primus
1633 3869 1804 3923 abbas
1830 3873 1885 3924 et
1905 3886 2034 3924 san-

409 3959 531 4010 ctus
556 3958 827 4012 Caesarius
852 3961 1147 4037 episcopus
1171 3962 1269 4033 qui
1289 3962 1397 4016 fuit
1424 3963 1484 4018 in
1516 3963 1737 4017 Arelata
1764 3966 1819 4016 et
1843 3962 2038 4017 beatus

408 4050 698 4105 Porcarius
735 4052 905 4107 abbas
945 4054 1045 4126 qui
1067 4054 1127 4109 in
1152 4055 1276 4126 ipso
1308 4055 1652 4111 monasterio
1683 4056 1811 4124 fuit,
1844 4056 2036 4127 ipsum

408 4160 639 4199 cursum
661 4146 1120 4218 decantaverunt,
1142 4149 1241 4221 qui
1257 4150 1489 4205 beatum
1509 4151 1722 4220 Lopum
1741 4148 2037 4204 etbeatum

408 4238 752 4294 Germanum
793 4242 1108 4297 monachus
1132 4242 1194 4297 in
1230 4259 1431 4299 eorum
1465 4242 1804 4298 monasterio
1826 4242 2037 4298 habue-

407 4336 561 4387 runt.
594 4335 660 4388 Et
687 4333 795 4406 ipsi
812 4336 916 4391 sub
943 4353 1205 4392 normam
1230 4337 1415 4409 reguli
1445 4337 1634 4409 ipsum
1663 4352 1894 4391 cursum
1926 4336 2033 4391 ibi-

408 4425 539 4481 dem
567 4426 1109 4501 decantaverunt,”et
1137 4433 1331 4502 postea
1356 4430 1414 4486 in
1443 4431 1796 4503 episcopatus
1841 4430 2034 4485 cathe-

2053 3159 2109 3234 C

2136 3222 2261 3278 quae
2286 3210 2510 3261 sanctus
2536 3204 2849 3260 Macharius
2880 3203 3213 3274 decantavit,
3230 3204 3336 3260 hoc
3365 3209 3487 3273 est,‘
3504 3222 3611 3278 per
3634 3205 3755 3260 duo-

2137 3299 2328 3369 denas,
2351 3299 2461 3354 hoc
2487 3302 2591 3369 est,
2617 3314 2975 3370 unaquaeque
3001 3298 3162 3353 hora.

2207 3395 2303 3449 Est
2325 3396 2384 3450 et
2405 3393 2548 3449 alius
2574 3409 2769 3448 cursus
2788 3409 2962 3465 quem
2988 3392 3163 3448 refert
3187 3393 3385 3448 beatus
3408 3393 3751 3466 Augustinus

2137 3491 2450 3565 episcopus,
2477 3492 2628 3563 quod
2642 3492 2837 3547 beatus
2862 3490 3194 3546 Ambrosius
3216 3496 3447 3564 propter
3479 3492 3759 3548 haeretico-

2137 3602 2268 3641 rum
2291 3585 2551 3641 ordinem
2582 3584 2913 3641 dissimilem
2950 3584 3284 3658 composuit,
3313 3601 3491 3658 quem
3538 3588 3600 3641 in
3621 3585 3759 3641 Italia

2137 3683 2302 3735 antea
2327 3679 2748 3737 decantabatur.

2210 3775 2303 3829 Est
2327 3777 2383 3829 et
2402 3773 2547 3828 alius
2572 3789 2771 3828 cursus
2794 3772 2942 3829 beati
2969 3772 3275 3843 Benedicti,
3302 3772 3405 3845 qui
3429 3773 3626 3845 ipsum
3652 3773 3758 3827 sin-

2139 3866 2410 3940 gulariter
2435 3883 2612 3939 pauco
2648 3866 2998 3922 discordante
3022 3884 3055 3921 a
3084 3884 3254 3922 cursu
3297 3868 3561 3923 Romano
3604 3882 3761 3940 quem

2138 3962 2198 4015 in
2219 3977 2319 4015 sua
2346 3960 2543 4032 regula
2572 3960 2825 4032 repperis
2846 3960 3117 4031 scriptum
3145 3979 3159 4015 :
3194 3960 3287 4016 sed
3332 3964 3532 4017 tamen
3577 3960 3765 4016 beatus

2138 4053 2438 4127 Gregorius
2461 4052 2617 4109 urbis
2651 4055 2847 4109 Romae
2886 4054 3163 4125 pontifex,
3209 4055 3367 4127 quasi
3404 4054 3767 4127 privilegium

2137 4148 2431 4203 monachis
2478 4147 2667 4219 ipsum
2694 4163 2795 4201 sua
2818 4147 3116 4202 autoritate
3142 4148 3201 4202 in
3240 4148 3365 4203 Vita
3390 4149 3577 4204 sancti
3606 4149 3768 4202 Bene-

2137 4241 2271 4296 dicti
2294 4242 2355 4296 in
2384 4241 2528 4296 libro
2575 4241 2933 4312 Dialogorum
2969 4241 3305 4311 adﬁrmavit,
3332 4243 3434 4297 ubi
3472 4242 3624 4298 dixit
3662 4256 3768 4296 non

2138 4336 2300 4390 aliter
2326 4340 2550 4391 sanctus
2574 4335 2661 4390 vir
2685 4335 2904 4406 docere,
2927 4335 3036 4390 nisi
3062 4335 3207 4391 sicut
3234 4336 3351 4409 ipse
3381 4336 3588 4392 beatus
3608 4338 3769 4391 Bene-

2137 4427 2319 4484 dictus
2346 4428 2504 4484 vixit.

716 4694 1361 4887 AN'I‘IQUUM
1452 4693 2559 4859 MARTYBOLOGIUM
2653 4692 3460 4852 GALLICANUM

449 4899 551 4964 EX
592 4899 723 4966 MS.
772 4900 1348 4967 [LLUSTBISSIMI
1406 4902 1685 4968 DOMINI
1733 4900 2282 4978 CHAUVELIN,
2327 4899 2740 4965 REGIORUM
2798 4898 3276 4965 SIGILLORUM
3323 4898 3733 4967 CUSTODIS.

1592 5022 1847 5091 (Marten.
1877 5020 2126 5094 ampliss.
2158 5021 2285 5075 coll.
2319 5022 2462 5074 tom.
2486 5020 2594 5091 Vl.)

1524 5209 1851 5262 INCIPIT
1909 5206 2673 5262 MARTYROLOGIUH.

1026 5305 1416 5362 JANUARIUS.

661 5386 957 5440 Januarius
986 5385 1145 5441 habet
1171 5386 1283 5442 dies
1310 5401 1455 5449 XXXI,
1486 5386 1617 5439 luna
1648 5399 1771 5439 xxx.

408 5463 681 5519 Kalendas
723 5464 991 5535 Januarii,
1044 5465 1410 5521 Circumcisio
1439 5465 1660 5521 Domini
1705 5463 1883 5520 nostri
1907 5464 2037 5519 Jesu

476 5557 681 5613 Christi
710 5559 1022 5614 secundum
1047 5576 1297 5616 carnem.

406 5653 488 5722 In,
515 5652 763 5722 Oriente,
817 5654 1105 5725 Stephani.
1163 5652 1503 5723 Nicomedia,
1548 5652 1887 5724 Euphrosini
1926 5652 2039 5724 epi-

479 5746 650 5814 scOpi,
680 5746 970 5800 Primiani.

411 5836 471 5891 ιν
502 5835 683 5893 Nonas
708 5839 854 5909 Jan.,
881 5837 1203 5913 Antiochia,
1236 5837 1503 5912 Syridoni
1530 5837 1795 5913 episcopi,
1842 5839 2036 5912 Firmi,

2055 5320 2115 5391 D
2207 5302 2473 5359 Macharii
2506 5300 2741 5356 abbatis.
2774 5300 2902 5355 Hmc
2931 5298 2991 5353 in
3017 5296 3319 5370 Ethiopia,
3352 5296 3583 5368 Rutuli,
3627 5296 3785 5353 Clau-

2209 5397 2336 5467 diae,
2366 5395 2599 5468 Aurigo,
2630 5393 2830 5465 Vetali,
2863 5392 3088 5464 Vertite,
3119 5391 3407 5463 Stephani.

2142 5557 2208 5610 ΙΙΙ
2235 5556 2422 5610 Nonas
2443 5555 2587 5623 Jan.,
2606 5551 2809 5623 Cyrici,
3058 5549 3252 5606 Parisii
3273 5549 3526 5617 civitate,
3564 5545 3793 5621 Deposi-

2209 5649 2292 5703 tio
2315 5652 2522 5704 sanctae
2549 5645 2847 5703 Genovefaa
2872 5644 3129 5716 virginis.

2211 5742 2426 5798 Vienna
2448 5741 2691 5811 civitate,
2712 5739 2860 5796 beati
2892 5738 3137 5794 Florenti
3165 5737 3424 5810 episcopi.

2138 5836 2324 5898 Pridie
2379 5837 2562 5899 Nonas
2629 5837 2777 5910 Jan.,
2832 5834 2895 5895 in
2952 5832 3157 5907 Africa,
3213 5830 3485 5908 Aquilini,
3561 5831 3795 5893 Gemini
