3940 6178
264 331 346 385 609
1039 293 1044 296 ’
1171 321 1513 391 ANTIQUUM
1552 320 2123 380 MARTYROLOGIUM
2160 323 2605 380 GALLICANUM.

3463 333 3565 387 610

318 433 503 500 Quinti.
533 432 589 487 In
630 430 868 498 oriente,
916 431 1182 501 Bononia,
1225 433 1521 500 Ermentis,
1561 433 1739 502 Aggei
1784 439 1839 488 et
1860 449 1916 520 Α
1941 434 2026 486 VII
2057 433 2176 487 Kal.
2225 434 2532 500 Februarii,
2575 435 2633 487 in
2663 435 2824 502 Nitia,
2859 436 3140 505 Smurnae,
3169 431 3357 492 Passio
3384 442 3562 493 sancti

317 529 455 584 Cani.

317 547 382 584 ua
420 547 455 582 1.

257 547 567 690 Nonaflan.,
595 619 995 691 Hierosolyma,
1049 621 1334 692 Depositio
1383 620 1656 678 Simeonis
1702 637 1832 693 pro-

311 718 498 789 phetae.

2009 526 2314 597 Polycarpi,
2347 527 2593 596 Fabiani,
2622 527 2846 597 Saliani,
2875 529 3133 599 Sydonis.

1937 620 2001 672 VI
2040 620 2160 673 Kal.
2196 620 2350 689 Feb.,
2382 621 2442 675 in
2467 622 2786 692 Apollonia,
2815 622 2972 693 Gagi,
3020 623 3240 691 Celesti,
3281 627 3558 698 Donativi,

2009 713 2208 768 Publii.

255 825 350 878 VIII
387 823 502 876 ldus
538 821 784 890 Januar.,
838 821 1152 892 Epiphania
1207 823 1427 876 Domini
1493 822 1669 878 nostri
1707 823 1837 877 Jesu
1935 807 1979 858 ν
2008 808 2127 862 ΚδῙ·
2162 807 2346 878 Febrw
2379 810 2592 877 Roma":
2637 810 2826 865 Natale
2869 816 3076 866 sanctae
3125 811 3354 883 Agnetis
3399 814 3563 884 νίῐῊί·

309 917 511 981 Christi,
541 915 685 970 Petri
711 918 766 970 et
793 915 976 970 Marci.
1007 915 1240 970 Civitate
1268 916 1535 983 Redonis,
1577 916 1836 970 nativitas

310 1017 356 1064 et
379 1009 640 1064 ordinatio
666 1009 1014 1080 episcopatus
1042 1015 1096 1064 et
1129 1010 1396 1081 depositio
1415 1011 1590 1066 sancti
1615 1011 1834 1065 Melanii

310 1103 534 1174 episc0pi
558 1103 769 1157 ibidem
797 1103 1051 1157 celebris.

249 1207 322 1260 VII
352 1206 466 1259 Idus
500 1206 646 1274 Jan.,
697 1206 1040 1272 Nicomedia,
1074 1206 1301 1260 Luciani
1330 1207 1663 1279 presbyteri,
1689 1207 1832 1262 Feli-

304 1300 392 1368 cis,
417 1298 676 1365 Januarii,
708 1299 962 1366 Poliarci,
994 1299 1286 1354 Filoronis.

247 1401 300 1454 VI
321 1401 434 1453 Idus
451 1402 594 1467 Jan.,
623 1401 682 1454 in
708 1402 934 1471 Graecia,
959 1402 1257 1471 Timothei,
1276 1403 1528 1458 Jocundi.
1549 1405 1832 1473 Augusto-

304 1494 438 1547 duno
463 1493 699 1563 civitate,
750 1494 1029 1565 Depositio
1058 1496 1319 1566 Egimoni
1355 1496 1622 1568 episcopi,
1662 1497 1832 1565 Petri,

302 1587 437 1640 Luci.

243 1680 276 1732 V
318 1680 430 1733 Idus
463 1681 605 1749 Jan.,
657 1681 715 1734 in
754 1682 938 1736 Africa
993 1682 1249 1753 Epictati,
1307 1682 1562 1752 .Iocundi,
1622 1681 1832 1752 Quinti,

298 1773 534 1840 Secundi,
575 1774 886 1841 Saturnini,
958 1775 1168 1843 Felicis,
1237 1777 1550 1846 Fortunati,
1622 1776 1832 1847 Vitalis,

296 1867 549 1921 Martialis.

241 1961 291 2012 IV
336 1961 449 2015 ldus
501 1963 649 2027 Jan.,
707 1963 989 2033 Depositio
1051 1964 1375 2019 Melchiadis
1440 1963 1707 2036 episcopi.
1777 1967 1835 2018 In

295 2057 482 2125 Africa,
506 2056 786 2125 Revocati,
819 2057 1012 2126 Firmi,
1046 2058 1251 2113 Saturi.

238 2151 308 2222 III,
362 2151 480 2204 Idus
548 2153 671 2206 Jan.
701 2193 714 2217 ,
805 2151 863 2204 in
929 2151 1300 2215 Alexandria,
1360 2153 1542 2222 Petri,
1602 2153 1834 2223 Siveris,

297 2243 474 2298 Eliuci.

291 2338 456 2393 Pridie
487 2337 616 2393 Idus
645 2341 792 2409 Jan.,
844 2341 904 2394 in
945 2340 1172 2408 Achaia,
1234 2341 1472 2412 Cyriaci,
1545 2340 1834 2410 Moscenei,

295 2432 478 2486 Saturi.
559 2443 564 2448 ‘

237 2525 342 2580 Idus
358 2528 498 2597 Jan.,
529 2529 744 2595 Romae,
774 2529 1064 2596 Secundae,
1106 2531 1334 2582 Zoronae
1372 2533 1428 2583 et
1456 2529 1701 2583 militum
1731 2544 1834 2582 xu.

291 2620 524 2691 Pictavis,
556 2622 840 2692 Depositio
865 2623 1041 2676 sancti
1074 2623 1266 2676 Hilarii
1291 2622 1640 2678 confessoris.

235 2725 320 2779 XIX
359 2727 468 2780 Kal.
511 2725 825 2794 Februarii,
870 2726 1002 2780 Nola
1043 2726 1398 2796 Campanias,
1446 2725 1637 2780 Passio
1664 2725 1839 2779 sancti

293 2817 490 2888 Felicis,
511 2818 691 2884 Pauli,
720 2819 950 2886 Succisi,
977 2819 1268 2874 Victurini.

232 2920 362 2974 XVIII
392 2921 504 2973 Kal.
538 2919 728 2985 Febr.,
760 2919 1072 2987 Antiochia,
1111 2919 1392 2990 Depositio
1425 2919 1682 2976 Abbacuc
1707 2937 1838 2992 pro-

288 3015 478 3085 phetze.
516 3012 712 3069 Remis
746 3013 984 3081 civitate,
1017 3014 1308 3084 Depositio
1352 3015 1530 3070 sancti
1557 3016 1844 3088 Bemegii,

288 3109 516 3180 episcopi
549 3113 610 3163 et
638 3107 991 3162 confessoris.

2008 902 2095 956 nis
2123 904 2189 956 de
2211 903 2517 971 nativitate,
2549 903 2744 972 Daviti,
2771 904 2998 959 Iuliani.

1941 997 2003 1050 IV
2035 997 2151 1050 Kal.
2182 997 2338 1064 Feb.,
2379 997 2439 1050 in
2481 997 2695 1063 Tuscia,
2741 999 3048 1065 Constanti,
3103 999 3390 1070 Hyppoliti
3441 1002 3560 1072 epi-

2007 1089 2178 1160 scopi.
2205 1090 2472 1157 Treveris,
2504 1091 2785 1160 l)epositio
2809 1091 3013 1146 Valerii
3042 1092 3310 1164 episcopi.

1941 1184 2006 1236 111
2037 1185 2154 1237 Kal.
2187 1184 2342 1251 Feb.,
2373 1184 2430 1237 in
2459 1184 2663 1253 Africa,
2699 1185 2961 1254 Bclleani,
3014 1187 3174 1253 Cleri,
3223 1188 3561 1260 Philippiani

2009 1283 2064 1332 et
2084 1277 2325 1331 aliorum
2353 1294 2528 1332 cxxrv.

1939 1370 2120 1425 Pridie
2148 1371 2380 1441 Kalend,
2411 1371 2700 1440 Februar.,
2759 1373 2819 1426 in
2863 1372 3218 1441 Alexandria,
3270 1377 3557 1447 Ammoni,

2008 1465 2241 1534 Cyriaci,
2269 1467 2584 1533 Gemmeni,
2615 1467 2809 1522 Zelasi.

2520 1610 2968 1667 FEBRUABIUS.

2151 1723 2474 1777 Februarius
2503 1724 2659 1776 habet
2686 1724 2800 1777 dies
2827 1740 3013 1794 XXVIII,
3045 1725 3174 1780 luna
3202 1743 3343 1782 XXIX.

1857 1831 2373 1909 BKalend.§Feb.,
2416 1841 2701 1907 Ravenna,
2754 1840 2940 1894 Severi
2987 1842 3250 1914 episcopi,
3305 1843 3558 1912 Victoris,

2008 1937 2064 1986 et
2082 1932 2264 1985 Passio
2290 1935 2614 1986 sanctorum
2643 1931 2962 1988 Vindimiali
2983 1939 3038 1989 et
3065 1935 3336 2006 Singenii.

1940 2027 2001 2079 IV
2031 2026 2210 2079 Nonas
2239 2025 2424 2092 Febr.,
2459 2026 2776 2080 Purilicatio
2806 2028 2983 2082 beata:
3010 2029 3194 2082 Marias
3219 2031 3446 2100 quando
3471 2050 3559 2086 re-

2009 2128 2379 2194 praesentatus
2413 2129 2498 2179 est
2530 2125 2688 2178 Jesus
2726 2125 2784 2178 in
2812 2126 3044 2197 templo.
3075 2128 3291 2196 Marini,
3331 2129 3560 2186 Victori.

1938 2219 2005 2272 111
2037 2219 2221 2271 Nonas
2247 2217 2402 2283 Feb.,
2427 2218 2486 2272 in
2516 2218 2720 2285 Africa,
2755 2218 2967 2273 Felicis.
3003 2221 3274 2294 Vapingo,
3325 2224 3558 2294 Deposi-

2010 2311 2089 2365 tio
2125 2312 2519 2382 episcoporum
2562 2315 2884 2367 sanctorum
2926 2314 3139 2369 Ferridi
3182 2320 3238 2370 et
3287 2317 3559 2373 Remedii.

2009 2405 2303 2475 Lugduno,
2337 2405 2590 2476 Lupicini
2617 2407 2884 2478 episc0pi.

1939 2497 2121 2553 Pridie
2170 2499 2348 2552 Nonas
2388 2499 2540 2565 Feb.,
2581 2499 2723 2553 Foro
2767 2500 3065 2570 Semfroni,
3109 2503 3296 2558 Natale
3333 2503 3563 2572 Gimini,

2009 2591 2207 2647 Gelasii
2245 2593 2450 2663 Magni,
2497 2593 2716 2660 Donati,
2758 2594 2959 2662 Timoi,
2991 2595 3140 2650 Filiae
3169 2598 3414 2669 episcopi
3436 2615 3564 2653 cum

2011 2684 2126 2737 ﬁlia
2153 2702 2270 2738 sua.

1942 2778 2124 2832 Nonas
2180 2778 2363 2845 Febr.,
2409 2779 2467 2832 in
2525 2779 2726 2846 Sicilia,
2775 2780 3065 2849 Cathenas,
3121 2783 3308 2836 Passio
3357 2791 3564 2840 sanctas

2013 2871 2246 2943 Agathae
2291 2872 2571 2944 martyris.
2635 2873 2845 2928 Vienna
2892 2874 3172 2946 Depositio
3226 2877 3370 2931 Aviti
3443 2879 3562 2949 epi-

2015 2965 2184 3037 scopi.

1944 3060 2055 3114 VIII
2106 3060 2232 3114 Idus
2286 3059 2470 3127 Febr.,
2523 3060 2581 3115 in
2624 3061 2848 3130 Achaia,
2898 3062 3202 3131 Saturnini,
3252 3066 3560 3121 Revocatas.

2016 3159 2265 3213 Caesarea
2309 3159 2690 3230 Cappadociae,
2743 3161 2929 3216 Passio
2974 3161 3152 3217 sancti
3203 3163 3467 3219 Dorothei
3514 3169 3570 3220 et

233 3208 344 3323 ΧΨ
396 3212 672 3323 “Tende
714 3210 1287 3323 Ὲέδτξλδτίίνρθοπξεεν
1332 3212 1841 3323 Variam?“
1863 3209 1916 3282 C
2011 3208 2311 3323 ἧξίέιῖιᾶὖίο

286 3305 506 3360 Marcelli
535 3304 786 3377 episcopi
821 3307 878 3360 et
923 3305 1275 3360 confessoris.
1318 3306 1559 3375 Arelate,
1607 3307 1837 3378 Deposi-

289 3399 359 3452 tio
385 3399 558 3454 sancti
589 3399 861 3453 Honorati
890 3397 1158 3470 episcopi.

228 3499 318 3554 XVI
345 3503 454 3557 Kal.
485 3503 647 3569 Feb.,
681 3503 741 3556 in
781 3502 1080 3572 Thebaide,
1122 3503 1405 3575 Depositio
1451 3503 1626 3580 sancti
1666 3505 1836 3557 Anto-

287 3596 356 3650 nii
381 3597 668 3651 monachi.
693 3595 963 3651 Bituricas
993 3596 1232 3667 civitate,
1265 3597 1441 3652 sancti
1465 3595 1695 3668 Sulpicii
1720 3597 1838 3667 epi-

287 3691 446 3761 scopi.
488 3689 808 3760 Linguinis,
863 3691 1046 3745 Passio
1105 3695 1428 3746 sanctorum
1478 3690 1842 3745 Geminorum

284 3784 588 3857 Speusippi,
621 3784 919 3853 Leonellae,
968 3785 1224 3854 Junellaz,
1270 3785 1510 3852 Neonis;
1550 3790 1605 3840 et
1651 3784 1842 3838 Deasci

286 3878 515 3949 civitate,
546 3878 834 3950 Depositio
863 3879 1104 3932 Marcelli
1131 3878 1397 3950 episcopi.

227 3978 298 4033 XV
322 3982 433 4036 Kal.
469 3983 630 4052 Feb.,
661 3982 874 4050 Romae,
916 3981 1197 4036 Dedicatio
1225 3981 1510 4036 cathedrae
1539 3981 1715 4035 sancti
1748 3982 1843 4036 Pe-

285 4075 348 4128 tri
369 4076 629 4148 apostoli,
659 4077 760 4147 qui
785 4075 970 4147 primo
1002 4077 1192 4130 Romae
1219 4075 1380 4131 sedit.
1415 4077 1634 4146 Romae,
1664 4075 1841 4130 sancti

286 4168 466 4241 Prisci,
507 4169 668 4242 Tyrsi
716 4175 772 4224 et
832 4169 1108 4224 Gallinici.
1172 4168 1432 4239 Turonis,
1505 4169 1843 4225 monasterio

286 4262 486 4335 Majori,
516 4263 802 4336 Depositio
825 4264 1003 4318 sancti
1032 4263 1301 4318 Leobardi
1321 4264 1678 4319 confessoris.

227 4362 323 4418 XIII
348 4367 465 4422 Kal.
496 4368 655 4438 Feb.,
704 4369 916 4435 Romae,
959 4368 1134 4423 sancti
1174 4368 1482 4424 Sebastiani
1519 4372 1575 4423 et
1614 4367 1842 4424 Fabiani

289 4467 625 4534 martyrum.
656 4463 949 4534 Lugduno,
979 4463 1280 4518 Clementis
1306 4462 1642 4534 presbyteri.

1942 3345 2031 3398 VII
2062 3347 2188 3400 Idus
2216 3346 2399 3414 Febr.,
2430 3346 2488 3400 in
2521 3347 2820 3414 Britannis,
2872 3348 3061 3404 Natale
3099 3350 3262 3419 Aguli
3317 3351 3565 3422 episcopi

2012 3439 2295 3506 Anatholi,
2324 3441 2574 3494 Amonis.

1944 3533 2008 3587 VI
2056 3533 2182 3586 Idus
2230 3533 2356 3587 Feb.
2407 3537 2467 3587 In
2516 3535 2669 3589 India
2715 3536 2957 3606 civitate,
3002 3537 3187 3591 Passio
3215 3538 3389 3593 sancti
3421 3538 3564 3594 Tho-

2015 3626 2125 3681 mei
2153 3627 2409 3698 apostoli.
2450 3630 2509 3682 In
2534 3629 2795 3684 Arminia
2821 3630 3051 3686 Minore.
3085 3630 3565 3706 NataleIDiunysii,

2014 3720 2289 3785 Oneliani,
2317 3721 2471 3776 Luci.
2503 3723 2783 3795 Depositio
2812 3725 2969 3779 Pauli
2999 3725 3267 3796 episcopi.

1943 3816 1986 3870 ν
2014 3815 2142 3870 ldus
2167 3815 2321 3882 Feb.,
2353 3816 2531 3871 Suevo
2573 3818 2726 3889 apud
2766 3820 3034 3889 Cyprum,
3087 3820 3279 3874 Natale
3324 3820 3566 3876 Alexan-

2015 3909 2120 3976 dri,
2149 3909 2329 3977 Pauli,
2361 3911 2633 3965 Dionusii.
2666 3912 2952 3983 Depositio
2983 3913 3252 3984 Praejecti.

1943 4005 2010 4057 1V
2040 4003 2168 4057 Idus
2193 4004 2377 4071 Febr.,
2410 4007 2622 4072 Romae,
2644 4011 2851 4061 sanctae
2880 4007 3126 4062 Sotheris
3155 4008 3410 4080 virginis.
3443 4009 3572 4066 San-

2015 4097 2190 4152 ctanis
2217 4098 2462 4167 civitate,
2495 4101 2668 4154 sancti
2713 4101 2936 4172 Trojani
2982 4102 3224 4173 episcopi
3271 4109 3326 4158 et
3375 4104 3568 4160 Balde-

2015 4192 2213 4246 cundis
2236 4192 2552 4248 abbatissae.

1946 4286 2014 4339 III
2041 4286 2167 4340 Idus
2196 4286 2502 4354 Februarii,
2563 4288 2620 4341 in
2662 4288 2880 4358 Apulia,
2931 4289 3149 4358 Poenis,
3192 4289 3463 4347 Seufraxi.
3511 4294 3570 4347 In

2015 4379 2342 4450 Campania,
2373 4379 2652 4434 Basiliani.

1945 4471 2131 4527 Pridie
2163 4473 2288 4526 Idus
2317 4473 2622 4542 Februarii,
2656 4473 2713 4527 in
2744 4474 2948 4540 Africa,
2995 4475 3273 4543 Damiani,
3321 4478 3380 4534 in
3417 4480 3572 4536 Italia

233 4562 308 4618 XII
343 4567 460 4620 Kal.
503 4567 662 4636 Feb.,
696 4568 907 4635 Romae,
949 4573 1156 4623 sanctas
1196 4568 1428 4639 Agnetis
1462 4568 1714 4639 virginis.
1748 4570 1848 4622 Ar—
1867 4581 1927 4653 D
2022 4565 2244 4636 Donati,
2274 4566 2529 4632 Heraclii,
2561 4567 2856 4631 Vincentii,
2889 4568 3178 4624 Susannze.

293 4661 492 4730 vernis,
543 4661 828 4733 Depositio
867 4663 1040 4718 sancti
1075 4662 1220 4718 Aviti
1263 4662 1531 4734 episcopi,
1588 4662 1845 4732 Projecti,

293 4755 561 4826 Amerini,
591 4756 897 4811 Saturnini.

232 4845 287 4901 XI
326 4850 441 4904 Kal.
490 4850 649 4920 Feb.,
700 4851 759 4905 in
792 4852 1032 4922 Spaniis,
1081 4851 1284 4906 Valerii
1325 4851 1570 4923 episcopi
1614 4856 1669 4906 et
1727 4851 1850 4905 Vin-

297 4944 438 5000 centi
483 4944 704 5000 diaconi
742 4950 798 5001 et
830 4951 1146 5018 martyrum
1185 4963 1332 5017 xvm,
1383 4963 1515 5002 cum
1561 4946 1722 5002 sociis
1753 4962 1846 5001 eo-

296 5055 442 5096 rum.

1950 4660 2077 4715 ldus
2103 4659 2257 4727 Feb.,
2289 4659 2630 4729 Nicomedia,
2663 4661 2850 4716 Passio
2873 4661 3098 4732 Iuliani,
3130 4665 3388 4722 Tulliani.
3432 4668 3576 4738 Lug-

2020 4754 2195 4822 duno,
2228 4753 2510 4825 Depositio
2539 4755 2684 4810 beati
2711 4756 2978 4828 Stephani
3005 4758 3270 4830 episcopi.

1950 4849 2056 4903 XVI
2086 4848 2357 4903 Kalendas
2385 4849 2582 4904 Martii.
2623 4851 2837 4920 Romae,
2890 4852 3072 4906 Passio
3113 4854 3386 4910 Valentini
3422 4873 3571 4912 mar-

2021 4941 2178 5014 tyris,
2209 4942 2478 4998 Felicolae.
2511 4947 2571 4999 In
2605 4945 2818 5014 Tuscia,
2848 4945 3058 5016 Spoleti
3087 4945 3327 5016 civitate,
3362 4950 3572 5024 Vitalis,

2022 5037 2249 5108 Cyrion,
2275 5038 2549 5093 Martiani.

231 5132 265 5186 X
313 5135 426 5190 Kal.
480 5136 636 5203 Feb.,
690 5136 748 5190 in
805 5137 1152 5208 Mauritania,
1209 5136 1398 5192 Passio
1454 5136 1736 5192 Severiani
1796 5139 1853 5190 et
1953 5133 2036 5186 XV
2092 5133 2205 5186 Kal.
2243 5133 2422 5202 Mart.,
2465 5133 2778 5198 Antiochia,
2819 5133 3032 5206 Josippi
3069 5135 3306 5208 diaconi,
3357 5143 3577 5214 Apollo-

293 5231 512 5302 Aquila:
561 5237 617 5288 et
649 5233 842 5288 uxoris
887 5233 1028 5303 ejus,
1081 5233 1295 5304 Eugeni
1348 5237 1404 5286 et
1439 5230 1700 5299 Machari,
1744 5232 1847 5284 Do-

297 5328 433 5382 nati.

234 5418 289 5474 IX
347 5423 469 5476 Kal.
544 5425 695 5492 Feb.,
760 5423 1074 5490 Antiochia,
1118 5421 1306 5476 Passio
1357 5421 1534 5475 sancti
1585 5418 1849 5490 Babyllee,

297 5533 425 5572 cum
455 5518 654 5574 tribus.
684 5520 840 5587 Par.,
863 5524 919 5574 et
946 5518 1205 5572 aliorum.
1237 5514 1473 5586 Eugeni,
1505 5512 1848 5578 Felicissimi,

299 5613 606 5668 Saturnini.

235 5705 336 5759 VIII
391 5709 509 5762 Kal.
583 5709 736 5770 Feb.,
801 5706 1147 5776 Autmasius,
1211 5703 1467 5773 Sabinus,
1537 5702 1852 5768 Leodotius,

297 5801 634 5874 Thrugenis.
685 5805 894 5872 Romae,
941 5800 1246 5857 Translatio
1294 5798 1466 5855 sancti
1521 5798 1672 5853 Pauli
1725 5813 1855 5866 apo-

299 5897 442 5953 stoli.

2023 5227 2126 5295 nii,
2159 5227 2399 5282 Romani
2422 5232 2477 5282 et
2507 5232 2714 5282 sancta:
2739 5229 2968 5300 Agapae,
3000 5229 3250 5302 virginis.

1953 5323 2062 5378 XIV
2107 5322 2223 5375 Kal.
2281 5323 2460 5390 Mart.,
2502 5321 2560 5375 in
2609 5321 2930 5390 Britanniis,
2970 5324 3239 5397 Faustini,
3289 5330 3570 5385 Viventiae.

2026 5418 2087 5470 In
2115 5417 2374 5486 Egypto,
2405 5415 2628 5481 Iuliani,
2657 5433 2788 5471 cum
2815 5419 3085 5491 Aigyptiis
3113 5438 3352 5478 numero
3383 5441 3414 5478 γ
3445 5424 3570 5478 11111⁴

2026 5510 2166 5564 1111111
2179 5550 2191 5563 .

1956 5605 2065 5658 XIII
2093 5602 2322 5656 Kalend.
2353 5603 2593 5672 Martias,
2635 5604 2694 5660 in
2734 5607 2940 5674 Africa,
2979 5608 3317 5672 Concordiae,
3348 5608 3570 5678 Donati,

2025 5696 2190 5763 Casti,
2223 5696 2580 5754 Secundiani.

1956 5793 2042 5847 XII
2086 5792 2205 5845 Kat.
2247 5792 2484 5862 Martias,
2525 5793 2586 5848 in
2626 5795 2833 5864 Africa,
2885 5794 3145 5861 Rutulus,
3181 5792 3404 5866 Silvani,
3436 5798 3572 5855 Dar.

2029 5885 2145 5957 sici,
2175 5886 2492 5943 Secundini.
2536 5887 2813 5958 Depositio
2840 5885 3121 5944 Benedicti
3143 5885 3373 5952 abbatis,
