3940 6178
454 300 557 355 διδ
1320 293 1649 350 APPENDIX
1692 267 1793 348 An
1819 292 2041 348 ornas.
2078 292 2131 345 s.
2172 288 2472 348 GERMANI
2511 288 2937 347 PARISIENSIS.
3656 306 3739 357 διδ

526 406 773 463 tentiati.
804 406 906 460 Via
943 405 1339 468 Nomentana,-
1353 401 1533 456 sancti
1567 400 1777 456 Urbani
1807 400 2079 471 episcopi,
2104 401 2291 484 AXVI
2317 400 2437 454 Kal.
2465 401 2598 467 Jul.,
2630 392 2973 466 'Caulaurea,
3015 400 3337 453 sanctorum
3363 400 3461 456 Viti
3499 410 3739 477 martyris,

529 500 822 557 Poletrati.
2253 493 2492 548 Modesti
2525 496 2582 548 et
2616 493 2916 561 Criscenti,
2958 491 3159 562 Cyrici,
3189 492 3388 547 Julittae
3415 498 3594 552 matris
3627 501 3742 570 ejus.

456 597 546 651 VII
569 596 692 650 Kal.
720 592 892 660 Junii,
922 592 1119 645 Natale
1148 589 1392 657 Hereali,
1412 588 1594 656 Pauli,
1614 586 1805 642 Rufini
1834 590 1891 641 et
1918 588 2082 641 Vale-
2182 589 2269 643 XV
2297 588 2420 642 Kal.
2448 588 2580 653 Jul.,
2603 588 2803 643 Natale
2828 589 3159 641 sanctorum
3195 587 3505 658 Alexandri,
3536 591 3745 649 Dioscori

526 689 617 757 rii,
657 685 866 752 Saturi,
902 684 1102 752 Vituri,
1137 686 1195 738 et
1217 682 1409 738 Passio
1438 681 1636 754 sancti
1664 681 1837 736 Prisci
1867 683 2080 751 marty-
2259 684 2316 736 et
2348 681 2549 736 Marini
2579 684 2747 752 martg

2269 684 2316 736 et
2348 681 2549 736 Marini
2579 684 2901 752 martyrum
2925 697 2938 746 ;
2968 679 3233 749 Quiriaci,
3269 680 3455 751 Cyriaa.
3476 684 3747 741 Aurelianis

528 783 624 837 ris.
2258 774 2503 844 civitate,
2525 774 2675 829 Aviti
2695 774 3031 846 presbyteri.

456 879 523 932 VI
551 875 673 929 Kal.
712 875 865 940 Jun.,
910 872 1107 926 Natale
1149 870 1361 943 Aquilli
1404 869 1745 943 presbyteri,
1792 867 2085 939 Evangeli,
2185 871 2296 925 XIV
2321 870 2446 924 Kal.
2479 870 2613 936 Jul.,
2651 870 2867 935 Romae,
2909 868 3108 924 Natale
3138 869 3304 924 Marci
3348 874 3404 924 et
3433 866 3745 931 Marcelliani.

530 968 724 1037 Helize,
753 966 1007 1033 Luciani,
1038 965 1254 1033 Quinti,
1290 964 1566 1019 Estiabili.
2260 966 2550 1030 Ravenna,
2571 963 2823 1029 Martori,
2851 962 3067 1033 Felicis,
3088 964 3290 1032 Emeli,
3319 964 3563 1036 Crispini.

456 1065 520 1118 V.
563 1064 688 1118 Kal.
733 1061 905 1128 Junii,
952 1059 1288 1131 Pamphilia,
1326 1057 1522 1125 Zetoli,
1564 1057 1817 1112 Primoli.
1864 1055 2090 1111 Parisiis
2189 1061 2319 1115 XIII.
2348 1060 2471 1113 Kal.
2500 1058 2652 1125 Julii,
2694 1058 2754 1112 in
2803 1057 3146 1127 Mediolano,
3190 1061 3507 1114 sanctorum
3547 1062 3747 1117 Gervasii

530 1157 778 1224 civitate,
802 1153 1093 1227 Depositio
1121 1152 1300 1208 sancti
1329 1152 1623 1208 Germani.
2263 1156 2322 1208 et
2347 1152 2608 1220 Protasii,
2641 1155 2700 1207 et
2725 1151 2871 1207 Celsi
2901 1152 3083 1223 pueri.
3114 1153 3330 1220 Romae,
3365 1151 3628 1225 Hippoliti,
3666 1157 3749 1210 [Io-

460 1254 528 1308 IV
557 1252 680 1307 Kal.
709 1253 864 1319 Jun.,
893 1249 1091 1305 Natale
1132 1247 1403 1315 Polionis,
1435 1244 1698 1317 Crispoli,
1727 1243 1927 1300 Primi.
1956 1245 2090 1298 Tre-
2264 1248 2463 1314 norim,
2494 1245 2642 1314 Voti,
2670 1245 2842 1300 Petri.

532 1346 666 1401 viris
697 1344 945 1412 civitate,
975 1341 1265 1399 Maximini
1285 1339 1559 1412 episcopi,
1589 1339 1686 1394 ubi
1712 1339 1896 1393 multa
1923 1338 2094 1392 mira-
2191 1343 2298 1398 XII.
2328 1342 2450 1396 Kal.
2477 1340 2628 1408 Julii,
2657 1341 2854 1394 Natale
2898 1341 3076 1408 Pauli,
3124 1340 3365 1412 Cyriaci,
3409 1340 3664 1409 Feliciani,
3684 1343 3753 1397 Vi-

531 1439 670 1495 bilia
694 1440 861 1495 ﬁunt.
2264 1435 2413 1503 talis,
2449 1433 2711 1505 Crispini.
2760 1433 3049 1505 Depositio
3095 1434 3513 1490 Childemarchi
3565 1435 3753 1507 virginis

462 1536 532 1591 llI
567 1534 691 1593 Kal.
726 1533 901 1601 Junii,
934 1530 1259 1599 Antiochia,
1293 1531 1626 1584 sanctorum
1663 1526 1796 1595 Sici,
1827 1524 2090 1595 Palatini,
2266 1546 2461 1585 sacrae.

535 1627 760 1695 Gabini,
787 1625 1046 1698 Crispoli.
2194 1626 2279 1680 XI.
2310 1625 2434 1678 Kal.
2460 1622 2612 1691 Julii,
2647 1623 2706 1678 in
2730 1623 3008 1691 Ctesarea,
3040 1622 3335 1694 Depositio
3373 1623 3543 1679 sancti
3569 1623 3759 1694 Eusebii

463 1721 651 1778 Pridie
686 1722 810 1775 Kal.
859 1722 1014 1787 Jun.,
1054 1719 1271 1785 Romaa,
1306 1720 1516 1771 sanctas
1553 1714 1876 1771 Petronilla:
1921 1712 2094 1785 virgi-
2268 1717 2541 1789 episcopi,
2569 1720 2627 1770 et
2656 1716 2790 1771 alibi
2820 1716 3089 1788 Quiriaci,
3119 1718 3516 1790 Appolonaris,
3542 1717 3700 1772 Rufini
3721 1722 3765 1771 et

538 1815 646 1883 nis,
695 1814 875 1870 sancti
920 1813 1073 1869 Petri
1122 1812 1272 1881 filiae,
1340 1810 1529 1878 Ganti,
1577 1808 1864 1877 Gantiani,
1916 1798 2170 1876 Proti,B
2262 1811 2464 1868 Martii.

536 1908 854 1977 Praevilani,
888 1907 1212 1978 Grisogoni,
1244 1904 1623 1962 Cantianillae.
1850 1965 1856 1969 ι
2196 1908 2237 1962 Χ
2271 1907 2394 1961 Kal.
2435 1905 2587 1974 Julii,
2622 1905 2680 1960 in
2710 1905 3059 1979 |Britanniis,
3115 1907 3313 1962 Albini
3366 1907 3630 1980 martyris,
3667 1923 3767 1960 cum

2269 2000 2395 2055 aliis
2426 2015 2790 2056 ncccmxvn.
2836 2001 2996 2069 Nola,
3036 2001 3195 2056 Pauli
3234 2001 3504 2073 episcOpi,
3545 2005 3597 2056 et
3625 2000 3766 2055 sancti

1149 2055 1403 2112 JUNIUS-
2270 2094 2450 2149 Niceti
2476 2095 2747 2166 episcopi.

772 2172 965 2227 Junius
999 2170 1157 2225 habet
1180 2169 1295 2225 dies
1324 2184 1453 2235 xxx,
1487 2168 1620 2222 luna
1646 2182 1792 2221 XXIX.
2201 2191 2264 2244 ιχ
2289 2189 2410 2243 Kal.
2438 2188 2589 2256 Julii,
2626 2190 2747 2243 Ναί(

2289 2189 2410 2243 Kal.
2438 2188 2589 2256 Julii,
2626 2190 2823 2244 Natale
2849 2190 3017 2257 Aviti,
3040 2189 3339 2258 Aritionis,
3379 2188 3613 2256 Emeriti,
3640 2182 3768 2259 Capi-

470 2288 712 2343 Kalend.
741 2287 912 2356 Junii,
941 2287 1002 2341 in
1029 2282 1694 2352 Thessalonica,'0ctavi,
1712 2280 1975 2353 Crispini,
2002 2282 2098 2336 Ju-
2272 2282 2463 2338 tionis.

540 2382 722 2449 benti,
765 2380 998 2449 Castuli,
1027 2379 1222 2452 Arapi,
1256 2378 1439 2434 Publii
1477 2393 1611 2432 cum
1643 2376 1770 2431 aliis
1802 2391 1977 2430 CXXVI.
2006 2374 2096 2428 Vi-
2200 2378 2314 2431 VIII
2360 2378 2485 2431 Kal.
2535 2377 2687 2445 Julii,
2732 2377 2792 2432 in
2836 2378 3130 2449 provincia
3169 2378 3507 2445 Palaestinae,
3552 2375 3771 2432 Nativitas

540 2476 699 2547 bina,
731 2474 891 2531 Gladi
923 2474 1196 2546 episcopi.
2272 2470 2454 2526 sancti
2477 2471 2756 2527 Johannis
2787 2473 3090 2539 Baptistae;
3119 2476 3177 2527 et
3202 2473 3266 2527 in
3296 2473 3531 2544 Epheso,
3551 2469 3773 2526 assumtio

470 2572 537 2627 IV
580 2573 771 2626 Nonas
810 2571 965 2637 Jun.,
1021 2570 1233 2636 Romae,
1278 2566 1587 2623 Marcellini
1628 2570 1684 2621 et
1738 2564 1910 2621 Petri.
1956 2565 2098 2618 Item
2273 2565 2452 2620 sancti
2476 2566 2755 2621 Johannis
2780 2567 3044 2638 apostoli.

539 2664 848 2721 Marcellini
887 2662 1159 2735 episcopi,
1196 2661 1487 2716 Zachariae
1524 2659 1864 2732 presbyteri,
1910 2659 2098 2727 Roga-
2202 2665 2292 2719 VII
2326 2664 2450 2718 Kal,
2477 2664 2629 2732 Julii,
2661 2665 2857 2719 Natale
2898 2668 3230 2720 sanctorum
3268 2665 3560 2733 Lantalibi,
3593 2643 3772 2720 capite.

542 2760 688 2815 tiani
714 2757 967 2831 episcopi
988 2773 1118 2812 cum
1148 2755 1273 2811 aliis
1296 2772 1483 2811 XLVIII.
2274 2758 2558 2826 Salonica,
2590 2758 2753 2813 Lucae
2783 2758 3037 2830 virginis,
3067 2763 3127 2814 et
3141 2759 3413 2815 Aceiahae
3437 2759 3593 2831 regis.

472 2855 540 2910 ΙΙΙ
566 2855 757 2909 Nonas
785 2851 958 2920 Junii,
988 2850 1047 2905 in
1072 2850 1282 2919 Africa,
1307 2847 1547 2918 Quirini,
1577 2846 1863 2915 Abidiani,
1890 2847 2099 2917 Νθρὶο-
2204 2853 2269 2907 VI
2295 2852 2417 2907 Kal.
2448 2851 2600 2920 Julii,
2626 2853 2842 2920 Romae,
2864 2853 3143 2908 Johannis
3170 2857 3229 2909 et
3278 2853 3437 2909 Pauli
3459 2854 3700 2925 jfratrum,
3735 2854 3777 2904 et

544 2948 612 3018 ri,
638 2947 879 3004 Julianae
908 2944 1166 3016 virginis.
1208 2943 1531 3000 Aurelianis
1568 2941 1817 3009 civitate,
1853 2938 2100 2995 Leifardi
2276 2951 2410 3007 alibi
2436 2951 2727 3019 Gauderti,
2757 2950 2971 3006 Felicis,

543 3040 883 3114 presbyteri
2202 3052 2246 3105 v
2300 3050 2423 3105 Kal.
2470 3050 2621 3119 Julii,
2680 3050 2899 3119 Romae,
2945 3050 3146 3123 Crispi,
3197 3050 3559 3124 Crispiniani,
3604 3046 3778 3113 Felicis,

472 3134 661 3191 Pridie
680 3135 868 3189 Nonas
884 3132 1058 3202 Junii,
1080 3133 1278 3187 Natale
1296 3129 1763 3204 Camasiae,{Julii,
1787 3128 2101 3186 Saturnini.
2124 3175 2180 3250 Ο
2273 3145 2503 3213 Juliani,
2530 3143 2747 3199 primm

2273 3145 2503 3213 Juliani,
2530 3142 2829 3213 Primitivi,
2852 3145 3079 3201 Justini.

545 3228 727 3299 Italia,
753 3227 967 3283 Πηδῐὶοί
993 3226 1265 3299 episcopi,
1294 3224 1546 3281 Πᾶϐίθιηίο
2126 3224 2180 3250 υ
2204 3241 2270 3295 IV
2300 3240 2422 3294 Kal.
2453 3238 2603 3307 Julii,
2636 3238 2696 3293 in
2737 3238 2946 3307 Africa,
2986 3239 3247 3307 Fabiani,
3293 3239 3540 3309 Venusti,
3573 3235 3780 3302 Cumch,

472 3322 665 3381 Nonas
704 3322 877 3392 Junii,
931 3322 993 3377 in
1059 3324 1324 3395 (Egypto,
1387 3318 1668 3388 Martiani,
1727 3316 1999 3389 Nigrandi
2050 3320 2107 3372 et
2275 3332 2563 3406 Apolloni,
2593 3331 3122 3405 Dionysii,nynosi.

540 3418 882 3491 Apolloniae,
905 3415 1186 3488 Gregorii.
2206 3428 2296 3483 IlI.
2329 3429 2454 3482 Kal.
2484 3427 2635 3496 Julii,
2671 3428 2747 3482 Ro

2269 3428 2296 3483 ἱ.
2329 3429 2454 3482 Kal.
2484 3427 2635 3496 Julii,
2671 3428 2891 3496 Romae,
2920 3429 3120 3484 Natale
3159 3432 3553 3501 apostolorum
3580 3426 3707 3484 Petri
3740 3426 3780 3477 et

473 3513 589 3569 VIII
612 3513 741 3569 Idus
779 3514 933 3581 Jun.,
978 3510 1364 3580 Nevidunum,
1403 3508 1658 3577 Amanti,
1683 3507 1838 3577 Luci,
1870 3508 2106 3562 Alexan-
2276 3522 2435 3577 pauli
2465 3523 2525 3577 ει
2546 3523 2794 3578 aliorum
2819 3540 3163 3580 Dccccmw,

546 3607 657 3678 dri,
686 3606 909 3663 Claudii
936 3604 1209 3678 episcopi,
1239 3603 1443 3660 Ctﬁrati
1472 3602 1743 3675 ePiSCOPi-
2205 3615 2393 3672 Pridie
2426 3616 2712 3672 Kalendas
2740 3617 2892 3685 Julii,
2932 3618 3287 3689 Lemovicas,
3322 3618 3602 3692 Depositio
3645 3610 3781 3670 sancti

476 3702 566 3757 VII
592 3701 720 3756 Idus
742 3701 897 3768 Jun.,
932 3699 1124 3755 Natale
1159 3697 1347 3767 Pauli,
1376 3697 1690 3754 Fortunati.
1738 3696 1934 3770 Magri,
1983 3696 2103 3751 Pri-
2276 3711 2545 3766 Martialis
2580 3711 2747 3783 episc,

2276 3711 2545 3766 Martialis
2580 3711 2849 3784 episcopi,
2890 3712 3213 3785 Andegavis
3264 3714 3511 3783 civitate,
3554 3707 3780 3783 depositio

551 3795 719 3864 111051:
750 3793 1001 3849 LUCiani-
2279 3804 2461 3860 sancti
2505 3805 2709 3860 Albani
2760 3806 3013 3879 episcopi
3057 3809 3115 3861 et
3156 3808 3537 3876 confessoris;
3575 3808 3628 3859 et
3681 3799 3783 3857 alibi

477 3890 544 3946 VI
569 3888 701 3944 Idus
717 3889 870 3956 Jun.,
892 3888 1110 3954 Romae,
1132 3885 1309 3940 Primi
1330 3887 1388 3939 et
1415 3884 1630 3953 Felicis,
1653 3886 1861 3954 Nabor,
1884 3884 2102 3940 Nazari.
2279 3897 2523 3954 aliorum
2573 3902 2903 3956 sanctorum
2966 3900 3176 3956 cursici
3236 3901 3575 3975 presbyteri,
3624 3893 3783 3955 Leonis

547 3981 867 4041 Suessionis
890 3980 1138 4048 civitate,
1171 3978 1461 4051 Depositio
1487 3979 1669 4034 sancti
1694 3978 1946 4036 Medardi
1976 3995 2108 4035 con-
2280 3992 2615 4049 subdiaconi

550 4076 783 4135 fessoris
813 4079 872 4131 et
893 4074 1200 4148 pontiﬁcis.
2890 4068 3143 4124 JULlUS.

477 4174 521 4230 V
558 4173 689 4230 Idus
729 4174 884 4241 Jun.,
920 4170 1120 4225 Natale
1162 4167 1455 4224 Maximini
1493 4167 1795 4240 presyteri,
1820 4168 2104 4236 Vincenti,
2680 4162 2856 4218 Julius
2886 4163 3044 4219 habet
3072 4163 3187 4219 dies
3211 4180 3368 4219 χχχι.

550 4266 854 4324 Bassilidis.
884 4262 1183 4332 Jacharias,
1216 4262 1456 4319 Censuri
1481 4262 1753 4335 episcopi,
1784 4265 1843 4317 et
1874 4261 2105 4335 Deposi-
2210 4263 2331 4318 Kal.
2371 4262 2524 4331 Julii,
2566 4263 2785 4332 Romae,
2826 4264 2971 4335 Gagi
3004 4265 3352 4337 presbyteri.
3408 4268 3471 4322 In
3508 4266 3685 4320 monte
3714 4260 3786 4324 0r,

546 4364 629 4420 tio
657 4359 947 4434 Sagittarii
967 4356 1326 4415 confessoris.
2281 4355 2570 4428 Depositio
2599 4358 2791 4413 Aaron
2834 4358 3166 4415 sacerdotis.
3197 4360 3488 4433 Agustini,
3521 4356 3680 4416 Leoni
3699 4352 3788 4426 epi-

480 4461 547 4517 IV
575 4459 705 4515 Idus
725 4459 879 4524 Jun.,
906 4459 1235 4510 sanctorum
1264 4449 1503 4520 Basillse,
1531 4450 1858 4524 Crispoli....
1902 4450 2108 4519 Aurisi,
2280 4451 2455 4523 scopi.
2485 4453 2547 4506 In
2567 4452 2764 4520 Gallia,
2794 4453 3045 4509 Karilefﬁ
3065 4454 3436 4512 confessoris.

553 4550 779 4623 Rogati.
874 4620 887 4634 κ
2130 4547 2280 4631 DVI
2305 4547 2496 4601 Nonas
2536 4546 2687 4615 Julii,
2725 4547 2944 4619 Rome,
2981 4549 3237 4605 Processi
3294 4554 3357 4606 et
3401 4544 3718 4612 Martiniani,
3752 4546 3793 4596 et

483 4647 554 4705 III
580 4646 711 4702 ldus
733 4647 886 4713 Jun.,
918 4641 1118 4699 Natale
1138 4638 1400 4709 Emeriti,
1428 4639 1762 4709 Victuriani,
1784 4640 2022 4697 Victoris
2057 4643 2115 4695 et
2283 4642 2610 4701 Melchiadea
2650 4658 2834 4714 papae.
2872 4643 3131 4711 Turonis,
3182 4644 3572 4716 Munugundae
3616 4637 3792 4698 ancilla

556 4739 872 4797 Fortunati.
2284 4738 2405 4795 Dei.

480 4833 669 4895 Pridie
688 4832 994 4900 Idus_Jun.,
1021 4830 1219 4886 Natale
1243 4833 1575 4885 sanctorum
1594 4828 1893 4900 Balsilidis,
1919 4829 2113 4901 ;Nabo-
2212 4836 2256 4888 V
2281 4834 2468 4889 Nonas
2511 4831 2661 4900 Julii,
2700 4832 2758 4886 in
2797 4832 3162 4901 Alexandria,
3211 4834 3541 4907 Triphonis,
3584 4826 3789 4903 Syronis.

555 4932 636 4988 ris
665 4932 724 4984 et
746 4926 965 4996 Felicis,
994 4923 1235 4980 Tribolis
1258 4923 1585 4979 Madaledis.
2283 4926 2492 4999 Aprici,
2513 4925 2744 4981 Iuliani.

484 5024 613 5082 ldus
650 5024 804 5092 Jun.,
862 5021 922 5077 in
967 5019 1175 5087 Africa,
1229 5017 1482 5087 Luciani,
1527 5018 1842 5075 Fortunati.
1890 5020 2107 5088 Romae,
2216 5023 2279 5076 IV
2313 5021 2504 5076 Nonas
2539 5019 2691 5089 Julii,
2740 5020 2801 5074 in
2845 5020 3044 5091 Gallia,
3077 5022 3342 5092 Turonis,
3385 5021 3669 5079 Ordinatio
3704 5013 3797 5086 epi-

560 5120 771 5176 sanctaa
800 5116 1079 5174 Feliculte.
2090 5142 2101 5155 ο
2285 5117 2569 5187 scopatus,
2605 5117 2663 5169 et
2688 5115 3005 5171 Translatio
3031 5117 3314 5189 corporis,
3346 5122 3407 5173 et
3429 5112 3700 5173 Dedicatio
3729 5109 3803 5162 ba-

486 5215 643 5273 XVIII
689 5213 812 5268 Kal.
859 5210 1009 5281 Julii,
1056 5212 1255 5267 Natale
1283 5208 1539 5279 Antonii,
1598 5206 1870 5275 Quitiani,
1934 5209 2109 5265 Proti.
2286 5209 2457 5265 silicze
2507 5208 2686 5265 sancti
2719 5210 2944 5265 Martini
2986 5211 3259 5284 episcopi.
3319 5212 3612 5277 Bituricas,
3649 5202 3801 5262 natale

558 5306 878 5365 Suessionis
917 5306 1163 5374 civitate,
1204 5305 1415 5361 Valerii
1443 5308 1502 5359 et
1533 5303 1724 5358 Rufini
1770 5305 2107 5376 martyrum.
2287 5303 2462 5360 sancti
2488 5303 2758 5359 Lauriani
2786 5304 3105 5377 martyris.'

556 5401 879 5459 Aurelianis
925 5400 1171 5470 civitate,
1229 5398 1546 5456 Translatio
1606 5398 1861 5471 corporis
1933 5398 2113 5453 sancti
2216 5400 2284 5454 III
2332 5401 2522 5455 Nonas
2553 5397 2703 5467 Julii,
2749 5400 2948 5454 Natale
3000 5400 3314 5472 Agathoni,
3354 5397 3671 5473 Triphonis,
3715 5392 3806 5447 Ma-

556 5492 765 5554 Aniani
789 5494 1131 5552 confessoris
1156 5498 1214 5551 et
1238 5494 1513 5567 episcopi,
1547 5496 1604 5548 et
1629 5492 1897 5549 liberatio
1919 5491 2110 5548 civita-
2286 5493 2457 5565 grini,
2488 5492 2786 5562 Theodoti,
2813 5494 3050 5563 Meroni,
3082 5495 3375 5552 Rodosiaa.

558 5592 630 5649 tis
648 5590 825 5666 ipsius
851 5607 885 5647 a
911 5588 1143 5648 Chunis.
2216 5586 2403 5642 Pridie
2419 5588 2619 5655 Nonas
2656 5587 2809 5655 Julii,
2847 5588 3046 5645 Natale
3073 5588 3294 5645 Palladi
3338 5589 3603 5663 Philippi,
3629 5578 3809 5643 Severi,

486 5689 643 5748 XVIII
672 5688 796 5742 Kal.
822 5687 954 5753 Jul.,
982 5685 1178 5741 Natale
1201 5684 1530 5738 sanctorum
1553 5681 1751 5753 Hysiti,
1781 5682 2113 5748 Clementis,
2287 5697 2352 5735 ac
2372 5681 2566 5750 Zotici,
2597 5681 2867 5738 Ariethis.

560 5780 844 5849 Cantiani,
897 5777 1219 5846 JoVoniani,
1282 5774 1505 5846 Filippi,
1556 5774 1796 5844 Joviani,
1847 5774 2112 5843 Candidi,
2216 5772 2405 5831 Nonas
2456 5776 2607 5847 Julii,
2651 5777 2850 5834 Natale
2885 5778 3087 5850 Eracli,
3130 5780 3448 5855 Apollonii,
3494 5778 3661 5837 Publii
3704 5786 3809 5829 cum

553 5872 832 5940 Cantiani,
865 5869 1210 5940 Crissogoni,
1239 5868 1553 5935 Quintiani.
2288 5870 2413 5925 aliis
2438 5887 2590 5928 xvm.
2618 5872 2842 5943 Parma,
2874 5874 3011 5931 Novi
3036 5880 3095 5933 et
3122 5876 3405 5937 Parmini.
