3940 6178
522 255 624 317 623
1317 243 1650 313 APPENDIX
1685 239 1775 310 AD
1809 247 2034 311 opum
2068 247 2302 310 SANCTI
2338 239 2636 311 GERMANI
2673 249 3099 310 PARISIENSIS.
3719 259 3794 323 6.2.;

523 369 682 424 XVIII
718 367 992 424 Kalendas
1041 365 1312 437 Octobris,
1367 367 1644 423 Exaltatio
1693 367 1901 421 sanctae
1951 363 2154 422 crucis.
2177 383 2236 458 Α
2885 383 3281 442 NOVEMBER,

593 461 926 566 ἓῗῙξξπξΠἮΠ)
951 461 1198 566 “filiifilii
1223 463 1282 516 et
1301 461 1594 566 EYPrialfi-
1621 554 1633 566 ,
2253 490 2518 546 Hebraice
2577 493 2770 554 Imare,
2835 490 3162 561 Egyptiace
3225 490 3419 554 Athiri,
3473 491 3637 550 Graece
3685 501 3798 562 Dios,

679 557 828 658 Kal.,
855 555 1030 658 sancli
1055 555 1370 658 Niconiedif
1399 555 1686 658 ῐηθςηᾶτίξο
1753 647 1764 657 _
1904 650 1914 658 D
1966 647 1998 658 Α
2105 645 2116 656 ,
2465 583 2660 638 Latine
2690 555 3001 647 Novemb—er:
3027 581 3294 638 Saxonice
3323 585 3620 641 Blotmonad.

522 652 646 756 XVI.
679 650 822 756 K‘f‘l"
858 653 1188 704 sanctorum“
1219 649 1568 720 Euphemim’
1636 647 1819 703 Luem
1865 650 1922 702 et
1961 647 2150 702 Gemi'
2322 681 2476 735 Luna
2497 678 2807 736 Novembris
2831 679 2890 731 in
2911 678 3210 748 vespertino
3237 679 3453 747 tempore
3471 681 3744 738 accenditur.

487 787 490 789 λ
591 761 767 800 mam-
838 837 901 840 __
1013 836 1050 840 __
1163 836 1219 840 __
1325 835 1336 840 Α
1481 838 1490 840 _
2253 771 2372 826 Kal.
2429 769 2774 840 Novembris,
2824 769 3095 826 Omnium
3145 769 3483 827 Sanctorum.
3511 771 3671 829 Sancti
3703 776 3798 830 Ca:-

519 841 649 909 XV.,
678 837 854 893 sancti
881 836 1224 893 Landberthi
1249 835 1514 910 episcopi.
2324 863 2476 919 sarii.

518 937 609 991 xn
635 935 780 1004 Kal.,
808 933 1036 1007 Vigilia.

2255 959 2319 1011 IV
2347 958 2551 1028 Nonas,
2579 955 2756 1012 sancti
2792 955 3078 1012 Eustachii
3107 956 3384 1027 martyris.

519 1029 582 1085 XI
609 1029 753 1100 Kal.,
781 1029 959 1083 sancti
983 1028 1208 1085 Mathaai
1233 1029 1468 1101 apostoli
1491 1033 1548 1084 et
1567 1027 1946 1100 evangelistte.
2251 1051 2318 1104 νι
2344 1050 2494 1118 Idus,
2520 1053 2844 1105 sanctorum
2873 1054 3117 1122 quatuor
3139 1051 3546 1108 Coronatorum.

515 1123 559 1178 Χ
587 1123 729 1193 Kal.,
759 1123 935 1178 sancti
962 1122 1212 1178 Mauricii
1237 1139 1368 1177 cum
1397 1123 1561 1178 sociis
1585 1123 1724 1179 suis.
2249 1143 2295 1198 ν
2322 1143 2468 1212 πόρε,
2500 1143 2677 1198 sancti
2701 1143 2978 1199 Theodori
2999 1143 3284 1214 martyrii

519 1217 584 1270 IX
611 1216 755 1285 Kal.,
787 1219 992 1271 sanctae
1017 1215 1194 1270 Teclm
1218 1215 1477 1288 virginis.

2249 1237 2317 1292 Ill
2346 1237 2493 1308 ldus,
2523 1237 2697 1293 sancti
2721 1237 2940 1294 Martini
2965 1237 3234 1310 episcOpi.
3263 1237 3448 1293 Sancti
3475 1240 3660 1295 Menna!
3679 1256 3793 1295 mar-

515 1309 796 1380 VllIKa1.,
819 1309 1121 1382 Conceptio
1149 1309 1326 1365 sancti
1351 1308 1937 1380 Johannis-Baptistae.
1965 1307 2152 1378 Equi-
2321 1329 2481 1402 tyris.

585 1403 862 1460 noctium-
970 1495 1066 1497 MM
1171 1495 1179 1497 ἓ
1231 1494 1240 1497 _
1493 1495 1500 1497 _
2250 1425 2399 1494 ldus,
2431 1423 2610 1479 sancti
2632 1423 2794 1480 Bricii
2821 1424 3091 1497 episcopi.

517 1498 610 1591 νη
634 1497 780 1591 ΚβῙον
808 1495 984 1551 sane“
1009 1494 1246 1551 Fimﬁni
1271 1495 1555 1569 ωενιγτίεο
1589 1589 1598 1591 _
1685 1587 1694 1591 Α
2247 1519 2331 1572 XV
2357 1518 2476 1573 Kal.
2504 1494 3053 1588 Decembris—sancti
3077 1517 3284 1574 Aniani
3313 1518 3564 1591 episcopi.

517 1591 560 1645 ν
595 1590 742 1684 ΚδῙξν
775 1593 1105 1684 εδηθφτυφ
1125 1590 1337 1684 (Ῑοξφω
1358 1594 1414 1684 ei
1443 1587 1698 1644 Dami‘mi
1728 1592 2066 1660 martymm-
2245 1611 2286 1665 Χ
2315 1611 2457 1678 Kal.,
2483 1616 2689 1667 sancta:
2714 1587 2934 1667 Ceciliae
2957 1611 3216 1684 virginis.

513 1683 761 1778 ξίξιιι,
793 1682 1636 1778 5811(ξῆψίοῖιαθῙίεΑπθῙιῖξΠὲθῙίς
2169 1753 2222 1778 η
2247 1704 2309 1758 IX
2338 1703 2483 1772 Kal.,
2513 1705 2690 1761 sancti
2715 1705 3018 1761 Clementis
3044 1682 3336 1778 martyris.

512 1777 559 1831 II
589 1777 732 1848 Kal.,
749 1753 933 1831 sancti
957 1775 1286 1848 Hieronymi
1313 1753 1650 1848 presbyteri.
2169 1753 2225 1826 B

1161 1924 1498 1980 OCTOBER.
2250 1897 2319 1951 IlI
2345 1896 2490 1967 Kal.,
2520 1897 2697 1952 sancti
2724 1895 3015 1952 Saturnini
3040 1897 3334 1969 martyris.
3361 1896 3571 1968 Vigilia.

513 2036 783 2093 “ebraice
822 2037 1059 2093 Τηρείης,
1107 2036 1435 2093 Εηπηίᾶεθ
1475 2037 1650 2093 Ραοεί.
1693 2035 1880 2090 αωοϐ
1923 2033 2146 2093 γυπὸε-
2251 1989 2294 2044 lI
2321 1989 2466 2061 Kal.,
2496 1991 2674 2046 sancti
2698 1991 2939 2047 Andreae
2967 1990 3226 2063 apostoli.

561 2036 783 2094 ebraice
822 2037 1059 2100 Theseri,
1107 2036 1435 2107 Epyptiace
1475 2037 1650 2099 Faosi,
1693 2035 1880 2090 Grmce
1923 2033 2118 2106 yperbe

618 2136 808 2195 reteos,
840 2130 1036 2185 Latine
1063 2129 1304 2192 October,
1341 2129 1614 2183 Saxonice
1640 2129 2040 2198 Pinterpillith.
2879 2130 3264 2186 DECEMBER.

555 2229 710 2283 Luna
729 2224 966 2318 Ombﬁs
993 2225 1137 2278 inter
1161 2228 1437 2318 nonam,”
1463 2238 1747 2318 υθεΡῨταηξ
1766 2221 2097 2318 “Catil-tm?
2249 2244 2514 2302 Hebraice
2554 2246 2763 2310 Casleu,
2803 2245 3124 2318 Egyptiace
3171 2247 3396 2310 Choeac,
3431 2246 3606 2302 Graece
3634 2243 3816 2316 Apileos.

511 2319 637 2374 Kal.
677 2317 954 2388 Octobris,
991 2321 1314 2372 sanctorum
1341 2315 1604 2371 Germani
1633 2320 1689 2372 et
1715 2314 1964 2386 Remigii
1997 2312 2145 2386 epis-
2559 2339 2753 2395 Latine
2777 2312 3075 2404 Βεσῇδεν,
3105 2341 3388 2396 Summe
3413 2340 3572 2397 σωκ.

584 2427 884 2483 copomm-
2247 2431 2400 2486 Luna
2429 2430 2725 2486 Decembris
2760 2431 2904 2485 inter
2939 2445 3216 2499 vesperam
3252 2434 3306 2485 et
3345 2429 3574 2485 medium
3605 2427 3724 2483 diem
3753 2439 3816 2480 ac-

510 2505 579 2559 Vl
604 2505 808 2572 Nonas,
837 2501 1014 2558 sancti
1040 2499 1388 2573 Leodegarii.
2933 2501 3198 2556 conditur.

513 2599 584 2652 111
610 2597 816 2668 Nonas,
845 2600 1052 2652 sanctae
1077 2595 1334 2651 Cristinae
1359 2593 1616 2665 virginis.
2245 2601 2312 2656 IlI
2355 2600 2542 2656 Nonas
2598 2597 2939 2669 Decembris,
2981 2598 3268 2671 Depositio
3303 2598 3482 2654 sancti
3535 2595 3702 2669 Byrini
3737 2594 3822 2664 epi-

507 2691 700 2761 Nonis,
729 2691 905 2745 sancti
933 2689 1101 2744 Marci
1125 2705 1310 2761 papae,
1343 2687 1584 2744 Marcelli
1613 2691 1669 2742 et
1695 2687 1916 2760 Apulei.
2318 2693 2494 2765 sc0pi.

507 2785 602 2838 Vll
631 2784 782 2855 ldus,
812 2785 1139 2838 sanctorum
1169 2781 1440 2854 Dionysii,
1472 2781 1688 2837 Rustici
1717 2785 1774 2838 et
1811 2781 2142 2838 Eleutherii.
2247 2788 2292 2842 Il
2320 2788 2525 2856 Nonas,
2555 2785 2730 2842 sancti
2758 2785 3042 2842 Benedicti
3067 2786 3316 2843 abbatis.

509 2879 556 2932 II
583 2877 730 2947 ldus,
758 2875 937 2931 sancti
965 2875 1168 2930 Calesti
1195 2890 1381 2948 papae.
2245 2881 2312 2935 IV
2341 2880 2488 2948 ldus,
2517 2884 2721 2934 sanctae
2747 2880 2977 2935 Eulaliae
3001 2879 3265 2952 virginis.

510 2974 622 3030 XVI
685 2974 811 3030 Kal.
858 2972 1210 3043 Novembris,
1260 2977 1465 3028 sanctae
1512 2971 1916 3044 Etheldrythas
1967 2971 2142 3044 virgi-
2245 2975 2314 3028 III
2348 2974 2496 3045 ldus,
2523 2974 2702 3029 sancti
2727 2973 2950 3028 Damasi
2981 2989 3169 3046 papae.

581 3065 692 3123 nis.
2079 3097 2085 3102 -
2173 3123 2219 3138 η
2251 3065 2398 3138 ldus,
2429 3067 2604 3123 sancti
2631 3066 2824 3124 .Iudoci
2856 3066 3208 3138 confessoris,
3243 3071 3304 3123 et
3327 3069 3531 3122 sanctae
3556 3062 3719 3120 Lucis:
3737 3061 3824 3116 vir-

510 3161 599 3217 XV
619 3161 762 3230 Kal.,
785 3160 962 3216 sancti
986 3161 1147 3216 Lucae
1173 3157 1550 3230 evangelistae.
2167 3123 2222 3198 C
2317 3123 2486 3232 ginis.

511 3255 629 3311 VIII
655 3254 800 3326 Kal.,
832 3259 1158 3310 sanctorum
1191 3253 1434 3325 Crispini
1462 3255 1520 3308 et
1553 3251 1894 3324 Crispiniani
1928 3257 2143 3324 marty-
2243 3255 2330 3310 XII
2357 3255 2478 3309 Kal.
2501 3254 2775 3322 Januarii,
2801 3255 2980 3310 sancti
3005 3255 3244 3310 Thomas
3273 3253 3534 3327 apostoli.

583 3365 735 3406 rum.
2243 3348 2359 3402 VIII
2383 3347 2526 3414 Kal.,
2556 3347 2824 3402 Nativitas
2845 3347 3068 3402 Domini
3094 3349 3283 3404 nostri
3307 3349 3440 3404 Iesu
3468 3345 3676 3403 Christi.
3793 3336 3802 3344 ’

511 3443 605 3499 Vll
623 3444 766 3514 Kal.,
795 3441 970 3498 sancti
991 3441 1236 3497 Amandi
1265 3439 1535 3513 episcopi.
2245 3441 2334 3496 Vll
2359 3441 2501 3512 Kal.,
2530 3441 2708 3495 sancti
2733 3440 3006 3512 Stephani
3034 3443 3507 3515 Protomartyris.

511 3537 580 3592 Vl
607 3538 751 3608 Kal.,
783 3536 1004 3609 Vigilia.
2243 3535 2309 3588 VI
2334 3535 2450 3588 Kal.
2458 3575 2474 3602 ,
2505 3533 2680 3589 sancti
2702 3534 2969 3589 Johannis
2998 3537 3388 3607 evangelista.

511 3629 556 3685 V
585 3631 730 3699 Kal.,
756 3634 1077 3686 sanctorum
1102 3627 1487 3700 apostolorum
1507 3625 1751 3682 Simonis
1779 3629 1836 3682 et
1860 3627 1886 3682 J
1891 3625 2034 3682 udae.
2243 3628 2286 3682 V
2311 3627 2565 3696 Kalend.,
2597 3627 2822 3683 Necatio
2847 3627 3156 3684 Infantium
3179 3647 3353 3688 cxmv
3381 3633 3576 3688 millia.

515 3725 588 3780 Ill
613 3723 755 3794 Kal.,
783 3722 1075 3780 Ordinatio
1093 3721 1272 3776 sancti
1297 3720 1569 3777 Swithuni
1592 3720 1859 3792 episcopi.
2245 3721 2312 3775 IV
2337 3721 2478 3792 Kal.,
2501 3725 2706 3776 sanctae
2729 3721 2921 3777 Tibbze
2947 3721 3210 3794 virginis.

516 3823 563 3877 ll
589 3822 736 3894 Kal.,
763 3821 943 3878 sancti
959 3819 1215 3886 Quintini
1243 3820 1507 3892 martyris
1531 3818 1754 3892 Vigilia.
2243 3819 2288 3872 ll
2315 3818 2500 3874 Sancti
2521 3819 2770 3876 Silvestri
2794 3836 2973 3892 papae.

853 4174 1490 4251 MABILLONII
1567 4175 2066 4250 MONITUM
2141 4177 2256 4252 IN
2331 4141 2947 4271 SEQUENTES
3026 4180 3579 4256 LITANIAS.

591 4355 816 4413 Veteres
841 4354 1006 4409 hasce
1030 4351 1298 4422 Litanias,
1327 4367 1456 4423 quae
1485 4368 1603 4406 una
1629 4368 1760 4408 cum
1783 4352 1927 4409 libro
1951 4351 2309 4409 Psalmorum
2340 4353 2400 4408 in
2426 4353 2794 4410 membraneo
2823 4354 3024 4410 Codice
3059 4356 3440 4429 Remigianss
3475 4354 3622 4430 apud
3642 4351 3836 4409 Ηὶιθωοε

521 4447 882 4503 Bibliotheca:
915 4443 1300 4511 continentur,
1337 4441 1678 4514 Anglicanas
1718 4443 1904 4499 dicere
1947 4451 2064 4498 non
2101 4460 2318 4512 vereor,
2355 4461 2472 4500 non
2512 4445 2696 4498 solum
2741 4445 2812 4500 ob
2839 4445 3042 4500 veteris
3070 4446 3298 4502 Codicis
3347 4449 3690 4504 characteres
3711 4435 3836 4494 semi-

523 4536 837 4603 saxonicos,
870 4537 928 4588 et
950 4533 1182 4588 nomina
1223 4535 1546 4587 sanctorum
1586 4533 1904 4604 plurimum
1950 4532 2270 4589 Britannica
2317 4551 2417 4590 seu
2459 4535 2816 4606 Anglicana:
2861 4535 2956 4590 sed
2985 4535 3240 4592 maxime
3271 4542 3516 4610 propter
3555 4533 3710 4588 aliam
3729 4527 3840 4582 obﬁﬁ'

527 4625 858 4695 crationem,
889 4639 1017 4694 quae
1041 4621 1344 4677 adhibetur
1378 4621 1482 4677 sub
1520 4621 1695 4678 ﬁnem
1733 4623 2063 4680 litaniarum
2095 4641 2108 4679 :
2143 4627 2210 4681 Ut
2247 4625 2396 4680 Deus
2419 4626 2622 4681 clerum
2660 4629 2712 4680 et
2744 4625 2953 4697 plebem
2992 4625 3315 4697 Anglorum
3363 4639 3672 4684 conservare
3701 4621 3844 4687 digne"-

525 4723 637 4774 tur.

595 4808 810 4863 Earum
840 4800 1236 4874 antiquitatem
1257 4799 1462 4872 probat
1477 4801 1536 4856 in
1555 4801 1755 4874 primis
1779 4807 2024 4860 vetustas
2049 4802 2370 4875 Remigiani
2393 4803 2611 4859 Codicis
2632 4803 2701 4859 ab
2723 4803 2887 4872 annis
2903 4819 3084 4877 prope
3111 4805 3442 4878 nongentis
3455 4803 3682 4860 exarati.
3697 4789 3854 4853 Deinde

525 4901 848 4952 sanctorum
877 4895 1032 4961 astas,
1063 4905 1308 4963 quorum
1339 4890 1608 4962 suffragia
1644 4893 2034 4964 postulantur;
2083 4910 2152 4949 ex
2196 4892 2401 4965 quibus
2441 4895 2633 4949 nullus
2677 4897 2763 4949 est
2801 4895 2989 4950 medio
3015 4895 3226 4950 saaculo
3257 4911 3342 4951 vn
3369 4895 3621 4950 inferior.
3653 4887 3728 4944 Ad
3743 4885 3850 4944 δέθεν

522 4986 672 5059 quod
699 4983 867 5040 multi
891 4981 1069 5036 sancti
1093 4979 1243 5052 apud
1269 4981 1499 5052 Anglos,
1524 4981 1628 5036 sub
1657 4982 1831 5039 ﬁnem
1860 4983 2052 5039 smculi
2081 5000 2156 5040 vn
2177 4988 2232 5038 et
2255 4983 2484 5038 initium
2511 4983 2704 5038 saeculi
2733 5001 2826 5040 vm
2851 4984 3100 5039 maxime
3127 4984 3498 5052 celebres,in
3525 4983 3651 5055 ipsis
3675 4971 3854 5032 Litanii5

525 5077 888 5141 omittuntur,
912 5071 1126 5126 scilicet
1144 5070 1506 5142 Cuthbertus,
1531 5072 1846 5144 Wilfridus,
1868 5074 2139 5141 Aidanus,
2167 5073 2522 5144 Aldhelmus,
2548 5074 2866 5144 Ethildrita,
2883 5078 2949 5129 ut
2961 5079 3176 5130 taceam
3188 5063 3850 5140 Mellitum,Laurentillml

521 5165 844 5231 Paulinum,
873 5161 1306 5232 Columbanum,
1331 5161 1654 5234 Bisc0pum,
1683 5163 2052 5230 Geolfridum,
2080 5163 2459 5234 Theodorum,
2487 5163 2853 5232 Hadrianum,
2875 5163 3087 5219 Bedam
3107 5167 3162 5218 et
3191 5163 3370 5220 alios.
3391 5165 3475 5220 Ex
3501 5161 3695 5235 quibus
3717 5151 3856 5210 infero

521 5255 745 5313 litanias
767 5254 902 5308 istas
929 5251 1150 5307 labente
1191 5252 1396 5306 saeculo
1431 5268 1502 5306 vn
1546 5250 1606 5307 in
1639 5253 1949 5326 Anglicana
1987 5253 2232 5308 Ecclesia
2275 5254 2515 5308 usitatas
2540 5253 2730 5309 fuisse.
2761 5255 2954 5309 Unum
2995 5253 3124 5308 huic
3153 5253 3476 5308 sententiae
3513 5249 3671 5320 objici
3693 5243 3854 5332 potest,

521 5346 802 5403 nimirum
842 5343 1222 5414 Augustinum
1259 5341 1518 5415 proximo
1558 5345 1684 5415 post
1718 5343 2054 5415 Gregorium
2075 5343 2197 5398 loco
2227 5343 2534 5398 nominari.
2562 5343 2720 5408 Quod
2745 5343 2972 5398 videtur
2997 5357 3302 5399 emanasse
3333 5359 3409 5399 ex
3436 5343 3656 5398 decreto
3681 5327 3856 5390 concilii

519 5432 1018 5502 Cloveshoviensis,
1047 5449 1196 5488 anno
1217 5434 1320 5488 747
1348 5433 1633 5504 celebrati,
1651 5433 1712 5488 in
1733 5434 1894 5506 cujus
1907 5433 2151 5505 capitulo
2177 5437 2242 5488 I7
2267 5435 2641 5489 constitutum
2667 5438 2771 5501 est,
2801 5438 2862 5488 ut
2889 5435 3002 5488 dies
3028 5433 3396 5503 depositionis
3415 5433 3594 5488 sancti
3615 5417 3860 5492 Augustini

519 5526 922 5597 archiepiscopi,
955 5522 1058 5595 qui
1083 5523 1152 5578 ad
1185 5526 1414 5594 gentem
1438 5525 1752 5596 Anglorum
1776 5541 1810 5578 a
1839 5511 2108 5596 Gregorio
2133 5523 2552 5596 praedicationis
2572 5523 2754 5594 gratia
2778 5523 2982 5578 missus
3001 5529 3100 5591 est,
3125 5521 3199 5576 ab
3223 5523 3606 5579 ecclesiasticis
3629 5521 3676 5574 et
3693 5525 3856 5570 mona-

519 5615 828 5672 sterialibus
851 5615 1086 5681 feriatus
1123 5613 1427 5678 haberetur;
1459 5613 1580 5683 ejus
1603 5631 1813 5670 nomen
1831 5617 1890 5669 in
1911 5615 2120 5669 litanias
2143 5613 2516 5670 decantatione
2533 5617 2656 5686 post
2681 5615 2862 5669 sancti
2881 5612 3128 5683 Gregorii
3143 5613 3500 5668 vocationem
3517 5622 3712 5679 semper
3751 5601 3860 5654 dii-'1“

519 5713 689 5760 retur.
711 5705 829 5774 Ego
854 5717 988 5756 vero
1015 5701 1258 5756 concedo
1286 5705 1542 5756 sanctum
1569 5705 1972 5776 Augustinum,
1995 5704 2092 5776 qui
2113 5703 2172 5758 in
2197 5704 2480 5775 priedictis
2505 5705 2715 5760 litaniis
2739 5707 3110 5772 memoratur,
3133 5717 3262 5757 non
3291 5719 3421 5760 esse
3441 5713 3710 5774 magnum
3727 5691 3854 5748 illum

523 5792 781 5847 Ecclesirr
819 5793 1126 5857 doctorem,
1159 5791 1252 5846 sed
1298 5790 1472 5845 alium
1515 5795 1933 5864 cognominem,
1963 5793 2216 5864 Gregorii
2254 5793 2442 5864 Magni
2482 5793 2845 5866 discipulum,
2877 5797 2934 5849 et
2977 5791 3310 5862 Anglorum
3357 5791 3692 5865 apostolum,
3715 5793 3848 5855 quem
