4058 6190
165 371 262 426 625
1309 365 1612 422 VETERES
1649 365 1937 423 LITANLE
1973 366 2390 424 ANGLICANE.
3429 365 3531 427 626

163 475 216 533 in
245 474 464 531 litaan
490 471 815 547 Anglicanis
839 471 1112 530 omissum
1137 471 1309 530 fuisse
1332 489 1695 545 nequaquam
1718 473 2022 531 verisimile
2051 478 2153 530 est.
2180 477 2253 530 At
2276 472 2422 530 nihil
2445 476 2594 530 vetat
2622 472 3003 546 Augustinum
3042 474 3196 534 hunc
3219 477 3426 536 smculo
3453 496 3530 537 vn

165 566 216 621 in
249 565 499 637 publicis
528 564 739 620 litaan
763 565 912 638 apud
939 565 1235 637 plerasque
1263 563 1582 635 Anglorum
1612 564 1880 620 Ecclesias
1906 565 2228 620 invocatum
2254 565 2445 635 fuisse,
2469 563 2692 619 tametsi
2719 565 2944 621 nullum
2975 567 3096 638 ejus
3120 567 3203 624 rei
3238 569 3531 627 decretum

159 654 560 729 praecessisset.
592 654 680 709 Sic
708 654 860 711 enim
886 654 945 709 in
983 653 1245 709 Ecclesiae
1280 653 1482 709 ritibus
1520 671 1628 709 usu
1652 655 1843 710 venire
1885 654 2044 724 solet,
2071 660 2137 710 ut
2165 655 2319 727 quod
2346 653 2505 726 prius
2530 653 2592 709 in
2619 653 2958 726 quibusdam
2983 658 3245 714 Ecclesiis
3285 677 3528 734 usurpa-

158 752 279 802 tum
317 750 426 815 est,
461 744 751 801 communi
780 744 911 800 dein
952 744 1346 816 episcoporum
1385 744 1610 800 decreto
1654 744 2042 815 conﬁrmetur,
2069 745 2288 817 totique
2313 744 2416 800 uni
2450 744 2757 816 provinciae
2791 745 2905 802 sive
2943 763 3121 819 regno
3158 750 3527 822 approbetur.

154 836 420 908 Denique
447 836 621 891 etiam
649 833 924 908 permisso
951 833 1105 890 hunc
1148 833 1467 906 Augustino
1515 835 1704 890 locum
1733 835 1794 890 in
1820 834 2126 906 praemissis
2153 834 2361 892 litaniis
2386 835 2667 890 tributum
2692 834 2864 891 fuisse
2892 837 2962 892 ob
2989 838 3281 894 decretum
3307 839 3529 894 concilii

154 925 664 996 Cloveshoviensis,
691 941 905 996 repono
929 923 988 980 id
1011 924 1155 979 nihil
1185 924 1483 980 detrahere
1512 926 1844 981 earumdem
1885 924 2211 982 litaniarum
2249 924 2589 996 antiquitati,
2629 930 2800 996 prout
2835 943 2870 980 a
2905 943 2998 981 me
3024 928 3284 999 superius
3313 932 3528 986 asserta

151 1022 256 1072 est.
287 1017 438 1072 Cum
467 1016 622 1072 enim
646 1014 886 1086 scriptor
910 1013 1271 1070 amanuensis
1295 1018 1512 1072 veteres
1537 1014 1760 1071 litanias
1786 1015 1989 1073 saeculo
2014 1031 2088 1069 vn
2119 1015 2351 1070 usitatas
2385 1015 2556 1086 paulo
2579 1019 2707 1086 post
2734 1016 3037 1074 concilium
3062 1017 3527 1074 Cloveshoviense

154 1106 528 1175 describeret,
560 1105 640 1160 nil
665 1105 878 1160 mirum
897 1105 942 1159 si
969 1103 1354 1176 Augustinum
1383 1109 1506 1176 post
1530 1104 1864 1177 Gregorium
1889 1104 2212 1174 inseruerit,
2235 1103 2458 1159 concilii
2480 1108 2688 1160 statuto
2714 1105 2818 1161 hac
2835 1105 2896 1161 in
2915 1123 2977 1161 re
2997 1106 3312 1162 obsecutus.
3334 1108 3528 1179 Neque

151 1212 256 1266 par
280 1201 370 1252 est
392 1195 538 1250 ratio
566 1195 635 1251 de
663 1195 995 1264 Cuthberto,
1035 1194 1287 1266 aliisque
1313 1195 1712 1251 celebrioribus
1737 1195 1941 1250 sanctis
1965 1193 2225 1266 superius
2252 1194 2488 1249 laudatis
2516 1211 2529 1249 :
2561 1193 2660 1266 qui
2685 1195 2788 1251 etsi
2812 1195 3040 1268 publico
3064 1199 3188 1253 tum
3222 1197 3380 1252 cultu
3418 1197 3524 1252 ho-

152 1290 521 1353 norarentur,
549 1285 707 1340 nulla
730 1289 921 1340 tamen
945 1285 1272 1357 Anglicanae
1298 1275 1554 1340 Ecclesiae
1579 1285 1670 1341 lex
1696 1285 2073 1358 excriptorem
2098 1283 2289 1356 adegit
2323 1289 2387 1340 ut
2413 1284 2645 1341 vetustis
2684 1300 2749 1340 ac
2782 1285 3005 1358 pridem
3039 1286 3278 1360 receptis
3313 1285 3524 1342 litaniis

149 1375 501 1431 recentiores
527 1377 745 1430 sanctos
771 1391 875 1446 pro
895 1374 1127 1430 arbitrio
1153 1390 1254 1429 suo
1281 1374 1607 1430 ascriberet.

219 1475 307 1528 Ex
335 1472 426 1528 his
461 1489 631 1544 porro
656 1472 1071 1528 validissimum
1109 1475 1518 1544 argumentum
1559 1489 1663 1544 pro
1709 1471 2086 1528 Benedictinaa
2117 1473 2329 1545 regulae
2354 1472 2413 1528 in
2445 1472 2648 1545 Anglia
2686 1474 3112 1546 propagatione,
3140 1491 3271 1548 quae
3301 1474 3526 1531 invictis

147 1562 383 1617 aliunde
412 1561 748 1617 testimoniis
778 1563 1160 1617 demonstrata
1189 1565 1294 1631 est,
1329 1561 1564 1617 deduco.
1585 1561 1876 1634 Siquidem
1905 1562 1963 1617 in
1991 1562 2230 1634 publicis
2258 1562 2582 1635 Anglicanas
2606 1563 2871 1619 Ecclesiae
2899 1563 3107 1620 litaniis
3132 1581 3280 1620 unus
3306 1581 3374 1620 ex
3401 1581 3525 1620 om-

144 1651 317 1706 nibus
346 1651 673 1706 monasticaa
702 1651 830 1706 vita:
856 1651 1270 1707 institutoribus
1297 1651 1500 1706 sanctis
1528 1651 1798 1707 laudatur
1828 1651 2181 1722 Benedictus,
2214 1669 2330 1707 non
2357 1653 2652 1723 Antonius,
2683 1671 2800 1709 non
2828 1653 3183 1724 Pachomius,
3220 1671 3337 1710 non
3366 1655 3522 1710 Basi-

141 1741 275 1808 lius,
304 1757 425 1795 non
452 1740 816 1812 Augustinus,
847 1757 964 1795 non
991 1741 1288 1812 Caesarius,
1315 1758 1431 1796 non
1459 1741 1754 1812 Equitius,
1787 1757 1905 1796 non
1923 1741 2283 1811 Aurelianus,
2312 1759 2431 1797 non
2455 1743 2701 1814 denique
2721 1743 3122 1799 Columbanus.
3151 1745 3305 1800 Unde
3331 1761 3524 1802 conse-

146 1846 333 1902 quens
363 1836 470 1898 est,
500 1830 702 1885 saeculo
730 1847 805 1885 vu
832 1831 1125 1887 desinente
1151 1831 1280 1886 vitae
1307 1831 1634 1886 monasticae,
1662 1831 2022 1886 fundatorem
2041 1831 2193 1902 apud
2219 1832 2429 1903 Anglos
2455 1849 2638 1887 unum
2663 1832 2908 1888 audiisse
2947 1833 3332 1903 Benedictum,
3361 1834 3524 1905 cujus

149 1936 362 1992 nempe
389 1921 648 1992 regulam
670 1921 1021 1992 Augustinus
1043 1920 1101 1975 in
1122 1937 1248 1976 eam
1277 1921 1517 1976 insulam
1546 1921 1856 1977 invexerat.
1887 1920 2111 1976 Accedit
2130 1922 2282 1992 quod
2305 1921 2362 1976 in
2386 1922 2547 1976 dictis
2566 1922 2774 1977 litaniis
2793 1922 2971 1978 sancti
2998 1923 3283 1978 Benedicti
3310 1939 3522 1979 nomen

145 2010 232 2065 bis
255 2010 447 2082 repeti
471 2010 876 2080 praescribitur,
921 2028 1129 2084 magna
1176 2028 1310 2067 sane
1341 2011 1643 2083 singularis
1673 2011 1908 2067 honoris
1947 2029 2011 2068 ac
2050 2011 2428 2066 venerationis
2453 2013 2827 2084 prerogativa,
2859 2030 2988 2085 quae
3015 2012 3157 2069 nulli
3182 2011 3277 2067 alii
3300 2014 3516 2081 sancto,

145 2105 537 2171 praeterquam
562 2104 752 2155 sancto
782 2101 1069 2172 Stephano
1097 2105 1154 2156 et
1175 2102 1353 2157 beatas
1381 2101 1566 2157 Mariae
1591 2101 1798 2174 virgini
1824 2117 2004 2173 usque
2030 2101 2198 2157 tertio
2223 2101 2462 2157 laudata:
2490 2118 2749 2156 concessa
2780 2106 2883 2158 est.
2916 2102 3014 2158 Hic
3033 2118 3165 2158 vero
3191 2106 3308 2158 tam
3329 2102 3525 2173 singu-

138 2188 274 2244 laris
303 2189 486 2244 sancti
514 2189 798 2245 Benedicti
824 2191 977 2262 apud
1011 2191 1222 2262 Anglos
1260 2191 1446 2246 cultus
1474 2190 1592 2246 sine
1615 2190 1787 2247 dubio
1816 2190 2088 2264 processit
2112 2207 2181 2246 ex
2205 2191 2693 2247 commendatione
2729 2195 2849 2248 tam
2874 2191 3150 2264 Gregorii,
3194 2209 3368 2265 quam
3395 2194 3512 2247 Au-

142 2279 390 2351 gustini,
420 2278 520 2351 qui
549 2280 716 2335 ambo
746 2285 1004 2335 sanctum
1033 2281 1400 2338 Benedictum
1428 2287 1840 2354 praeceptorem
1870 2298 1933 2337 ac
1958 2281 2343 2338 institutorem
2368 2298 2537 2338 suum
2560 2285 2913 2353 venerantes,
2942 2283 3212 2339 eumdem
3240 2281 3346 2337 sibi
3373 2282 3512 2338 sub-

143 2369 277 2424 ditis
307 2367 573 2424 aﬁ‘ectum
603 2369 971 2440 inspirarunt.

211 2469 419 2539 Neque
447 2467 555 2522 dici
579 2472 764 2539 potest
794 2468 1179 2540 Augustinum
1213 2469 1323 2525 alia
1348 2487 1521 2542 quam
1547 2470 1720 2525 sancti
1752 2469 2035 2526 Benedicti
2062 2469 2258 2542 regula
2289 2469 2351 2525 in
2375 2470 2675 2526 Andreano
2701 2469 2956 2544 Gregorii
2977 2470 3234 2527 coenobio
3248 2469 3520 2527 informa-

140 2565 267 2612 tum
299 2557 501 2626 fuisse,
541 2558 638 2612 sed
673 2562 866 2614 tamen
904 2558 955 2614 ei
998 2560 1067 2613 ad
1104 2561 1318 2631 Anglos
1367 2561 1428 2615 in
1468 2560 1814 2615 Britanniam
1838 2559 2070 2615 abeunti
2114 2559 2452 2630 Gregorium
2487 2560 2895 2632 praescripsisse
2929 2564 2994 2616 ut
3017 2561 3198 2616 sancti
3228 2561 3517 2617 Benedicti

141 2649 413 2720 regulam
439 2648 502 2706 in
532 2648 884 2704 monasteriis
922 2648 1264 2705 institueret.
1302 2651 1444 2705 Nam
1480 2654 1862 2722 prmterquam
1889 2650 2042 2721 quod
2069 2650 2175 2704 hoc
2197 2649 2370 2721 gratis
2392 2654 2449 2706 et
2474 2649 2593 2705 sine
2615 2650 2989 2707 fundamento
3017 2650 3412 2720 adduceretur,
3451 2667 3517 2705 ac

140 2737 401 2792 naturali
443 2737 834 2793 consecutione
876 2738 1134 2809 legitime
1164 2739 1364 2794 inferri
1407 2740 1610 2796 debeat
1649 2739 2031 2811 Augustinum
2073 2756 2190 2794 non
2219 2740 2545 2794 secundum
2587 2739 2758 2795 aliam
2806 2757 2979 2812 quam
3021 2756 3149 2812 qua:
3187 2740 3258 2794 ab
3292 2739 3414 2811 ipso
3451 2739 3515 2794 in

137 2827 354 2898 Anglia
372 2832 687 2898 propagata
705 2831 789 2882 est
812 2829 1072 2898 regulam
1096 2828 1157 2882 in
1169 2828 1427 2884 coenobio
1448 2828 1796 2902 Gregoriano
1814 2828 2037 2898 vixisse,
2053 2827 2197 2883 illud
2211 2833 2480 2899 praeterea
2501 2829 2607 2883 hoc
2623 2833 2961 2900 argumento
2974 2827 3313 2884 validissime
3333 2827 3516 2884 revin-

137 2918 317 2984 citur,
349 2917 504 2988 quod
531 2919 577 2971 si
602 2917 777 2972 alium
799 2935 833 2972 a
867 2923 1056 2973 sancto
1086 2919 1386 2974 Benedicto
1421 2919 1549 2975 vitae
1587 2919 1861 2992 religione
1898 2918 2288 2974 institutorem
2313 2921 2508 2974 Romae
2533 2919 2825 2974 habuisset
2851 2919 3224 2990 Augustinus.
3254 2917 3508 2989 ejusdem

139 3007 223 3075 (ut
253 3007 346 3076 ﬁt)
376 3007 592 3062 cultum
615 3023 679 3062 ac
700 3007 1120 3063 venerationem
1139 3009 1311 3064 etiam
1336 3011 1488 3081 apud
1503 3010 1713 3082 Anglos
1737 3026 1853 3064 non
1870 3009 2228 3082 neglexisset.
2257 3009 2416 3073 Quod
2434 3013 2592 3080 puto,
2614 3008 2776 3064 facile
2803 3009 3115 3063 concedent
3140 3007 3289 3078 aequi
3315 3022 3512 3061 rerum

134 3096 539 3151 aestimatores.
569 3097 713 3152 Cum
740 3113 876 3168 ergo
889 3097 1038 3153 inter
1055 3099 1184 3153 vitae
1201 3100 1530 3154 monasticae
1551 3103 1808 3155 auctores
1823 3099 1993 3155 unius
2010 3099 2188 3155 sancti
2211 3098 2493 3154 Benedicti
2519 3099 2735 3154 cultum
2752 3098 3076 3170 Anglicanis
3095 3097 3352 3152 Ecclesiis
3369 3112 3513 3168 pras-

135 3185 456 3256 scripserit,
499 3186 583 3240 uti
637 3199 694 3242 et
735 3188 994 3258 regulam
1026 3187 1400 3255 monasteriis,
1430 3189 1618 3244 nullus
1648 3188 1774 3260 jam
1798 3188 2134 3244 dubitationi
2157 3188 2310 3242 locus
2335 3187 2678 3259 relinquitur
2703 3203 2836 3242 eum
2861 3187 2964 3241 sub
2992 3187 3190 3242 eadem
3226 3185 3512 3242 Benedicti

133 3275 351 3346 regula
376 3276 572 3330 Rome
597 3276 736 3332 duce
765 3277 1036 3348 Gregorio
1052 3278 1340 3334 militasse.
1363 3279 1490 3334 Haec
1519 3279 1778 3348 dixerim,
1807 3296 1926 3334 non
1953 3278 2143 3333 animo
2168 3277 2466 3333 revocandi
2490 3276 2924 3332 controversiam
2938 3277 3061 3348 jam
3087 3276 3220 3331 satis
3236 3275 3360 3331 fuse
3384 3275 3509 3346 agi-

133 3369 342 3433 tatam,
373 3365 474 3419 sed
501 3365 818 3422 illustrandi
845 3372 1251 3438 argumentum
1271 3368 1422 3440 quod
1451 3384 1518 3424 ex
1543 3368 1636 3424 his
1661 3367 1873 3424 litaniis
1901 3368 2148 3424 strictius
2172 3385 2238 3423 ac
2263 3367 2491 3422 brevius
2518 3366 2579 3421 in
2605 3365 2993 3422 dissertatione
3012 3382 3141 3420 mea
3166 3365 3421 3436 exposui.

205 3465 291 3518 De
334 3462 462 3517 aliis
494 3464 719 3534 sanctis,
761 3464 859 3536 qui
895 3465 955 3520 in
991 3465 1081 3520 his
1114 3465 1322 3521 litaniis
1354 3471 1766 3534 memorantur,
1805 3467 2090 3539 plerisque
2129 3466 2248 3522 fere
2288 3466 2516 3538 ignotis,
2547 3465 2713 3537 plura
2736 3463 2831 3519 hic
2871 3463 3167 3518 observare
3191 3478 3307 3517 non
3326 3465 3505 3516 vacat.

136 3552 286 3607 lllud
316 3556 542 3608 tantum
561 3553 811 3620 adverto,
837 3555 1229 3627 Columcillum
1254 3573 1388 3612 eum
1413 3572 1553 3627 esse,
1584 3556 1684 3628 qui
1708 3557 1978 3612 Columba
2002 3556 2315 3612 Hiiensium
2339 3556 2513 3611 abbas
2553 3554 2680 3622 fuit,
2712 3558 2768 3608 et
2809 3557 3061 3607 sanctam
3095 3553 3466 3624 Margaretam
3491 3592 3506 3620 ,

131 3641 302 3712 cujus
329 3642 391 3697 in
417 3641 508 3696 his
527 3642 778 3714 partibus
806 3660 922 3699 non
946 3645 1086 3701 adeo
1113 3646 1346 3718 antiqua
1368 3645 1650 3703 memoria
1675 3645 1990 3715 videbatur,
2017 3645 2078 3701 in
2105 3645 2409 3718 praemissis
2430 3645 2640 3700 litaniis
2669 3644 2858 3699 locum
2881 3641 3112 3698 habere.

352 3946 1167 4080 VETERES
1299 3951 2088 4082 LITANIZE
2213 3947 3299 4115 ANGLICANZE

1331 4145 1388 4208 A
1446 4144 1689 4242 MILLE
1748 4143 1988 4210 ANNIS
2050 4142 2329 4210 EDITA].

1494 4263 1718 4338 (Mabill.
1744 4265 1866 4322 Vet.
1897 4263 2157 4337 analect.)

127 4482 330 4568 [Ep-ie,
360 4482 590 4568 eleison.
1310 4489 1366 4568 §.
1405 4487 1650 4568 Andrea,
2241 4490 2371 4568 ραι.
2439 4488 2495 4568 8.
2534 4485 2677 4568 Tite,
3375 4489 3504 4568 9m.

129 4554 388 4636 Gbriste,
418 4555 646 4636 eleison.
1311 4560 1366 4636 8.
1405 4554 1643 4636 lambe,
2241 4561 2372 4636 Qra.
2533 4554 2840 4636 Ehilimon,
3375 4560 3504 4636 9m.

126 4627 385 4715 (:hriste,
414 4627 548 4715 audi
570 4643 695 4682 nos.
1405 4631 1667 4715 ioannes,
2242 4631 2371 4715 ραι.
2535 4629 2836 4715 gemma
3372 4631 3504 4715 Qra.

131 4705 391 4781 Gbriste,
423 4706 554 4781 audi
579 4723 704 4762 nos.
1408 4702 1643 4781 ’l’homa,
2241 4703 2372 4781 Qra.
2536 4700 2726 4781 gyxte,
3371 4702 3504 4781 9m.

130 4771 549 4858 9hriste,_audi
574 4795 698 4832 nos.
917 4850 968 4858 Η
1403 4772 1624 4858 lambe,
2243 4774 2371 4858 Qra.
2535 4771 2718 4858 Felix,
2761 4841 2794 4858 ν
3372 4773 3502 4858 Qra.

130 4849 347 4930 §ancta
371 4848 560 4930 Maria,
591 4865 688 4904 ora
706 4866 810 4922 pro
839 4850 1021 4906 nobis.
1116 4922 1145 4930 Α
1402 4843 1679 4930 Ξὶιίξξρῐξθν
2245 4844 2374 4930 ρι’δη
2535 4843 2822 4930 Ξθητθξέίίν
3369 4844 3505 4930 Qm'

129 4920 347 4974 Sancta
376 4914 563 4989 Maria,
706 4914 728 4922 ’
1109 4922 1242 4978 ora.
1312 4915 1367 4970 8.
1402 4914 1843 4986 Bartholomaau,
2245 4915 2374 4970 Ora.
2442 4915 2497 4970 S.
2536 4914 2778 4976 Corneli,
3371 4914 3502 4971 Ora.

130 4990 348 5041 Sancta
372 4990 563 5041 Maria.
1113 4993 1244 5041 Ora.
1313 4987 1367 5041 S.
1407 4987 1695 5041 Mattheeu.
2242 4986 2373 5041 Ora.
2443 4985 2497 5040 S.
2537 4984 2838 5041 Cvnriane.
3370 4985 3502 5041 Ora.

130 4990 348 5045 Sancta
372 4987 563 5054 Maria,
1113 4993 1244 5049 Ora.
1313 4987 1367 5041 S.
1407 4987 1695 5056 Mattheeu,
2242 4987 2373 5041 Ora.
2443 4987 2497 5040 S.
2537 4987 2838 5056 Cypriane,
3370 4987 3503 5042 Ora.

523 5084 596 5136 De
631 5082 860 5137 angelis.
1312 5057 1367 5137 §.
1407 5057 1568 5137 inda,
1591 5126 1604 5137 _
2242 5057 2372 5137 Qra.
2538 5055 2881 5137 §ebastiane,
3371 5057 3502 5137 Qra.

523 5097 596 5136 Ue
1312 5097 1367 5112 vo
1407 5097 1568 5126 unum,
2244 5097 2372 5112 υιυο
2441 5097 2497 5112 υ.
2538 5097 2881 5137 υνυυυνυῒωων,
3373 5097 3502 5114 νιωο

130 5170 208 5223 Qa
433 5169 442 5178 .
1029 5170 1039 5182 .
1312 5127 1366 5183 S.
1409 5126 1681 5198 Barnaba,
2245 5128 2373 5184 Ora.
2440 5127 2496 5183 S.
2537 5128 2781 5182 Gervasn
3372 5127 3503 5186 Ora.

130 5206 150 5223 ι
209 5171 347 5223 ncte
375 5169 629 5226 Michael.
659 5187 759 5226 ora
776 5186 882 5226 pro
908 5170 1093 5226 nobis.
1311 5199 1343 5226 ο
1408 5199 1606 5226 υηιιεη
2239 5198 2343 5226 n...
2437 5198 2470 5226 ρ
2534 5196 2747 5226 n........:

130 5187 347 5269 2333f?
374 5187 629 5269 2‘12???
659 5187 759 5226 ονε
776 5187 882 5242 Ρτο
908 5187 1093 5227 ¹¹⁰θ¹⁵’
1112 5241 1216 5269 Α...
1311 5199 1366 5254 8.
1406 5199 1633 5269 Mathia,

1169 5258 1216 5269 Μ
1311 5199 1366 5254 8.
1406 5199 1633 5269 Mathia,
1667 5187 1679 5198 ’
1914 5267 1920 5269 _
2239 5198 2368 5255 Ora.
2437 5198 2494 5254 S.
2533 5196 2771 5269 Pmtasi,

374 5240 619 5341 8313132;
1313 5271 1518 5325 Omnes
1557 5241 1733 5324 sabcti
1770 5267 1927 5324 chori
1963 5269 2370 5341 apostolorum,
2439 5269 2496 5341 S.
2535 5240 2813 5341 Vincenti,
3373 5270 3502 5328 Ora.

131 5312 349 5419 ἓδτὲξῖῗ
374 5312 830 5419 Βῗὲτξῖῗῗ¹’ρηηοις
927 5385 1079 5419 ...οη
1111 5313 1246 5419 Off.“
1384 5347 1538 5398 orate
1564 5357 1668 5414 Pro
1689 5341 1873 5397 nobis-
1999 5312 2032 5341 Γ
2356 5313 2370 5341 ’
2439 5340 2494 5419 ξ·
2535 5312 2813 5419 Georgia,
3370 5342 3502 5419 ραι,

130 5382 350 5469 Omnes
421 5384 595 5438 sancti
645 5382 855 5455 angeli,
927 5385 1080 5460 orate
1140 5401 1246 5456 Pro
1385 5382 1538 5398 “‘“w
1564 5382 1667 5469 1:"
1690 5382 1873 5469 “"“j'
1928 5457 1957 5469 η

209 5427 350 5463 ἐ’-υτ
421 5427 595 5438 *ν’-’νυ
645 5427 855 5455 πον-’ν
928 5427 1080 5460 "rw
1142 5427 1244 5456 νιν
1928 5459 1938 5470 ,
2441 5427 2500 5467 8.
2539 5427 2788 5490 Dionysi,
3372 5427 3503 5471 ura.

209 5453 552 5550 93935;“,
585 5525 902 5550 “Ann”
1058 5527 1221 5550 nm,“
1597 5462 1671 5515 De
1701 5457 2056 5528 ’παττέίπδῖίδο
2440 5482 2496 5537 8.
2532 5482 2781 5550 Maurxcn,
3369 5483 3500 5540 Ora.

129 5525 351 5629 ἓξὲξ
380 5525 1244 5629 53333333333310,“05:33?-
1311 5559 1507 5615 Sancte
1551 5556 1832 5629 Stephane
1850 5525 1996 5626 '(bis),
2018 5571 2115 5610 ora
2147 5571 2251 5627 pro
2279 5571 2377 5610 no-
2533 5525 2781 5629 vicit}?

131 5597 353 5651 Omnes
408 5597 588 5683 secti.
637 5597 816 5654 chori
1311 5597 1832 5683 “33%..7“’“““
2280 5597 2352 5610 ‘"
2441 5597 2498 5678 ξς
2537 5597 2800 5683 iam...
3367 5597 3500 5678 5.3;:

208 5684 357 5723 πω
383 5669 714 5737 “mm,
1058 5669 1244 5724 οτδιθ·
1312 5666 1576 5767 ε.“ιῖιῖ‹ἒέι;
2245 5697 2373 5752 ου..
2441 5666 2499 5750 ‘s':
2537 5666 2800 5765 satis,“
3365 5666 3502 5776 aa:

505 5764 578 5816 De
614 5761 890 5833 apostolis.
1315 5771 1371 5848 §.
1410 5761 1616 5848 Marce,

2245 5767 2374 5848 Qra.
2541 5761 2864 5848 Qonatiane,
3367 5761 3501 5848 ραι.

135 5852 557 5927 §an_cte_Petre,
585 5869 683 5908 ora
706 5869 812 5927 pro
838 5851 1018 5909 nobis.
1125 5920 1151 5927 Δ
1409 5833 1683 5927 Eamaba,
2245 5840 2376 5927 Qra.
2541 5833 2868 5927 ῌρξῐξξξξῐξθ)
3368 5833 3504 5927 9ξὲ-

135 5903 1017 5994 s;’i>aa;,"""""'“""‘
1117 5920 1246 5978 Ora.
1314 5916 1370 5974 s.
1409 5903 1753 5985 Timothaiu,
2247 5911 2376 5970 Ora.
2446 5909 2504 5967 s.
2543 5903 2861 5982 Asiaene,
3369 5903 3508 5968 Ora.
