4058 6190
254 337 356 397 629

1343 337 1396 393 S.
1437 334 1812 395 DOMNOLUS.
1852 365 1920 382 -ν
1957 335 2045 396 DE
2081 337 2135 396 S.
2177 337 2512 400 DOHNOLO.

3508 349 3612 408 630

1429 465 1554 524 Haec
1579 467 1754 524 oratio
1769 469 1899 539 post
1925 465 2178 525 titantem
2203 468 2438 526 canitur.

313 574 632 650 Magniﬁcis
663 573 1036 648 miriﬁcisque
1079 573 1437 632 orationibus
1471 577 1646 647 atque
1697 574 1924 632 meritis
1978 577 2398 633 recensitorum
2436 577 2920 650 patriarcharum,
2961 581 3378 654 prophetarum
3435 588 3607 659 atque

242 668 666 738 apostolorum,
687 666 1190 738 plurimorumque
1221 667 1566 738 martyrum,
1595 666 1684 721 vel
1709 666 2045 731 electorum,
2069 671 2244 740 atque
2269 669 2666 732 confessorum
2689 669 2975 739 omnium,
3005 672 3256 743 petimus
3275 677 3333 729 et
3351 691 3607 746 oramus,

241 761 309 812 ut
333 757 836 829 quemadmodum
862 773 1065 812 eorum
1093 755 1335 812 nomina
1356 756 1446 811 vel
1469 756 1818 812 memoriam
1842 756 1902 812 in
1933 757 2043 812 hoc
2067 759 2274 814 saeculo
2304 775 2634 815 memorare
2659 762 2720 815 et
2753 761 2997 816 recitare
3027 762 3484 834 frequentamus,
3525 766 3609 822 ita

241 849 426 918 atque
455 846 564 919 ipsi
588 863 693 919 pro
734 846 900 902 nobis
938 846 998 902 in
1043 846 1241 918 regnis
1281 846 1605 903 coelestibus
1642 846 1972 904 aﬂ‘ectuales
2014 863 2080 902 ac
2116 847 2367 919 privatas
2413 865 2613 920 preces
2658 849 2904 905 fundere
2943 850 3276 922 dignentur,
3323 857 3388 908 ut
3415 871 3450 909 a
3491 857 3606 912 Deo

239 935 480 991 veniam
507 925 567 992 et
593 936 1018 1008 indulgentiam
1048 935 1360 1008 impetrare
1398 939 1572 1008 atque
1613 936 1898 1006 obtinere,
1931 940 1991 992 et
2025 953 2228 994 eorum
2267 938 2714 995 desiderandam
2752 943 2812 994 et
2838 940 3230 1012 aspiciendam
3259 943 3511 1015 speciem
3549 949 3612 1000 et

241 1025 503 1095 gloriam
526 1026 588 1082 in
615 1043 799 1098 regno
824 1027 926 1084 Dei
955 1027 1171 1096 videre,
1202 1031 1262 1083 et
1285 1027 1653 1099 congaudere
1683 1045 2037 1097 mereamur,
2065 1032 2376 1101 praestante
2403 1031 2650 1086 Domino
2679 1033 2879 1086 nostro
2930 1033 3063 1086 Jesu
3103 1032 3347 1101 Christo,
3398 1033 3489 1090 cui
3523 1038 3610 1090 est

238 1117 460 1186 honor,
484 1121 544 1172 et
563 1120 834 1190 potestas,
866 1120 926 1173 et
947 1116 1258 1190 imperium
1288 1134 1404 1174 una
1433 1134 1566 1175 cum
1589 1119 1758 1174 Patre
1778 1122 1952 1192 atque
1983 1117 2198 1194 Spiritu
2229 1123 2426 1176 sancto
2446 1120 2509 1176 in
2539 1121 2749 1177 saecula
2774 1121 3135 1177 saeculorum.
3165 1124 3372 1178 Amen.

1541 1499 1708 1547 ANNO
1770 1498 1987 1547 DOMINI
2049 1499 2319 1548 DLXXVI.

526 1654 1666 1862 SANCTUS
1847 1656 3350 1889 DOMNOLUS.

986 1960 1717 2076 EPISCOPUS
1813 1963 2884 2076 CENOMANENSIS.

601 2315 894 2457 DE
1030 2313 1936 2461 ΒΑΜ]Το
2082 2313 3269 2484 υθΜΝθιθ,
3349 2285 3354 2290 ’

1089 2537 1508 2627 EPISCOPO
1573 2538 2220 2648 CENOMANENSI,
2277 2541 2372 2628 IN
2441 2537 2786 2629 GALLIA.

1691 2703 1792 2774 (Ex
1827 2702 2166 2775 Bollandio.)

460 2973 492 3048 §
521 2975 562 3028 Ι.
598 2975 730 3032 γεω
751 2973 976 3044 scripta,
1007 2973 1180 3029 cultas
1204 2987 1377 3038 sacer,
1402 2973 1665 3044 reliquiae.

319 3071 368 3123 1.
403 3069 562 3124 Inter
587 3067 886 3139 episcopos
912 3067 1376 3123 Cenomane'nses
1400 3066 1462 3122 in
1485 3065 1668 3122 Gallia
1692 3083 1880 3124 nonus

231 3161 496 3218 habetur
515 3164 744 3218 sanctus
761 3161 1092 3229 Domnolus,
1118 3160 1232 3216 sive
1253 3161 1565 3230 Donnolus,
1589 3160 1749 3233 cujus
1768 3161 1882 3217 for-

231 3256 320 3311 tia
337 3256 495 3311 facta
507 3259 564 3310 et
573 3257 852 3328 praeclara
863 3255 1122 3326 trophaza
1143 3272 1272 3327 qua:
1287 3255 1447 3310 novit
1459 3271 1562 3310 sua
1573 3257 1742 3310 aetate
1753 3272 1881 3328 per-

229 3353 491 3421 petrata,
523 3349 734 3421 scripto
765 3349 996 3420 reliquit
1025 3352 1226 3404 auctor
1242 3349 1404 3418 Vitta,
1437 3349 1536 3422 qui
1562 3365 1696 3404 cum
1719 3366 1789 3405 eo
1816 3349 1878 3406 in

231 3445 346 3500 hac
369 3443 507 3498 vitae
529 3443 792 3498 mortalis
815 3443 1286 3514 peregrinatione
1312 3442 1628 3515 plurimum
1657 3459 1717 3498 se
1747 3460 1880 3499 con-

231 3540 537 3594 versatum
551 3553 673 3592 esse
687 3539 928 3592 testatur
943 3536 1000 3591 in
1015 3537 1278 3608 prologo,
1295 3536 1588 3609 additque,
1604 3553 1767 3592 num.
1790 3539 1875 3606 10,

231 3649 292 3688 se
322 3647 549 3688 caecum
562 3631 686 3702 ejus
704 3630 925 3686 meritis
943 3627 1334 3686 illuminatum
1352 3630 1560 3702 saapius
1569 3629 1774 3685 vidisse
1797 3633 1880 3686 at-

232 3743 350 3798 que
389 3725 463 3780 ab
491 3725 591 3780 illo
623 3725 791 3797 plura
808 3725 920 3780 alia
944 3724 1048 3779 viri
1065 3724 1246 3780 sancti
1266 3724 1546 3780 miracula
1581 3723 1874 3793 didicisse;

231 3823 290 3874 et
302 3819 418 3874 sub
434 3818 610 3874 finem
623 3817 826 3874 asserit
845 3834 1308 3891 energumenum
1321 3817 1395 3872 ad
1411 3818 1736 3890 sepulcrum
1755 3817 1804 3888 ej
1814 3834 1878 3873 us

231 3915 538 3983 sanatum,
569 3911 766 3967 multis
791 3911 959 3966 annis
994 3928 1200 3967 sanum
1234 3927 1432 3966 secum
1468 3910 1875 3983 permansisse,

233 4008 360 4063 imo
394 4009 511 4061 tres
555 4022 754 4074 caecos,
795 4022 854 4060 se
897 4009 1250 4077 aspectante,
1295 4006 1420 4060 luce
1459 4004 1874 4077 redintegrata,

230 4100 562 4156 incolumes
583 4099 811 4167 abiisse,
842 4102 899 4154 et
917 4100 1130 4154 multos
1150 4099 1293 4154 alios
1315 4097 1530 4154 morbis
1555 4099 1798 4154 afﬂictos
1816 4115 1878 4154 se

231 4192 632 4265 conspiciente
661 4193 906 4262 venisse,
930 4210 1143 4265 eosque
1162 4193 1317 4248 beati
1337 4191 1441 4248 viri
1467 4192 1692 4248 meritis
1707 4209 1877 4250 sanos

231 4288 377 4343 inde
401 4286 674 4344 recedere
701 4287 927 4342 vidisse.
958 4287 1085 4342 Fuit
1135 4289 1330 4341 autem
1371 4286 1418 4341 is
1465 4303 1534 4341 ex
1574 4285 1878 4359 praecipuis

1901 2989 1959 3063 B
1984 2990 2019 3030 a
2045 2975 2264 3030 Joanne
2283 2973 2496 3032 Dardez
2519 2976 2890 3047 procuratam
2921 2976 2981 3030 et
3007 2991 3043 3031 a
3062 2973 3366 3031 Guilielmo
3387 2973 3616 3040 Quirini

1981 3067 2400 3138 transmissam,
2425 3071 2670 3141 utroque
2693 3071 2906 3124 nostrae
2922 3068 3212 3125 societatis
3231 3069 3530 3126 sacerdote
3557 3073 3618 3126 et

1979 3162 2303 3220 studiorum
2341 3165 2675 3219 nostrorum
2709 3162 3128 3219 amantissimo.
3161 3163 3292 3218 Haec
3324 3163 3453 3220 Vita
3486 3167 3618 3236 post

1977 3255 2253 3328 priorem,
2273 3257 2360 3328 cui
2369 3273 2433 3311 us
2446 3256 2737 3326 meminit,
2751 3257 2961 3329 scripta
2973 3259 3060 3311 est
3079 3273 3148 3312 eo
3168 3257 3532 3328 potissimum
3554 3261 3619 3313 ut

1977 3349 2364 3422 possessiones
2389 3351 2610 3406 collatae
2631 3350 2986 3406 monasterio
3004 3349 3188 3406 sancti
3205 3350 3488 3406 Vincentii
3516 3366 3608 3406 ac-

1977 3443 2230 3499 curatius
2253 3443 2694 3516 explicarentur.
2717 3443 2819 3500 Cui
2853 3441 3253 3515 subjungimus
3292 3446 3610 3498 testamen-

1977 3539 2103 3592 tum
2120 3537 2304 3592 sancti
2319 3536 2586 3592 Domnoli
2597 3553 2703 3608 per
2716 3536 2957 3592 modum
2975 3536 3373 3592 obtestationis
3387 3536 3534 3592 circa
3550 3537 3614 3594 il-

1977 3630 2078 3686 lud
2094 3630 2514 3686 monasterium
2528 3630 2694 3685 facta
2707 3631 2857 3686 clero
2878 3629 3144 3685 Ecclesia:
3158 3646 3296 3698 suae,
3323 3630 3486 3703 cujus
3507 3633 3614 3687 tes-

1977 3723 2222 3780 tamenti
2237 3724 2485 3780 alterum
2505 3724 2805 3797 exemplar
2827 3723 3058 3796 pridem
3081 3723 3458 3794 habebamus,
3475 3725 3613 3781 alte-

1976 3835 2107 3874 rum
2127 3818 2300 3874 est.
2319 3818 2386 3873 Β.
2401 3819 2464 3873 P.
2480 3817 2935 3874 LudoviciJacob
2956 3820 3202 3874 asancto
3214 3818 3438 3888 Carolo,
3463 3819 3615 3875 ordi-

1975 3911 2068 3967 nis
2083 3911 2457 3970 Carmelitani
2471 3911 2791 3982 sacerdote,
2808 3911 2920 3984 ipsi
2934 3911 3166 3968 Parisiis
3185 3911 3608 3985 descripsimus.

2047 4009 2100 4061 2.
2117 4007 2401 4062 Mortuum
2428 4021 2550 4062 esse
2567 4009 2831 4062 sanctum
2848 4007 3200 4062 Domnolum
3215 4006 3484 4062 Kalendis
3508 4008 3616 4064 De-

1976 4099 2226 4155 cembris
2251 4099 2512 4156 indicant
2533 4101 2694 4170 Acta,
2726 4101 2801 4155 ad
2830 4117 3006 4173 quem
3032 4099 3190 4156 diem
3221 4099 3371 4155 illius
3397 4101 3609 4156 festum

1977 4193 2367 4249 anniversaria
2386 4193 2718 4249 celebritate
2729 4193 3002 4249 recolitur
3017 4210 3050 4248 a
3061 4193 3609 4263 Cenomanensibus,

1978 4290 2037 4342 et
2060 4287 2358 4344 Saussaius
2381 4287 2443 4343 in
2471 4287 2877 4360 Martyrologio
2899 4287 3192 4343 Gallicana
3225 4287 3335 4342 ista
3362 4285 3560 4342 scribit
3592 4304 3608 4343 :

232 4380 499 4436 ecclesiae
529 4379 874 4436 cathedralis
902 4379 1274 4452 presbyteris,
1306 4379 1461 4434 unde
1487 4379 1740 4434 ecclesiae
1770 4395 1873 4434 no-
1895 4394 1952 4470 ρ
1981 4375 2370 4442 «Cenomanis
2386 4380 2668 4454 depositio
2683 4379 2864 4435 sancti
2890 4379 3611 4450 Domnoli,episcopiillius

233 4478 376 4530 stra:
405 4473 562 4529 bona
591 4473 857 4528 restituta
880 4477 938 4528 et
962 4473 1122 4527 villas
1149 4472 1385 4541 indicat,
1414 4488 1575 4527 num.
1613 4475 1698 4540 ll,
1730 4475 1793 4527 15
1820 4475 1880 4528 et

237 4572 340 4636 {8;
385 4568 689 4639 ipsamque
723 4567 914 4622 Vitam
951 4565 1202 4638 vulgavit
1239 4567 1344 4622 sub
1391 4565 1658 4638 auspiciis
1696 4565 1878 4621 sancti

233 4660 532 4718 Hadoindi
581 4660 834 4733 episcopi
871 4659 1346 4728 Cenomanensis,
1393 4658 1546 4714 inter
1599 4675 1773 4730 quem
1820 4661 1880 4714 et

233 4758 506 4812 sanctum
538 4755 888 4810 Domnolum
931 4755 1166 4809 fuerunt
1206 4752 1564 4824 Badegisilus
1601 4755 1661 4808 et
1699 4752 1876 4808 Berti-

231 4865 541 4922 gramnus.
565 4848 754 4904 Vitam
775 4847 956 4904 sancti
983 4847 1268 4902 Hadoindi
1292 4847 1560 4902 dedimus
1585 4845 1879 4920 (Βοιιαηά.)

233 4943 294 4998 in
328 4941 616 4998 addendis
653 4943 728 4998 ad
757 4945 824 4998 2O
860 4941 1016 4996 diem
1058 4940 1312 4996 Januarii
1357 4957 1488 4995 cum
1525 4941 1648 5014 ejus
1684 4941 1876 4997 Testa-

235 5040 464 5104 mento,
495 5036 554 5091 in
585 5053 720 5109 quo,
757 5053 917 5092 num.
956 5039 1009 5104 3,
1060 5035 1308 5091 basilica:
1355 5035 1537 5090 sancti
1571 5035 1876 5104 Vincentii,

235 5148 421 5205 quam
445 5131 759 5186 Domnolus
780 5133 992 5186 sanctae
1015 5127 1433 5184 recordationis
1461 5129 1760 5200 episcopus
1775 5145 1878 5184 suo

237 5227 441 5282 labore
457 5224 791 5294 construxit,
807 5224 987 5280 donat
999 5224 1326 5296 pratellum,
1343 5222 1492 5294 juris
1504 5222 1590 5278 sui
1601 5222 1876 5292 villulam,

233 5325 299 5376 ut
340 5321 432 5375 vel
465 5319 601 5375 inde
644 5319 768 5392 ejus
799 5335 939 5390 erga
968 5320 1232 5374 sanctum
1259 5317 1610 5372 Domnolum
1641 5314 1880 5372 aﬁ'ectus

234 5419 417 5488 queat
451 5413 708 5486 agnosci.
741 5412 881 5469 Vitae
912 5412 1123 5484 stylum
1152 5411 1418 5466 nonnihil
1439 5427 1498 5466 se
1533 5409 1877 5466 emendasse

236 5509 321 5564 ait
351 5509 573 5578 Surius,
591 5524 769 5580 quam
790 5506 926 5562 inde
957 5506 1163 5562 damus
1193 5509 1390 5561 nostro
1420 5504 1596 5561 modo
1626 5503 1877 5559 illustra-

238 5607 361 5659 tam
383 5606 443 5658 et
473 5603 825 5672 distinctam,
861 5601 998 5674 quia
1025 5599 1393 5673 primogenio
1435 5599 1580 5671 stylo
1599 5598 1879 5655 hactenus

239 5714 360 5753 non
373 5697 562 5770 potuit
573 5696 727 5769 apud
737 5695 1097 5752 Cenomanos
1117 5692 1383 5761 inveniri,
1406 5708 1622 5764 magna
1635 5692 1769 5748 licet
1783 5693 1882 5748 ad-

243 5790 426 5846 hibita
446 5790 768 5862 diligentia.
793 5788 953 5844 Hisce
972 5787 1342 5860 adjungimus
1363 5787 1535 5842 aliam
1555 5785 1880 5842 breviorem

245 5883 434 5942 Vitam
460 5901 530 5940 ex
550 5886 774 5941 vetusto
799 5882 1006 5940 Codice
1032 5879 1370 5939 monasterii
1393 5879 1688 5938 Anisolani
1713 5879 1880 5937 nobis

1977 4473 2133 4528 urbis
2150 4477 2208 4528 et
2237 4473 2600 4542 confessoris,
2630 4473 2790 4544 cujus
2811 4472 3003 4544 elogia
3043 4487 3311 4544 expressa
3351 4474 3486 4527 sunt
3517 4471 3608 4530 die

1977 4567 2100 4639 ejus
2124 4566 2526 4636 ordinationis,
2557 4565 2774 4621 scilicet
2802 4569 2866 4621 l6
2897 4565 3025 4621 Maii
3053 4581 3067 4621 :
3100 4581 3217 4637 qua
3256 4565 3350 4621 die
3389 4565 3608 4622 ibidem

1979 4659 2281 4716 celebriori
2307 4660 2461 4715 cultu
2489 4659 2612 4731 ejus
2639 4663 2727 4715 est
2753 4645 2986 4714 illustris
3029 4658 3336 4715 memoria.
3375 4681 3404 4710 ››
3447 4659 3608 4716 Idem

1979 4754 2274 4810 Saussaius
2296 4753 2370 4809 ad
2402 4755 2466 4808 16
2499 4753 2648 4822 Maii,
2699 4756 2830 4826 post
2862 4755 3104 4826 longum
3137 4753 3464 4810 encomium
3502 4753 3612 4809 ista

1978 4847 2155 4904 habet
2185 4864 2200 4903 :
2237 4868 2264 4898 «
2291 4847 2446 4902 Abiit
2475 4846 2711 4920 quidem
2743 4847 2827 4903 vir
2853 4847 3076 4904 divinus
3114 4847 3188 4903 ad
3230 4863 3468 4918 superos
3498 4847 3607 4902 Ka-

1977 4941 2165 4997 lendis
2199 4941 2547 5010 Decembris,
2581 4958 2695 5014 quo
2717 4941 2810 4997 die
2833 4945 2892 4997 et
2914 4943 2974 4996 in
3004 4941 3178 4997 sacris
3205 4941 3608 4997 Cenomanen-

1979 5035 2054 5091 sis
2078 5035 2341 5091 Ecclesia:
2357 5035 2569 5092 tabulis
2580 5036 2868 5092 memoria
2888 5036 3010 5108 ejus
3029 5035 3232 5106 fulget,
3250 5033 3483 5108 proprio
3498 5035 3613 5090 cul-

1979 5133 2042 5185 tu
2065 5129 2643 5201 consignata.Verum
2655 5130 2916 5186 Romana
2927 5127 3192 5184 omnium
3210 5131 3400 5184 mater
3423 5129 3616 5185 Eccle-

1979 5222 2193 5279 siarum
2211 5223 2386 5280 hodie
2407 5240 2629 5279 sacram
2649 5222 2772 5294 ejus
2797 5239 3072 5279 coronam
3113 5225 3444 5292 veneratur,
3461 5223 3611 5279 tanti

1980 5317 2246 5374 antistitis
2279 5317 2727 5387 ordinationem,
2760 5319 2868 5372 etc.
2892 5337 2920 5367 »
2944 5319 3157 5372 Verum
3194 5318 3351 5372 nulla
3385 5317 3614 5373 ordina-

1977 5409 2148 5467 tionis
2163 5412 2381 5467 mentio
2412 5412 2478 5465 fit
2499 5411 2560 5466 in
2589 5411 2994 5485 Martyrologio
3017 5412 3304 5482 Romano,
3333 5415 3433 5466 aut
3459 5409 3611 5483 apud

1976 5506 2288 5573 Molanum,
2325 5503 2676 5561 Galesinium
2711 5505 3002 5563 Canisium
3033 5509 3093 5562 et
3126 5506 3288 5575 alios,
3321 5505 3424 5560 sed
3453 5502 3611 5558 nuda

1979 5598 2266 5654 memoria
2285 5597 2627 5671 proponitur
2649 5599 2758 5656 hoc
2788 5603 2852 5656 l6
2876 5599 3024 5670 Maii,
3041 5601 3196 5674 apud
3219 5600 3606 5664 Cenomanos,

1981 5691 2162 5748 sancti
2181 5691 2452 5748 Domnoli
2481 5693 2754 5767 episcopi.
2776 5695 2910 5763 Nos,
2933 5695 3088 5767 quod
3115 5697 3174 5748 et
3210 5689 3405 5748 Surius
3445 5687 3606 5759 fecit,

1981 5787 2103 5859 ejus
2131 5785 2309 5842 vitam
2337 5787 2410 5842 ad
2438 5787 2592 5843 hunc
2624 5787 2778 5846 diem
2810 5789 3037 5842 damus.
3060 5789 3308 5844 Joannes
3337 5783 3606 5841 Bondou-

1981 5883 2171 5950 nctus,
2188 5881 2528 5940 monasterii
2557 5882 2739 5940 sancti
2749 5879 3034 5936 Vincentii
3054 5896 3089 5937 a
3110 5881 3306 5936 sancto
3329 5879 3611 5941 Domnolo
