4058 6190
381 249 477 306 631

1225 248 1518 304 SANCTUS
1555 249 1928 317 DOMNOLUS,
1969 246 2328 305 EPISCOPUS
2363 236 2890 307 CENOMANENSIS.

3634 256 3749 312 632

382 356 695 414 constructi
722 355 1044 430 religiosus,
1073 356 1133 411 in
1152 354 1291 412 Vitis
1315 356 1718 429 episcoporum
1730 358 2010 414 Cenoma-
2028 368 2089 444 Α
2107 356 2155 413 is
2188 357 2400 414 Gallice
2426 375 2545 414 non
2574 363 2781 424 Dosme,
2808 359 2911 415 sed
2931 359 3185 418 Domnole
3207 360 3548 434 appelletur,
3580 360 3750 419 vide-

385 450 654 507 nensium
683 449 895 506 Gallice
916 465 951 504 a
968 464 1027 503 se
1055 446 1241 517 editis,
1276 450 1335 503 et
1352 447 1504 503 notis
1523 448 1597 502 ad
1619 447 1806 504 Vitam
1826 449 2010 505 sancti

383 543 674 612 Domnoli,
704 542 907 599 asserit
929 558 963 597 a
981 540 1096 597 suis
1115 540 1225 597 coli
1250 544 1513 598 sanctum
1552 544 1898 599 Domnolum
1942 546 2011 600 22

298 626 311 632 1
386 638 663 706 Octobris,
691 634 1060 692 veneratione
1084 635 1159 691 ad
1188 635 1339 691 hunc
1359 635 1513 691 diem
1536 637 1835 706 translata,
1855 637 2011 709 quod

386 732 605 805 primus
652 730 775 786 dies
816 729 1143 787 Decembris
1187 729 1569 802 impediretur
1612 731 1829 803 passim
1877 747 2010 786 cum

383 828 647 896 tempore
671 823 996 879 Adventus:
1026 823 1098 879 ob
1122 840 1298 896 quam
1312 840 1545 880 causam
1573 824 1759 896 potuit
1790 825 1862 880 ab
1887 824 2012 880 aliis

384 918 589 973 eadem
617 917 911 973 veneratio
939 917 1219 974 translata
1243 918 1414 973 fuisse
1445 918 1519 973 ad
1552 919 1705 974 hunc
1748 922 1810 974 16
1849 918 2007 986 Maii;

384 1013 485 1066 aut
521 1014 674 1070 celte
709 1011 783 1066 ob
820 1010 1074 1084 aliquam
1120 1011 1375 1084 corporis
1426 1012 1867 1067 translationem
1914 1014 2014 1068 aut

384 1104 786 1160 elevationem.

455 1201 506 1253 3.
537 1199 834 1254 Elevatum
862 1199 1058 1254 autem
1090 1213 1213 1254 esse
1252 1215 1458 1270 corpus
1494 1200 1675 1255 sancti
1721 1200 2009 1272 Domnoli,

382 1309 536 1348 anno
562 1294 717 1360 1124,
736 1295 793 1348 et
807 1293 1149 1348 translatum
1170 1291 1228 1347 in
1250 1309 1482 1364 capsam
1506 1298 1842 1365 argenteam
1854 1294 2012 1350 inau-

382 1389 570 1442 ratam
585 1386 656 1441 ab
677 1386 1008 1442 Hildeberto
1026 1386 1292 1459 episcopo
1304 1387 1747 1455 Cenomanensi,
1766 1405 2014 1459 praesen-

384 1480 536 1535 tibus
564 1480 831 1547 Fulcone,
860 1479 1071 1535 comite
1100 1480 1505 1552 Andegavensi
1530 1485 1588 1535 et
1611 1498 1827 1553 magna
1854 1482 2014 1538 nobi-

384 1573 527 1629 lium
559 1573 948 1641 multitudine,
978 1576 1221 1628 testatur
1244 1573 1653 1629 Bondonnetus
1680 1592 1736 1647 p.
1767 1576 1889 1643 241,
1914 1574 2011 1647 qui

385 1668 597 1723 deinde
623 1669 763 1724 duas
785 1668 925 1723 alias
955 1668 1362 1723 translationes
1398 1685 1503 1740 per
1548 1668 1807 1741 legitima
1850 1669 2010 1723 testi-

383 1761 582 1818 monia
610 1762 835 1833 probat,
868 1778 1115 1833 quorum
1136 1762 1295 1834 prius
1322 1763 1407 1816 est
1426 1763 1538 1816 tale
1564 1778 1578 1817 :
1608 1784 1635 1812 «
1662 1763 1780 1834 Ego
1812 1762 2011 1818 Simon
2033 1745 2089 1818 Β

384 1859 725 1925 Hayenouve,
746 1853 983 1909 clericus
998 1854 1426 1926 Andegavensis
1448 1855 1725 1923 dioecesis,
1741 1856 1801 1910 in
1823 1856 2017 1912 decre-

383 1949 457 2003 tis
482 1948 824 2016 Iicentiatus,
844 1947 1158 2020 apostolica
1182 1949 1521 2004 auctoritate
1538 1948 1815 2018 notarius,
1838 1950 2014 2015 ﬁdem

383 2043 532 2098 facio
564 2045 622 2097 et
655 2044 947 2097 contestor
984 2042 1227 2097 fratrem
1266 2042 1643 2097 Benedictum
1686 2044 2012 2114 Boulanger,

384 2137 655 2192 abbatem
675 2136 845 2208 hujus
872 2135 1211 2191 monasterii
1232 2136 1415 2191 sancti
1440 2136 1745 2205 Vincentii,
1769 2140 2015 2192 transtu-

300 2275 309 2285 .
382 2230 513 2285 lisse
549 2247 617 2284 ex
654 2229 1038 2284 vetustissima
1065 2245 1238 2301 capsa
1274 2229 1332 2284 in
1369 2230 1520 2285 hanc
1552 2246 1763 2286 novam
1809 2247 2014 2303 corpus

385 2323 568 2379 sancti
593 2323 878 2390 Domnoli,
906 2322 1251 2380 confessoris
1276 2327 1334 2378 et
1352 2323 1603 2395 episcopi
1618 2324 2015 2380 Cenomanen-

385 2417 460 2473 sis
481 2419 539 2473 et
554 2416 827 2490 praecipui
839 2416 1162 2472 fundatoris
1183 2417 1446 2489 ejusdem
1461 2417 1820 2487 monasterii,
1839 2417 1930 2472 die
1944 2420 2012 2473 25

383 2510 600 2567 mensis
621 2510 879 2567 Januarii
904 2527 1057 2566 anno
1079 2510 1307 2567 Domini
1325 2514 1483 2578 1535,
1506 2511 1886 2582 praesentibus
1905 2510 2011 2566 ibi-

384 2605 519 2661 dem
539 2604 961 2660 venerabilibus
978 2604 1113 2659 viris
1142 2604 1318 2660 fratre
1338 2605 1569 2660 Nicolao
1591 2608 1787 2669 Pivert,
1805 2605 2012 2661 abbate

384 2699 565 2755 sancti
592 2698 818 2754 Martini
843 2696 1154 2771 Sagiensis,
1189 2702 1353 2770 patre
1372 2699 1695 2755 Bremondo
1718 2699 1788 2754 de
1808 2701 2011 2768 Ponte,

384 2793 576 2866 priore
597 2792 887 2847 claustrali
898 2791 1070 2863 hujus
1093 2792 1451 2860 monasterii,
1479 2795 1537 2848 et
1561 2793 1735 2848 totius
1763 2810 2011 2848 conven-

384 2891 476 2943 tus
506 2886 776 2942 fratribus
796 2888 855 2941 et
873 2885 997 2940 aliis
1025 2884 1466 2957 quamplurimis
1486 2889 1610 2941 tum
1636 2886 1854 2941 clericis
1888 2889 2013 2941 tum

387 2980 772 3048 saecularibus,
788 2982 930 3034 teste
953 2978 1140 3051 sigillo
1153 2996 1287 3035 meo
1304 2980 1559 3034 manuali
1573 2979 1664 3034 hic
1685 2979 1966 3051 apposito.
1981 3000 2011 3029 ››

385 3076 516 3129 Hec
563 3074 660 3128 ibi.
702 3075 776 3127 At
808 3071 1092 3145 posterius
1126 3072 1524 3128 testimonium
1568 3075 1655 3127 est
1682 3072 1967 3144 ejusmodi
1996 3088 2010 3129 :
2035 3113 2090 3190 Ο

414 3188 419 3190 .
446 3169 511 3190 ﬁt
539 3183 638 3190 Α..-
664 3166 918 3190 Π....ι.-,.1
948 3168 1116 3190 11.....2.
1161 3164 1216 3190 2....
1242 3165 1462 3190 ΙΑηὶλ.--
1491 3165 1811 3190 ΙΣΑΑ-ιέηι---
1858 3169 1990 3190 ..-1-

392 3188 420 3215 ‹‹
444 3169 515 3222 Et
534 3183 643 3239 ego
664 3166 922 3238 Raphael
941 3168 1136 3228 Maris,
1161 3164 1220 3220 in
1242 3165 1464 3236 legibus
1491 3165 1832 3234 licentiatus,
1858 3169 2018 3223 nota-

386 3261 505 3316 rius
533 3259 879 3333 apostolicus
905 3262 963 3314 et
989 3257 1201 3329 regius,
1243 3258 1588 3314 Cenomanis
1626 3276 2016 3329 commorans,

387 3358 628 3410 attestor
655 3352 1044 3409 venerabilem
1073 3355 1321 3424 patrem,
1347 3352 1586 3408 fratrem
1614 3354 1889 3409 Jacobum
1917 3357 2020 3410 Ba-

383 3450 641 3516 docheau,
674 3447 947 3502 abbatem
968 3446 1137 3518 hujus
1156 3446 1491 3502 monasterii
1517 3448 1697 3502 sancti
1712 3446 2015 3514 Vincentii,

387 3543 576 3599 missae
607 3540 882 3596 sacriﬁcio
916 3539 1259 3595 solemniter
1287 3541 1596 3609 celebrato,
1626 3539 1783 3595 idem
1813 3557 2019 3613 corpus

388 3636 568 3693 sancti
608 3634 892 3703 Domnoli,
927 3637 1166 3706 propter
1203 3635 1481 3689 tumultus
1513 3634 1751 3690 bellicos
1796 3652 1862 3691 ex
1912 3636 2020 3690 hac

389 3745 538 3784 nova
567 3745 737 3800 capsa
765 3727 877 3782 alio
906 3728 1271 3796 translatum,
1302 3727 1362 3781 in
1416 3727 1621 3783 eadem
1661 3728 1852 3783 denuo
1898 3745 2016 3782 res-

389 3824 617 3877 taurata
636 3819 1025 3875 recondidisse
1047 3819 1271 3875 decima
1288 3821 1724 3889 nonalanuarii,
1740 3838 1890 3877 anno
1908 3824 2020 3878 Do-

390 3914 533 3969 mini
562 3917 717 3980 1600,
734 3912 1114 3984 prementibus
1132 3912 1351 3968 ibidem
1367 3914 1541 3969 totius
1560 3918 1873 3971 conventus
1903 3917 2020 3971 fra-

294 4024 299 4031 ·
389 4008 572 4063 tribus
607 4009 666 4062 et
692 4005 952 4061 discretis
980 4006 1133 4075 viris,
1162 4006 1411 4062 Roberto
1441 4009 1584 4065 Oven
1611 4010 1816 4080 Anglo,
1849 4014 1906 4065 et
1933 4010 2023 4065 Ni-

391 4102 554 4158 colao
580 4101 716 4159 Noel
737 4099 996 4169 Picardo,
1028 4099 1374 4172 presbyteris
1407 4104 1466 4156 et
1503 4102 1794 4157 canonicis
1837 4104 2019 4159 Ceno-

390 4195 762 4251 manensibus
783 4197 841 4249 et
868 4193 992 4250 aliis
1016 4210 1194 4266 quam
1220 4193 1483 4266 plurimis
1497 4195 1846 4251 Cenomanis
1867 4213 2024 4253 com-

390 4289 773 4358 morantibus,
791 4291 937 4344 teste
954 4288 1141 4361 sigillo
1154 4304 1286 4344 meo
1299 4288 1555 4344 manuali
1574 4288 1666 4345 hic
1682 4291 1943 4361 apposito
1966 4294 2025 4347 et

389 4384 798 4457 praedictorum
846 4382 926 4438 sic
970 4382 1291 4454 signatum,
1345 4383 1665 4440 Badocheau
1709 4383 1904 4439 abbas.
1953 4385 2019 4440 Β.

388 4480 547 4541 Oren,
574 4480 640 4532 N.
666 4481 822 4541 Noet,
843 4479 1018 4534 Marte
1040 4476 1324 4533 Notarius.
1357 4498 1386 4527 ››
1429 4478 1556 4532 Haec
1589 4476 1685 4532 ibi.

460 4571 513 4625 4.
538 4572 635 4624 Est
653 4588 823 4642 supra
840 4570 1087 4627 Parisios
1113 4570 1265 4626 inter
1284 4570 1615 4644 Sequanam
1634 4574 1691 4627 et
1707 4571 2024 4627 Matronam

390 4663 687 4735 provincia
702 4665 831 4719 Bria
847 4665 961 4719 sive
983 4665 1232 4735 Brionia,
1249 4670 1308 4722 et
1323 4666 1381 4722 in
1399 4684 1468 4722 ea
1488 4667 1769 4739 oppidum
1793 4668 2027 4725 Chaume

391 4775 492 4813 seu
519 4758 755 4825 Chomes,
784 4757 843 4811 in
866 4758 1027 4829 cujus
1053 4759 1292 4816 ecclesia
1318 4761 1469 4816 circa
1506 4776 1725 4816 annum
1761 4763 1898 4816 1530
1933 4760 2022 4816 in-

390 4854 627 4907 ventum
671 4851 846 4907 fuisse
881 4866 1088 4924 corpus
1122 4853 1304 4908 sancti
1344 4854 1541 4910 Dosmi
1566 4854 1797 4927 (Gallice
1820 4855 2023 4928 Dosme)

392 4946 628 5018 ejusque
654 4949 827 5019 caput
847 4945 1067 5001 ibidem
1104 4946 1422 5018 quiescere,
1461 4965 1527 5003 ac
1572 4949 1767 5003 multis
1805 4950 2024 5006 clarere

390 5039 702 5109 miraculis,
725 5057 791 5097 ac
814 5039 925 5096 dici
945 5039 1118 5096 fuisse
1141 5039 1473 5113 episcopum
1494 5042 2020 5111 Cenomanensem,

390 5134 635 5188 testatur
652 5134 913 5191 Nicolaus
925 5134 1083 5192 Gillis
1096 5134 1154 5190 in
1172 5135 1490 5190 Annalibus
1501 5135 1746 5204 Gallicis,
1770 5135 1830 5191 in
1846 5137 2019 5192 Fran-

392 5223 540 5279 cisco
568 5226 754 5296 primo
783 5245 919 5301 rege
945 5229 1319 5299 Francorum,
1349 5229 1448 5285 fol.
1487 5231 1587 5285 553
1616 5229 1887 5284 editionis
1914 5232 2020 5286 Pa-

390 5317 648 5373 risiensis
681 5323 833 5374 1617.
862 5323 1143 5379 Antonius
1173 5325 1533 5381 Corvaserius
1562 5323 1621 5379 in
1655 5340 1757 5378 sua
1800 5323 2018 5395 episco-

389 5428 598 5484 porum
616 5412 1141 5472 Cenomanensium
1173 5418 1436 5486 Historia,
1464 5417 1776 5474 arbitratur
1801 5417 2021 5474 dictum

389 5523 598 5580 corpus
623 5506 806 5563 sancti
819 5508 1011 5564 Dosmi
1031 5526 1154 5565 esse
1176 5512 1357 5568 sancti
1382 5512 1691 5579 Dommoli,
1714 5511 1870 5585 quod
1892 5513 2019 5567 nul-

387 5603 509 5658 lum
545 5601 780 5658 alterius
815 5618 1033 5658 nomen
1075 5604 1260 5676 magis
1285 5607 1608 5662 conveniat.
1646 5609 1858 5663 Verum
1886 5625 2017 5663 cum

388 5696 595 5753 eodem
620 5699 884 5772 tempore
912 5713 1120 5771 corpus
1150 5699 1331 5754 sancti
1358 5701 1628 5755 Domnoli
1654 5702 1827 5757 fuerit
1848 5703 1907 5759 in
1935 5721 2021 5760 ec-

384 5790 557 5851 clesia
584 5792 921 5852 monasterii
948 5794 1132 5854 sancti
1151 5792 1926 5868 Vincentiipenomanensis,
1963 5800 2021 5855 et

2107 455 2201 507 tur
2228 453 2418 525 potius
2442 456 2672 509 sanctus
2699 455 2940 509 Dosmus
2971 454 3115 509 alius
3143 472 3177 510 a
3219 458 3414 511 sancto
3453 458 3751 514 Domnolo

2109 547 2465 619 statuendus,
2497 547 2613 604 sive
2633 547 2684 603 is
2703 550 2943 620 martyr,
2976 548 3089 603 sive
3121 549 3416 606 confessor
3435 551 3751 607 habeatur.

2181 643 2415 698 Fatetur
2431 642 2845 698 Bondonnetus
2863 659 2980 697 non
2994 642 3193 698 adesse
3206 644 3554 700 Cenomanis
3572 647 3756 718 caput

2109 735 2228 792 imo
2250 752 2357 791 nec
2384 735 2585 792 omnia
2611 752 2739 791 ossa
2769 735 2951 791 sancti
2986 736 3251 792 Domnoli
3276 754 3291 792 :
3315 738 3417 792 sed
3462 755 3570 793 nec
3608 738 3753 794 inde

2110 829 2386 903 sequitur,
2416 846 2544 902 quae
2566 829 2985 899 desiderantur,
3007 846 3133 885 ossa
3153 830 3458 902 deportata
3473 832 3648 887 fuisse
3672 832 3756 887 ad

2110 923 2389 996 oppidum
2403 923 2765 979 Chaumense
2780 927 2839 979 et
2853 923 2978 980 istic
2998 924 3279 980 conﬁcere
3298 928 3752 997 corpus.Verum

2111 1018 2260 1073 hanc
2284 1016 2511 1089 utrique
2536 1017 2685 1089 parti
2706 1018 3155 1073 controversiam
3178 1018 3558 1075 decidendam
3574 1021 3754 1075 relin-

2112 1111 2357 1183 quimus,
2390 1114 2449 1165 et
2468 1114 2862 1183 exspectamus
2889 1115 2952 1166 ut
2979 1112 3370 1169 Chaumenses
3396 1130 3520 1182 sua,
3545 1113 3591 1167 si
3631 1131 3754 1185 qua

2110 1206 2345 1273 habent,
2380 1205 2729 1259 documenta
2753 1206 3055 1276 proferant
3079 1207 3251 1278 atque
3280 1207 3745 1275 communicent,

2112 1298 2330 1371 aliquid
2356 1298 2497 1353 lucis
2527 1299 2785 1354 fortassis
2811 1315 2845 1353 a
2872 1298 3038 1353 nobis
3059 1302 3381 1371 acceptura.

2185 1414 2215 1490 §
2243 1417 2308 1471 ll.
2340 1418 2567 1486 Tempus
2591 1416 2730 1490 sedis
2757 1420 2806 1470 et
2832 1416 3028 1490 obitus.
3060 1417 3289 1490 Peracta
3312 1418 3454 1472 circa
3484 1418 3687 1473 obitum

2447 1488 2622 1541 sancti
2642 1488 2910 1543 Leonardi
2940 1487 3379 1558 Vendoperensis.

2185 1581 2235 1633 5.
2267 1578 2558 1634 Habemus
2598 1579 2907 1636 Historiam
2943 1581 3293 1637 Francorum
3322 1582 3583 1653 Gregorii
3622 1581 3749 1653 epi-

2114 1671 2269 1744 scopi
2291 1672 2655 1741 Turonensis,
2688 1673 2824 1728 olim
2856 1690 2889 1728 a
2910 1674 3209 1728 Rosweido
3243 1678 3439 1730 nostro
3473 1676 3754 1730 collatam

2114 1782 2266 1821 cum.
2290 1782 2396 1821 ms.
2425 1766 2809 1835 vetustissimo
2826 1766 3033 1824 Codice
3056 1768 3395 1824 monasterii
3416 1768 3758 1823 sancti'l‘ru-

2115 1858 2353 1915 donisin
2366 1860 2737 1928 Hasbania,in
2753 1876 2865 1930 quo
2884 1860 3134 1931 plurima
3156 1861 3365 1915 desunt
3383 1878 3510 1932 quae
3532 1862 3761 1933 passim

2114 1952 2173 2007 in
2195 1952 2412 2008 excusis
2429 1953 2848 2025 exemplaribus
2861 1955 3150 2024 leguntur,
3178 1954 3280 2009 sed
3292 1955 3489 2010 forsan
3507 1960 3757 2028 aposte-

2112 2047 2191 2101 ris
2215 2046 2450 2114 inserta,
2474 2046 2553 2101 uti
2575 2047 2670 2102 alii
2691 2064 2757 2101 ex
2769 2064 2902 2101 mss.
2917 2047 3217 2103 Codicibus
3228 2049 3557 2105 Corbeiensi
3570 2054 3627 2104 et
3639 2050 3764 2104 Me-

2113 2140 2261 2195 tensi
2286 2140 2629 2196 indicarunt.
2659 2142 2719 2195 In
2749 2140 2836 2195 his
2849 2157 2983 2195 mss.
3016 2140 3226 2197 desunt
3254 2142 3351 2196 illa
3371 2158 3498 2213 qua:
3526 2143 3599 2197 de
3618 2160 3759 2197 san-

2113 2236 2204 2288 cto
2223 2234 2504 2289 Domnolo
2531 2233 2590 2288 in
2623 2250 2826 2289 excusa
2858 2234 3099 2289 historia
3125 2234 3203 2289 sic
3232 2236 3505 2307 leguntur
3538 2235 3639 2291 lib.
3668 2253 3756 2302 v1,
3820 2221 3840 2229 ’

2113 2344 2238 2399 cap.
2265 2329 2297 2381 9
2332 2344 2344 2382 :
2377 2349 2404 2378 «
2430 2327 2744 2383 Domnolus
2771 2344 2905 2383 vero
2935 2330 3403 2384 Cenomanorum
3443 2330 3759 2401 episcopus

2114 2423 2395 2491 aegrotare
2421 2420 2607 2491 coepit.
2638 2421 2922 2493 Tempore
2948 2421 3106 2475 enim
3134 2421 3367 2478 Clotarii
3388 2422 3541 2494 regis
3590 2423 3763 2494 apud

2112 2514 2355 2570 Parisios
2374 2514 2446 2569 ad
2466 2513 2762 2569 basilicam
2778 2514 2958 2569 sancti
2971 2516 3262 2570 Laurentii
3274 2516 3440 2588 gregi
3458 2519 3770 2571 monaste-

2113 2607 2579 2679 rialiprzefuerat.
2604 2608 2718 2663 Sed
2741 2608 3017 2680 quoniam
3040 2608 3407 2665 Childeberto
3425 2609 3651 2665 seniore
3672 2610 3766 2665 vi-

2114 2705 2305 2770 vente,
2328 2718 2560 2773 semper
2580 2701 2827 2759 Clotario
2844 2702 2967 2773 regi
2988 2702 3173 2757 ﬁdelis
3187 2703 3417 2771 exstitit,
3436 2706 3495 2759 et
3514 2704 3764 2760 nuntios

2113 2794 2290 2866 ipsius
2335 2795 2409 2849 ad
2448 2795 2861 2865 speculandum
2893 2795 3098 2850 missos
3129 2796 3384 2851 crebrius
3422 2797 3754 2866 occulebat,

2114 2888 2551 2960 praestolabatur
2578 2905 2675 2942 rex
2701 2889 2892 2943 locum
2919 2888 2978 2943 in
3008 2906 3122 2961 quo
3151 2889 3516 2962 pontiﬁcatus
3558 2891 3760 2947 hono-

2114 2998 2241 3037 rem
2273 2981 2575 3053 acciperet.
2602 2982 2878 3053 Migrante
2901 2985 3096 3038 autem
3122 2983 3577 3040 Avennionensis
3606 2984 3758 3039 civi-

2115 3075 2249 3131 tatis
2276 3076 2567 3147 pontifice,
2601 3075 2774 3130 istum
2810 3075 2943 3130 illuc
2984 3077 3121 3133 dare
3160 3078 3594 3133 deliberaverat.
3633 3079 3763 3134 Sed

2115 3170 2319 3224 beatus
2345 3170 2664 3225 Domnolus
2691 3170 2813 3224 haec
2836 3170 3097 3240 audiens,
3128 3172 3201 3227 ad
3231 3172 3528 3227 basilicam
3565 3173 3763 3228 sancti

2116 3263 2343 3319 Martini
2369 3263 2660 3333 antistitis,
2684 3280 2797 3335 quo
2828 3268 2960 3320 tunc
2987 3266 3269 3321 Clotarius
3305 3283 3403 3321 rex
3429 3267 3501 3321 ad
3542 3267 3764 3321 oratio-

2119 3374 2252 3411 nem
2277 3361 2534 3425 venerat,
2558 3357 2820 3425 accessit;
2847 3361 2905 3413 et
2930 3362 3094 3413 nocte
3121 3361 3245 3415 tota
3263 3359 3323 3414 in
3354 3359 3559 3431 vigiliis
3580 3376 3753 3415 excu-

2116 3450 2281 3519 bans,
2311 3466 2414 3521 per
2440 3451 2662 3522 priores
2684 3451 2781 3523 qui
2808 3452 3187 3524 aderantregi
3214 3453 3646 3525 suggestionem
3666 3454 3761 3508 in-

2118 3543 2334 3612 tulit,ut
2344 3560 2458 3598 non
2473 3544 2635 3616 quasi
2646 3545 2899 3616 captivus
2911 3546 2981 3601 ab
3000 3546 3049 3617 ej
3057 3564 3121 3601 us
3134 3548 3505 3619 elongaretur
3516 3550 3762 3618 aspectu

2117 3654 2225 3693 nec
2241 3636 2644 3709 permitterent
2654 3638 3079 3711 simplicitatem
3094 3657 3256 3696 suam
3271 3641 3330 3695 in
3343 3644 3642 3695 senatores
3658 3657 3723 3696 so
3733 3671 3764 3683 -

2119 3730 2392 3803 phisticos
2423 3748 2488 3785 ac
2506 3731 2729 3802 judices
2757 3732 3184 3804 philosophicos
3209 3734 3459 3806 fatigari.
3499 3734 3587 3788 Ad
3628 3734 3760 3790 haec

2119 3841 2219 3879 rex
2243 3840 2523 3894 annuens,
2562 3824 2850 3897 migrante
2894 3828 3232 3883 Innocentio
3280 3830 3757 3884 Cenomanorum

2122 3918 2409 3990 episcopo,
2444 3918 2632 3990 ipsum
2662 3920 2924 3975 Ecclesiae
2954 3920 3033 3974 illi
3064 3920 3399 3993 episcopum
3421 3921 3758 3976 destinavit.

2118 4014 2145 4068 Ι
2151 4029 2245 4067 am
2272 4015 2567 4083 assumpto
2591 4012 2944 4084 episcopatu,
2970 4014 3146 4069 talem
3158 4031 3217 4069 se
3235 4018 3577 4086 tantumque
3594 4032 3755 4086 prae-

2121 4105 2263 4173 buit,
2293 4108 2357 4159 ut
2378 4105 2437 4159 in
2455 4122 2696 4161 summae
2710 4106 3026 4162 sanctitatis
3047 4109 3275 4163 culmen
3289 4113 3535 4175 evectus,
3571 4108 3758 4164 debili

2123 4216 2288 4254 usum
2300 4214 2626 4269 gressuum,
2646 4216 2795 4255 caeco
2813 4200 3143 4256 restitueret
3154 4202 3356 4257 visum.
3381 4200 3487 4267 Qui
3509 4205 3640 4273 post
3664 4202 3756 4257 vi-

2122 4292 2268 4365 ginti
2290 4292 2433 4348 duos
2447 4292 2809 4365 episcopatus
2827 4309 3028 4362 annos,
3047 4294 3183 4349 dum
3198 4312 3255 4350 se
3268 4299 3532 4349 cerneret
3544 4296 3756 4350 morbo

2122 4386 2283 4459 regio
2305 4387 2635 4458 calculoque
2660 4386 2993 4459 gravissime
3025 4387 3277 4460 fatigari,
3308 4388 3755 4461 Theodulphum

2041 4484 2100 4557 D
2123 4481 2396 4536 abbatem
2426 4480 2486 4535 in
2518 4481 2709 4536 locum
2735 4497 2899 4535 suum
2928 4482 3245 4553 praeelegit.
3276 4482 3448 4553 Cujus
3487 4499 3761 4538 assensus

2125 4592 2223 4630 rex
2267 4574 2512 4647 praebuit
2556 4575 2933 4629 voluntatem.
2995 4575 3110 4631 Sed
3154 4592 3269 4631 non
3319 4577 3568 4631 multum
3628 4580 3765 4648 post

2125 4672 2374 4740 tempus,
2401 4670 2624 4723 mutata
2657 4668 2963 4736 sententia,
3004 4668 3063 4722 in
3118 4669 3507 4740 Badegisilum
3549 4669 3763 4726 domus

2126 4762 2300 4834 regiae
2330 4761 2615 4833 majorem
2646 4762 2991 4816 transfertur
3017 4763 3239 4818 electio.
3270 4762 3377 4828 Qui
3400 4766 3759 4831 tonsuratus,

2125 4855 2336 4928 gradus
2367 4872 2511 4927 quos
2538 4854 2729 4909 clerici
2754 4856 3072 4911 sortiuntur
3098 4857 3437 4925 ascendens,
3464 4862 3598 4930 post
3622 4875 3764 4931 qua-

2124 4949 2394 5022 draginta
2419 4949 2542 5004 dies
2567 4949 2855 5021 migrante
2882 4950 3178 5006 sacerdote
3207 4950 3493 5007 successit.
3518 4973 3548 5002 »

2194 5047 2245 5099 6.
2269 5044 2398 5099 Haec
2425 5043 2622 5099 omnia
2648 5043 2857 5099 desunt
2879 5044 2939 5099 in
2970 5044 3258 5117 praedictis
3300 5047 3427 5101 Mss.
3471 5048 3532 5102 et
3561 5045 3760 5103 viden-

2123 5142 2216 5193 tur
2244 5136 2612 5210 postmodum
2634 5137 2868 5206 inserta,
2903 5138 3039 5193 etin
3070 5139 3265 5194 multis
3302 5140 3651 5195 refelluntur
3689 5158 3758 5195 ex

2120 5235 2276 5287 textu
2301 5231 2444 5288 Vitas
2461 5231 2643 5286 sancti
2664 5231 2929 5287 Domnoli
2958 5233 3029 5287 ab
3058 5236 3291 5288 auctore
3309 5251 3498 5289 coaevo
3526 5236 3587 5289 et
3607 5236 3754 5289 teste

2122 5327 2346 5382 oculato
2377 5326 2631 5397 scriptas;
2664 5325 2782 5381 imo
2810 5328 2868 5381 et
2892 5342 2959 5381 ex
2993 5326 3119 5384 Vita
3148 5327 3396 5383 breviori
3424 5328 3523 5383 diu
3552 5331 3760 5399 postea

2122 5423 2379 5477 exarata:
2404 5419 2464 5475 in
2489 5418 2693 5491 quibus
2713 5422 2941 5475 sanctus
2963 5421 3278 5477 Domnolus
3296 5421 3629 5494 alienigena
3658 5423 3761 5478 ha—

2120 5515 2307 5581 betur,
2331 5530 2397 5569 ac
2423 5514 2609 5569 Roma
2628 5514 3030 5586 peregrinatus
3054 5514 3112 5570 in
3135 5516 3316 5571 Gallia
3328 5516 3453 5587 jam
3472 5519 3609 5571 tunc
3630 5517 3754 5588 epi-

2121 5624 2342 5679 scopus,
2365 5610 2805 5680 assumptusque
2818 5608 2891 5662 ad
2910 5608 3171 5680 regimen
3192 5608 3458 5664 Ecclesiae
3473 5611 3760 5666 Cenoma-

2120 5718 2346 5757 norum.
2377 5702 2657 5757 Fabulosa
2688 5718 2827 5773 ergo
2870 5702 3134 5756 videntur
3178 5718 3307 5773 quae
3351 5703 3421 5757 de
3462 5704 3754 5759 Domnolo

2119 5794 2326 5854 abbate
2346 5795 2527 5858 sancti
2545 5794 2841 5855 Laurentii
2857 5794 3141 5868 dicuntur,
3161 5812 3227 5854 ac
3242 5797 3439 5857 forsan
3458 5798 3531 5855 ab
3553 5797 3753 5872 aliquo
