3940 6178
185 301 257 359 633
1400 290 1487 350 DE
1524 292 1781 351 SANCTO
1818 291 2157 352 DOMNOLO.
3357 298 3461 357 634

174 410 259 468 alio
282 400 547 461 Domonolo
571 405 729 473 gesta
746 400 816 456 ad
834 400 988 458 hunc
1009 402 1498 459 Cenomanensem
1520 418 1722 475 perpe-
1742 415 1802 492 Α
1820 403 2054 460 ductum
2085 419 2203 459 esse
2234 408 2521 476 regestum
2552 403 2689 461 illud
2716 420 2896 478 usque
2920 405 2988 462 ad
3010 405 3287 464 domuum
3308 406 3455 464 Gau-

176 518 267 557 ram
290 497 695 566 transferuntur;
717 495 888 568 idque
916 512 983 550 eo
1002 496 1243 564 facilius,
1266 513 1379 568 quo
1395 496 1582 551 notior
1603 502 1725 553 erat
1821 498 2033 553 fridum
2059 498 2128 553 de
2149 499 2438 568 Lauduno,
2461 516 2593 554 cum
2614 516 2726 571 quo
2754 500 2979 556 desinit.
3008 502 3121 556 Hoc
3141 507 3332 558 autem
3352 519 3460 576 po-

173 593 368 650 amicitia
398 607 514 664 quae
554 590 700 645 inter
725 593 982 644 sanctum
1013 590 1359 645 Domnolum
1386 594 1442 645 et
1466 594 1724 646 sanctum
1822 592 1949 660 sito,
1980 608 2330 665 consequens
2358 593 2525 647 etiam
2550 593 2699 649 foret
2727 598 2910 649 totum
2931 610 3049 649 esse
3080 595 3459 668 compositum

172 686 450 739 Germanum
475 678 792 751 episcopum
820 678 1191 734 Parisiensem
1218 679 1553 735 intercessit.
1577 680 1724 744 Quid
1823 685 1926 739 sub
1946 685 1992 756 ej
2004 702 2066 739 us
2091 702 2407 741 successore
2438 687 2646 742 domno
2676 687 2976 743 Guilielmo
3008 689 3239 751 Roland,
3281 706 3459 744 saecu-

169 771 285 844 quod
308 770 375 825 ibi
408 771 617 823 sanctus
644 766 952 821 Domnolus
976 770 1256 822 statuatur
1278 767 1511 838 alicujus
1539 768 1725 839 prodi-
1822 778 1879 834 lo
1915 795 2032 847 xm,
2072 779 2240 849 juxta
2265 795 2389 834 eam
2425 796 2555 852 quae
2581 786 2717 835 tunc
2755 780 3071 836 habebatur
3095 781 3228 837 satis
3259 783 3456 838 vitiosa

162 865 298 919 tionis
314 879 442 931 F905:
459 862 552 933 ίῖυί
573 860 800 915 nuntios
815 860 1040 915 Clotarii
1060 860 1211 931 regis
1226 861 1295 915 ad
1316 861 1723 932 speculandum
1823 872 2167 926 Francorum
2197 888 2401 943 regum
2429 873 2850 946 chronologiam
2871 891 2886 943 ;
2917 878 2973 928 et
2991 890 3260 930 numeros
3288 892 3463 933 anno-

168 959 322 1013 missos
363 954 593 1011 crebrius
636 953 962 1009 occulebat?
996 953 1329 1025 Hujusmodi
1375 970 1509 1010 sane
1559 956 1725 1027 culpa
1822 981 1972 1033 rum,
2004 965 2308 1033 mensium,
2336 965 2578 1036 dierum,
2612 968 2817 1040 cuique
2844 968 3189 1039 episcopatui
3214 970 3458 1024 aitribu-

167 1052 257 1106 viro
292 1054 393 1105 tam
428 1052 608 1103 sancto
638 1063 755 1102 non
800 1046 1023 1102 Videtur
1064 1050 1216 1103 recte
1253 1047 1449 1103 nihili-
1497 1049 1725 1103 Accedit
1824 1062 2047 1128 torum;
2090 1059 2187 1131 qui
2232 1065 2297 1114 ut
2335 1060 2736 1131 posterioribus
2782 1061 3002 1116 saeculis
3050 1062 3190 1116 certi
3226 1063 3458 1132 fuerint,

165 1144 279 1218 quod
297 1146 470 1198 auctor
485 1141 620 1197 Vita?
640 1141 808 1211 dicat,
827 1139 1171 1212 jampridem
1201 1140 1531 1197 defunctum
1551 1141 1723 1197 inisse
1821 1168 1937 1207 non
1965 1157 2047 1208 est
2071 1152 2339 1209 credibile
2367 1170 2459 1208 eos
2488 1171 2648 1226 mque
2680 1159 2859 1210 certos
2883 1155 3050 1211 fuisse
3077 1172 3175 1211 sex
3209 1157 3295 1212 vel
3328 1162 3455 1213 octo

166 1239 343 1292 beatum
373 1234 748 1290 Innocentium
774 1250 905 1289 cum
928 1236 1279 1290 Cen0man0$
1304 1234 1457 1290 venit
1480 1236 1724 1290 Domno-
1821 1246 2105 1317 prioribus
2139 1263 2152 1301 :
2193 1246 2311 1301 imo
2340 1264 2445 1320 pro
2472 1247 2669 1320 primis
2696 1248 2896 1304 saltem
2915 1250 3086 1321 gratis
3113 1264 3231 1306 esse
3257 1250 3460 1306 deﬁni-

162 1329 478 1400 1115,1180dum
504 1328 689 1383 3110i“
713 1328 1044 1400 8111⁵106οω
1070 1328 1392 1399 διιδΐοὲδίοο
1430 1330 1546 1383 ῙῑΠο
1572 1330 1721 1384 Bon“
1820 1347 1906 1399 tos
1944 1360 2063 1399 non
2088 1344 2272 1399 solum
2309 1361 2508 1401 censeo
2542 1362 2668 1418 ego,
2702 1346 2800 1402 sed
2842 1350 2898 1402 et
2938 1347 3361 1420 Bondonnetus,
3406 1352 3463 1407 et

162 1425 384 1480 donnetus
408 1423 605 1495 aliique
635 1421 933 1493 scriptores
970 1424 1439 1490 Cenomanenses,
1467 1422 1718 1494 allegatis

1697 1438 1723 1477 ε
1820 1437 2181 1494 versimiliter
2204 1438 2300 1493 alii
2323 1439 2475 1510 apud
2508 1439 2862 1495 Cenomanos
2890 1440 3101 1496 eruditi
3124 1440 3251 1496 viri.

161 1513 341 1568 vetustis
356 1511 699 1568 chartulariis
723 1510 919 1567 dicunt
937 1526 1007 1566 ex
1025 1510 1094 1566 iis
1112 1510 1310 1567 haberi
1331 1511 1723 1567 Scienfredum
1895 1535 1948 1587 8⁸
1984 1534 2046 1586 In
2078 1532 2353 1587 Domnolo
2381 1538 2530 1587 certe
2570 1532 2627 1587 id
2653 1533 2869 1589 Clarum
2901 1537 3002 1606 est,
3036 1533 3127 1590 cui
3163 1534 3301 1590 anni
3339 1534 3458 1592 fere

161 1607 428 1701 quemdam,
457 1606 573 1701 (ΙιιίΔ
592 1609 817 1701 morti”
843 1604 1167 1701 Inn°°_enﬁ°
1198 1605 1392 1701 sedem
1430 1605 1719 1701 ίηνξλεθτίίθ
1821 1625 2223 1698 quadringinta
2248 1630 2466 1698 septem
2492 1626 2823 1683 tribuuntur
2846 1628 2915 1683 ab
2936 1604 3157 1684 ultimis
3183 1628 3458 1701 tempori-

160 1717 233 1755 seu
261 1700 425 1771 potius
460 1699 711 1755 Ecclesiae
744 1699 880 1771 iure
916 1715 982 1753 ac
1005 1698 1173 1769 bona,
1204 1698 1414 1795 quippe
1449 1698 1547 1771 qui
1571 1716 1720 1795 nun-
1742 1787 1788 1795 _
1821 1718 1928 1773 bus
1955 1718 2315 1790 Childeberti,
2345 1719 2445 1792 qui
2464 1719 2602 1776 obiit
2632 1737 2784 1777 anno
2809 1721 2974 1795 regni
2994 1723 3083 1794 49,
3107 1698 3320 1780 Christi
3336 1726 3458 1792 558,

160 1810 289 1865 quam
310 1811 359 1889 εξ
382 1794 753 1889 οΐάίηεξῖιάιιω
778 1794 1061 1889 Puraverit
1316 1793 1533 1889 facium
1559 1793 1631 1889 sit
1660 1797 1724 1889 ιη’
1742 1787 1799 1860 Β
1823 1829 2001 1884 usque
2045 1812 2231 1885 prima
2277 1787 2540 1886 tempora
2582 1787 2907 1887 Chilperici:
2958 1787 3080 1889 qui.
3105 1817 3274 1888 coepit
3314 1787 3461 1872 anno

158 1888 200 1942 in
212 1888 391 1943 conciio
410 1887 794 1943 Aurelianensi
816 1904 872 1958 v,
897 1903 1048 1943 anno
1074 1886 1416 1943 Childeberti
1443 1890 1532 1957 38,
1561 1887 1721 1944 Chri-
1822 1905 2028 1962 Chi-isti
2066 1909 2191 1963 564.
2237 1907 2469 1963 [nterim
2502 1924 2653 1963 anno
2688 1886 3031 1964 Childebefii
3065 1886 3218 1982 regi},
3246 1914 3314 1967 30
3356 1912 3458 1966 ha-

158 1982 208 2035 είί
230 1983 329 2053 ⁵47ν
348 1982 532 2037 minis
556 1982 822 2037 omnibus
851 1981 1124 2053 episcopis
1153 1981 1607 2053 comparenﬁbus
1621 1998 1726 2053 Per
1822 1999 1941 2054 bita
1967 2003 2051 2055 est
2076 2001 2322 2072 synodus
2349 2001 2764 2057 Aurelianensis
2790 2018 2864 2071 1v,
2895 2003 2986 2057 cui
3018 2004 3375 2059 Innocentius
3398 2004 3461 2060 in

159 2091 200 2129 se
227 2078 307 2131 aut
344 2075 530 2131 missos
586 2092 735 2143 suos,
782 2075 915 2151 solis
958 2074 1203 2130 defuerit
1251 2075 1715 2145 Cenomanensis;

1900 2092 2028 2149 .risti
2057 2093 2292 2151 nomine
2323 2095 2621 2169 episcopus
2648 2096 2884 2152 civitatis
2908 2097 3297 2154 Cenomaniczn
3320 2114 3456 2154 con-

156 2184 286 2238 ίῖιιεηι
301 2168 419 2224 inde
435 2169 856 2242 colligunttunc
870 2167 1092 2223 nullum
1106 2168 1299 2224 Ϊαίεδθ·
1322 2170 1586 2241 optarem
1598 2186 1725 2242 Pro‘
1823 2187 1996 2243 sensit
2025 2193 2081 2244 et
2120 2188 2469 2261 subscripsit,
2506 2167 2646 2245 adeo
2684 2194 2750 2246 ut
2782 2190 2876 2246 hic
2902 2190 3156 2248 fortassis
3184 2208 3301 2248 non
3329 2196 3461 2250 ante

155 2261 250 2316 duci
279 2263 597 2318 chartularia
638 2263 732 2319 illa
767 2279 838 2319 ex
874 2262 1080 2336 quibus
1116 2261 1469 2319 Scienfredus
1492 2262 1596 2318 iste
1627 2280 1711 2319 co-

1900 2298 2038 2337 num
2080 2283 2182 2339 546
2228 2283 2532 2339 excesserit
2567 2299 2598 2340 e
2638 2283 2799 2340 vivis.
2830 2285 3003 2357 Cujus
3038 2284 3227 2342 locum
3268 2286 3315 2341 si
3353 2286 3456 2341 ali-

156 2356 403 2426 ευοεείῑυτ,
426 2374 559 2413 nam
582 2374 655 2414 ex
680 2356 919 2429 ΡιιΜίοίθ
934 2356 1081 2451 illis;
1101 2356 1148 2411 Si
1183 2356 1433 2451 Βθηυίηθο
1458 2361 1609 2428 sunt:
1640 2357 1725 2413 ίΠ·
1822 2392 1994 2448 quam
2022 2375 2217 2431 multis
2242 2377 2406 2432 annis
2427 2377 2608 2433 tenuit
2629 2394 2923 2451 nunquam
2953 2379 3248 2436 ordinatus
3272 2380 3461 2436 Scien-

153 2451 420 2546 “menﬁs
434 2452 575 2524 10118
577 2468 610 2508 θ
625 2451 833 2546 certius
845 2449 1066 2507 deﬁniri
1085 2450 1294 2522 Ροῖθτίῖ
1312 2452 1402 2523 cui
1411 2468 1590 2525 usque
1610 2451 1724 2524 θΡί·
1820 2469 2033 2539 fredus,
2050 2473 2321 2542 poterunt
2332 2470 2494 2526 initia
2508 2449 2793 2543 Domnoli,
2810 2473 2997 2544 potius
3016 2490 3188 2546 quam
3204 2472 3355 2545 ﬁnis,
3375 2491 3460 2531 re-

152 2544 678 2639 ”?Pitempusﬂuam
692 2562 761 2602 ex
775 2545 1356 2639 ίηοθάθροδῒθΐοωω
1373 2547 1718 2618 conjectum:
1820 2561 1957 2619 ferri
1984 2563 2055 2619 ad
2082 2562 2271 2635 prima
2303 2568 2561 2637 tempora
2593 2566 2896 2639 Chilperici
2929 2584 2943 2622 :
2975 2544 3081 2639 pro
3118 2584 3231 2639 quo
3260 2570 3458 2625 tamen

154 2636 241 2706 qui,
265 2642 314 2693 ut
332 2639 491 2712 longa
506 2656 793 2695 annorum
814 2638 992 2711 spatia
1016 2637 1211 2710 paucis
1232 2638 1502 2711 episcopis
1523 2640 1710 2713 imple-

1901 2656 2028 2712 :tius
2067 2656 2409 2713 scriberetur
2453 2675 2661 2714 nomen
2694 2659 2884 2715 fratris
2923 2660 3257 2728 Chariberti,
3301 2662 3457 2717 Pari-

152 2735 261 2825 rent,
282 2749 410 2804 quos
434 2734 800 2791 scilicetsolos
818 2736 1108 2802 noverant,
1144 2733 1404 2803 pluribus
1418 2735 1562 2790 forte
1576 2734 1718 2790 obli-
1822 2749 2005 2806 siense
2033 2767 2302 2823 regnum,
2326 2750 2429 2807 sub
2456 2769 2569 2824 quo
2588 2752 2895 2810 Cenomani
2920 2757 3099 2823 erant,
3128 2756 3258 2825 post
3280 2754 3455 2809 Clota-

151 2824 275 2880 tione
292 2826 489 2898 deletis,
510 2828 689 2899 longa
715 2828 827 2883 illis
851 2830 1027 2900 spatia
1045 2848 1327 2887 annorum
1344 2829 1714 2901 assignavere.
1820 2843 1891 2898 rii
1917 2843 2093 2915 patris
2125 2848 2368 2900 mortem
2396 2844 2720 2915 cbiincnﬁs,
2750 2845 2895 2900 sicut
2927 2862 3172 2917 regnum
3199 2846 3455 2902 sucssic.

200 2922 241 2972 7.
276 2919 353 2975 Sic
397 2921 453 2976 in
490 2927 718 2994 regesto
758 2923 1095 2995 pontiﬁcalis
1139 2924 1399 2981 Ecclesiae
1443 2926 1719 2980 Cenoma-

1900 2954 1993 2993 nse
2022 2937 2311 2994 obtinebat
2338 2937 2705 3011 Chilpericus.
2726 2938 2938 2995 Poterit
2955 2940 3127 2996 etiam
3156 2940 3235 2997 sic
3253 2958 3456 2997 verum

148 3012 294 3067 nensis
316 3030 410 3070 ms.
438 3016 720 3090 usque-ad
745 3033 962 3073 annum
982 3018 1209 3073 Domini
1233 3021 1387 3088 1255,
1416 3017 1717 3072 habemur:
1821 3045 1961 3101 esse,
1993 3030 2148 3104 quod
2185 3031 2439 3104 Gregorii
2472 3032 2809 3087 Turonensis
2845 3032 3234 3105 interpolator,
3262 3039 3461 3091 auctor

150 3122 169 3154 ι
198 3107 330 3163 Gesta
368 3110 556 3166 domni
598 3111 936 3183 Innocentis,
981 3112 1365 3168 Cenomanicae
1401 3110 1557 3165 urbis
1598 3109 1706 3183 epi-

150 3201 259 3238 unni
305 3204 390 3238 nni
427 3204 532 3238 4⁸ηῆ
573 3204 926 3238 «Ιοη-ιηηννηιηο
964 3206 1224 3238 Λπηε4.ιοςέ
1258 3204 1613 3238 ἷνηηηνηῦηνῖα
1667 3212 1706 3238 ω

1901 3142 1934 3179 n
1962 3125 2195 3196 quidem
2220 3124 2598 3195 ﬁdelissimus,
2616 3127 2713 3182 sed
2731 3130 2921 3182 tamen
2948 3127 3207 3199 pluribus
3239 3130 3457 3185 saeculis

148 3201 280 3272 δουρί,
305 3204 395 3274 (Illi
427 3204 534 3261 filii
573 3204 929 3277 temporibus
952 3206 1228 3262 AnaSinSii
1258 3204 1635 3278 imperatorisi
1666 3208 1723 3260 8i
1741 3201 1796 3238 υ
1819 3219 2111 3291 antiquior
2145 3224 2392 3292 regesto,
2425 3220 2495 3276 de
2535 3221 2812 3277 Domnolo
2842 3220 3080 3294 scripsit,
3115 3226 3241 3294 post
3262 3225 3461 3292 viginti

145 3294 365 3388 βιαιονωὶ
389 3298 556 3369 primi
583 3300 930 3354 Francorum
957 3301 1108 3373 regis
1146 3300 1448 3358 Christiani
1479 3303 1536 3355 et
1563 3299 1717 3356 ΟΜ]-
1757 3384 1762 3388 _
1818 3311 1952 3367 duos
1964 3314 2299 3385 episcopatus
2318 3329 2485 3369 annos
2500 3330 2877 3371 successorem
2888 3315 3196 3387 postulasse
3212 3319 3268 3371 et
3282 3315 3460 3388 impe-

144 3385 312 3445 deberti
346 3391 441 3447 ﬁlii
475 3394 623 3465 ejus,
651 3414 680 3443 »
721 3393 1039 3466 diciturque
1067 3396 1221 3467 quod
1254 3416 1281 3443 ‹‹
1314 3394 1455 3450 sedit
1482 3393 1541 3448 in
1567 3409 1700 3465 pree-

1903 3384 2012 3461 sse.
2029 3406 2192 3461 Certe
2211 3406 2398 3477 prima
2424 3407 2545 3478 ejus
2561 3408 2760 3485 notitia
2779 3384 2930 3464 anno
2951 3408 3161 3466 Christi
3187 3412 3290 3464 567
3306 3384 3459 3465 inve-

142 3479 253 3536 dicta
288 3485 407 3542 sede
444 3504 626 3542 annos
671 3487 736 3542 45
777 3503 1002 3543 menses
1042 3491 1106 3543 10
1153 3488 1271 3545 dies
1304 3492 1395 3558 25,
1422 3492 1479 3542 et
1505 3486 1636 3542 feeit
1659 3486 1720 3542 in
1816 3498 1977 3554 nitur
2000 3497 2061 3554 in
2087 3499 2297 3570 synodo
2320 3479 2632 3555 Turonensi
2657 3517 2717 3569 ιι,
2738 3505 2827 3557 cui
2851 3519 2923 3557 xv
2945 3502 3223 3559 Kalendas
3239 3505 3455 3558 Decem-

141 3571 230 3642 ipsa
268 3578 634 3636 ordinationes
674 3580 1123 3654 quinquaginta;
1163 3582 1520 3653 presbyteros
1564 3580 1719 3635 enim
1818 3592 1949 3656 bris,
1979 3592 2307 3648 Chariberto
2329 3609 2543 3648 annum
2570 3599 2794 3650 sextum
2823 3601 3119 3668 regnante,
3140 3597 3463 3668 subscripsit

140 3673 425 3729 consecravit
477 3677 609 3744 318,
668 3678 723 3730 et
774 3674 969 3731 levitas
1024 3679 1195 3748 atque
1244 3675 1384 3731 alios
1433 3676 1719 3732 ministros
1816 3687 2124 3750 Damnatus,
2160 3691 2409 3758 peccator
2439 3690 2715 3759 episcopus
2740 3690 2986 3745 Ecclesiae
3023 3690 3452 3747 Cenomanensis.

141 3768 366 3856 quantum
401 3783 632 3824 necesse
666 3767 800 3823 fuit.
837 3788 865 3821 »
905 3768 1115 3824 Deinde
1141 3773 1459 3841 sequuntur
1488 3792 1516 3820 «
1556 3771 1719 3826 Gesta
1887 3779 2177 3835 Obtulerat
2190 3780 2324 3835 huic
2340 3782 2554 3853 synodo
2574 3782 2871 3853 epistolam
2889 3784 3458 3856 sanctaRedegundis

139 3853 289 3912 domui
313 3860 586 3931 Domnoli,
616 3862 1003 3919 Cenomanicee
1022 3863 1175 3918 urbis
1201 3862 1468 3935 episcopi,
1493 3864 1592 3936 qui
1610 3864 1719 3920 fuit
1816 3873 2032 3945 regina,
2072 3889 2188 3945 qua
2213 3875 2377 3947 petiit
2408 3876 2643 3932 tutelam
2672 3880 2729 3931 et
2752 3877 3112 3933 stabilitatem
3126 3853 3403 3934 institutas
3425 3895 3461 3933 a

138 3950 438 4043 te1_nl>0!'iblls
483 3955 710 4011 ultimis
768 3956 1111 4012 Childeberti
1155 3960 1211 4012 et
1268 3956 1496 4014 Clotarii
1547 3960 1719 4029 atque
1816 3982 1874 4022 se
1900 3968 2343 4041 congregationi,
2383 3986 2555 4043 quam
2590 3969 3001 4027 conﬁrmarunt
3030 3975 3254 4027 sanctus
3279 3973 3455 4028 Dom-

138 4038 281 4137 ξπίωο
316 4048 563 4117 itempore
618 4045 917 4118 ChilperiCi
969 4046 1070 4101 ﬁlii
1105 4047 1283 4119 iPSiUS
1328 4047 1575 4118 Clotarii,
1618 4047 1719 4120 qui
1815 4060 1980 4115 nolus
2005 4038 2212 4133 aliique
2240 4038 2489 4135 episcopi
2516 4063 2741 4119 decreto
2763 4080 2885 4135 suo,
2915 4064 3067 4137 quod
3093 4069 3274 4120 exstat
3302 4066 3457 4137 apud

138 4129 321 4229 illam!“
340 4154 498 4211 r9893
541 4140 926 4210 Francorum;
960 4162 988 4191 υ
1028 4144 1085 4195 et
1111 4141 1317 4196 dieitur
1355 4141 1506 4214 qu°d
1533 4141 1720 4197 «δείλη
1817 4129 2156 4227 Gregorium
2195 4129 2603 4226 Turonensem,
2645 4157 2745 4214 lib.
2792 4173 2848 4215 Ix
2872 4129 3027 4214 ’Hist.
3076 4129 3452 4229 Francorum,

137 4222 178 4278 in
198 4229 435 4297 praedicta
461 4234 596 4289 sede
617 4249 793 4288 annos
813 4233 901 4303 46,
933 4250 1155 4289 menses
1186 4238 1270 4302 il,
1300 4234 1418 4290 dies
1444 4237 1535 4303 24,
1568 4239 1624 4290 et
1641 4236 1693 4292 fe

1898 4222 2052 4319 p.739.
2082 4250 2234 4305 Inter
2265 4250 2554 4322 episcopos
2586 4222 2691 4322 qui
2721 4256 2857 4307 tunc
2896 4251 3279 4307 interfuerunt
3303 4222 3454 4307 dicto

136 4318 191 4371 οίῑ
214 4323 569 4384 ordinationes
592 4326 967 4399 septuaginta,
999 4327 1356 4401 presbyteros
1382 4332 1506 4399 360,
1536 4329 1720 4385 diaco-
1818 4318 2053 4396 coilcilio
2078 4318 2388 4398 Turonensi
2420 4318 2531 4398 fuit
2556 4318 2709 4398 Felix
2736 4343 3032 4416 episcopus
3056 4344 3451 4414 Nannetensis,

137 4418 340 4508 nosr250,
370 4424 425 4476 et
452 4420 704 4493 reliquos
729 4420 1015 4476 ministros
1048 4422 1410 4479 sufﬁcienter.
1443 4445 1471 4472 »
1505 4422 1717 4478 Simili-
1817 4434 1886 4489 ad
1916 4450 2088 4505 quem
2115 4439 2297 4490 exstat
2315 4452 2519 4507 poema
2542 4436 2836 4491 Fortunati
2862 4436 3108 4508 episcopi
3137 4437 3451 4493 piciavicn-

138 4506 201 4607 te"?
215 4507 263 4564 in
283 4512 561 4607 Addendis
584 4514 655 4569 ad
674 4516 740 4570 28
763 4515 1010 4570 Januarii
1045 4516 1405 4571 exhibuimus
1428 4516 1715 4589 (Βοηαηάο)
1736 4534 1795 4607 D
1819 4527 1914 4595 sis,
1942 4527 2042 4582 lib.
2070 4544 2151 4593 111,
2182 4506 2344 4583 num.
2369 4532 2422 4595 6,
2446 4529 2516 4584 de
2546 4506 2907 4584 Dedicationc
2925 4506 3172 4585 ecclesiae
3198 4547 3337 4601 suae,
3362 4532 3453 4587 cui

138 4600 298 4659 ’θεείᾶ
317 4606 511 4663 domni
528 4608 831 4677 Ηθάιιίῐιάίι
855 4610 1245 4666 (Ῑθηοωᾶηίοεθ
1261 4609 1419 4664 urbis
1440 4611 1712 4682 episcopi,
1736 4600 1784 4607 —
1815 4624 2073 4677 sanctum
2103 4621 2441 4677 Domnolum
2467 4622 2785 4678 interfuisse
2812 4624 2920 4678 hoc
2946 4640 3113 4680 versu
3138 4625 3405 4681 meminit
3432 4643 3446 4681 :

135 4694 209 4793 fini
237 4697 332 4785 fpit
365 4701 570 4785 ultimo
606 4706 863 4775 tempore
904 4704 1128 4761 Clotarii
1172 4704 1274 4758 ﬁlii
1307 4703 1626 4776 Chilperici,
1660 4708 1716 4761 et
1936 4728 2223 4780 Βοωηοιυε
2244 4727 2331 4793 hic
2356 4728 2529 4793 ωδε,
2548 4728 2764 4789 meritis,
2792 4728 3135 4781 Maiachacius
3159 4730 3304 4793 inde,

135 4787 340 4861 tmpore
378 4796 687 4869 Dagoberti
723 4796 827 4851 ﬁlii
859 4797 1112 4867 Clotarii,
1154 4803 1211 4853 et
1246 4798 1433 4869 primo
1460 4801 1717 4870 tempore
1998 4792 2121 4842 -Ῐυτθ
2151 4787 2624 4842 εηοθΐάοῐίίνευηοτ
2647 4787 2863 4856 “terque
2893 4792 3005 4843 Dei-

130 4879 360 4942 Clodomi
383 4888 481 4945 ﬁlii
511 4891 763 4962 ejusdem
792 4891 1091 4963 Dagoberti
1120 4908 1133 4946 :
1169 4913 1197 4942 ››
1226 4891 1383 4950 Circa
1407 4891 1581 4948 ﬁnem
1609 4910 1711 4947 au-
1886 4894 2212 4951 Chariberto
2257 4911 2392 4967 rege
2424 4895 2771 4952 Parisiorum
2818 4900 3042 4951 mortuo
3089 4896 3192 4951 sub
3233 4913 3450 4952 annum

130 4977 216 5031 tem
233 4982 489 5039 asseritur
513 4985 667 5057 quod
691 5006 718 5036 ‹‹
750 4986 896 5041 sedit
912 4985 972 5040 in
995 4984 1264 5058 praedicta
1286 4986 1415 5042 sede
1429 5003 1608 5041 annos
1623 4989 1710 5057 30,
1815 4991 1936 5057 570,
1966 4989 2276 5045 Cenomani
2298 4989 2533 5045 fuerunt
2566 4990 2670 5046 sub
2699 4989 2982 5062 regimine
3008 4989 3307 5062 Chilperici
3330 4991 3447 5046 fra-

130 5082 309 5129 menses
334 5080 416 5147 Η,
446 5078 567 5134 dies
590 5081 679 5135 23.
726 5101 754 5129 »
782 5080 981 5151 Operae
1010 5079 1259 5152 pretium
1288 5083 1433 5136 esset
1454 5080 1593 5135 illud
1620 5096 1711 5135 re-
1812 5081 1915 5137 tris
1940 5081 2061 5154 ejus
2087 5082 2239 5154 regis
2264 5083 2651 5154 Suessionum,
2668 5084 2830 5154 cujus
2854 5082 3020 5155 regni
3048 5099 3199 5139 anno
3229 5087 3316 5155 li,
3337 5084 3451 5157 pri-

127 5170 308 5231 gestum
338 5170 631 5244 integrum
662 5173 785 5229 dari
824 5173 884 5229 in
910 5174 1115 5245 lucem,
1139 5178 1265 5230 tum
1290 5176 1526 5246 propter
1550 5174 1713 5245 plura
1813 5174 1902 5230 die
1927 5176 2112 5231 Nonas
2137 5177 2337 5249 Martii,
2378 5177 2435 5232 id
2464 5182 2545 5232 est
2583 5193 2691 5233 ano
2720 5180 2844 5248 572,
2873 5176 3314 5234 instrumentum
3343 5196 3449 5253 pro

124 5254 431 5330 Singulorum
450 5266 840 5339 episcoporum
855 5271 1010 5339 gesta
1025 5268 1146 5340 subj
1156 5273 1323 5324 uncta
1333 5268 1715 5324 instrumenta
1812 5271 2157 5326 monasterio
2185 5275 2513 5326 sanctorum
2539 5270 2818 5325 Vincentii
2843 5275 2899 5326 et
2924 5271 3230 5337 Laurentii,
3254 5273 3445 5345 signa-

125 5350 519 5415 Cenomanensis
548 5361 797 5417 historiae
822 5361 1194 5418 fundamenta
1220 5365 1276 5418 et
1294 5362 1578 5435 principia
1602 5362 1713 5417 for-
1812 5367 1936 5419 tum
1963 5368 2045 5419 est
2081 5364 2150 5418 ab
2176 5364 2297 5435 ipso
2326 5363 2619 5431 Domnolo,
2662 5369 2718 5419 et
2747 5381 2779 5418 a
2805 5370 2995 5421 sancto
3020 5366 3296 5423 Germano
3326 5367 3447 5437 epi-

123 5458 196 5499 san
216 5450 573 5511 vehementer
597 5455 967 5524 illustratum,
994 5472 1099 5511 nec
1134 5473 1249 5512 non
1276 5455 1511 5528 reliquas
1539 5456 1709 5512 Galli-
1812 5474 1978 5529 scopo
2005 5456 2319 5527 Parisiensi,
2351 5457 2453 5512 sub
2482 5474 2699 5512 annum
2729 5462 2828 5514 576
2860 5460 2974 5514 vita
2999 5460 3212 5516 functo.
3236 5460 3320 5515 Ab
3340 5460 3445 5513 hoc

120 5549 243 5596 Canae
266 5543 515 5603 historiae
540 5565 815 5622 magnum
841 5550 1157 5606 subsidium
1182 5551 1454 5619 allatura;
1489 5553 1613 5605 tum
1640 5550 1711 5605 ad
1810 5557 2001 5606 autem
2029 5551 2405 5607 instrumento
2426 5550 2710 5607 diversum
2736 5552 2958 5609 videtur
2980 5554 3037 5609 id
3063 5553 3213 5626 quod
3243 5553 3447 5605 citatur

118 5640 428 5695 commodius
448 5643 821 5713 judicandum
849 5644 917 5701 de
943 5644 1211 5717 singulis;
1254 5644 1529 5700 nonnulla
1556 5644 1710 5700 enim
1808 5643 1868 5699 in
1898 5644 2021 5699 Vita
2048 5643 2313 5713 breviori,
2343 5662 2507 5701 num.
2540 5646 2594 5717 4,
2635 5650 2700 5702 ut
2721 5646 2935 5702 factum
2960 5663 3063 5718 pro
3093 5646 3288 5700 eodem
3316 5660 3441 5698 mo-

118 5732 240 5785 Certo
270 5733 579 5792 adulterata
620 5744 754 5794 sunt
787 5743 885 5794 aut
921 5739 1151 5795 omnino
1207 5738 1420 5793 ﬁctitia.
1482 5738 1711 5795 Interim
1809 5737 2054 5793 nasterio
2083 5754 2098 5793 :
2128 5737 2261 5809 quia
2285 5744 2635 5796 memoratus
2669 5740 3084 5807 Bondonnetus,
3112 5755 3169 5809 p.
3201 5738 3324 5806 268,
3353 5754 3439 5792 as-

117 5833 423 5889 I’Paesumere
450 5831 598 5907 licet,
628 5849 741 5908 quo
768 5834 912 5907 stylo
937 5838 1186 5911 coeptum
1221 5836 1324 5907 est,
1353 5831 1550 5891 eodem
1577 5851 1707 5908 pcr-
1809 5832 1943 5891 serit
1971 5832 2076 5890 hoc
2111 5848 2229 5891 esse
2259 5834 2545 5909 signatum
2578 5834 2748 5891 Nonis
2781 5830 3143 5907 Septembris,
3186 5846 3335 5887 anno
3371 5835 3440 5890 20
