3940 6178
479 321 581 384 635

1410 324 1643 383 SANCTI
1681 321 1994 390 DOMNOLI,
2035 319 2332 379 EPISCOPI
2370 316 2896 387 GENOMANENSIS,
3656 318 3736 387 836

473 433 794 512 Chilperici,
815 433 874 494 id
901 439 986 494 est
1009 431 1215 493 Christi
1240 435 1360 496 581.
1388 434 1505 491 Hoc
1529 449 1670 508 ergo
1691 448 1840 490 anno
1865 431 1915 490 si
1939 447 2094 489 mor-
2115 448 2176 522 Α
2196 433 2342 488 esset
2366 424 3009 522 diﬂ‘erenda,destructo
3031 423 3161 522 ante
3185 438 3350 482 annos
3371 421 3530 488 ferme
3550 429 3739 508 triginta

472 535 638 587 tuum
667 532 916 588 dicamus
953 533 1210 586 sanctum
1241 529 1584 584 Domnolum
1623 528 1776 600 (nam
1809 542 2096 582 successor

469 625 802 696 Badigisilus
846 622 1106 679 interfuit
1143 623 1381 679 concilio
1416 627 1449 680 2
1487 621 1900 692 Matisconensi,
1945 635 2095 676 anno

470 719 601 787 585;
633 723 708 787 et,
739 717 906 789 juxta
931 716 1187 788 Gregorii
1213 715 1542 789 interpolati
1571 732 1696 788 cap.
1727 717 1816 784 39,
1843 715 1941 770 lib.
1971 729 2092 785 VIII,

473 813 658 884 quinto
691 811 900 882 expleto
935 811 1343 880 ingrediebatur
1372 815 1584 866 sextum
1616 811 1706 865 sui
1734 811 2093 880 episcopatus,

469 919 614 959 anno
638 906 695 959 11
717 903 1061 960 Childeberti
1076 904 1494 959 Austrasiorum
1520 903 1690 975 regis,
1713 901 1920 960 Christi
1946 899 2092 972 587),

467 997 815 1069 episcopatus
861 997 1119 1052 Domnoli
1163 1013 1278 1052 non
1326 999 1547 1052 tantum
1587 996 1750 1051 initia
1795 993 2097 1066 Chilperici

465 1091 740 1163 attigerit,
774 1091 874 1146 sed
898 1095 1085 1147 totum
1120 1091 1238 1148 fere
1280 1091 1432 1146 illius
1461 1107 1554 1146 am
1586 1089 1739 1162 apud
1775 1088 2096 1144 Suessiones

465 1201 638 1260 quam
668 1185 908 1241 Parisios
935 1201 1180 1258 regnum
1221 1185 1529 1258 mquaverit
1546 1202 1564 1254 ;
1602 1200 1708 1239 nec
1739 1189 1933 1239 tamen
1968 1181 2096 1254 plus

466 1280 646 1334 multo
670 1295 846 1352 quam
872 1278 1038 1336 annis
1063 1281 1132 1336 22
1161 1279 1388 1350 sederit,
1423 1277 1698 1350 incipiens
1717 1293 1867 1333 anno
1891 1275 2097 1332 Christi

466 1376 589 1444 559,
619 1376 678 1428 et
704 1377 963 1428 mortuus
991 1376 1116 1443 581,
1145 1371 1236 1428 die
1265 1377 1287 1428 1
1322 1371 1666 1429 Decembris.

535 1471 590 1524 9.
617 1467 739 1524 Alia
765 1467 934 1522 rebus
961 1466 1140 1522 sancti
1163 1466 1424 1522 Domnoli
1449 1465 1762 1522 obscuritas
1787 1463 2098 1520 offunditur

464 1577 533 1617 ex
557 1561 682 1616 Vita
705 1559 882 1618 sancti
909 1560 1108 1628 Mauri,
1131 1577 1307 1634 quam
1333 1561 1436 1616 sub
1457 1559 1688 1615 nomine
1711 1557 1903 1614 Fausti
1923 1557 2097 1613 coaevi

463 1654 762 1724 habemus,
791 1653 1162 1727 dedimusque
1187 1655 1258 1708 ad
1290 1658 1354 1710 15
1387 1653 1639 1709 Januarii
1668 1651 1982 1724 (Bolland.).
2017 1651 2097 1706 Ibi

464 1749 638 1818 enim,
665 1765 828 1804 num.
873 1751 958 1817 16,
999 1765 1035 1804 α
1077 1749 1380 1804 beatissimo
1408 1750 1802 1817 Bertt'gramno,
1846 1748 2098 1804 Cenoma-

2194 523 2482 582 Casinensi
2505 520 2778 593 coenobio,
2819 519 3045 595 quando
3075 520 3294 576 Maurus
3319 523 3479 578 sancti
3505 525 3742 588 Benedicti

2192 617 2500 690 discipulus
2526 615 2809 672 debuisset
2822 614 2994 670 fuisse
3019 615 3336 670 centenario
3360 617 3652 692 proximus),
3669 624 3743 680 sed

2191 711 2399 784 potius,
2431 713 2493 765 ut
2525 709 2812 781 prolixum
2839 707 2981 763 illud
3007 707 3076 764 de
3105 712 3296 762 sancto
3325 708 3496 764 Mauro
3519 713 3744 784 scriptum

2195 803 2369 878 (quod
2404 803 2581 860 veluti
2627 819 2698 858 ex
2751 801 3235 874 quaterniunculis
3291 817 3322 855 a
3378 802 3561 858 Fausto
3601 823 3746 864 coaavo

2194 897 2416 970 scriptis
2444 896 2591 952 circa
2611 899 2869 952 sanctum
2901 895 3268 950 Benedictum
3291 895 3506 968 ejusque
3543 897 3746 971 discipu-

2193 992 2298 1059 los,
2327 991 2398 1047 ab
2429 991 2623 1048 Odone
2661 988 3111 1046 Glannofoliense
3149 993 3435 1060 acceptum
3469 992 3744 1062 expolitum-

2194 1101 2304 1158 que
2321 1083 2661 1157 obtruditur)
2679 1099 2904 1138 merum
2921 1098 3038 1138 esse
3059 1081 3343 1154 sequentis
3359 1082 3458 1137 aevi
3474 1082 3749 1156 ﬁgmentum

2194 1178 2420 1251 opinor,
2450 1177 2504 1232 ei
2527 1177 2709 1233 simile
2735 1176 2888 1250 quod
2925 1176 2994 1232 de
3029 1174 3304 1248 martyrio
3332 1175 3498 1232 sancti
3521 1177 3690 1234 Placidi
3708 1185 3752 1237 et

2195 1276 2496 1344 sociorum,
2523 1275 2628 1331 sub
2653 1275 2888 1331 nomine
2912 1273 3182 1331 Gordiani
3201 1273 3517 1330 eorumdem
3538 1276 3751 1347 ministri,

2193 1375 2463 1445 habetur;
2505 1372 2597 1429 cui
2633 1372 2772 1446 quid
2813 1372 3006 1428 solidae
3043 1371 3296 1428 veritatis
3331 1373 3514 1444 subsit,
3541 1374 3664 1430 inter
3691 1380 3756 1432 tot

2195 1467 2618 1524 mendaciorum
2644 1470 2898 1522 monstra
2920 1471 3166 1538 nequeat
3188 1465 3290 1521 vel'
3316 1482 3414 1538 per
3439 1467 3754 1540 conjecturam

2194 1563 2537 1635 prudentem
2559 1559 2804 1616 deﬁniri.
2826 1559 2946 1615 Nisi
2967 1559 3112 1616 forte
3142 1561 3332 1632 placet
3347 1559 3612 1633 suspicari,
3629 1561 3756 1633 paulo

2194 1660 2325 1712 ante
2366 1653 2709 1712 Cassinensis
2753 1653 3089 1710 monasterii
3131 1653 3344 1709 factam
3380 1670 3414 1708 a
3448 1653 3760 1727 Langobardis

2195 1747 2650 1818 destructionem,
2698 1747 2757 1804 id
2806 1752 2892 1803 est
2938 1751 3070 1803 ante
3119 1763 3340 1803 annum
3389 1749 3506 1816 589,
3543 1764 3573 1802 a
3613 1751 3762 1802 sancto

461 1845 595 1899 nicas
634 1843 786 1898 urbis
822 1843 1086 1914 episcopo,
1139 1844 1406 1897 narratur
1429 1839 1636 1912 legatio
1660 1838 1834 1895 missa
1864 1837 1936 1893 ad
1975 1853 2099 1893 san-
2117 1833 2174 1906 B
2197 1844 2601 1914 Bertegramno
2627 1841 2861 1915 quidem
2887 1843 3188 1898 exoratum
3213 1840 3492 1910 Bonitum,
3515 1857 3616 1896 non
3631 1841 3763 1896 Bene-

465 1941 620 1991 ctum
645 1935 1033 2006 Benedictum,
1065 1951 1172 2006 pro
1198 1951 1434 1991 suorum
1463 1933 1678 1990 colonia
1715 1931 2050 2006 postulanda
2075 1949 2090 1987 :

462 2029 562 2104 qui
591 2034 852 2084 sanctum
877 2030 1136 2085 Maurum
1167 2028 1506 2101 discipulum
1526 2044 1659 2082 cum
1679 2026 1840 2082 sociis
1855 2028 2101 2099 quatuor

461 2123 731 2179 direxerit
759 2123 821 2178 in
841 2123 1101 2192 Galliam;
1141 2123 1239 2178 sed
1266 2123 1329 2178 hi
1355 2121 1440 2194 (ut
1475 2120 1684 2176 dicitur
1707 2137 1869 2176 num.
1898 2119 1985 2191 33)
2005 2119 2096 2174 in-

461 2217 781 2288 telligentes
807 2216 1051 2273 Aureliis
1079 2237 1108 2268 ‹‹
1145 2217 1376 2272 beatum
1407 2215 1867 2287 Bertigramnum
1891 2213 2100 2286 episco-

461 2327 603 2380 pum
630 2311 753 2381 jam
781 2309 1055 2381 migrasse
1086 2310 1158 2366 ad
1197 2309 1523 2378 Dominum,
1560 2307 1851 2380 aliumque
1885 2307 1946 2362 in
1975 2307 2098 2362 loco

467 2403 591 2474 ejus
613 2404 735 2474 jam
762 2403 1130 2460 substitutum
1167 2403 1525 2477 pontiﬁcem;
1559 2421 1588 2452 ››
1617 2419 1682 2456 ac
1707 2400 1908 2456 deinde
1932 2417 2094 2457 num.

466 2500 553 2566 35,
594 2495 746 2570 quod
785 2497 939 2552 locus
983 2518 1012 2548 α
1049 2497 1354 2570 Rupiacus,
1396 2495 1504 2550 sibi
1547 2495 1618 2550 ad
1653 2494 2098 2550 construendum

462 2590 873 2646 monasterium
917 2607 952 2645 a
993 2591 1158 2646 beato
1203 2589 1596 2662 Bertigramno
1649 2589 1924 2661 provisus,
1982 2603 2098 2643 non

463 2683 771 2739 admodum
799 2689 964 2756 aptus
988 2688 1112 2740 erat
1137 2683 1389 2755 regulari
1427 2682 1806 2755 religioni.....
1835 2681 2098 2754 quodque

464 2777 771 2832 Domnolus
811 2777 1107 2850 episcopus
1137 2778 1281 2833 nihil
1318 2777 1388 2832 de
1431 2777 1539 2832 hac
1579 2793 1662 2846 re,
1693 2794 1720 2828 ι)
1747 2791 1922 2848 quam
1961 2791 2096 2830 suus

464 2871 725 2926 decessor
748 2887 984 2927 exorsus
1007 2877 1146 2942 erat,
1177 2894 1206 2922 «
1238 2872 1421 2926 facere
1447 2870 1634 2940 vellet,
1667 2893 1696 2920 »
1729 2869 2094 2941 respondens,

467 2985 495 3013 ‹‹
547 2981 604 3020 se
629 2965 872 3036 pr0priis
931 2965 1116 3036 magis
1163 2981 1337 3037 quam
1396 2964 1594 3020 alienis
1645 2963 1787 3018 velle
1839 2963 2096 3018 insistere

465 3057 682 3129 emptis,
713 3074 786 3113 ne
811 3075 981 3130 supra
1005 3058 1253 3113 alienum
1279 3057 1552 3114 aediﬁcare
1581 3055 1869 3112 videretur
1892 3057 2093 3111 funda-

466 3156 752 3218 mentum;
779 3171 806 3203 »
838 3152 982 3219 haec,
1009 3152 1269 3224 inquam,
1295 3151 1614 3224 intelligens
1633 3154 1857 3204 sanctus
1876 3152 2098 3205 Maurus

465 3261 596 3298 cum
634 3245 816 3316 sociis,
847 3246 1100 3300 oblatum
1123 3245 1184 3300 in
1228 3245 1442 3300 ditioue
1477 3243 1872 3316 Andegavensi
1909 3203 2170 3298 locumC

465 3339 787 3410 acceptarit,
819 3345 876 3394 et
907 3339 1362 3394 Glannofoliense
1391 3338 1800 3394 monasterium
1825 3337 2094 3394 fundarit.

465 3431 693 3487 Interim
721 3437 940 3488 constat
966 3434 1422 3504 Bertigramnum
1449 3448 1564 3487 non
1600 3431 1972 3503 praecessisse,
2000 3431 2094 3487 sed

463 3526 790 3582 successisse
817 3527 1032 3599 Majolo,
1063 3532 1189 3598 post
1209 3525 1536 3598 Baudigisili
1563 3525 1996 3598 quinquennem
2015 3530 2097 3596 ty-

462 3619 780 3688 rannidem,
811 3625 868 3675 et
908 3638 1058 3675 anno
1094 3624 1195 3681 58,9
1223 3619 1542 3692 rescripisse
1587 3620 1935 3675 Guntramnc
1970 3619 2096 3690 regi

462 3712 521 3766 in
547 3729 716 3767 causa
746 3715 1158 3769 monachorum
1181 3713 1634 3780 Pictaviensium,
1656 3713 1805 3768 inter
1829 3717 1954 3768 octo
1979 3713 2096 3784 epi-

462 3822 657 3875 scopos
680 3805 971 3876 ultimum,
1003 3807 1154 3861 velut
1177 3806 1438 3861 omnium
1466 3807 1777 3878 juniorem.
1807 3807 1980 3860 Nemo
2012 3811 2097 3860 est

462 3897 640 3968 igitur
697 3899 847 3953 inter
889 3901 1190 3954 modernos
1232 3901 1532 3972 scriptores
1588 3899 1687 3970 qui
1729 3899 1930 3954 vitium
1979 3915 2094 3954 non

465 3996 733 4063 agnoscat
757 3991 1090 4064 Obrepsisse,
1109 3998 1204 4048 aut
1229 3993 1407 4048 Odoni
1429 3992 1615 4048 abbati
1636 3991 2090 4063 Glannofoliensi,

466 4085 645 4140 Vitam
671 4085 849 4140 sancti
882 4087 1084 4156 Mauri,
1119 4109 1148 4136 «
1176 4087 1326 4141 salva
1361 4087 1470 4141 fide
1509 4086 1788 4140 dictorum
1823 4103 1886 4140 ac
1917 4086 2130 4152 mira-,

461 4179 721 4234 culorum
768 4179 912 4234 inibi
965 4185 1342 4252 repertorum,
1394 4179 1675 4251 corrigere
1727 4179 2010 4250 satagcnti
2062 4197 2092 4231 )›

461 4290 610 4328 anno
636 4276 760 4342 868,
787 4275 887 4327 aut
921 4273 1092 4344 hujus
1117 4273 1294 4345 ipsius
1319 4272 1738 4344 interpolatori;
1774 4254 1870 4327 sed
1900 4287 2095 4327 omnes

459 4367 577 4423 fere
619 4367 679 4422 in
707 4368 814 4423 hoc
841 4367 1206 4432 conveniunt,
1246 4371 1310 4423 ut
1339 4384 1442 4440 pro
1482 4365 1896 4440 Bertigramno,
1926 4368 2092 4420 Inno-

461 4461 744 4532 centium;
774 4478 877 4534 pro
894 4462 1193 4530 Domnolo,
1217 4461 1597 4518 Scienfridum
1617 4461 1934 4516 invasorem
1962 4476 2092 4515 ccu-

462 4559 618 4608 seant
644 4571 763 4610 esse
801 4555 1257 4610 substituendum
1292 4573 1306 4612 :
1337 4573 1404 4612 eo
1441 4555 1593 4628 quod
1627 4553 1731 4608 sibi
1773 4559 1923 4622 certo
1957 4571 2091 4626 per-

461 4648 733 4704 suadeant
766 4649 984 4705 vivente
1015 4649 1328 4704 etiamnum
1358 4655 1548 4704 sancto
1585 4648 1885 4704 Benedicto
1913 4648 2091 4704 dedu-

461 4746 609 4796 ctam
641 4758 760 4797 esse
800 4741 965 4796 istam
1001 4742 1407 4814 discipulorum
1439 4743 1560 4814 ejus
1589 4743 1900 4812 coloniam;
1927 4741 2092 4797 illum

462 4840 653 4892 autem
678 4853 782 4892 nos
809 4836 1157 4892 ostendimus
1181 4837 1384 4892 obiisse
1413 4853 1563 4891 anno
1588 4838 1714 4892 643.

534 4933 618 4986 10.
648 4931 766 5003 Ego
819 4947 952 4986 vero
1011 4930 1150 4986 dum
1191 4930 1485 4986 considero
1524 4931 1688 4986 toties
1749 4929 2095 4985 inculcatum

463 5024 835 5095 Bertigramni
853 5041 1066 5080 nomen
1093 5041 1324 5080 rursum
1345 5023 1526 5096 repeti
1552 5024 1612 5080 in
1636 5025 1870 5097 prologo
1891 5025 1961 5079 ad
1983 5023 2096 5078 his-

459 5116 666 5171 toriam
693 5119 1078 5173 translationis
1119 5118 1298 5173 sancti
1335 5117 1534 5188 Mauri,
1568 5138 1597 5170 «
1627 5133 1820 5190 quem,
1851 5139 1878 5166 »
1907 5117 2096 5188 inquit

461 5210 599 5277 Odo,
625 5211 874 5268 scribens
908 5212 1144 5268 Almodo
1179 5211 1571 5270 Cenomanicae
1611 5210 1861 5266 ecclesia:
1905 5211 2091 5266 archi-

460 5303 712 5375 diacono,
746 5327 776 5357 «
807 5322 840 5360 a
865 5306 1131 5377 pontiﬁce
1170 5313 1378 5362 sanctae
1407 5307 1574 5376 sedis,
1606 5305 1697 5360 cui
1726 5306 1836 5359 Deo
1865 5310 2094 5361 auctore

459 5397 733 5467 deservis,
776 5399 940 5454 beato
978 5400 1189 5456 scilicet
1231 5401 1689 5470 Bertichramno,
1736 5398 1978 5469 nostris,
2033 5403 2095 5454 ut

461 5493 658 5561 nostis,
681 5493 922 5548 ascitum
941 5495 1252 5567 gaudemus
1271 5495 1590 5568 provinciis.
1615 5514 1642 5546 ι(
1667 5495 1814 5564 Haec,
1835 5493 2090 5564 inquam,

458 5589 598 5643 dum
625 5589 938 5660 considero,
967 5590 1337 5644 vehementer
1355 5590 1642 5662 impellor,
1677 5605 1796 5643 non
1821 5593 1886 5643 ut
1913 5589 2094 5644 Berte-

464 5683 690 5752 gramni
709 5699 924 5739 nomen
948 5683 1314 5740 retinendum
1341 5687 1510 5754 atque
1533 5683 1602 5737 ab
1630 5683 1752 5753 ejus
1777 5697 2096 5737 successore

463 5780 653 5829 sancto
671 5776 998 5831 Cbadoindo
1040 5775 1314 5846 rejectum
1351 5778 1610 5838 sanctum
1656 5776 1911 5829 Maurum
1961 5792 2091 5830 cen-

467 5881 620 5919 seam
645 5867 743 5935 (sic
769 5867 922 5923 enim
961 5866 1156 5923 missio
1185 5867 1281 5922 illa
1303 5883 1485 5940 usque
1512 5867 1584 5922 ad
1609 5883 1824 5923 annum
1847 5867 1966 5923 fere
1991 5869 2092 5924 618

2198 1935 2411 1992 dictum
2436 1935 2721 2006 abbatem,
2748 1952 2850 1992 suo
2879 1934 3265 2008 condiscipulo
3295 1936 3494 2005 Mauro,
3511 1934 3618 2006 jam
3639 1939 3764 1989 aetate

2200 2030 2376 2102 gravi,
2415 2029 2662 2102 primam
2701 2034 2859 2086 trans
2902 2029 3073 2102 Alpes
3119 2029 3402 2084 coloniam
3439 2027 3763 2084 deducendam

2197 2123 2584 2194 commisisse;
2629 2125 2887 2180 Maurum
2936 2139 3072 2180 vero
3126 2121 3434 2192 intellecta,
3479 2138 3586 2177 non
3623 2124 3766 2176 morte

2197 2217 2470 2290 episcopi,
2495 2218 2593 2274 sed
2620 2217 2800 2274 turbis
2829 2217 2889 2273 in
2913 2216 3241 2290 episcopatu
3281 2214 3544 2272 suscitatis
3565 2230 3595 2268 a
3614 2213 3763 2269 deces-

2198 2311 2342 2366 soris
2366 2311 2618 2367 defuncti
2644 2311 2832 2382 vidua,
2872 2311 3054 2383 ipsam
3081 2311 3230 2366 forte
3261 2307 3494 2382 Rupiaci
3518 2306 3763 2380 possessio-

2196 2420 2331 2460 nem
2359 2405 2432 2460 ad
2459 2421 2518 2461 se
2543 2405 2826 2476 trahente,
2859 2404 2982 2460 istis
3009 2403 3328 2460 substitisse
3357 2401 3453 2458 ubi
3477 2399 3764 2458 commodior

2196 2497 2666 2570 tranquilliorque
2706 2497 3046 2554 oﬁ'erebatur
3085 2497 3246 2553 locus
3287 2512 3430 2552 novo
3463 2493 3674 2550 instituti
3702 2491 3769 2547 sui

2196 2591 2536 2646 monasterio
2581 2591 2894 2648 condendo.
2953 2592 3195 2646 Istarum
3236 2593 3388 2646 certe
3426 2583 3765 2643 controversia-

2197 2700 2294 2738 rus
2318 2683 2473 2739 testis
2497 2688 2581 2740 est
2607 2683 2708 2740 lib.
2735 2701 2856 2756 VIII,
2896 2700 3018 2756 cap.
3064 2686 3154 2754 39,
3200 2681 3499 2755 Gregorius
3530 2681 3766 2735 Turonen-

2196 2776 2290 2847 sis,
2320 2777 2520 2833 saltem
2557 2777 2964 2850 interpolatus,
2993 2781 3052 2833 et
3083 2776 3348 2834 suﬂicere
3385 2775 3492 2831 illa:
3515 2774 3768 2846 potuerunt

2197 2870 2561 2928 disturbando
2583 2872 2770 2944 primo
2789 2871 3208 2942 Bertingramni
3223 2869 3474 2940 consilio,
3499 2867 3635 2940 quod
3656 2865 3768 2922 Cha-

2197 2963 2436 3020 doindus
2465 2981 2769 3034 successor,
2819 2965 2952 3020 satis
2985 2968 3255 3036 pacatum
3288 2961 3662 3042 pontiﬁcatum
3687 2959 3768 3012 ha-

2195 3057 2354 3128 bens,
2382 3058 2726 3115 exsecutioni
2751 3058 3053 3129 mandarit,
3088 3079 3116 3108 «
3145 3061 3203 3113 in
3227 3061 3350 3114 vico
3372 3056 3599 3118 Aurion,
3627 3070 3655 3107 a
3676 3053 3767 3106 ltu-

2195 3151 2358 3222 piaco
2383 3151 2512 3206 villa
2549 3151 2932 3224 dependente,
2971 3151 3384 3206 monasterium
3423 3153 3710 3204 construens
3728 3146 3771 3197 et

2197 3245 2426 3316 agmina
2447 3246 2858 3301 monachorum
2886 3245 3234 3317 regulariter
3274 3244 3415 3300 inibi
3437 3245 3543 3299 Deo
3569 3237 3768 3295 servien-

2194 3338 2338 3394 tium
2378 3338 2646 3394 nobiliter
2691 3339 3009 3394 instituens.
3057 3357 3086 3392 »
3130 3338 3236 3394 Sed
3283 3339 3404 3393 haec
3443 3337 3595 3408 plane
3623 3332 3768 3416 discu-

2194 3431 2386 3488 tienda
2435 3436 2604 3488 erunt
2643 3433 2704 3487 in
2752 3449 2900 3488 nova
2941 3436 3111 3504 atque
3149 3431 3209 3486 in
3252 3431 3491 3505 duplum
3526 3423 3763 3498 augenda,

2194 3542 2367 3597 quam
2393 3526 2605 3598 posteri
2630 3527 2930 3594 curabunt,
2955 3525 3199 3582 editione
3227 3523 3500 3593 Januarii,
3523 3520 3676 3576 multa
3701 3531 3766 3569 Ic-

2193 3619 2531 3674 formatione
2560 3619 2800 3691 egentis,
2846 3623 2913 3675 ut
2949 3623 3080 3676 sunt
3117 3617 3453 3690 imperfecta
3485 3628 3657 3680 rerum
3676 3625 3768 3664 οω-

2192 3711 2356 3767 nium
2379 3712 2685 3784 principia.

2267 3810 2353 3861 11.
2382 3807 2452 3861 Ut
2477 3810 2669 3862 autem
2705 3807 2778 3862 ad
2821 3809 3079 3862 sanctum
3118 3805 3464 3862 Domnolum
3497 3801 3562 3858 ab
3600 3801 3770 3870 impor-

2193 3903 2354 3968 tuna,
2387 3916 2564 3972 quam
2588 3899 2824 3972 ingesta:
2848 3899 3054 3954 fabulae
3079 3903 3462 3966 extorserunt,
3481 3892 3771 3967 digressione

2193 3997 2566 4060 revertamur,
2594 3993 2936 4066 praeclarum
2955 3992 3349 4048 testimonium
3374 3991 3552 4048 eidem
3571 3988 3710 4044 datur
3728 3983 3773 4036 in

2193 4086 2315 4142 Vita
2341 4086 2520 4142 sancti
2543 4087 2819 4142 Leonardi
2842 4087 3216 4158 anachoreta,
3248 4086 3437 4160 quiin
3461 4084 3576 4156 ejus
3600 4074 3775 4136 dioecesi

2193 4181 2296 4235 sub
2345 4181 2548 4236 sanctis
2602 4181 2927 4236 Innocentio
2961 4185 3018 4236 et
3058 4181 3180 4252 ipso
3222 4179 3507 4236 Domnolo
3551 4169 3775 4248 episcopis

2191 4274 2409 4344 ﬂoruit,
2439 4278 2496 4330 et
2515 4274 2718 4330 colitur
2747 4279 2809 4330 15
2841 4273 3125 4344 Octobris;
3157 4274 3316 4346 quod
3335 4275 3472 4329 inde
3496 4271 3772 4338 excerptum

2193 4368 2286 4422 hic
2313 4368 2534 4437 damus,
2557 4372 2614 4423 et
2629 4371 2713 4423 est
2727 4367 3006 4439 ejusmodi
3025 4384 3039 4423 :
3066 4387 3096 4420 ‹‹
3111 4369 3246 4423 Erat
3260 4369 3490 4423 sanctus
3510 4357 3776 4421 Leonardus

2194 4463 2306 4517 Deo
2331 4461 2590 4517 amabilis
2615 4466 2672 4516 et
2691 4461 3018 4516 hominibus
3056 4461 3318 4517 dilectus.
3348 4461 3554 4518 Solitus
3578 4465 3777 4523 namque

2193 4561 2313 4612 erat
2336 4561 2559 4611 sanctus
2583 4555 2892 4610 Domnolus
2919 4555 3215 4628 episcopus
3244 4549 3685 4616 Cenomanensis,
3707 4558 3776 4600 cu-

2186 4649 2280 4721 jus
2307 4655 2364 4706 et
2387 4649 2700 4704 monachus
2724 4653 2864 4718 erat,
2887 4665 3021 4705 eum
3041 4649 3290 4722 dirigere
3315 4649 3391 4704 ad
3416 4651 3660 4704 sanctum
3674 4641 3776 4695 Ger-

2191 4759 2427 4803 manum
2468 4743 2815 4798 Parisiorum
2857 4742 3218 4815 episcopum,
3255 4743 3362 4816 qui
3385 4738 3647 4797 ambobus
3667 4731 3776 4788 dile-

2193 4841 2314 4891 ctus
2363 4840 2420 4892 et
2468 4836 2728 4892 credulus
2776 4841 3007 4892 erat.....
3071 4836 3222 4892 Obiit
3283 4840 3486 4892 autem
3531 4829 3783 4905 prmdictus

2193 4935 2418 4985 sanctus
2446 4930 2772 4986 Leonardus
2797 4930 2900 4985 sub
2945 4929 3264 5002 Chilperico
3311 4931 3646 4984 Francorum
3675 4930 3781 4989 Γεὲθ

2196 5023 2382 5079 Idibus
2401 5023 2672 5094 Octobris,
2694 5023 2753 5079 in
2791 5040 2951 5096 pace,
2973 5024 3178 5096 plenus
3195 5023 3448 5093 dierum,
3467 5023 3524 5077 in
3546 5017 3784 5075 senectute

2191 5118 2364 5188 bona,
2397 5121 2454 5173 et
2496 5118 2748 5189 sepultus
2801 5123 2886 5174 est
2931 5117 2995 5173 in
3039 5116 3370 5190 supradicta
3415 5113 3609 5172 cellula
3646 5121 3729 5164 sua
3759 5118 3786 5154 τι

2193 5217 2381 5268 sancto
2405 5212 2682 5268 Domnolo
2709 5216 2839 5266 ante
2865 5211 3012 5267 dicto
3033 5211 3319 5283 episcopo.
3351 5211 3498 5266 Nam
3521 5205 3684 5280 pridie
3703 5214 3786 5253 an-

2192 5313 2422 5379 tequam
2448 5306 2679 5362 obiisset
2705 5305 2890 5360 dictus
2925 5309 3148 5360 sanctus
3174 5305 3518 5371 Leonardus,
3540 5297 3678 5355 venit
3693 5306 3778 5346 v0!

2193 5400 2382 5456 divina
2401 5400 2472 5456 ad
2500 5400 2835 5455 Domnolum
2856 5404 2988 5454 ante
3008 5399 3222 5454 dictum
3246 5398 3599 5470 episcopum,
3621 5385 3789 5463 praeci-

2192 5493 2356 5566 piens
2397 5493 2447 5549 ei
2489 5498 2554 5548 ut
2592 5492 2702 5548 iret
2726 5493 2836 5548 Deo
2863 5492 2979 5547 suis
3011 5491 3380 5547 sanctissimis
3421 5487 3666 5562 precibus
3686 5477 3788 5534 ani-

2193 5604 2346 5643 mam
2389 5587 2790 5644 commendare
2830 5586 3138 5659 supradicti
3176 5583 3516 5641 confessoris
3552 5599 3565 5636 :
3596 5577 3712 5651 quia
3735 5572 3792 5626 de

2193 5681 2396 5738 saeculo
2421 5681 2664 5736 crastina
2705 5680 2796 5736 die
2821 5697 2956 5736 eum
2982 5680 3230 5753 migrare
3247 5721 3263 5750 ,
3299 5685 3358 5734 et
3385 5693 3516 5732 cum
3543 5668 3724 5730 sanctis
3745 5668 3791 5720 el—

2194 5775 2382 5832 electis
2405 5775 2505 5830 Dei
2545 5775 2798 5830 animam
2837 5775 3093 5830 collocari
3131 5773 3449 5846 oportebat.
3494 5768 3595 5834 Qui
3631 5761 3791 5820 statim

2195 5885 2329 5924 cum
2368 5868 2484 5924 suis
2526 5867 2797 5925 ministris
2815 5909 2830 5938 ,
2875 5869 2982 5925 hoc
3015 5869 3166 5943 quod
3211 5865 3260 5922 ei
3290 5866 3522 5941 jussum
3557 5855 3788 5918 divinitus
