4058 6190
192 289 198 296 ’
307 295 414 354 637

1907 297 2078 356 VITA.

3570 300 3671 358 638

299 407 497 463 fuerat
541 404 810 479 perﬁcere
837 421 954 462 non
995 404 1252 463 tardavit.
1297 407 1438 462 Nam
1490 407 1548 462 et
1585 408 1716 462 ante
1763 403 1944 463 dictus
1965 423 2026 496 Α
2045 408 2254 466 derunt
2277 405 2604 481 pristinum.
2633 404 2863 480 Sepulto
2891 409 3084 463 autem
3109 422 3196 478 eo,
3214 423 3320 480 per
3343 406 3673 466 electionem

298 505 542 557 sanctus
561 501 907 572 Leonardus,
930 515 1287 574 praenoscens
1309 499 1578 556 divinitus
1607 497 1784 556 sancti
1807 516 1946 572 pon-

295 593 471 650 tiﬂcis
499 595 830 663 adventum,
875 594 1146 666 praecepit
1181 593 1449 650 fratribus
1491 597 1556 648 ut
1582 593 1654 649 ad
1691 593 1814 666 ejus
1853 594 1940 649 in-

295 705 575 761 gressum
601 703 658 743 se
691 691 1100 760 praepararent,
1128 693 1186 744 et
1208 687 1399 760 digne,
1439 691 1506 743 ut
1529 687 1807 742 seniorem
1835 688 1942 742 Do-

293 786 445 842 mini
471 786 805 858 pontificem
833 785 1084 856 decebat,
1108 802 1242 841 eum
1270 784 1636 858 susciperent,
1672 789 1729 841 et
1753 785 1944 840 omnia

293 882 624 936 necessaria
651 880 1054 935 ministrarent.
1086 877 1354 934 lndicavit
1390 879 1564 934 etiam
1589 879 1860 935 fratribus
1883 895 1942 936 se

292 975 419 1046 ipsa
440 975 564 1042 die,
585 979 882 1046 postquam
902 973 1169 1046 praefatus
1197 973 1450 1045 pontifex
1473 956 1632 1028 suam
1653 974 1764 1028 Deo
1783 989 1938 1028 com-

290 1068 632 1124 mendasset
649 1069 918 1138 animam,
941 1067 1009 1124 de
1035 1067 1238 1122 saeculo
1258 1066 1568 1124 exiturum.
1590 1066 1939 1124 Adveniente

292 1177 538 1233 quoque
552 1179 656 1218 suo
673 1161 956 1234 episcopo,
973 1161 1209 1234 ejusque
1220 1160 1472 1216 animam
1486 1161 1938 1231 commendante,

295 1273 433 1311 mox
459 1256 708 1311 Domino
747 1271 910 1311 suam
955 1237 1204 1311 sanctam
1245 1253 1496 1310 animam
1523 1253 1786 1310 reddidit.
1815 1255 1937 1319 Quo

293 1349 572 1404 defuncto
601 1351 740 1405 dum
765 1354 954 1405 sancta
997 1349 1118 1420 ejus
1159 1347 1419 1405 membra
1456 1347 1830 1421 portabantur
1867 1347 1940 1403 ad

294 1445 618 1512 tumulum,
636 1443 770 1499 caeci
788 1447 1085 1515 tangentes
1101 1442 1224 1514 ejus
1243 1441 1570 1499 vehiculum
1584 1441 1768 1498 visum
1779 1456 1934 1498 rece-

2043 517 2240 558 eorum
2267 502 2679 558 monachorum
2699 543 2715 571 ,
2765 505 2987 556 sanctus
3024 501 3329 556 Domnolus
3374 518 3552 558 unum
3600 519 3671 558 ex

2041 595 2177 668 ipsis
2205 593 2310 651 sibi
2337 595 2632 651 constituit
2657 599 2714 650 et
2731 593 3010 650 ordinavit
3037 594 3298 650 abbatem
3326 612 3341 650 :
3376 596 3472 669 qui
3492 613 3670 670 usque

2040 689 2101 744 in
2133 689 2474 745 hodiernum
2511 687 2662 744 diem
2695 689 2952 744 eamdem
2989 689 3092 743 sub
3138 692 3327 743 sancta
3367 690 3666 762 religione,

2041 782 2370 855 disponente
2397 788 2454 837 et
2485 782 2780 838 ordinante
2807 781 3066 853 episcopo
3089 823 3103 852 ,
3134 782 3416 853 gubernat
3440 787 3496 838 et
3523 783 3672 855 regit

2040 875 2318 932 cellulam.
2345 897 2372 926 ››
2402 877 2529 931 Haec
2556 875 2656 930 ibi.
2687 877 2823 940 Quae
2863 875 3054 944 etiam,
3085 875 3183 932 sed
3220 881 3526 946 contracta,
3561 877 3666 930 ha-

2038 970 2135 1026 bet
2144 969 2462 1025 Bernardus
2473 969 2739 1024 Guidonis
2751 968 3044 1040 episcopus
3073 969 3432 1039 Ludovensis,
3452 974 3606 1026 torno
3628 972 3669 1026 ll

2039 1062 2108 1119 de
2151 1062 2285 1118 Vitis
2327 1063 2678 1118 Sanctorum.
2718 1063 2894 1117 Locus
2929 1062 3064 1117 olim
3096 1064 3422 1136 Vendopera
3463 1064 3664 1136 dictus,

2038 1173 2190 1214 nunc
2215 1175 2248 1212 a
2275 1163 2464 1214 sancto
2491 1157 2782 1213 Leonardo
2822 1172 3034 1213 nomen
3071 1157 3260 1226 habet,
3287 1157 3426 1214 situs
3451 1158 3522 1213 ad
3551 1159 3674 1214 Sar-

2037 1257 2154 1307 tam
2188 1250 2426 1308 ﬂuvium
2458 1251 2519 1306 in
2545 1251 2818 1308 decanatu
2845 1250 3143 1307 Fresnensi
3164 1293 3180 1320 ,
3208 1267 3401 1307 versus
3425 1252 3667 1307 conﬁnia

2037 1344 2420 1402 Normanniae.

655 2039 1049 2127 SANCTI
1147 2039 1711 2144 DOMNOLI,
1811 2036 2675 2125 CENOMANENSIS
2768 2037 3316 2142 EPISCOPI,

1052 2215 1418 2284 AUGTORE
1460 2213 1972 2282 PRESBYTERO
2017 2211 2578 2282 CENOMANENSI
2621 2213 2920 2282 COEVO.

929 2467 1306 2526 PROLOGUS.

367 2585 418 2636 1.
439 2581 668 2636 Sanctae
687 2581 744 2637 et
767 2579 1072 2636 individuae
1087 2579 1373 2636 Trinitatis
1394 2580 1526 2637 freti
1543 2580 1778 2651 auxilio,
1801 2597 1926 2636 om-

298 2674 580 2746 niumque
606 2678 930 2730 sanctorum
955 2675 1216 2747 precibus
1239 2674 1400 2745 fulti,
1429 2679 1555 2730 tum
1581 2675 1749 2730 etiam
1774 2691 1926 2748 prae-

297 2768 622 2823 cedentium
649 2769 880 2824 Patrum
905 2767 1117 2824 incitati
1145 2768 1360 2836 studiis,
1391 2767 1635 2841 denique
1661 2784 1924 2824 reveren-

297 2860 512 2917 dissimi
560 2860 818 2934 praesulis
858 2861 1038 2917 nostri
1063 2861 1306 2917 Haduini
1330 2862 1557 2918 hortatu
1585 2862 1922 2932 conﬁrmati,

292 2954 602 3010 beatissimi
628 2955 852 3027 patroni
878 2955 1053 3010 nostri
1091 2955 1367 3026 Domnoli,
1409 2957 1798 3012 Cenomanicze
1824 2973 1922 3012 ur-

293 3048 378 3103 bis
401 3049 674 3121 episcopi,
692 3049 865 3104 vitam
888 3049 1188 3120 illustrem,
1211 3051 1520 3106 multorum
1539 3050 1770 3107 utilitati
1789 3068 1924 3124 pro-

295 3142 569 3214 futuram,
595 3125 724 3215 ipso‘
747 3143 908 3198 nobis
931 3143 1262 3215 Opitulante,
1294 3144 1649 3200 scribendam
1685 3145 1922 3218 suscipi-

295 3252 436 3292 mus.
489 3239 618 3293 Non
667 3237 822 3293 enim
870 3253 1066 3292 sumus
1111 3237 1284 3293 nescii
1312 3239 1594 3294 veteribus
1635 3239 1696 3294 id
1737 3239 1924 3295 studio

295 3329 455 3387 fuisse
493 3335 564 3386 ut
589 3349 706 3386 suae
735 3335 924 3386 (states
962 3330 1220 3404 egregios
1244 3331 1392 3387 viros
1421 3333 1759 3404 scriptorum
1785 3349 1920 3388 suo-

1951 2481 2009 2554 B
2033 2467 2204 2524 satius
2237 2468 2358 2524 fore
2393 2466 2650 2523 arbitrati
2693 2483 2908 2538 sumus,
2961 2467 3049 2524 vel
3100 2466 3322 2524 exiliter
3367 2467 3552 2524 dicere
3595 2484 3663 2524 ea

2030 2578 2210 2634 pauca
2234 2577 2364 2634 quae
2389 2561 2668 2631 novimus,
2695 2577 2868 2634 quam
2887 2577 3019 2618 cum
3053 2577 3211 2618 servo
3239 2561 3406 2634 pigro
3431 2565 3488 2618 et
3509 2562 3660 2618 desi-

2027 2655 2205 2724 dioso,
2250 2670 2355 2726 pro
2397 2656 2618 2710 retenta
2644 2655 2871 2710 Domini
2907 2655 3166 2727 pecunia,
3196 2655 3255 2710 in
3284 2655 3660 2712 damnationis

2027 2747 2328 2804 dischen
2351 2747 2575 2803 adduci.
2603 2749 2740 2812 Quae
2764 2748 2944 2820 igitur
2967 2749 3036 2803 ab
3064 2748 3173 2803 illis
3199 2748 3427 2820 egregie
3451 2764 3654 2821 perpe-

2025 2845 2172 2897 trata
2195 2846 2347 2908 sunt,
2377 2857 2479 2896 nos
2503 2841 2638 2897 licet
2659 2840 2910 2913 indigni,
2939 2841 3138 2896 saltem
3161 2845 3472 2914 utcumque
3500 2858 3658 2898 com-

2025 2951 2426 2991 memoremus.
2454 2935 2648 3008 Neque
2676 2934 2829 2990 enim
2855 2934 2915 2990 id
2950 2934 3187 2990 facimus
3210 2939 3400 2990 nostra
3422 2937 3654 2992 temeri-

2023 3033 2138 3086 tate
2166 3028 2412 3097 adducti,
2443 3028 2559 3098 sed,
2588 3033 2656 3084 ut
2675 3028 2799 3100 jam
2821 3032 2952 3084 ante
2980 3029 3196 3084 dictum
3225 3033 3308 3086 est
3331 3071 3346 3099 ,
3372 3031 3659 3086 voluntate

2024 3128 2079 3179 ct
2108 3121 2378 3178 mandato
2411 3121 2713 3178 venerandi
2737 3121 3018 3194 pontificis
3043 3122 3219 3178 nostri
3257 3123 3516 3193 Haduini,
3559 3123 3661 3195 qui

2022 3233 2124 3272 nos
2151 3216 2459 3272 beatissimi
2485 3216 2746 3271 Domnoli
2767 3216 3013 3288 episcopi
3038 3216 3211 3272 vitam
3224 3217 3399 3288 jussit
3421 3218 3509 3273 vel
3527 3219 3658 3273 rudi

2023 3327 2255 3366 exarare
2273 3311 2436 3382 stylo.
2451 3310 2646 3380 Cujus,
2663 3314 2937 3382 tanquam
2958 3309 3115 3365 urbis
3135 3313 3345 3364 nostra:
3365 3311 3653 3381 antistitis,

298 3439 420 3478 rum
447 3424 820 3480 monimentis
837 3425 906 3480 ad
924 3403 1286 3496 poSterorum
1305 3403 1565 3480 notitiam
1583 3426 1924 3481 transmitte-
2013 3403 2256 3474 juSSioni
2276 3403 2518 3458 libenter
2536 3419 2756 3457 morem
2779 3407 3058 3473 gerentes,
3077 3404 3198 3474 ejus
3219 3403 3346 3458 fulti
3369 3403 3560 3474 ΡΓθθίῙ)
3569 3421 3652 3474 “Si

294 3521 432 3585 rent,
459 3535 666 3573 eorum
693 3517 962 3596 praeclare
991 3518 1140 3573 dicta
1175 3521 1232 3572 et
1257 3518 1404 3574 facta
1431 3523 1528 3574 aut
1553 3518 1754 3574 litteris
1783 3535 1920 3574 con-

297 3609 604 3682 signarent,
655 3617 752 3666 aut
805 3611 1040 3684 picturis
1087 3611 1479 3683 exprimenda,
1529 3616 1629 3667 aut
1679 3611 1780 3666 aeri
1828 3611 1918 3668 in-

295 3703 618 3776 sculpenda,
655 3705 740 3760 vel
777 3705 1076 3760 marmoris
1103 3709 1350 3778 spectato
1385 3721 1554 3778 opere
1601 3721 1916 3776 repraesen-

2021 3497 2092 3552 ad
2121 3496 2483 3552 scribendum
2507 3512 2611 3550 nos
2633 3496 2981 3568 accingimus
2993 3513 3011 3565 ;
3041 3495 3373 3568 suppliciter
3387 3496 3652 3552 invocan-

2019 3593 2101 3644 tes
2138 3588 2445 3644 beatissimi
2496 3587 2756 3644 Domnoli
2795 3589 3170 3644 habitatorem
3212 3589 3485 3661 Spiritum
3521 3606 3651 3646 san-
3689 3652 3713 3680 θ

2017 3686 2193 3750 ctum,
2224 3685 2288 3737 ut
2315 3681 2414 3754 qui
2443 3681 2525 3738 illi
2553 3681 2793 3754 gratiam
2819 3681 3056 3755 largitus
3080 3687 3164 3739 est
3185 3683 3460 3738 miracula
3488 3687 3546 3740 et
3565 3685 3659 3740 ad-

297 3797 457 3853 [δωίᾶ
485 3804 775 3854 curarent.
808 3798 1092 3854 pumbam
1137 3777 1292 3853 enim
1339 3815 1397 3854 se
1444 3815 1628 3870 operm
1667 3798 1920 3870 pretium
1944 3851 1992 3870 ﬂ
2017 3777 2303 3833 mirandas
2345 3777 2610 3848 patrandi
2636 3777 2870 3834 virtutes
2913 3779 3078 3834 nobis
3104 3780 3325 3852 c0piam
3357 3780 3573 3836 tribuat
3599 3785 3658 3836 et

294 3888 558 3962 facturos,
587 3891 635 3946 si
661 3908 773 3964 qua
795 3891 857 3946 in
885 3891 972 3960 iis,
999 3892 1086 3947 vel
1114 3891 1237 3947 aliis
1264 3891 1422 3946 utilia
1441 3934 1456 3961 ,
1484 3893 1572 3948 vel
1595 3891 1919 3964 cognitione
1939 3851 1994 3925 C
2018 3871 2341 3926 facultatem
2368 3887 2460 3926 eas
2485 3871 2776 3940 narrandi,
2799 3871 2870 3927 ad
2889 3873 3118 3929 laudem
3143 3880 3200 3930 et
3226 3875 3465 3961 BIQriam
3492 3891 3655 3930 suam

295 3981 476 4055 digna,
527 3985 615 4040 vel
651 3985 724 4040 ad
771 3985 1143 4040 imitationem
1179 3985 1450 4058 praeclara
1479 3985 1822 4054 viderentur,
1853 4003 1920 4042 ea

295 4091 385 4130 sua
407 4078 689 4134 industria
713 4083 769 4134 et
793 4079 986 4134 labore
1009 4079 1244 4152 posteris
1266 4079 1682 4136 innotescerent
1709 4097 1722 4135 :
1751 4084 1818 4136 ut
1841 4080 1918 4136 ita

295 4184 468 4242 neque
495 4189 600 4226 suo
625 4173 827 4228 saeculo
845 4171 1015 4228 alieni
1035 4190 1069 4227 a
1087 4173 1274 4228 studio
1290 4173 1584 4245 religionis
1599 4177 1656 4228 et
1672 4173 1914 4246 pietatis,

295 4277 467 4335 neque
490 4281 631 4338 erga
649 4265 1039 4338 posteritatem
1057 4283 1260 4338 parum
1283 4266 1513 4322 officiosi
1529 4271 1934 4341 censerentur._

296 4353 444 4418 Quod
471 4357 521 4412 si
545 4373 679 4412 vero
707 4359 813 4414 hoc
848 4359 1104 4431 plerique
1133 4376 1202 4414 ex
1228 4359 1336 4414 illis
1363 4376 1479 4414 non
1506 4359 1673 4414 modo
1695 4359 1760 4418 in
1783 4377 1916 4415 san-

301 4448 425 4518 ctos,
454 4451 556 4506 sed
583 4451 753 4506 etiam
779 4452 838 4508 in
864 4453 1139 4525 quosdam
1164 4453 1302 4508 alios
1337 4453 1476 4525 ipsis
1500 4453 1702 4510 charos
1727 4453 1916 4508 homi-

299 4554 388 4595 nes
407 4544 767 4600 declararunt
799 4562 812 4600 :
857 4551 1068 4618 quanto
1094 4546 1275 4619 magis
1311 4563 1414 4601 nos
1438 4547 1716 4618 sagaciter
1740 4552 1797 4602 ct
1822 4563 1916 4602 ac-

299 4641 475 4692 curate
501 4695 506 4702 _
529 4645 852 4694 sanctorum
896 4657 985 4695 res
1039 4644 1220 4712 gestas
1264 4640 1602 4712 investigare
1649 4645 1818 4713 atque
1847 4641 1916 4696 ad

299 4725 533 4786 aliorum
544 4748 771 4805 quoque
784 4732 1042 4788 notitiam
1058 4733 1312 4805 proferre
1333 4733 1623 4805 debemus,
1639 4739 1706 4790 ut
1719 4749 1916 4790 eorum

299 4826 572 4890 provocati
611 4826 886 4898 exemplis
909 4827 1276 4900 doctrinaque
1302 4827 1590 4884 informati
1617 4828 1686 4884 ad
1725 4845 1790 4883 ea
1813 4845 1918 4884 nos

300 4929 513 4990 semper
553 4919 932 4990 intendamus,
963 4937 1092 4994 quae
1117 4921 1233 4976 sint
1259 4926 1421 4994 grata
1443 4926 1498 4976 et
1521 4927 1746 4994 accepta
1770 4922 1918 4978 Deo?

298 5007 604 5068 Cavendum
647 5019 796 5070 certe
838 5013 999 5069 nobis
1025 5018 1110 5070 est
1133 5031 1204 5070 ne
1241 5014 1491 5070 militum
1518 5015 1724 5072 Christi
1749 5015 1918 5071 fortia

299 5097 432 5158 facta
479 5111 535 5162 et
578 5107 850 5179 praeclara
905 5109 1182 5180 trophma,
1240 5125 1305 5163 ea
1350 5109 1670 5180 praesertim
1711 5109 1918 5180 quibus

2019 3967 2076 4020 et
2101 3965 2354 4020 fidelium
2381 3965 2815 4021 aediﬁcationem
2845 3985 2858 4022 :
2889 3970 2955 4022 ut
2997 3967 3145 4024 facta
3186 3969 3381 4024 eximii
3423 3968 3654 4042 patroni

2018 4059 2216 4129 nostri,
2245 4057 2290 4114 si
2333 4063 2526 4115 tamen
2571 4059 2628 4114 id
2670 4059 2793 4114 ﬁeri
2830 4063 3036 4133 potest,
3065 4062 3227 4118 dictis
3267 4079 3652 4134 exzequemus,

2017 4153 2116 4226 qui
2143 4169 2276 4208 cum
2301 4169 2366 4209 eo
2391 4154 2454 4208 in
2481 4153 2586 4208 hac
2616 4153 2747 4209 vitae
2772 4155 3024 4210 mortalis
3049 4156 3506 4228 peregrinatione
3531 4156 3654 4228 plu-

2017 4247 2230 4302 rimum
2247 4247 2557 4302 conversati
2577 4264 2772 4302 sumus
2795 4265 2808 4302 :
2833 4262 3162 4320 quanquam
3177 4265 3314 4304 sane
3331 4253 3503 4304 tanta:
3528 4250 3652 4320 ejus

2015 4341 2253 4396 virtutes
2287 4345 2422 4395 sunt
2455 4345 2522 4396 ut
2547 4357 2680 4396 eum
2705 4357 2809 4413 pro
2835 4341 3107 4414 dignitate
3131 4342 3361 4397 laudare
3396 4342 3654 4398 humana
3720 4380 3724 4387 ι

2015 4433 2294 4505 fragilitas
2324 4449 2684 4505 nequaquam
2713 4435 2907 4506 possit.
2941 4437 3082 4492 Cum
3129 4435 3200 4490 sit
3238 4441 3430 4490 autem
3472 4436 3649 4508 aliud,

2019 4525 2157 4578 teste
2197 4523 2326 4578 divo
2371 4523 2734 4594 Hieronymo,
2791 4523 2926 4578 locis
2971 4524 3372 4579 communibus
3417 4525 3649 4582 laudare

2017 4616 2366 4684 defunctum,
2399 4620 2455 4670 et
2479 4615 2632 4670 aliud
2663 4615 2912 4673 defuncti
2938 4618 3198 4690 proprias
3217 4635 3448 4675 narrare
3468 4620 3648 4676 virtu-

2015 4714 2128 4778 tes;
2159 4725 2263 4764 nos
2291 4709 2401 4764 hoc
2426 4709 2764 4780 opusculum
2809 4711 2880 4766 ad
2916 4711 3197 4768 bonorum
3226 4715 3553 4786 exemplum
3579 4715 3650 4770 ab

2016 4802 2114 4858 illo
2144 4807 2399 4874 tempore
2417 4803 2856 4874 auspicabimur,
2883 4823 2999 4880 quo
3021 4824 3122 4862 nos
3145 4807 3388 4880 glorioso
3407 4808 3653 4863 adventu

2017 4913 2118 4951 suo
2147 4896 2450 4968 illustrare,
2497 4897 2904 4973 nobiscumque
2943 4917 3174 4958 manere
3212 4918 3282 4958 ex
3327 4902 3423 4958 Dei
3463 4902 3651 4974 provi-

2017 4991 2209 5046 (lentia
2227 4991 2419 5063 jussus
2446 4997 2547 5048 est.

2559 5109 2776 5166 CAPUT
2811 5112 3098 5168 PRIMUM.

299 5201 476 5253 nostra
501 5204 664 5256 aetate
687 5200 939 5274 insignes
969 5205 1026 5257 et
1063 5201 1312 5258 illustres
1342 5202 1522 5272 fuere,
1551 5201 1760 5256 silentii
1789 5218 1912 5256 car-
1932 5224 1992 5298 D
2015 5204 2122 5258 Iter
2150 5217 2464 5271 romanum;
2495 5205 2832 5298 episc0patu‘s
2863 5208 3292 5279 Cenomanensis;
3324 5215 3652 5270 monasteria

302 5301 415 5346 cere
439 5309 794 5365 premamus;
847 5295 944 5364 sed
983 5295 1170 5368 potius
1213 5300 1490 5368 quantum
1534 5295 1630 5350 ille
1675 5294 1910 5366 dederit,

298 5381 388 5450 qui
411 5391 492 5442 est
519 5392 716 5443 auctor
743 5388 932 5444 omnis
957 5389 1111 5457 boni,
1151 5389 1251 5462 qui
1285 5406 1383 5445 ora
1411 5393 1704 5445 mutorum
1733 5387 1916 5461 aperit

301 5476 352 5526 et
370 5474 584 5552 linguas
607 5481 910 5538 infantium
939 5481 1172 5538 disertas
1196 5482 1349 5554 facit,
1378 5499 1508 5554 qua:
1535 5481 1755 5555 possint
1781 5498 1910 5536 suc-

301 5573 592 5630 Gessoribus
638 5576 844 5632 nostris
892 5592 1010 5634 esse
1056 5577 1218 5647 usui,
1247 5593 1314 5633 ea
1342 5577 1429 5632 vel
1457 5575 1728 5632 mediocri
1767 5576 1910 5648 stylo

302 5667 715 5725 conscribamus.
764 5670 879 5726 Etsi
926 5675 1118 5726 autem
1157 5686 1260 5726 nos
1295 5669 1570 5742 ejusmodi
1599 5669 1759 5743 operi
1797 5670 1908 5726 im-

302 5768 448 5821 pares
465 5775 581 5818 esse
601 5780 718 5820 non
739 5763 1070 5836 ignoramus
1091 5763 1321 5837 (quippe
1341 5763 1546 5838 quibus
1565 5767 1650 5821 est
1668 5763 1908 5836 ingenii:

2667 5281 2986 5333 constructa.

2079 5389 2112 5441 2
2128 5428 2141 5441 .
2170 5388 2363 5457 Itaque
2389 5385 2746 5442 beatissimus
2773 5389 3078 5448 Domnolus
3103 5435 3118 5464 ,
3152 5393 3278 5450 urbi
3307 5395 3644 5452 Cenomani-

2013 5496 2091 5535 caa
2119 5478 2427 5534 destinatus
2451 5477 2745 5554 episCOpus
2762 5523 2776 5550 ,
2817 5483 3092 5542 virtutum
3120 5489 3379 5543 omnium
3409 5489 3644 5542 ﬂoribus

2012 5571 2330 5642 redimitus,
2371 5571 2433 5627 in
2473 5572 2584 5629 alia
2609 5575 2845 5648 regione
2875 5595 2944 5634 ex
2980 5581 3265 5652 generosis
3289 5580 3643 5652 parentibus,

2011 5665 2161 5739 quod
2187 5665 2310 5738 ejus
2333 5667 2497 5739 probi
2539 5685 2726 5727 mores
2753 5676 2810 5727 et
2838 5674 3048 5729 nobilis
3088 5673 3432 5730 conversatio
3470 5679 3642 5732 testa-

2009 5760 2236 5830 bantur,
2281 5765 2368 5816 est
2412 5769 2757 5833 procreatus.
2804 5767 2873 5820 Ut
2913 5768 3070 5821 enim
3095 5784 3160 5822 ex
3198 5764 3386 5822 radice
3429 5767 3648 5826 fructus

305 5846 614 5925 eloquentia:
625 5863 682 5915 et
696 5857 1030 5916 eruditionis
1053 5863 1295 5934 angusta
1311 5858 1910 5934 suppellex),attamen
2010 5852 2402 5931 proﬁciscitur,
2453 5855 2534 5914 ita
2576 5873 2646 5914 ex
2695 5858 2912 5912 fructus
2959 5875 3160 5932 sapore
3196 5857 3400 5919 radicis
3443 5866 3648 5924 natura
