4058 6190
343 249 446 306 639

1278 246 1510 306 SANCTI
1548 247 1869 317 DOMNOLI,
1909 249 2416 307 CENOMANENSIS
2453 251 2772 319 EPISCOPI,

3598 254 3708 313 640

340 355 678 432 intelligitur
698 374 712 415 :
736 361 793 417 et
811 357 1288 434 quemadmodum
1303 357 1520 414 fructus
1530 357 1972 429 arboris,'etiam-
1989 369 2049 446 Α
2069 361 2271 417 devote
2299 361 2372 418 sit
2395 367 2711 420 exsecutus.
2737 364 2910 420 Porro
2934 365 3128 420 autem
3165 361 3314 419 socia
3339 361 3612 421 charitate
3637 378 3712 420 ac

341 451 388 508 si
424 453 621 524 procul
657 457 993 526 asportetur,
1029 470 1146 510 non
1180 457 1372 509 tamen
1397 453 1604 509 amittit
1637 453 1968 510 suavitatem

341 563 512 618 quam
544 563 612 604 ex
654 548 839 604 radice
869 547 1114 624 accepit;
1145 547 1223 602 sic
1250 547 1420 604 etiam
1445 547 1539 604 hic
1561 547 1968 604 sacratissimus

341 639 446 712 vir,
477 641 870 713 undecumque
907 641 1020 697 sive
1040 641 1490 715 quibuscumque
1520 658 1591 698 ex
1618 643 1871 714 partibus
1896 643 1970 698 ad

345 751 446 792 nos
467 734 773 802 advenerit,
791 738 995 790 sanctae
1016 735 1324 792 nobilitatis
1349 753 1465 792 suae
1483 737 1846 792 dulcedinem
1865 753 1968 792 nos

341 828 518 883 celare
546 843 659 882 non
701 827 906 900 potuit.
947 829 1059 884 Etsi
1085 845 1220 884 vero
1245 830 1398 901 apud
1423 847 1525 884 nos
1551 830 1612 885 in
1643 829 1969 902 episcopum

341 925 692 977 consecratus
715 938 834 977 non
859 922 988 993 fuit,
1016 923 1088 978 ad
1115 939 1218 978 nos
1240 928 1436 979 tamen
1454 923 1514 979 in
1543 925 1854 980 multorum
1879 940 1964 980 sa-

336 1015 513 1073 lutem
535 1015 802 1072 divinitus
825 1021 909 1072 est
934 1017 1310 1072 transmissus.
1332 1019 1475 1072 Nam
1494 1019 1565 1074 ad
1591 1017 1970 1075 imitationem

338 1108 575 1167 Abrahae
605 1111 956 1182 patriarchae,
991 1110 1083 1167 cui
1118 1128 1151 1166 a
1182 1113 1292 1168 Deo
1324 1111 1538 1168 dictum
1558 1116 1673 1168 est:
1701 1113 1968 1181 Egredere

337 1203 402 1257 de
428 1209 573 1259 terra
599 1207 714 1268 tua,
741 1209 792 1259 et
816 1205 882 1260 de
915 1207 1224 1276 cognatione
1252 1210 1368 1274 tua,
1408 1211 1458 1261 et
1498 1207 1564 1261 de
1599 1207 1754 1262 domo
1787 1208 1968 1278 patris

337 1300 436 1360 tui,
465 1303 517 1352 et
539 1300 664 1353 veni
686 1300 742 1353 in
767 1303 966 1354 terram
988 1316 1152 1370 quam
1179 1304 1542 1356 monstravere
1570 1301 1704 1368 tibi;
1724 1301 1847 1372 jam
1871 1317 1965 1355 or-

337 1390 562 1446 dinatus
585 1391 720 1446 alibi
749 1393 1062 1465 episcopus,
1092 1393 1287 1448 relicta
1315 1393 1499 1466 patria
1527 1398 1583 1450 et
1613 1393 1963 1465 parentibus,

337 1485 662 1557 cunctisque
714 1485 884 1540 rebus
945 1503 1082 1558 quas
1137 1487 1422 1559 possidere
1478 1487 1790 1557 videbatur,
1854 1489 1963 1542 Ro-

337 1595 490 1633 mam
519 1579 803 1651 profectus
833 1584 949 1650 est,
977 1580 1177 1635 limina
1211 1581 1664 1636 beatissimorum
1693 1581 1967 1653 apostolo-

335 1689 465 1727 rum
490 1673 758 1728 orationis
787 1673 969 1746 gratia
1008 1675 1349 1730 visitaturus.
1379 1675 1484 1730 Ubi
1515 1691 1645 1730 cum
1673 1675 1852 1730 animi
1876 1676 1965 1730 sui

337 1765 616 1821 devotioni
658 1767 879 1822 fecisset
921 1767 1073 1837 satis,
1119 1772 1245 1840 post
1278 1769 1448 1840 longa
1477 1767 1694 1824 itineris
1737 1746 2041 1824 emensaB

338 1860 532 1931 spatia,
561 1861 803 1916 Domino
830 1861 1204 1932 gubernante,
1233 1862 1303 1917 ad
1327 1865 1678 1918 Cenomanos
1705 1863 1961 1934 appulit:

336 1970 476 2026 quos
512 1958 743 2026 propter
780 1954 1000 2010 obitum
1037 1954 1126 2010 sui
1169 1956 1450 2027 pontificis
1476 1973 1687 2028 magno
1731 1956 1968 2012 offendit

332 2046 507 2102 animi
563 2064 803 2104 maerore
853 2047 1100 2104 affectos.
1139 2049 1262 2103 Jam
1308 2050 1532 2121 pridem
1577 2050 1730 2105 enim
1769 2051 1967 2106 beatus

333 2143 606 2196 lnnocens
639 2142 710 2213 (α)
749 2142 821 2197 ad
863 2142 1167 2198 Dominum
1206 2142 1496 2214 migrarat,
1546 2147 1602 2198 et
1645 2143 1850 2200 laboris
1879 2143 1966 2200 sui

335 2239 454 2290 erat
475 2235 713 2306 priemia
741 2239 1106 2306 consecutus;
1131 2235 1188 2290 in
1213 2237 1334 2308 ejus
1354 2253 1485 2293 vero
1509 2237 1697 2292 locum
1723 2238 1966 2293 necdum

335 2327 480 2383 alius
505 2329 846 2400 subrogatus
869 2329 998 2385 fuit.
1026 2332 1168 2386 Cum
1211 2330 1387 2402 igitur
1422 2332 1574 2387 hunc
1619 2331 1802 2386 virum
1842 2348 1966 2387 san-

333 2420 650 2476 ctissimum
675 2422 1130 2494 conspexissent,
1159 2439 1404 2496 eumque
1425 2424 1548 2496 jam
1575 2425 1963 2497 episcopatum

334 2514 657 2570 ordinatum
708 2515 1050 2585 didicissent,
1100 2522 1219 2572 tam
1274 2535 1532 2589 proceres
1574 2521 1632 2574 et
1682 2517 1966 2590 principes

335 2625 508 2680 quam
538 2609 719 2664 clerus
747 2609 1040 2666 universus
1075 2616 1132 2666 et
1155 2611 1416 2684 populus,
1449 2627 1564 2666 non
1594 2611 1776 2667 solum
1802 2612 1967 2667 urba-

333 2718 460 2770 nus,
489 2703 585 2758 sed
609 2703 782 2758 etiam
808 2704 1053 2760 ruricola
1075 2748 1092 2772 ,
1126 2705 1315 2760 divino
1345 2705 1402 2761 id
1432 2705 1703 2761 instinctu
1736 2710 1962 2778 agente,

330 2812 448 2851 uno
473 2812 587 2865 ore,
617 2798 816 2853 eadem
845 2799 1023 2854 animi
1060 2800 1337 2855 sententia
1364 2799 1568 2855 obnixe
1596 2816 1729 2855 eum
1758 2799 1961 2872 depre-

330 2889 620 2960 cabantur,
648 2891 815 2947 vellet
839 2891 992 2964 ipsos
1035 2892 1401 2965 ipsorumque
1441 2893 1724 2949 civitatem
1769 2897 1826 2948 et
1869 2909 1965 2964 pa-

331 2983 502 3037 triam
524 3000 640 3039 non
665 2985 875 3040 invitus
911 2985 1340 3056 gubernandum
1367 2985 1669 3058 suscipere.
1699 2986 1962 3052 Quamvis

331 3081 522 3130 autem
552 3092 617 3131 ea
641 3077 702 3132 in
729 3094 789 3133 re
818 3077 978 3133 valde
1007 3095 1064 3133 se
1103 3079 1390 3134 difficilem
1431 3080 1732 3151 praeberet,
1761 3080 1832 3136 ad
1860 3097 1958 3135 ex-
1981 3119 2036 3194 Ο

331 3173 575 3194 ι..,........μ.
621 3174 805 3194 ιΑ-ΑΑ-
855 3171 1002 3194 -11--J
1036 3188 1197 3194 ___-_-
1229 3189 1338 3194 ..-μ
1371 3173 1554 3194 _-1_-!L
1604 3190 1762 3194 _____-
1819 3173 1956 3194 ___-J

331 3173 581 3225 tremum
621 3174 811 3227 tamen
851 3171 1007 3227 aliud
1033 3188 1202 3244 agere
1229 3189 1345 3228 non
1371 3173 1556 3245 potuit
1597 3190 1770 3246 quam
1812 3173 1962 3246 quod

331 3263 574 3336 populus
601 3265 712 3320 Deo
735 3265 1044 3338 inspirante
1069 3267 1388 3339 postulavit.

401 3361 453 3413 3.
485 3359 738 3432 Suscepit
781 3360 850 3430 (b)
895 3359 1091 3432 igitur,
1135 3361 1234 3416 sed
1290 3376 1422 3416 sane
1459 3360 1667 3416 invitus
1709 3365 1765 3416 et
1811 3377 1962 3417 com-

329 3451 542 3523 pulsus,
571 3453 822 3526 episc0pi
847 3453 1228 3510 ministerium
1250 3471 1381 3510 cum
1399 3455 1579 3510 multa
1599 3454 1919 3511 humilitate
1942 3472 1956 3512 :

331 3546 678 3620 Dominoque
703 3552 1062 3620 cooperante,
1095 3552 1212 3604 toto
1237 3549 1367 3604 vitae
1395 3565 1510 3604 suae
1541 3553 1815 3621 tempore,
1844 3566 1962 3604 non

329 3656 534 3711 parum
563 3641 671 3695 illis
687 3641 894 3713 quibus
910 3646 1150 3714 praeerat
1168 3643 1422 3698 contulit.
1455 3642 1706 3715 Denique
1735 3643 1960 3714 qualem

329 3748 387 3787 se
415 3737 804 3806 quantumque
844 3734 957 3790 illic
992 3736 1346 3808 praestiterit,
1388 3736 1510 3807 ejus
1545 3737 1675 3792 vita:
1714 3735 1842 3792 ﬁnis
1869 3737 1960 3792 de-

329 3826 578 3894 claravit,
605 3826 666 3882 in
703 3827 964 3898 quolaus
1003 3827 1189 3883 omnis
1231 3832 1350 3886 tute
1389 3829 1630 3886 canitur.
1668 3831 1799 3886 Erat
1827 3847 1958 3886 vero

329 3917 438 3972 hoc
487 3919 611 3990 ejus
659 3916 968 3975 nobilitatis
1023 3921 1268 3994 insigne,
1311 3923 1462 3994 quod
1504 3922 1725 3978 Christo
1763 3923 1852 3980 die
1894 3941 1958 3979 ac

328 4016 489 4067 nocte
518 4012 686 4068 alacri
714 4017 770 4068 et
785 4013 1039 4084 jucundo
1063 4015 1254 4070 animo
1281 4021 1500 4087 gratam
1520 4016 1819 4072 exhibebat
1836 4033 1955 4073 ser-

326 4105 585 4178 vitutem,
612 4123 798 4180 neque
826 4113 1017 4164 tamen
1032 4109 1119 4163 vel
1145 4126 1176 4164 a
1197 4109 1421 4181 generis
1439 4109 1750 4180 nobilitate,
1772 4111 1862 4166 vel
1886 4111 1957 4166 ab

326 4217 562 4274 operum
589 4202 892 4260 sanctitate
909 4202 1158 4276 gloriolae
1179 4208 1236 4259 et
1257 4203 1438 4259 laudis
1463 4202 1649 4260 fumos
1675 4204 1955 4276 captabat;

326 4295 424 4352 sed
449 4296 718 4368 praeclara
743 4297 812 4353 de
841 4313 899 4353 se
927 4297 1190 4370 praabens
1208 4297 1485 4354 virtutum
1505 4298 1783 4370 exempla,
1806 4297 1959 4354 intra

326 4405 384 4446 se
404 4407 534 4446 suos
550 4391 842 4448 thesauros
860 4391 1138 4464 deposuit,
1155 4396 1211 4448 et
1225 4392 1535 4448 Dominum
1554 4392 1770 4448 mundo
1790 4393 1958 4450 corde

2070 458 2269 510 mutua
2314 455 2710 512 benevolentia
2745 457 3080 529 conjunctae
3124 457 3234 513 fuit
3291 457 3572 513 Germano
3637 457 3709 529 (e)

2067 549 2416 606 sanctissimo
2434 550 2779 606 Parisiorum
2795 551 3034 608 antistiti
3058 567 3072 606 :
3095 567 3268 624 quem
3286 554 3344 608 et
3360 550 3711 607 creberrime

2067 643 2308 700 invisere
2338 645 2652 716 consuevit,
2681 649 2738 701 et
2765 645 2835 701 ab
2859 645 2959 701 illo
2979 645 3174 702 itidem
3213 661 3328 700 non
3353 661 3484 700 raro
3508 644 3710 700 visita-

2068 742 2160 794 tus
2173 741 2278 794 est.
2307 740 2561 812 Cumque
2577 750 2635 795 se
2654 738 2897 795 invicem
2925 739 3128 794 divinis
3147 739 3578 794 inﬂammarent
3601 738 3708 794 ad-

2067 829 2502 903 hortationibus,
2523 832 2788 905 subjectis
2816 832 3036 906 populis
3055 835 3172 889 tam
3191 832 3376 889 verbis
3395 849 3574 906 quam
3600 848 3707 888 ex-

2067 925 2270 998 emplis
2307 925 2459 982 haud
2495 925 2806 1000 vulgariter
2840 926 3124 999 profuere.
3152 927 3273 982 Non
3311 926 3468 983 enim
3494 925 3708 984 imme-

2068 1033 2252 1075 mores
2277 1022 2442 1076 erant
2466 1019 2619 1076 illius
2646 1020 2945 1076 dominicae
2973 1020 3288 1090 sententiae,
3315 1020 3473 1093 quod
3502 1023 3554 1076 si
3597 1021 3708 1076 duo

2067 1130 2134 1170 ea:
2154 1115 2301 1169 vobis
2327 1117 2688 1170 consenserint
2716 1130 2879 1186 super
2903 1119 3104 1170 terram
3127 1115 3194 1170 de
3221 1117 3368 1170 omni
3393 1129 3471 1178 re,
3506 1131 3706 1184 quam-

2067 1223 2273 1280 cunque
2317 1209 2574 1280 petien'nt
2592 1249 2610 1272 ,
2661 1210 2753 1277 ﬁet
2793 1209 2909 1264 illis
2966 1225 3002 1264 a
3051 1210 3214 1264 Patre
3255 1223 3401 1276 meo;
3450 1207 3708 1280 itemque

2067 1302 2239 1371 illius,
2287 1302 2388 1358 Ubi
2427 1306 2554 1358 sunt
2597 1301 2704 1357 duo
2754 1303 2840 1357 vel
2878 1306 2984 1359 tres
3027 1304 3340 1373 congregati
3376 1303 3435 1358 in
3488 1304 3704 1358 nomine

2065 1411 2198 1460 meo,
2226 1397 2306 1450 ibi
2331 1411 2448 1451 sum
2475 1397 2533 1450 in
2559 1395 2732 1452 medio
2757 1378 2958 1452 eorum.

2137 1490 2188 1545 4.
2229 1488 2491 1545 Extruxit
2519 1491 2712 1544 autem
2737 1493 2946 1545 sanctas
2992 1487 3238 1544 ecclesia:
3263 1492 3486 1544 amator
3527 1490 3703 1545 devo-

2065 1582 2316 1640 tissimus
2340 1583 2750 1639 monasterium
2775 1583 3064 1656 quoddam
3082 1581 3143 1638 in
3165 1581 3434 1638 suburbio
3459 1582 3706 1638 civitatis

2067 1694 2204 1746 suae,
2231 1681 2356 1732 tum
2383 1682 2449 1732 ut
2477 1677 2598 1749 ejus
2641 1677 2802 1732 urbis
2836 1681 2982 1733 esset
3007 1677 3455 1746 munimentum,
3485 1681 3612 1732 tum
3637 1681 3708 1733 ut

2063 1775 2252 1844 posset
2270 1770 2510 1826 Domino
2530 1771 2749 1826 animas
2763 1770 3092 1826 lucrifacere
3114 1787 3128 1826 :
3147 1770 3316 1842 idque
3334 1770 3396 1825 in
3420 1769 3708 1827 honorem

2065 1868 2391 1920 sanctorum
2450 1867 2770 1936 martyrum
2831 1864 3110 1920 Vincentii
3155 1867 3213 1920 et
3271 1862 3562 1920 Laurentii
3625 1864 3706 1935 (ἆ)

2063 1958 2427 2028 consecravit,
2458 1957 2568 2030 ipsi
2592 1961 2786 2014 autem
2834 1957 3249 2013 consecrationi
3281 1957 3475 2013 adesse
3522 1957 3708 2014 voluit

2065 2057 2444 2108 memoratum
2467 2051 2816 2108 Germanum
2842 2051 3193 2124 episcopum,
3211 2053 3279 2107 ut
3292 2051 3594 2106 amborum
3615 2067 3704 2106 so-

2062 2146 2239 2202 lemni
2282 2145 2633 2203 dedicatione
2666 2147 2739 2202 ad
2765 2146 3040 2218 majorem
3065 2145 3310 2218 papulas
3338 2144 3708 2200 devotionem

2065 2240 2414 2296 incitaretur.
2446 2242 2508 2295 In
2535 2241 2656 2311 ejus
2695 2256 2832 2296 vero
2867 2239 3286 2295 consecratione
3313 2238 3381 2294 de
3406 2238 3572 2294 rebus
3603 2255 3704 2294 ec-

2063 2334 2244 2390 clesias
2267 2350 2384 2389 suae
2408 2334 2586 2388 multa
2613 2336 2954 2390 testamento
2981 2332 3033 2388 ei
3059 2332 3268 2404 legavit
3291 2335 3463 2404 atque
3489 2330 3700 2386 conﬁr-

2063 2423 2256 2494 mavit,
2282 2423 2651 2496 permittente
2677 2427 2733 2478 et
2755 2423 2982 2478 favente
3017 2421 3328 2494 Chilperico
3355 2422 3708 2477 Francorum

2063 2533 2198 2589 rege
2214 2517 2261 2588 ej
2270 2533 2448 2588 usque
2459 2516 2832 2589 principibus,
2850 2516 3044 2572 multis
3058 2515 3229 2572 etiam
3247 2514 3306 2570 id
3324 2513 3375 2570 ei
3391 2531 3708 2587 suggeren-

2062 2611 2213 2667 tibus
2255 2610 2550 2682 episcopis,
2596 2609 2879 2682 imprimis
2921 2614 3114 2665 autem
3158 2612 3352 2664 sancto
3393 2608 3700 2678 Germano,

2063 2705 2212 2761 clero
2256 2721 2482 2776 quoque
2523 2703 2845 2776 populoque
2891 2708 2954 2760 ut
2998 2703 3056 2759 id
3090 2703 3300 2759 faceret
3337 2702 3700 2772 adhortante,

2061 2798 2547 2872 quemadmodum
2587 2798 2646 2853 in
2681 2798 2802 2869 ejus
2843 2798 2983 2853 actis
3023 2797 3358 2852 adnotatum
3383 2799 3466 2850 est
3505 2813 3518 2850 :
3553 2795 3698 2850 sub-

2063 2892 2282 2964 scripsit
2320 2894 2510 2947 autem
2545 2908 2646 2947 sua
2689 2907 2867 2948 manu
2907 2894 2966 2947 et
3013 2889 3344 2963 approbavit
3387 2889 3450 2960 (e)
3499 2889 3704 2945 beatus

2061 2987 2390 3054 Germanus,
2419 2985 2724 3058 pluresque
2767 2985 2861 3041 alii
2898 2984 3165 3058 episcOpi.
3209 2986 3380 3040 Porro
3405 2982 3466 3038 in
3493 2983 3702 3038 eadem

2062 3079 2293 3136 ecclesia
2335 3083 2503 3151 caput
2536 3079 2688 3134 beati
2715 3077 2992 3134 Vincentii
3029 3077 3296 3150 martyris
3331 3082 3387 3132 et
3423 3093 3703 3150 magnam

2061 3173 2342 3229 craticulze
2366 3177 2590 3245 partem
2620 3172 2680 3227 in
2711 3189 2824 3245 qua
2859 3176 3084 3228 sanctus
3113 3170 3449 3226 Laurentius
3481 3175 3702 3226 assatus

2060 3273 2163 3337 est,
2194 3267 2503 3323 honoriﬁce
2523 3266 2807 3338 reposuit;
2841 3266 3147 3322 monachos
3167 3265 3340 3321 etiam
3359 3265 3464 3320 sub
3485 3281 3622 3319 cura
3641 3269 3701 3320 et

2059 3361 2443 3417 moderatione
2491 3359 2656 3416 Leusi
2701 3359 2939 3428 abbatis,
2978 3377 3150 3432 quem
3178 3359 3298 3432 ipse
3322 3357 3596 3430 praefecit,
3624 3358 3700 3413 ad

2059 3455 2274 3528 regulae
2302 3454 2694 3526 praescriptum
2725 3453 2843 3509 illic
2873 3454 3079 3525 degere
3106 3452 3458 3524 Dominoque
3483 3451 3698 3507 servire

2058 3549 2253 3606 voluit.
2275 3550 2450 3604 Tanto
2468 3550 2661 3603 autem
2695 3564 2889 3604 amore
2921 3547 3314 3603 beatissimum
3341 3546 3698 3601 Germanum

2059 3643 2386 3715 episcopum
2413 3642 2913 3714 complectebatur,
2939 3646 3006 3696 ut
3029 3641 3088 3696 in
3119 3656 3186 3696 ea
3211 3641 3337 3712 ipsa
3361 3643 3698 3694 sanctorum

2057 3735 2336 3792 Vincentii
2361 3739 2418 3792 et
2442 3735 2729 3792 Laurentii
2758 3739 3077 3808 martyrum
3107 3733 3356 3804 ecclesia,
3384 3732 3697 3806 sepulturae

2057 3830 2244 3886 locum
2279 3829 2330 3885 ei
2387 3829 2752 3902 praepararit;
2805 3829 2906 3885 ubi
2940 3833 3136 3885 tamen
3179 3831 3376 3900 postea
3416 3827 3488 3882 ob
3513 3831 3698 3882 certas

2057 3924 2326 3997 quasdam
2351 3941 2566 3995 causas,
2596 3941 2711 3980 non
2737 3927 2964 3980 sanctus
2989 3921 3438 3992 Germanus,sed
3453 3921 3699 3994 ipsemet

2057 4019 2231 4090 digne
2256 4019 2525 4074 humatus
2549 4022 2650 4074 est.

2127 4117 2180 4169 5.
2205 4113 2466 4184 Cumque
2492 4110 2782 4184 religionis
2806 4110 3132 4167 monasticae
3150 4107 3504 4183 propositum
3526 4107 3696 4164 miri-

2057 4207 2160 4264 fice
2183 4205 2673 4278 complecteretur,
2694 4205 2756 4261 in
2777 4221 2842 4262 ea
2857 4205 3060 4262 cellula
3078 4203 3136 4259 in
3151 4220 3263 4277 qua
3283 4207 3509 4259 sanctus
3527 4201 3700 4258 Julia-

2059 4317 2184 4371 nus,
2226 4300 2449 4373 primus
2480 4299 2936 4356 Cenomanorum
2975 4298 3293 4372 episcopus,
3330 4312 3570 4370 corpore
3593 4311 3692 4352 re-

2055 4391 2290 4466 quiescit
2302 4393 2392 4466 (f),
2401 4393 2565 4465 juxta
2579 4393 2988 4450 monasterium
3000 4391 3228 4448 Victorii
3246 4391 3340 4462 (g),
3353 4389 3505 4463 quod
3515 4389 3696 4444 situm

324 4485 725 4556 complectens,
744 4503 1018 4558 pompam
1033 4502 1265 4542 omnem
1281 4487 1485 4543 mundi
1501 4487 1671 4560 hujus
1682 4491 1800 4543 toto
1819 4503 1952 4560 pec-
1973 4496 2032 4569 D
2055 4491 2138 4544 est
2166 4488 2238 4543 ad
2257 4487 2472 4543 ﬂumen
2511 4487 2756 4556 Sartam,
2783 4485 3159 4542 monasticum
3187 4484 3513 4541 institutum
3538 4482 3698 4555 quod

323 4581 445 4633 tore
493 4579 853 4651 contempsit.
908 4582 968 4635 In
1014 4581 1444 4638 conversatione
1481 4586 1605 4638 erat
1638 4581 1956 4638 humilitate
2047 4581 2393 4654 jampridem
2417 4581 2533 4637 illic
2555 4581 2756 4637 ﬂorere
2783 4584 3052 4652 coeperat,
3085 4578 3325 4634 mirifice
3349 4579 3696 4650 augmenta-

323 4671 676 4743 conspicuus,
723 4673 1012 4730 charitatis
1057 4675 1355 4731 dulcedine
1397 4675 1642 4744 fervens,
1688 4675 1957 4731 castitatis

325 4765 622 4837 splendore
661 4767 920 4835 illustris,
954 4766 1306 4839 jejuniorum
1347 4769 1683 4842 pinguedini
1712 4769 1953 4834 deditus,

326 4859 634 4933 disciplima
656 4878 790 4918 vero
815 4861 1024 4918 caelesti
1051 4863 1190 4918 adeo
1203 4879 1262 4918 se
1279 4867 1463 4918 totum
1479 4863 1712 4934 addixit,
1730 4868 1798 4920 ut
1815 4881 1957 4936 pon-

326 4953 527 5010 tificale
568 4956 954 5014 ministerium
983 4974 1088 5030 pro
1115 4956 1413 5031 dignitate,
1443 4961 1500 5015 et
1522 4958 1754 5030 quidem
1782 4958 1874 5031 pie
1900 4963 1957 5015 et

323 5157 474 5286 ,Πᾲῇ
499 5157 731 5217 Sanctus
765 5164 1039 5219 lnnoceus
1082 5163 1198 5220 sive
1242 5160 1604 5219 Innocentius
1639 5162 1844 5219 colitur
1891 5167 1954 5222 l6

397 5248 498 5285 nn.

354 5247 498 5285 unn.

398 5302 467 5374 (b)
507 5301 744 5378 Sanctus
781 5303 1086 5360 Domnolus
1121 5307 1355 5378 suscipit
1389 5305 1774 5378 episcopatum
1825 5321 1954 5361 cum

317 5373 686 5446 jampridem,
716 5379 782 5431 ut
807 5390 978 5445 supra
1003 5377 1234 5444 dictum,
1266 5373 1714 5434 sedes—vacasset.

398 5447 461 5516 (e)
737 5446 921 5528 sancti
985 5448 1248 5503 Germani
1308 5450 1650 5506 Parisiorum
1712 5448 1956 5522 episc0pi

324 5518 522 5572 damus
549 5520 618 5574 28
648 5517 790 5572 Maii.

395 5589 487 5670 (et).
509 5589 843 5670 Appellatur
862 5587 1175 5670 etiamnum
1193 5592 1952 5670 monasteri_um_sancti_Yin-

323 5661 492 5734 centii
521 5661 810 5734 martyris,
840 5661 1001 5732 cujus
1044 5665 1179 5734 Acta
1203 5662 1464 5734 dedimus
1485 5666 1554 5718 22
1595 5664 1874 5734 Januarii,
1900 5670 1957 5721 et

325 5730 413 5802 §2
454 5731 523 5785 de
565 5730 819 5812 reliquiis
857 5730 1038 5791 sancti
1083 5733 1361 5790 Vincentii
1405 5734 1557 5790 varia
1599 5730 1956 5793 controversa

326 5817 742 5872 proposuimus.

2055 4675 2156 4748 vit,
2173 4675 2312 4731 adeo
2338 4679 2403 4731 ut
2419 4673 2837 4748 quinquaginta
2859 4673 2977 4730 fere
2998 4672 3304 4728 monachos
3331 4671 3443 4727 illic
3468 4673 3700 4746 regula-

2055 4768 2194 4825 riter
2217 4769 2422 4842 degere
2447 4769 2706 4840 voluerit,
2725 4783 2902 4841 eaque
2915 4783 3044 4840 qua:
3065 4767 3137 4823 ad
3146 4766 3357 4823 victum
3378 4767 3696 4842 pertinent,

2053 4867 2170 4920 tam
2180 4863 2410 4920 illorum
2423 4879 2595 4936 quam
2608 4862 3044 4935 peregrinorum
3057 4866 3114 4918 et
3131 4861 3560 4918 adventantium
3576 4880 3698 4920 ma-

2055 4957 2263 5030 gniﬁce
2287 4955 2680 5031 suppeditarit.
2701 4955 2872 5012 Aliud
2891 4972 3119 5030 quoque
3136 4955 3608 5014 monasteriolum
3636 4963 3698 5016 et

2129 5162 2192 5235 (e)
2231 5163 2382 5220 Infra
2408 5162 2468 5235 in
2503 5164 2838 5235 testanmnto
2863 5163 3214 5235 memoratur
3236 5160 3552 5235 A_udoveus,
3569 5161 3697 5219 aliis

2055 5231 2224 5290 etiam
2251 5234 2542 5290 Audoinus
2560 5233 2867 5306 episcOpus
2891 5231 3339 5306 Andegave‘nsis.

2126 5307 2192 5375 (f)
2230 5305 2466 5361 Sanctus
2489 5303 2745 5360 Julianus
2763 5303 2918 5358 anno
2951 5303 3083 5359 12οἱ
3112 5303 3244 5358 inde
3265 5303 3572 5375 translatus
3610 5307 3699 5360 est

2053 5377 2124 5432 ad
2145 5374 2437 5432 ecclesiam
2458 5377 2872 5448 cathedralem;
2893 5380 2950 5431 et
2975 5391 3104 5448 quae
3125 5379 3277 5448 ante,
3295 5380 3361 5448 ut
3378 5374 3529 5431 infra
3546 5375 3694 5448 dicis

2055 5452 2168 5518 tur,
2198 5454 2318 5504 erat
2346 5448 2528 5502 dicata
2552 5447 2655 5502 sub
2695 5447 2927 5502 nomine
2961 5446 3168 5502 sanctae
3201 5446 3388 5502 Maria
3421 5463 3486 5518 ac
3511 5447 3696 5503 sancti

2055 5517 2302 5575 Gervasii
2346 5525 2401 5574 et
2441 5518 2695 5587 Protasii,
2745 5518 2816 5590 ab
2863 5535 2939 5590 eo,
2969 5523 3224 5590 tempore
3254 5517 3465 5590 mansit
3493 5524 3693 5575 sancto

2053 5591 2274 5674 Iuliano
2295 5606 2466 5645 sacra.
2497 5590 2676 5662 Hujus
2703 5589 2886 5646 Vitam
2913 5587 3177 5646 dedimus
3205 5587 3276 5645 ad
3303 5588 3455 5645 diem
3493 5593 3564 5646 27
3593 5591 3692 5646 Ja-

2055 5679 2240 5718 nuaru
2247 5703 2261 5717 .

2126 5734 2197 5804 (g)
2235 5733 2471 5804 Sanctus
2521 5732 2798 5789 Victorius
2845 5738 2945 5788 aut
3005 5732 3288 5790 Victurius
3352 5737 3438 5788 est
3496 5737 3692 5804 sextus

2053 5801 2492 5864 Cenemanensis
2545 5805 2864 5880 episcopus,
2917 5808 2974 5864 et
3009 5803 3212 5864 colitur
3251 5809 3274 5863 1
3319 5801 3688 5882 Septembris.
