4058 6190
296 307 402 363 641

1877 291 2050 365 vim.

3553 312 3654 375 642

291 411 721 470 xenodochium
741 413 893 471 ultra
914 413 1141 472 Sartam
1156 414 1396 486 flumen,
1415 413 1476 471 in
1495 416 1781 472 honorem
1797 416 1931 472 bea-
1951 427 2011 500 Α
2030 417 2324 490 latamque
2346 433 2558 490 aquam
2575 417 2914 474 ministerin
2932 419 3054 491 ejus
3069 435 3276 476 manus
3296 417 3649 492 infunderet,

291 507 533 564 tissimee
557 507 760 563 matris
785 509 885 564 Dei
908 513 966 564 et
993 508 1244 581 Virginis
1269 509 1458 566 Mariae
1483 511 1776 583 sapienter
1799 511 1934 564 aedi-

288 601 488 657 ﬁcavit
521 605 694 674 atque
737 587 854 658 suae
883 595 1137 658 ecclesiae
1175 603 1344 659 rebus
1390 604 1628 673 dotavit,
1669 608 1930 660 accurate

295 695 658 751 constituens
678 698 741 750 ut
759 696 873 750 illic
889 713 1172 770 pauperes
1191 702 1248 752 et
1266 697 1558 770 peregrini
1579 701 1930 772 egentesque

291 805 524 857 omnes,
563 789 660 861 qui
694 789 849 845 intra
875 790 1076 845 urbem
1105 795 1341 864 propter
1366 791 1489 863 ejus
1507 791 1712 864 jugem
1741 795 1926 847 custo-

289 881 456 938 diam
483 882 709 938 admitti
739 899 857 939 non
881 888 1136 956 possent,
1165 885 1578 957 reciperentur.
1605 887 1784 940 Porro
1811 901 1930 941 mo-

285 975 516 1031 nachos
554 975 760 1048 viginti
798 981 1046 1048 quatuor
1078 978 1193 1034 illic
1235 979 1308 1034 ad
1345 980 1560 1050 regula:
1595 978 1929 1034 monasticae

284 1069 696 1142 praescriptum
719 1070 909 1126 vivere
935 1072 1114 1127 voluit
1133 1071 1230 1144 qui
1258 1076 1316 1126 et
1338 1073 1623 1144 perpetim
1651 1072 1930 1127 servirent

283 1163 418 1218 Deo
445 1165 504 1218 et
527 1163 906 1219 adventantes
935 1182 1219 1237 pauperes
1245 1169 1596 1236 recrearent,
1631 1168 1802 1238 atque
1830 1166 1928 1222 h0-

285 1255 478 1327 spites
504 1257 747 1312 comiter
773 1261 834 1312 et
857 1261 1246 1330 congruenter
1269 1259 1613 1330 acciperent.
1636 1259 1708 1314 Iis
1733 1262 1926 1314 autem

283 1349 599 1405 monachis
619 1351 932 1422 quemdam
955 1368 985 1406 e
1004 1351 1118 1407 suis
1133 1352 1550 1424 probatissima?
1568 1353 1699 1408 vitta
1719 1353 1923 1422 virum,

285 1443 624 1499 Paduinum
649 1444 724 1516 (a)
750 1445 1009 1514 nomine,
1037 1445 1291 1502 ecclesia:
1315 1447 1619 1502 beatorum
1643 1445 1925 1502 Vineentii

283 1539 348 1592 et
360 1537 660 1593 Laurentii
670 1554 776 1610 per
786 1539 845 1594 id
856 1541 1082 1612 tempus
1093 1539 1487 1612 praepositum,
1502 1539 1771 1596 abbatem
1785 1557 1927 1612 prae-

283 1630 470 1686 fecit:
499 1631 806 1704 locumque
832 1631 1022 1704 ipsum
1052 1635 1110 1688 et
1146 1632 1252 1688 sibi
1283 1637 1342 1688 et
1367 1633 1786 1689 successoribus
1813 1633 1927 1688 suis

285 1723 595 1780 subditum
627 1741 750 1780 esse
786 1725 998 1780 debere
1025 1726 1297 1795 decrevit,
1329 1727 1589 1782 adhibita
1620 1727 1794 1782 etiam
1821 1727 1921 1782 ad-

2033 511 2230 566 etlotis
2241 511 2511 566 manibus
2522 512 2856 567 malluvium
2869 517 3208 586 asportaret,
3225 532 3404 572 caecus
3417 517 3654 589 quidam

2032 603 2286 676 Siagrius
2316 604 2555 661 numine
2585 606 2636 661 ei
2661 607 2819 662 venit
2839 607 3090 680 obviam,
3120 613 3178 665 et
3201 627 3414 682 aquam
3435 627 3561 683 quae
3582 611 3654 666 de

2030 697 2300 754 manibus
2320 699 2607 770 pontificis
2625 700 2940 756 deﬂuxerat
2961 703 3067 757 sibi
3085 703 3211 758 dari
3230 704 3412 776 petiit,
3435 722 3504 760 ea
3523 722 3654 760 suos

2031 793 2224 848 oculos
2240 793 2557 848 abluturus.
2581 793 2835 850 Minister
2853 795 2912 849 id
2931 797 3094 867 parvi
3113 797 3390 868 pendens,
3416 799 3576 854 dedit
3600 799 3652 854 ei

2029 902 2258 958 aquam,
2292 890 2356 942 ut
2383 887 2648 958 petierat.
2684 889 2762 943 Ea
2785 905 2966 944 caecus
2995 907 3125 946 suos
3154 891 3408 962 perfudit
3437 894 3649 961 oculos,

2029 983 2088 1034 et
2101 979 2160 1034 in
2181 979 2387 1036 Christi
2407 980 2664 1049 nomine,
2687 981 2908 1036 meritis
2927 983 3108 1038 sancti
3125 984 3398 1040 Domnoli
3414 1002 3548 1040 mox
3567 1003 3653 1040 re-

2028 1073 2224 1128 stituto
2261 1073 2404 1143 visu,
2433 1075 2596 1129 laetus
2627 1075 2916 1131 abscessit.
2947 1076 3132 1140 Quem
3163 1077 3398 1149 quidem
3435 1095 3650 1135 caecum

2028 1166 2232 1238 sapius
2261 1183 2368 1238 ego
2393 1167 2527 1235 vidi,
2557 1169 2838 1240 multique
2870 1185 2900 1224 e
2923 1169 3091 1225 sociis
3124 1171 3348 1240 nostris,
3379 1176 3549 1244 atque
3579 1173 3650 1228 ab

2027 1259 2123 1316 illo
2150 1263 2274 1314 tum
2293 1260 2445 1316 istud
2471 1264 2594 1316 tum
2619 1263 2784 1334 plura
2810 1263 2920 1318 alia
2947 1264 3127 1318 sancti
3148 1265 3252 1320 viri
3277 1265 3554 1321 miracula
3573 1267 3652 1321 di-

2028 1353 2388 1409 dici.Perlata
2401 1357 2487 1409 est
2498 1357 2692 1410 autem
2704 1356 2873 1427 hujus
2883 1357 2970 1412 rei
2981 1357 3136 1412 fama
3149 1359 3220 1412 ad
3233 1359 3544 1414 multorum
3557 1377 3652 1414 au-

2026 1463 2138 1516 res,
2153 1447 2396 1502 etinvito
2409 1449 2677 1520 pontiﬁce
2687 1451 2860 1521 longe
2872 1451 3101 1522 lateque
3115 1451 3339 1520 diffusa,
3359 1457 3485 1507 erat
3495 1453 3651 1508 enim

2027 1541 2416 1596 sanctissimus
2427 1542 2521 1597 ille
2537 1559 2709 1598 senex
2723 1543 2998 1614 singulari
3010 1545 3286 1616 praeditus
3297 1545 3474 1600 animi
3487 1563 3652 1601 mun.

2028 1633 2169 1690 ditia
2189 1637 2246 1690 et
2271 1635 2615 1692 humilitate.
2639 1637 2753 1692 Nec
2779 1636 3017 1691 dubium
3041 1637 3178 1709 quin
3209 1639 3362 1710 apud
3393 1639 3652 1711 omnipo—

2023 1727 2201 1783 tentis
2223 1728 2328 1783 Dei
2350 1728 2700 1799 singularem
2720 1729 3178 1786 miserieordiam
3199 1733 3445 1787 multum
3465 1735 3652 1789 valeat

274 1817 584 1889 juratione
625 1822 685 1874 et
727 1819 1130 1888 detestatione,
1174 1824 1236 1875 ut
1277 1820 1558 1892 hospitale
1604 1821 1726 1892 ejus
1770 1799 2001 1876 urbisB
2023 1821 2264 1877 humani
2296 1821 2482 1877 cordis
2509 1823 2728 1892 puritas
2764 1826 2822 1877 et
2854 1824 3209 1895 simplicitas,
3241 1826 3652 1882 convenienter

280 1911 590 1984 perpetuis
626 1913 984 1984 temporibus
1022 1913 1084 1967 in
1116 1912 1456 1985 pontiﬁcum
1495 1913 1712 1969 ditione
1753 1917 1920 1969 esset.

357 2007 418 2060 6.
469 2005 696 2070 Quanta
741 2009 936 2062 autem
975 2006 1130 2078 apud
1162 2023 1262 2062 vos
1306 2007 1524 2080 degens
1568 2007 1655 2062 vir
1697 2009 1926 2062 sanctus

283 2114 506 2170 corpus
535 2116 699 2154 suum
731 2099 1080 2155 abstinentia
1109 2099 1383 2168 affecerit,
1421 2117 1596 2172 quam
1631 2117 1692 2155 se
1717 2117 1920 2173 perpe-

281 2191 408 2247 tuis
430 2192 745 2248 confecerit
765 2192 992 2265 vigiliis,
1021 2209 1196 2264 quam
1216 2193 1276 2248 in
1301 2193 1644 2265 praestandis
1671 2195 1921 2249 eleemo-

283 2285 450 2358 synis
506 2285 756 2341 liberalis
808 2291 866 2342 et
909 2287 1177 2358 profusus
1223 2287 1434 2356 fuerit,
1489 2288 1641 2342 solus
1699 2287 1794 2342 ille
1851 2287 1924 2342 ad

279 2379 534 2452 plenum
575 2379 734 2435 novit
781 2380 868 2436 cui
907 2380 1139 2452 cognita
1186 2384 1319 2436 sunt
1355 2381 1592 2449 omnia;
1643 2397 1748 2436 nec
1783 2384 1923 2453 puto

283 2472 612 2544 quemdam
670 2473 1008 2528 mortalium
1063 2474 1228 2530 facile
1279 2474 1476 2530 omnia
1523 2475 1819 2546 explorare
1868 2464 1926 2529 et

282 2565 576 2637 indagare
590 2566 860 2645 potuisse,
879 2567 1348 2639 quandoquidem
1363 2567 1646 2638 ejusmodi
1663 2567 1756 2622 ille
1774 2569 1922 2623 clam

281 2659 486 2732 potius
511 2676 688 2732 quam
709 2661 902 2732 palam
921 2660 1187 2716 faciebat.
1217 2662 1304 2729 Et,
1339 2663 1402 2716 ut
1419 2660 1614 2734 paucis
1633 2663 1814 2716 multa
1836 2679 1924 2717 ex-

280 2752 620 2825 pediamus,
649 2753 833 2825 qualis
861 2756 1225 2826 quantusque
1253 2753 1447 2824 fuerit,
1478 2771 1606 2826 quas
1631 2757 1689 2810 et
1707 2759 1924 2826 quanta

280 2847 566 2918 gesserit,
590 2863 708 2903 non
729 2849 921 2919 potest
939 2848 1199 2904 mortalis
1222 2848 1421 2920 lingua
1443 2848 1746 2920 explicare,
1769 2849 1924 2920 quod

281 2957 467 3012 supra
495 2941 795 2996 hominem
821 2941 997 2998 fuerit
1025 2939 1307 3014 quidquid
1327 2941 1448 2996 fere
1474 2945 1702 3014 gestum
1727 2942 1799 2997 ab
1831 2959 1920 2998 eo.

277 3033 614 3090 lacerabat
639 3051 698 3090 se
730 3038 790 3090 et
817 3034 1026 3106 vigiliis
1053 3037 1112 3090 et
1137 3035 1412 3090 continua
1439 3035 1656 3105 inedia,
1687 3035 1833 3092 adeo
1861 3039 1926 3090 ut

281 3126 472 3182 etiam
489 3126 786 3184 fortissimi
797 3127 1040 3200 juvenes
1057 3129 1106 3200 ej
1115 3146 1180 3184 us
1193 3129 1616 3201 parcimoniam
1636 3129 1787 3184 ferre
1806 3146 1922 3184 non
1943 3170 1999 3247 Ο

281 3224 526 3247 “AnAn-1“
577 3223 654 3247 Il-
682 3237 880 3247 ,μμ-...ημ-
905 3239 1066 3247 -.-.-....
1093 3223 1393 3247 -Α,]ἒ..-ῑ.,ι.ι
1419 3221 1474 3247 1..
1507 3221 1734 3247 -..ε-ιι---
1759 3222 1898 3247 --...-2

281 3224 549 3293 possent.
577 3223 661 3276 Ita
678 3237 884 3294 corpus
903 3239 1073 3278 suum
1091 3223 1397 3294 redigebat
1419 3221 1479 3278 in
1506 3221 1737 3294 spiritus
1758 3222 1925 3278 servi-

281 3317 499 3382 tutem,
530 3313 792 3387 adeoque
829 3315 972 3371 illud
999 3316 1415 3386 mortificabat,
1459 3319 1521 3370 ut
1559 3319 1756 3388 posset
1783 3316 1924 3372 illud

282 3408 677 3481 apostolicum
705 3426 824 3465 non
851 3409 1143 3466 immerito
1181 3409 1262 3465 illi
1289 3410 1754 3466 accommodari:
1789 3412 1923 3467 Vivo

282 3506 475 3558 autem
496 3501 623 3572 jam
659 3518 769 3558 non
805 3519 917 3572 ego,
954 3505 1089 3560 vivit
1120 3520 1244 3560 vero
1277 3506 1336 3559 in
1364 3521 1446 3560 me
1485 3506 1752 3564 Christus.
1781 3505 1923 3560 Cum

285 3596 582 3668 equitaret
604 3595 663 3650 in
695 3595 920 3664 itinere,
953 3613 1183 3669 semper
1203 3593 1274 3652 de
1297 3599 1412 3653 Deo
1440 3600 1540 3652 aut
1556 3596 1921 3669 loquebatur,

286 3692 394 3744 aut
426 3689 692 3744 canebat.
727 3690 967 3745 Cursum
997 3689 1068 3762 (b)
1099 3705 1232 3746 vero
1259 3707 1426 3746 suum
1462 3689 1542 3761 (id
1571 3693 1655 3744 est
1679 3705 1922 3762 pensum

282 3798 531 3855 precum
544 3783 976 3856 canonicarum)
990 3784 1277 3856 perhoras
1288 3783 1580 3855 legitimas
1593 3785 1924 3856 persolvens

284 3876 516 3948 reliquo
547 3875 660 3930 diei
691 3880 974 3949 tempore,
1003 3876 1236 3949 quando
1273 3879 1662 3949 opportunum
1689 3875 1920 3933 videba-

288 3971 402 4037 tur,
427 3967 684 4024 studium
705 3969 988 4042 psallendi
1011 3970 1204 4026 divina
1224 3971 1472 4043 eloquia,
1490 3973 1590 4026 aut
1605 3970 1922 4040 lectitandi,

287 4062 466 4118 autin
479 4079 681 4135 preces
691 4063 1068 4120 incumbendi
1083 4081 1200 4120 non
1215 4065 1538 4120 omittebat.
1551 4063 1638 4119 Ad
1658 4079 1924 4120 mensam

285 4156 416 4228 ipso
451 4156 784 4227 accedente,
825 4174 964 4214 mox
1001 4157 1204 4214 aderat
1241 4159 1422 4214 lector
1454 4158 1702 4214 recitans
1733 4157 1926 4215 divina

289 4250 554 4322 eloquia:
578 4253 641 4306 ut
658 4251 812 4308 inter
827 4252 1026 4324 epulas
1047 4251 1252 4324 quibus
1273 4267 1406 4308 caro
1426 4253 1746 4322 fovebatur,
1765 4251 1926 4325 spiri-

289 4344 544 4400 tualibus
571 4344 861 4400 alimoniis
885 4345 1075 4417 potius
1103 4345 1354 4401 convivae
1381 4347 1764 4417 explerentur.
1797 4345 1926 4402 Nul-

288 4437 413 4493 lum
430 4437 670 4494 omnino
687 4439 794 4494 sibi
815 4441 1046 4511 tempus
1061 4439 1391 4512 praeterlabi
1407 4439 1652 4508 sinebat,
1673 4456 1787 4511 quo
1806 4456 1924 4496 non

2025 1915 2106 1970 illi
2144 1915 2442 1970 sententiae
2477 1915 2819 1972 Salvatoris:
2856 1919 3012 1974 Beati
3049 1919 3250 1974 mundo
3293 1921 3471 1985 corde,
3515 1937 3646 1992 quo-

2022 2011 2174 2065 niam
2197 2011 2309 2080 ipsi
2336 2012 2505 2065 Deum
2529 2010 2809 2064 videbunt.

2095 2105 2148 2159 8.
2170 2103 2268 2158 Vir
2293 2103 2528 2175 quidam
2551 2102 2778 2170 nobilis,
2809 2119 3020 2174 genere
3053 2105 3112 2158 et
3139 2104 3342 2176 opibus
3371 2103 3650 2177 praedives

2024 2194 2330 2268 regiusque
2375 2195 2752 2265 consiliarius,
2795 2195 2854 2250 in
2897 2196 3092 2251 villam
3139 2198 3404 2254 Ecclesiae
3437 2199 3526 2254 cui
3563 2201 3650 2256 vir

2023 2289 2121 2346 Dei
2151 2293 2418 2362 praeerat,
2451 2289 2782 2345 Tridentem
2806 2290 3104 2358 vocabulo,
3134 2289 3304 2346 sitam
3333 2292 3392 2346 in
3419 2293 3650 2350 condita

2023 2383 2376 2440 Diablentica
2420 2383 2484 2455 (ρ)
2531 2383 2818 2438 obstinato
2867 2383 3061 2438 animo
3102 2383 3328 2453 invasit,
3375 2401 3504 2440 eam
3545 2385 3651 2443 sibi

2022 2476 2338 2532 vindicans.
2361 2477 2571 2532 Crebro
2593 2479 2788 2531 autem
2809 2476 2973 2532 illum
2993 2477 3302 2534 admonuit
3314 2479 3400 2534 vir
3423 2483 3652 2536 sanctus

2025 2573 2088 2626 ut
2117 2588 2152 2626 a
2177 2569 2290 2626 suis
2316 2570 2612 2626 maleﬁciis
2631 2570 3010 2643 resipisceret,
3035 2575 3094 2626 et
3113 2572 3188 2627 ad
3209 2573 3514 2629 meliorem
3539 2575 3652 2630 fru-

2024 2680 2158 2735 gem
2177 2679 2236 2718 se
2259 2663 2560 2736 reciperet.
2582 2663 2794 2718 Videns
2815 2667 3011 2718 autem
3033 2681 3094 2719 se
3116 2665 3258 2719 nihil
3278 2665 3502 2722 ratione
3523 2684 3652 2740 pro-

2022 2759 2214 2826 ﬁcere,
2245 2757 2320 2812 ad
2349 2756 2707 2828 precandum
2744 2757 3056 2813 Dominum
3093 2773 3152 2813 se
3179 2759 3439 2829 contulit,
3467 2765 3531 2815 ut
3558 2777 3650 2818 res

2023 2866 2128 2923 pro
2155 2849 2454 2922 expiandis
2478 2849 2727 2922 peccatis
2756 2849 2895 2906 olim
2927 2867 2961 2904 a
2989 2849 3253 2905 ﬁdelibus
3273 2853 3527 2910 ecclesia;
3553 2855 3650 2910 do-

2024 2947 2189 3000 natas
2214 2943 2324 3015 ipsi
2347 2943 2690 2998 restitueret.
2721 2943 2958 2998 Interim
2981 2944 3292 3017 sacrilegus
3315 2961 3512 3002 rerum
3533 2949 3648 3004 Deo

2025 3037 2344 3094 dicatarum
2364 3040 2691 3108 occupator,
2712 3036 2904 3092 divina
2925 3037 3141 3094 ultione
3162 3036 3222 3093 in
3241 3055 3373 3094 eum
3391 3041 3652 3096 animada

2023 3135 2281 3188 vertente
2311 3131 2471 3187 febre
2499 3130 2818 3203 corripitur,
2843 3131 3166 3204 eademque
3191 3133 3556 3190 continenter
3575 3136 3654 3191 la-

2022 3226 2208 3282 borat.
2233 3224 2346 3282 Sed
2370 3241 2560 3297 neque
2585 3224 2664 3280 sic
2684 3227 2885 3280 tamen
2905 3242 2998 3281 res
3018 3228 3169 3284 male
3202 3231 3504 3300 usurpatas
3523 3229 3650 3284 red-

2025 3320 2160 3376 dere
2180 3319 2377 3387 voluit,
2397 3321 2462 3374 ut
2480 3319 2601 3390 ejus
2623 3335 2792 3390 poena
2812 3319 2977 3375 fieret
2996 3320 3357 3376 cumulatior.
3379 3323 3520 3377 Cum
3546 3339 3645 3377 au-

2023 3416 2144 3468 tem
2171 3429 2239 3468 ea
2256 3413 2418 3468 febre
2440 3412 2561 3468 dire
2584 3411 2978 3481 afﬁictaretur,
3001 3415 3151 3469 lecto
3177 3413 3551 3484 decumbens,
3572 3415 3652 3470 via

2025 3522 2118 3562 sus
2141 3509 2227 3562 est
2241 3503 2345 3562 sibi
2363 3505 2612 3578 quadam
2631 3511 2800 3562 nocte
2819 3506 3014 3562 videre
3031 3507 3268 3562 Matrem
3287 3508 3518 3564 Domini
3538 3505 3649 3582 (cui

2023 3617 2116 3656 res
2134 3600 2205 3654 ab
2226 3599 2348 3672 ipso
2367 3602 2674 3671 usurpatae,
2698 3615 2928 3670 unaque
2949 3600 3133 3655 beatis
3152 3601 3499 3673 martyribus
3519 3602 3650 3658 Ger-

2024 3694 2178 3750 vasio
2207 3695 2266 3748 et
2283 3693 2538 3750 Protasio
2567 3693 2771 3749 dicatis
2797 3693 2982 3772 erant)
3009 3693 3197 3750 ferreo
3223 3696 3432 3750 malleo
3462 3696 3651 3768 ipsum

2022 3787 2082 3842 in
2117 3787 2307 3842 fronte
2343 3787 2784 3859 percutientem.
2824 3787 2948 3842 Mox
2985 3787 3164 3858 igitur
3205 3789 3386 3845 multo
3430 3793 3650 3846 terrore

2023 3884 2338 3952 correptus,
2357 3881 2432 3936 ad
2453 3885 2715 3936 sanctum
2741 3881 3090 3936 Domnolum
3110 3882 3267 3937 misit
3285 3883 3382 3955 qui
3403 3897 3538 3940 eum
3555 3898 3647 3940 roa

2025 3977 2232 4048 garent
2254 3977 2319 4029 ut
2341 3991 2433 4030 res
2462 3973 2570 4046 ipsi
2593 3974 2812 4030 ablatas
2839 3990 2971 4030 cum
2993 3975 3194 4032 fenore
3213 3977 3513 4049 reciperet.
3537 3974 3652 4035 Nec

2022 4071 2220 4124 tamen
2236 4066 2426 4140 potuit
2440 4068 2670 4124 sanitati
2685 4068 2909 4124 restitui
2951 4069 3136 4126 donec
3155 4075 3384 4126 sanctus
3401 4073 3654 4128 Domno‘

2021 4163 2109 4218 lus
2136 4161 2210 4218 ad
2237 4178 2372 4218 eum
2396 4162 2638 4218 veniret.
2670 4163 2779 4218 Ubi
2817 4166 3014 4218 autem
3041 4162 3137 4219 ille
3173 4163 3422 4232 advenit,
3454 4165 3652 4222 omnia

2021 4255 2081 4311 in
2113 4255 2352 4328 duplum
2384 4256 2634 4311 restituit
2662 4256 2914 4312 ecclesias
2944 4256 3241 4324 ministris,
3278 4257 3336 4310 et
3365 4261 3496 4328 post
3527 4257 3650 4312 dies

2021 4366 2235 4422 paucos
2253 4349 2519 4421 precibus
2539 4353 2597 4403 et
2616 4349 2840 4404 meritis
2858 4349 3012 4403 beati
3033 4349 3138 4403 viri
3160 4350 3310 4404 salus
3337 4350 3392 4403 ei
3421 4350 3650 4407 reddita

2025 4445 2144 4510 est;
2167 4440 2269 4497 sed
2289 4442 2538 4498 vulneris
2560 4442 2684 4512 ejus
2713 4439 2886 4496 fronti
2909 4443 3121 4496 malleo
3149 4441 3432 4514 impressi,
3458 4440 3649 4515 quoad

296 4532 398 4587 aut
419 4531 722 4603 prodesset
740 4533 886 4601 aliis,
909 4535 1010 4589 aut
1029 4533 1102 4588 ad
1123 4549 1254 4590 suos
1267 4533 1558 4604 profectus
1584 4531 1802 4604 aliquid
1823 4533 1922 4588 ad-
1943 4545 2004 4618 D
2024 4536 2180 4604 vixit,
2203 4535 2443 4607 vestigia
2464 4551 2856 4606 permansere.
2887 4533 3052 4600 Quod
3074 4535 3285 4592 idcirco
3306 4537 3522 4592 factum
3544 4538 3648 4609 est,

289 4624 520 4696 jiceret,
549 4625 704 4697 quod
732 4626 778 4681 si
805 4625 932 4698 quis
961 4626 1084 4698 ejus
1117 4626 1271 4682 facta
1299 4624 1576 4682 curiosius
1599 4626 1926 4698 inquisierit

295 4717 608 4774 innumera
633 4735 984 4792 magnarum
1002 4720 1277 4776 virtutum
1297 4720 1577 4776 miracula
1596 4719 1870 4788 inveniet,
1895 4737 1926 4776 e

297 4812 506 4883 quibus
533 4829 641 4869 nos
665 4814 753 4868 vel
781 4830 966 4886 pauca
989 4830 1342 4886 promemus.

946 4964 1168 5021 CAPUT
1205 4966 1270 5021 II.

643 5078 813 5134 Varia
837 5079 1106 5134 miracula
1129 5079 1190 5133 in
1213 5079 1330 5134 vita
1347 5081 1596 5149 patrata.

370 5197 424 5248 7.
460 5192 725 5258 Quodam
747 5193 838 5249 die
866 5193 1187 5266 Dominico,
1211 5210 1342 5249 cum
1363 5197 1596 5266 peracto
1629 5191 1820 5250 officio
1841 5209 1927 5249 so-

299 5287 487 5342 lemni
516 5285 591 5343 ad
615 5303 878 5342 mensam
907 5303 1220 5360 pransurus
1241 5305 1308 5344 ex
1328 5301 1491 5344 mare
1523 5287 1844 5358 accederet,
1866 5287 1928 5342 il-

371 5431 448 5503 (a)
467 5429 584 5486 Sub
591 5428 1031 5503 pominesancti
1042 5429 1303 5498 Paduini,
1321 5431 1491 5503 vulgo
1511 5429 1694 5503 sancti
1707 5429 1924 5503 Pavini,

300 5499 390 5556 est
412 5499 689 5572 parochia
717 5500 777 5556 in
799 5500 1027 5558 diceeesi
1053 5499 1476 5558 Cenomanensi
1508 5500 1605 5556 ubi
1635 5500 1839 5556 colitur
1863 5504 1927 5556 l5

298 5572 658 5644 Novembris.
680 5573 807 5628 Vita
822 5573 1014 5644 aliqua
1035 5573 1157 5644 ejus
1175 5576 1357 5628 exstat
1375 5573 1526 5644 inter
1543 5574 1684 5627 Acta
1699 5575 1924 5628 sancto-

301 5661 431 5716 rum
459 5643 678 5700 ordinis
701 5643 1279 5716 Benedictini’sasculi
1297 5643 1488 5716 primi.

372 5715 448 5787 (b)
468 5716 697 5788 Cursus,
723 5718 786 5788 ut
805 5713 899 5788 hic
923 5709 1316 5788 explicationis
1333 5731 1504 5769 causa
1531 5709 1781 5788 additur,
1798 5726 1930 5788 pasa

306 5785 414 5859 sim
432 5785 550 5859 pro
576 5785 783 5841 divinis
811 5785 1012 5842 ofﬁciis
1042 5790 1142 5842 aut
1167 5785 1324 5841 horis
1344 5785 1636 5859 canonicis
1661 5785 1923 5841 sumitur.

306 5857 388 5914 Ita
421 5857 781 5916 memoratur
811 5861 1039 5915 sanctus
1090 5859 1412 5916 Germanus
1457 5857 1655 5914 solitus
1698 5873 1928 5914 cursum

2024 4634 2089 4685 ut
2119 4630 2213 4684 ille
2243 4645 2346 4684 suo
2383 4629 2644 4699 exemplo
2685 4645 2720 4682 a
2758 4628 2926 4684 simili
2965 4629 3220 4686 facinore
3255 4630 3398 4686 alios
3435 4632 3650 4688 absterd

2024 4726 2198 4778 reret.
2223 4721 2374 4788 Quas
2394 4724 2588 4777 autem
2606 4737 2698 4776 res
2718 4721 2812 4776 ille
2835 4721 3152 4794 duplicatas
3171 4727 3296 4779 tum
3315 4728 3511 4781 sancto
3530 4722 3651 4782 viro

2025 4815 2296 4884 restituit,
2329 4832 2430 4870 eas
2460 4814 2702 4870 ecclesia
2733 4819 2930 4872 nostra
2960 4815 3239 4872 hactenus
3265 4818 3536 4890 possidet.

2098 4913 2152 4966 9.
2171 4908 2436 4974 Quodam
2459 4907 2922 4981 quadragesimae
2937 4913 3202 4982 tempore
3221 4910 3280 4965 in
3303 4911 3508 4966 cellam
3521 4906 3654 4966 Anid

2029 5005 2163 5060 solas
2190 5001 2265 5075 (ἀ)
2292 5001 2630 5059 monasterii
2655 5001 2740 5057 vir
2770 5006 3001 5058 sanctus
3026 5019 3149 5059 sese
3178 5003 3506 5073 abdiderat,
3539 5005 3649 5062 Do-

2026 5097 2187 5152 mino
2210 5095 2269 5150 in
2291 5096 2516 5151 silentio
2540 5099 2598 5150 et
2622 5096 2931 5151 solitudine
2951 5099 3270 5152 vacaturus.
3292 5099 3434 5154 Ecce
3454 5102 3651 5154 autem

2027 5191 2276 5246 Francus
2303 5189 2538 5262 quidam
2566 5189 2775 5244 nobilis
2801 5205 3035 5260 genere,
3061 5190 3187 5262 regi
3211 5191 3377 5247 valde
3402 5192 3650 5248 familia-

2027 5283 2125 5354 ris,
2159 5284 2474 5356 quamdam
2511 5283 2634 5353 ejus
2663 5283 2927 5339 Ecclesiae
2956 5284 3172 5354 villam,
3212 5285 3511 5342 Bonallam
3547 5303 3650 5342 no-

2031 5431 2186 5488 nudo
2213 5429 2398 5502 capite
2427 5429 2636 5502 dicere,
2664 5429 2747 5502 uti
2775 5429 2834 5484 in
2863 5430 2984 5502 ejus
3013 5431 3140 5487 Vita
3165 5433 3524 5488 Fortunatus.

2103 5503 2168 5575 (ο)
2193 5499 2807 5575 ConditaDiablentica
2827 5499 3053 5575 videtur
3071 5520 3194 5559 esse
3217 5504 3356 5559 ditio
3378 5507 3651 5559 Cenoma-

2031 5571 2120 5628 nis
2131 5571 2747 5643 eontiguaPerchensis
2771 5573 3096 5642 comitatus,
3118 5591 3312 5629 versus
3324 5575 3649 5642 Nogentum

2030 5643 2298 5716 Rotrudis
2321 5659 2334 5697 :
2369 5647 2426 5716 et
2451 5660 2516 5698 ex
2541 5660 2678 5699 voce
2705 5646 2923 5716 condita
2947 5663 3073 5716 pro,
3107 5643 3653 5716 regiunculahman-

2030 5716 2165 5771 sisse
2198 5709 2426 5770 Francis
2449 5731 2664 5771 nomen
2690 5715 2886 5785 Condé,
2917 5709 3092 5772 etiam
3114 5709 3288 5770 ho'die
3313 5711 3570 5782 pluribus
3590 5714 3650 5768 in

2031 5785 2211 5844 Gallia
2233 5785 2371 5842 locis
2396 5803 2728 5843 commune.

2103 5856 2182 5932 (ἁ)
2209 5857 2462 5928 Anisola,
2496 5859 2612 5916 sive
2646 5855 2921 5914 Aninsula
2955 5855 3182 5912 celebre
3213 5855 3651 5930 monasterium,
