  <div class='ocr_page' id='page_1' title='image "/cluster/home/n/w/nwhite01/storage/ocr_20150623/72/hvd.32044054758768/327.png"; bbox 0 0 4058 6190; ppageno 0'>
   <div class='ocr_carea' id='block_1_1' title="bbox 378 275 479 330">
    <p class='ocr_par' dir='ltr' id='par_1_1' title="bbox 378 275 479 330">
     <span class='ocr_line' id='line_1_1' title="bbox 378 275 479 330; baseline 0 -1"><span class='ocrx_word' id='word_1_1' title='bbox 378 275 479 330; x_wconf 70' lang='grc'>643</span> 
     </span>
    </p>
   </div>
   <div class='ocr_carea' id='block_1_2' title="bbox 1310 255 2796 327">
    <p class='ocr_par' dir='ltr' id='par_1_2' title="bbox 1310 255 2796 327">
     <span class='ocr_line' id='line_1_2' title="bbox 1310 255 2796 327; baseline -0.006 -8"><span class='ocrx_word' id='word_1_2' title='bbox 1310 261 1543 319; x_wconf 84' lang='lat' dir='ltr'><strong>SANCTI</strong></span> <span class='ocrx_word' id='word_1_3' title='bbox 1581 260 1897 327; x_wconf 87' lang='lat' dir='ltr'>DOMNOLI,</span> <span class='ocrx_word' id='word_1_4' title='bbox 1937 255 2444 316; x_wconf 81' lang='lat' dir='ltr'>CENOMANENSIS</span> <span class='ocrx_word' id='word_1_5' title='bbox 2479 255 2796 324; x_wconf 87' lang='lat' dir='ltr'>EPISCOPI,</span> 
     </span>
    </p>
   </div>
   <div class='ocr_carea' id='block_1_3' title="bbox 3627 252 3734 305">
    <p class='ocr_par' dir='ltr' id='par_1_3' title="bbox 3627 252 3734 305">
     <span class='ocr_line' id='line_1_3' title="bbox 3627 252 3734 305; baseline 0.009 -1"><span class='ocrx_word' id='word_1_6' title='bbox 3627 252 3734 305; x_wconf 63' lang='grc'>644</span> 
     </span>
    </p>
   </div>
   <div class='ocr_carea' id='block_1_4' title="bbox 377 356 3733 451">
    <p class='ocr_par' dir='ltr' id='par_1_4' title="bbox 377 356 3733 451">
     <span class='ocr_line' id='line_1_4' title="bbox 377 356 3733 451; baseline -0.008 -14"><span class='ocrx_word' id='word_1_7' title='bbox 377 382 556 448; x_wconf 90' lang='lat' dir='ltr'>mine,</span> <span class='ocrx_word' id='word_1_8' title='bbox 578 379 638 434; x_wconf 93' lang='lat' dir='ltr'>in</span> <span class='ocrx_word' id='word_1_9' title='bbox 659 393 810 450; x_wconf 84' lang='lat' dir='ltr'>pago</span> <span class='ocrx_word' id='word_1_10' title='bbox 831 373 1094 433; x_wconf 89' lang='lat' dir='ltr'>Stadinsc</span> <span class='ocrx_word' id='word_1_11' title='bbox 1115 371 1306 439; x_wconf 83' lang='lat' dir='ltr'>sitam,</span> <span class='ocrx_word' id='word_1_12' title='bbox 1329 370 1405 425; x_wconf 91' lang='lat' dir='ltr'>ad</span> <span class='ocrx_word' id='word_1_13' title='bbox 1427 387 1486 424; x_wconf 88' lang='lat' dir='ltr'>se</span> <span class='ocrx_word' id='word_1_14' title='bbox 1507 368 1718 441; x_wconf 81' lang='lat' dir='ltr'>rapuit.</span> <span class='ocrx_word' id='word_1_15' title='bbox 1743 367 1846 423; x_wconf 91' lang='lat' dir='ltr'>Ubi</span> <span class='ocrx_word' id='word_1_16' title='bbox 1867 383 1996 439; x_wconf 91' lang='lat' dir='ltr'>pas-</span> <span class='ocrx_word' id='word_1_17' title='bbox 2021 377 2082 451; x_wconf 79' lang='grc' dir='ltr'><strong>Α</strong></span> <span class='ocrx_word' id='word_1_18' title='bbox 2102 365 2194 418; x_wconf 92' lang='lat' dir='ltr'>die</span> <span class='ocrx_word' id='word_1_19' title='bbox 2225 364 2284 418; x_wconf 89' lang='lat' dir='ltr'>in</span> <span class='ocrx_word' id='word_1_20' title='bbox 2312 364 2444 419; x_wconf 91' lang='lat' dir='ltr'>villa</span> <span class='ocrx_word' id='word_1_21' title='bbox 2479 368 2689 419; x_wconf 80' lang='lat' dir='ltr'>nostrae</span> <span class='ocrx_word' id='word_1_22' title='bbox 2725 359 2998 428; x_wconf 68' lang='lat' dir='ltr'>ecclesiae,</span> <span class='ocrx_word' id='word_1_23' title='bbox 3039 374 3216 430; x_wconf 88' lang='lat' dir='ltr'>quam</span> <span class='ocrx_word' id='word_1_24' title='bbox 3245 356 3600 414; x_wconf 88' lang='lat' dir='ltr'>Baiadonem</span> <span class='ocrx_word' id='word_1_25' title='bbox 3633 373 3733 411; x_wconf 84' lang='lat' dir='ltr'>vo-</span> 
     </span>
    </p>
   </div>
   <div class='ocr_carea' id='block_1_5' title="bbox 379 461 2005 540">
    <p class='ocr_par' dir='ltr' id='par_1_5' title="bbox 379 461 2005 540">
     <span class='ocr_line' id='line_1_5' title="bbox 379 461 2005 540; baseline -0.009 -9"><span class='ocrx_word' id='word_1_26' title='bbox 379 475 558 530; x_wconf 91' lang='lat' dir='ltr'>chalis</span> <span class='ocrx_word' id='word_1_27' title='bbox 583 471 913 528; x_wconf 90' lang='lat' dir='ltr'>solemnitas</span> <span class='ocrx_word' id='word_1_28' title='bbox 941 465 1235 540; x_wconf 66' lang='lat' dir='ltr'>prmteriit,</span> <span class='ocrx_word' id='word_1_29' title='bbox 1259 481 1390 519; x_wconf 92' lang='lat' dir='ltr'>eam</span> <span class='ocrx_word' id='word_1_30' title='bbox 1411 463 1777 534; x_wconf 89' lang='lat' dir='ltr'>iniquitatem</span> <span class='ocrx_word' id='word_1_31' title='bbox 1797 461 1882 516; x_wconf 89' lang='lat' dir='ltr'>vir</span> <span class='ocrx_word' id='word_1_32' title='bbox 1901 463 2005 516; x_wconf 90' lang='lat' dir='ltr'>Dei</span> 
     </span>
    </p>
   </div>
   <div class='ocr_carea' id='block_1_6' title="bbox 380 555 2004 631">
    <p class='ocr_par' dir='ltr' id='par_1_6' title="bbox 380 555 2004 631">
     <span class='ocr_line' id='line_1_6' title="bbox 380 555 2004 631; baseline -0.009 -7"><span class='ocrx_word' id='word_1_33' title='bbox 380 569 622 624; x_wconf 84' lang='lat' dir='ltr'>moleste</span> <span class='ocrx_word' id='word_1_34' title='bbox 642 567 852 631; x_wconf 87' lang='lat' dir='ltr'>ferens,</span> <span class='ocrx_word' id='word_1_35' title='bbox 872 563 1186 631; x_wconf 87' lang='lat' dir='ltr'>dolensque</span> <span class='ocrx_word' id='word_1_36' title='bbox 1205 575 1263 612; x_wconf 92' lang='lat' dir='ltr'>se</span> <span class='ocrx_word' id='word_1_37' title='bbox 1283 557 1507 612; x_wconf 83' lang='lat' dir='ltr'>vivente</span> <span class='ocrx_word' id='word_1_38' title='bbox 1525 574 1687 612; x_wconf 90' lang='lat' dir='ltr'>suam</span> <span class='ocrx_word' id='word_1_39' title='bbox 1708 555 2004 611; x_wconf 86' lang='lat' dir='ltr'>ecclesiam</span> 
     </span>
    </p>
   </div>
   <div class='ocr_carea' id='block_1_7' title="bbox 383 649 2003 720">
    <p class='ocr_par' dir='ltr' id='par_1_7' title="bbox 383 649 2003 720">
     <span class='ocr_line' id='line_1_7' title="bbox 383 649 2003 720; baseline -0.009 -3"><span class='ocrx_word' id='word_1_40' title='bbox 383 660 592 716; x_wconf 90' lang='lat' dir='ltr'>nudari</span> <span class='ocrx_word' id='word_1_41' title='bbox 635 656 998 714; x_wconf 78' lang='lat' dir='ltr'>facultatibus</span> <span class='ocrx_word' id='word_1_42' title='bbox 1041 653 1175 720; x_wconf 89' lang='lat' dir='ltr'>suis,</span> <span class='ocrx_word' id='word_1_43' title='bbox 1223 651 1368 707; x_wconf 91' lang='lat' dir='ltr'>duos</span> <span class='ocrx_word' id='word_1_44' title='bbox 1408 651 1680 706; x_wconf 84' lang='lat' dir='ltr'>diaconos</span> <span class='ocrx_word' id='word_1_45' title='bbox 1727 649 1885 704; x_wconf 80' lang='lat' dir='ltr'>misit</span> <span class='ocrx_word' id='word_1_46' title='bbox 1931 649 2003 704; x_wconf 90' lang='lat' dir='ltr'>ad</span> 
     </span>
    </p>
   </div>
   <div class='ocr_carea' id='block_1_8' title="bbox 381 743 2000 818">
    <p class='ocr_par' dir='ltr' id='par_1_8' title="bbox 381 743 2000 818">
     <span class='ocr_line' id='line_1_8' title="bbox 381 743 2000 818; baseline -0.008 -8"><span class='ocrx_word' id='word_1_47' title='bbox 381 756 658 810; x_wconf 89' lang='lat' dir='ltr'>Francum</span> <span class='ocrx_word' id='word_1_48' title='bbox 677 751 834 805; x_wconf 93' lang='lat' dir='ltr'>illum</span> <span class='ocrx_word' id='word_1_49' title='bbox 853 747 1219 818; x_wconf 89' lang='lat' dir='ltr'>sacrilegum,</span> <span class='ocrx_word' id='word_1_50' title='bbox 1244 749 1302 799; x_wconf 91' lang='lat' dir='ltr'>et</span> <span class='ocrx_word' id='word_1_51' title='bbox 1320 745 1468 799; x_wconf 90' lang='lat' dir='ltr'>mire</span> <span class='ocrx_word' id='word_1_52' title='bbox 1481 744 1608 814; x_wconf 89' lang='lat' dir='ltr'>jam</span> <span class='ocrx_word' id='word_1_53' title='bbox 1627 743 2000 798; x_wconf 89' lang='lat' dir='ltr'>obstinatum.</span> 
     </span>
    </p>
   </div>
   <div class='ocr_carea' id='block_1_9' title="bbox 382 838 2005 910">
    <p class='ocr_par' dir='ltr' id='par_1_9' title="bbox 382 838 2005 910">
     <span class='ocr_line' id='line_1_9' title="bbox 382 838 2005 910; baseline -0.009 -6"><span class='ocrx_word' id='word_1_54' title='bbox 382 847 496 905; x_wconf 89' lang='lat' dir='ltr'>Sed</span> <span class='ocrx_word' id='word_1_55' title='bbox 521 843 746 900; x_wconf 88' lang='lat' dir='ltr'>diaconi</span> <span class='ocrx_word' id='word_1_56' title='bbox 770 843 991 897; x_wconf 91' lang='lat' dir='ltr'>nullum</span> <span class='ocrx_word' id='word_1_57' title='bbox 1020 840 1091 894; x_wconf 90' lang='lat' dir='ltr'>ab</span> <span class='ocrx_word' id='word_1_58' title='bbox 1114 857 1182 894; x_wconf 92' lang='lat' dir='ltr'>eo</span> <span class='ocrx_word' id='word_1_59' title='bbox 1206 839 1374 910; x_wconf 93' lang='lat' dir='ltr'>quale</span> <span class='ocrx_word' id='word_1_60' title='bbox 1396 838 1608 892; x_wconf 85' lang='lat' dir='ltr'>vellent</span> <span class='ocrx_word' id='word_1_61' title='bbox 1625 838 1870 892; x_wconf 84' lang='lat' dir='ltr'>retulere</span> <span class='ocrx_word' id='word_1_62' title='bbox 1893 853 2005 890; x_wconf 89' lang='lat' dir='ltr'>res-</span> 
     </span>
    </p>
   </div>
   <div class='ocr_carea' id='block_1_10' title="bbox 378 931 2002 1014">
    <p class='ocr_par' dir='ltr' id='par_1_10' title="bbox 378 931 2002 1014">
     <span class='ocr_line' id='line_1_10' title="bbox 378 931 2002 1014; baseline -0.007 -18"><span class='ocrx_word' id='word_1_63' title='bbox 378 955 644 1014; x_wconf 90' lang='lat' dir='ltr'>ponsum.</span> <span class='ocrx_word' id='word_1_64' title='bbox 671 939 816 992; x_wconf 87' lang='lat' dir='ltr'>Tum</span> <span class='ocrx_word' id='word_1_65' title='bbox 844 952 978 990; x_wconf 92' lang='lat' dir='ltr'>vero</span> <span class='ocrx_word' id='word_1_66' title='bbox 1006 936 1237 989; x_wconf 85' lang='lat' dir='ltr'>sanctus</span> <span class='ocrx_word' id='word_1_67' title='bbox 1260 932 1374 1000; x_wconf 92' lang='lat' dir='ltr'>vir,</span> <span class='ocrx_word' id='word_1_68' title='bbox 1402 931 1574 987; x_wconf 88' lang='lat' dir='ltr'>corde</span> <span class='ocrx_word' id='word_1_69' title='bbox 1604 933 2002 1002; x_wconf 87' lang='lat' dir='ltr'>compunctus,</span> 
     </span>
    </p>
   </div>
   <div class='ocr_carea' id='block_1_11' title="bbox 378 1023 2004 1102">
    <p class='ocr_par' dir='ltr' id='par_1_11' title="bbox 378 1023 2004 1102">
     <span class='ocr_line' id='line_1_11' title="bbox 378 1023 2004 1102; baseline -0.007 -13"><span class='ocrx_word' id='word_1_70' title='bbox 378 1033 572 1090; x_wconf 91' lang='lat' dir='ltr'>animo</span> <span class='ocrx_word' id='word_1_71' title='bbox 609 1029 952 1102; x_wconf 84' lang='lat' dir='ltr'>intrepidus,</span> <span class='ocrx_word' id='word_1_72' title='bbox 987 1045 1054 1084; x_wconf 91' lang='lat' dir='ltr'>eo</span> <span class='ocrx_word' id='word_1_73' title='bbox 1097 1044 1156 1082; x_wconf 90' lang='lat' dir='ltr'>se</span> <span class='ocrx_word' id='word_1_74' title='bbox 1189 1026 1450 1094; x_wconf 87' lang='lat' dir='ltr'>contulit,</span> <span class='ocrx_word' id='word_1_75' title='bbox 1494 1027 1557 1080; x_wconf 90' lang='lat' dir='ltr'>ut</span> <span class='ocrx_word' id='word_1_76' title='bbox 1590 1042 1682 1079; x_wconf 87' lang='lat' dir='ltr'>res</span> <span class='ocrx_word' id='word_1_77' title='bbox 1719 1041 1834 1078; x_wconf 67' lang='lat' dir='ltr'>sum</span> <span class='ocrx_word' id='word_1_78' title='bbox 1870 1023 2004 1078; x_wconf 87' lang='lat' dir='ltr'>fidei</span> 
     </span>
    </p>
   </div>
   <div class='ocr_carea' id='block_1_12' title="bbox 333 1116 2002 1203">
    <p class='ocr_par' dir='ltr' id='par_1_12' title="bbox 333 1116 2002 1203">
     <span class='ocr_line' id='line_1_12' title="bbox 333 1116 2002 1203; baseline -0.007 -20"><span class='ocrx_word' id='word_1_79' title='bbox 333 1193 349 1203; x_wconf 36' lang='grc' dir='ltr'>δ</span> <span class='ocrx_word' id='word_1_80' title='bbox 378 1127 627 1183; x_wconf 89' lang='lat' dir='ltr'>creditas</span> <span class='ocrx_word' id='word_1_81' title='bbox 652 1125 1039 1196; x_wconf 87' lang='lat' dir='ltr'>recuperaret,</span> <span class='ocrx_word' id='word_1_82' title='bbox 1063 1122 1243 1176; x_wconf 88' lang='lat' dir='ltr'>fretus</span> <span class='ocrx_word' id='word_1_83' title='bbox 1263 1119 1470 1174; x_wconf 81' lang='lat' dir='ltr'>auxilio</span> <span class='ocrx_word' id='word_1_84' title='bbox 1491 1117 1861 1190; x_wconf 76' lang='lat' dir='ltr'>praepotentis</span> <span class='ocrx_word' id='word_1_85' title='bbox 1889 1116 2002 1172; x_wconf 90' lang='lat' dir='ltr'>Dei.</span> 
     </span>
    </p>
   </div>
   <div class='ocr_carea' id='block_1_13' title="bbox 377 1212 2008 1290">
    <p class='ocr_par' dir='ltr' id='par_1_13' title="bbox 377 1212 2008 1290">
     <span class='ocr_line' id='line_1_13' title="bbox 377 1212 2008 1290; baseline -0.007 -14"><span class='ocrx_word' id='word_1_86' title='bbox 377 1223 522 1278; x_wconf 91' lang='lat' dir='ltr'>Cum</span> <span class='ocrx_word' id='word_1_87' title='bbox 550 1219 724 1290; x_wconf 81' lang='lat' dir='ltr'>igitur</span> <span class='ocrx_word' id='word_1_88' title='bbox 753 1217 844 1272; x_wconf 93' lang='lat' dir='ltr'>die</span> <span class='ocrx_word' id='word_1_89' title='bbox 872 1215 1125 1288; x_wconf 89' lang='lat' dir='ltr'>quodam</span> <span class='ocrx_word' id='word_1_90' title='bbox 1146 1214 1396 1268; x_wconf 89' lang='lat' dir='ltr'>Francus</span> <span class='ocrx_word' id='word_1_91' title='bbox 1425 1213 1520 1266; x_wconf 93' lang='lat' dir='ltr'>ille</span> <span class='ocrx_word' id='word_1_92' title='bbox 1547 1213 1840 1267; x_wconf 91' lang='lat' dir='ltr'>solemnes</span> <span class='ocrx_word' id='word_1_93' title='bbox 1865 1212 2008 1265; x_wconf 91' lang='lat' dir='ltr'>cele-</span> 
     </span>
    </p>
   </div>
   <div class='ocr_carea' id='block_1_14' title="bbox 378 1304 2003 1383">
    <p class='ocr_par' dir='ltr' id='par_1_14' title="bbox 378 1304 2003 1383">
     <span class='ocr_line' id='line_1_14' title="bbox 378 1304 2003 1383; baseline -0.007 -15"><span class='ocrx_word' id='word_1_94' title='bbox 378 1314 574 1368; x_wconf 91' lang='lat' dir='ltr'>braret</span> <span class='ocrx_word' id='word_1_95' title='bbox 602 1313 799 1383; x_wconf 87' lang='lat' dir='ltr'>epulas</span> <span class='ocrx_word' id='word_1_96' title='bbox 827 1310 884 1363; x_wconf 93' lang='lat' dir='ltr'>in</span> <span class='ocrx_word' id='word_1_97' title='bbox 910 1309 1044 1363; x_wconf 90' lang='lat' dir='ltr'>villa</span> <span class='ocrx_word' id='word_1_98' title='bbox 1063 1324 1167 1378; x_wconf 91' lang='lat' dir='ltr'>per</span> <span class='ocrx_word' id='word_1_99' title='bbox 1194 1306 1556 1377; x_wconf 80' lang='lat' dir='ltr'>sacrilegium</span> <span class='ocrx_word' id='word_1_100' title='bbox 1588 1305 1798 1372; x_wconf 88' lang='lat' dir='ltr'>ablata,</span> <span class='ocrx_word' id='word_1_101' title='bbox 1827 1304 2003 1358; x_wconf 90' lang='lat' dir='ltr'>habe-</span> 
     </span>
    </p>
   </div>
   <div class='ocr_carea' id='block_1_15' title="bbox 378 1397 2006 1478">
    <p class='ocr_par' dir='ltr' id='par_1_15' title="bbox 378 1397 2006 1478">
     <span class='ocr_line' id='line_1_15' title="bbox 378 1397 2006 1478; baseline -0.007 -15"><span class='ocrx_word' id='word_1_102' title='bbox 378 1411 581 1478; x_wconf 90' lang='lat' dir='ltr'>retque</span> <span class='ocrx_word' id='word_1_103' title='bbox 610 1404 764 1476; x_wconf 90' lang='lat' dir='ltr'>apud</span> <span class='ocrx_word' id='word_1_104' title='bbox 790 1421 849 1457; x_wconf 91' lang='lat' dir='ltr'>se</span> <span class='ocrx_word' id='word_1_105' title='bbox 871 1403 1140 1474; x_wconf 90' lang='lat' dir='ltr'>parentes</span> <span class='ocrx_word' id='word_1_106' title='bbox 1161 1404 1218 1453; x_wconf 90' lang='lat' dir='ltr'>et</span> <span class='ocrx_word' id='word_1_107' title='bbox 1242 1399 1476 1466; x_wconf 90' lang='lat' dir='ltr'>amicos,</span> <span class='ocrx_word' id='word_1_108' title='bbox 1502 1398 1828 1452; x_wconf 88' lang='lat' dir='ltr'>nuntiatum</span> <span class='ocrx_word' id='word_1_109' title='bbox 1849 1400 1935 1451; x_wconf 90' lang='lat' dir='ltr'>est</span> <span class='ocrx_word' id='word_1_110' title='bbox 1955 1397 2006 1452; x_wconf 91' lang='lat' dir='ltr'>ei</span> 
     </span>
    </p>
   </div>
   <div class='ocr_carea' id='block_1_16' title="bbox 377 1491 2006 1573">
    <p class='ocr_par' dir='ltr' id='par_1_16' title="bbox 377 1491 2006 1573">
     <span class='ocr_line' id='line_1_16' title="bbox 377 1491 2006 1573; baseline -0.007 -17"><span class='ocrx_word' id='word_1_111' title='bbox 377 1518 496 1573; x_wconf 72' lang='lat' dir='ltr'>pra:</span> <span class='ocrx_word' id='word_1_112' title='bbox 528 1499 746 1554; x_wconf 88' lang='lat' dir='ltr'>foribus</span> <span class='ocrx_word' id='word_1_113' title='bbox 775 1497 974 1551; x_wconf 86' lang='lat' dir='ltr'>adesse</span> <span class='ocrx_word' id='word_1_114' title='bbox 1007 1497 1264 1548; x_wconf 89' lang='lat' dir='ltr'>sanctum</span> <span class='ocrx_word' id='word_1_115' title='bbox 1293 1493 1646 1564; x_wconf 90' lang='lat' dir='ltr'>episcopum,</span> <span class='ocrx_word' id='word_1_116' title='bbox 1675 1508 1878 1562; x_wconf 90' lang='lat' dir='ltr'>resque</span> <span class='ocrx_word' id='word_1_117' title='bbox 1899 1491 2006 1562; x_wconf 82' lang='lat' dir='ltr'>ipsi</span> 
     </span>
    </p>
   </div>
   <div class='ocr_carea' id='block_1_17' title="bbox 380 1583 2004 1657">
    <p class='ocr_par' dir='ltr' id='par_1_17' title="bbox 380 1583 2004 1657">
     <span class='ocr_line' id='line_1_17' title="bbox 380 1583 2004 1657; baseline -0.007 -7"><span class='ocrx_word' id='word_1_118' title='bbox 380 1612 414 1650; x_wconf 92' lang='lat' dir='ltr'>a</span> <span class='ocrx_word' id='word_1_119' title='bbox 438 1591 685 1649; x_wconf 89' lang='lat' dir='ltr'>Domino</span> <span class='ocrx_word' id='word_1_120' title='bbox 709 1588 1144 1646; x_wconf 78' lang='lat' dir='ltr'>commendatas</span> <span class='ocrx_word' id='word_1_121' title='bbox 1170 1589 1456 1657; x_wconf 87' lang='lat' dir='ltr'>repetere.</span> <span class='ocrx_word' id='word_1_122' title='bbox 1489 1585 1548 1640; x_wconf 94' lang='lat' dir='ltr'>ld</span> <span class='ocrx_word' id='word_1_123' title='bbox 1570 1588 1631 1639; x_wconf 90' lang='lat' dir='ltr'>ut</span> <span class='ocrx_word' id='word_1_124' title='bbox 1653 1584 1870 1639; x_wconf 84' lang='lat' dir='ltr'>audivit</span> <span class='ocrx_word' id='word_1_125' title='bbox 1889 1583 2004 1652; x_wconf 89' lang='lat' dir='ltr'>ille,</span> 
     </span>
    </p>
   </div>
   <div class='ocr_carea' id='block_1_18' title="bbox 379 1677 2008 1750">
    <p class='ocr_par' dir='ltr' id='par_1_18' title="bbox 379 1677 2008 1750">
     <span class='ocr_line' id='line_1_18' title="bbox 379 1677 2008 1750; baseline -0.007 -8"><span class='ocrx_word' id='word_1_126' title='bbox 379 1687 544 1742; x_wconf 84' lang='lat' dir='ltr'>valde</span> <span class='ocrx_word' id='word_1_127' title='bbox 566 1685 762 1739; x_wconf 91' lang='lat' dir='ltr'>animo</span> <span class='ocrx_word' id='word_1_128' title='bbox 785 1685 1128 1748; x_wconf 90' lang='lat' dir='ltr'>commotus,</span> <span class='ocrx_word' id='word_1_129' title='bbox 1143 1679 1314 1750; x_wconf 89' lang='lat' dir='ltr'>jussit</span> <span class='ocrx_word' id='word_1_130' title='bbox 1343 1694 1476 1732; x_wconf 93' lang='lat' dir='ltr'>eum</span> <span class='ocrx_word' id='word_1_131' title='bbox 1497 1694 1532 1732; x_wconf 92' lang='lat' dir='ltr'>a</span> <span class='ocrx_word' id='word_1_132' title='bbox 1550 1681 1673 1732; x_wconf 88' lang='lat' dir='ltr'>tota</span> <span class='ocrx_word' id='word_1_133' title='bbox 1699 1677 1829 1732; x_wconf 87' lang='lat' dir='ltr'>villa</span> <span class='ocrx_word' id='word_1_134' title='bbox 1849 1693 2008 1748; x_wconf 89' lang='lat' dir='ltr'>pror-</span> 
     </span>
    </p>
   </div>
   <div class='ocr_carea' id='block_1_19' title="bbox 382 1769 2004 1846">
    <p class='ocr_par' dir='ltr' id='par_1_19' title="bbox 382 1769 2004 1846">
     <span class='ocr_line' id='line_1_19' title="bbox 382 1769 2004 1846; baseline -0.008 -10"><span class='ocrx_word' id='word_1_135' title='bbox 382 1798 475 1836; x_wconf 88' lang='lat' dir='ltr'>sus</span> <span class='ocrx_word' id='word_1_136' title='bbox 505 1777 724 1834; x_wconf 81' lang='lat' dir='ltr'>excludi</span> <span class='ocrx_word' id='word_1_137' title='bbox 756 1780 815 1832; x_wconf 91' lang='lat' dir='ltr'>et</span> <span class='ocrx_word' id='word_1_138' title='bbox 840 1775 987 1846; x_wconf 91' lang='lat' dir='ltr'>ejici.</span> <span class='ocrx_word' id='word_1_139' title='bbox 1027 1776 1100 1828; x_wconf 82' lang='lat' dir='ltr'>At</span> <span class='ocrx_word' id='word_1_140' title='bbox 1125 1772 1424 1844; x_wconf 91' lang='lat' dir='ltr'>episcopus</span> <span class='ocrx_word' id='word_1_141' title='bbox 1461 1788 1578 1827; x_wconf 82' lang='lat' dir='ltr'>non</span> <span class='ocrx_word' id='word_1_142' title='bbox 1617 1769 2004 1838; x_wconf 88' lang='lat' dir='ltr'>recalcitrans,</span> 
     </span>
    </p>
   </div>
   <div class='ocr_carea' id='block_1_20' title="bbox 381 1863 2002 1946">
    <p class='ocr_par' dir='ltr' id='par_1_20' title="bbox 381 1863 2002 1946">
     <span class='ocr_line' id='line_1_20' title="bbox 381 1863 2002 1946; baseline -0.007 -18"><span class='ocrx_word' id='word_1_143' title='bbox 381 1870 874 1946; x_wconf 87' lang='lat' dir='ltr'>quemadmodum</span> <span class='ocrx_word' id='word_1_144' title='bbox 903 1867 1191 1939; x_wconf 87' lang='lat' dir='ltr'>apostolus</span> <span class='ocrx_word' id='word_1_145' title='bbox 1221 1868 1441 1933; x_wconf 90' lang='lat' dir='ltr'>monet,</span> <span class='ocrx_word' id='word_1_146' title='bbox 1477 1864 1640 1918; x_wconf 89' lang='lat' dir='ltr'>dedit</span> <span class='ocrx_word' id='word_1_147' title='bbox 1668 1865 1859 1919; x_wconf 89' lang='lat' dir='ltr'>locum</span> <span class='ocrx_word' id='word_1_148' title='bbox 1883 1863 2002 1933; x_wconf 63' lang='lat' dir='ltr'>iraa,</span> 
     </span>
    </p>
   </div>
   <div class='ocr_carea' id='block_1_21' title="bbox 382 1958 1842 2031">
    <p class='ocr_par' dir='ltr' id='par_1_21' title="bbox 382 1958 1842 2031">
     <span class='ocr_line' id='line_1_21' title="bbox 382 1958 1842 2031; baseline -0.007 -9"><span class='ocrx_word' id='word_1_149' title='bbox 382 1967 483 2022; x_wconf 89' lang='lat' dir='ltr'>sed</span> <span class='ocrx_word' id='word_1_150' title='bbox 513 1966 593 2020; x_wconf 90' lang='lat' dir='ltr'>ita</span> <span class='ocrx_word' id='word_1_151' title='bbox 622 1963 761 2020; x_wconf 90' lang='lat' dir='ltr'>ultio</span> <span class='ocrx_word' id='word_1_152' title='bbox 793 1961 984 2018; x_wconf 88' lang='lat' dir='ltr'>divina</span> <span class='ocrx_word' id='word_1_153' title='bbox 1011 1961 1070 2015; x_wconf 90' lang='lat' dir='ltr'>in</span> <span class='ocrx_word' id='word_1_154' title='bbox 1099 1961 1441 2031; x_wconf 89' lang='lat' dir='ltr'>sacrilegum</span> <span class='ocrx_word' id='word_1_155' title='bbox 1469 1958 1711 2013; x_wconf 85' lang='lat' dir='ltr'>excitata</span> <span class='ocrx_word' id='word_1_156' title='bbox 1738 1961 1842 2012; x_wconf 91' lang='lat' dir='ltr'>est.</span> 
     </span>
    </p>
   </div>
   <div class='ocr_carea' id='block_1_22' title="bbox 455 2050 2002 2124">
    <p class='ocr_par' dir='ltr' id='par_1_22' title="bbox 455 2050 2002 2124">
     <span class='ocr_line' id='line_1_22' title="bbox 455 2050 2002 2124; baseline -0.008 -8"><span class='ocrx_word' id='word_1_157' title='bbox 455 2063 538 2115; x_wconf 82' lang='lat' dir='ltr'>lO.</span> <span class='ocrx_word' id='word_1_158' title='bbox 563 2059 708 2115; x_wconf 92' lang='lat' dir='ltr'>Cum</span> <span class='ocrx_word' id='word_1_159' title='bbox 732 2056 888 2112; x_wconf 92' lang='lat' dir='ltr'>enim</span> <span class='ocrx_word' id='word_1_160' title='bbox 910 2057 1076 2110; x_wconf 89' lang='lat' dir='ltr'>nocte</span> <span class='ocrx_word' id='word_1_161' title='bbox 1101 2054 1197 2108; x_wconf 90' lang='lat' dir='ltr'>illa</span> <span class='ocrx_word' id='word_1_162' title='bbox 1210 2053 1375 2124; x_wconf 89' lang='lat' dir='ltr'>juxta</span> <span class='ocrx_word' id='word_1_163' title='bbox 1389 2067 1617 2107; x_wconf 90' lang='lat' dir='ltr'>morem</span> <span class='ocrx_word' id='word_1_164' title='bbox 1637 2054 1864 2106; x_wconf 91' lang='lat' dir='ltr'>sanctus</span> <span class='ocrx_word' id='word_1_165' title='bbox 1885 2050 2002 2123; x_wconf 87' lang='lat' dir='ltr'>epi-</span> 
     </span>
    </p>
   </div>
   <div class='ocr_carea' id='block_1_23' title="bbox 378 2143 2003 2225">
    <p class='ocr_par' dir='ltr' id='par_1_23' title="bbox 378 2143 2003 2225">
     <span class='ocr_line' id='line_1_23' title="bbox 378 2143 2003 2225; baseline -0.008 -15"><span class='ocrx_word' id='word_1_166' title='bbox 378 2169 584 2225; x_wconf 89' lang='lat' dir='ltr'>scopus</span> <span class='ocrx_word' id='word_1_167' title='bbox 605 2153 665 2206; x_wconf 93' lang='lat' dir='ltr'>in</span> <span class='ocrx_word' id='word_1_168' title='bbox 686 2151 946 2206; x_wconf 88' lang='lat' dir='ltr'>oratione</span> <span class='ocrx_word' id='word_1_169' title='bbox 967 2147 1317 2220; x_wconf 90' lang='lat' dir='ltr'>persisteret,</span> <span class='ocrx_word' id='word_1_170' title='bbox 1341 2145 1683 2216; x_wconf 84' lang='lat' dir='ltr'>sacrilegum</span> <span class='ocrx_word' id='word_1_171' title='bbox 1710 2143 1896 2199; x_wconf 90' lang='lat' dir='ltr'>virum</span> <span class='ocrx_word' id='word_1_172' title='bbox 1912 2144 2003 2198; x_wconf 91' lang='lat' dir='ltr'>in-</span> 
     </span>
    </p>
   </div>
   <div class='ocr_carea' id='block_1_24' title="bbox 377 2240 2003 2315">
    <p class='ocr_par' dir='ltr' id='par_1_24' title="bbox 377 2240 2003 2315">
     <span class='ocr_line' id='line_1_24' title="bbox 377 2240 2003 2315; baseline -0.007 -12"><span class='ocrx_word' id='word_1_173' title='bbox 377 2247 523 2303; x_wconf 89' lang='lat' dir='ltr'>vasit</span> <span class='ocrx_word' id='word_1_174' title='bbox 541 2245 736 2313; x_wconf 86' lang='lat' dir='ltr'>febris,</span> <span class='ocrx_word' id='word_1_175' title='bbox 759 2259 888 2315; x_wconf 79' lang='lat' dir='ltr'>quae</span> <span class='ocrx_word' id='word_1_176' title='bbox 907 2241 1197 2296; x_wconf 89' lang='lat' dir='ltr'>infelicem</span> <span class='ocrx_word' id='word_1_177' title='bbox 1227 2240 1486 2296; x_wconf 89' lang='lat' dir='ltr'>animam</span> <span class='ocrx_word' id='word_1_178' title='bbox 1509 2240 1690 2293; x_wconf 89' lang='lat' dir='ltr'>altero</span> <span class='ocrx_word' id='word_1_179' title='bbox 1710 2255 1883 2292; x_wconf 89' lang='lat' dir='ltr'>mane</span> <span class='ocrx_word' id='word_1_180' title='bbox 1906 2255 2003 2292; x_wconf 85' lang='lat' dir='ltr'>ex-</span> 
     </span>
    </p>
   </div>
   <div class='ocr_carea' id='block_1_25' title="bbox 379 2331 2002 2408">
    <p class='ocr_par' dir='ltr' id='par_1_25' title="bbox 379 2331 2002 2408">
     <span class='ocr_line' id='line_1_25' title="bbox 379 2331 2002 2408; baseline -0.007 -12"><span class='ocrx_word' id='word_1_181' title='bbox 379 2341 544 2397; x_wconf 88' lang='lat' dir='ltr'>torsit</span> <span class='ocrx_word' id='word_1_182' title='bbox 560 2339 631 2394; x_wconf 89' lang='lat' dir='ltr'>ab</span> <span class='ocrx_word' id='word_1_183' title='bbox 647 2339 746 2393; x_wconf 88' lang='lat' dir='ltr'>illo</span> <span class='ocrx_word' id='word_1_184' title='bbox 771 2355 784 2405; x_wconf 89' lang='lat'><strong>;</strong></span> <span class='ocrx_word' id='word_1_185' title='bbox 812 2336 1006 2408; x_wconf 87' lang='lat' dir='ltr'>sicque</span> <span class='ocrx_word' id='word_1_186' title='bbox 1026 2334 1348 2390; x_wconf 90' lang='lat' dir='ltr'>miserrime</span> <span class='ocrx_word' id='word_1_187' title='bbox 1367 2332 1648 2388; x_wconf 84' lang='lat' dir='ltr'>excedens</span> <span class='ocrx_word' id='word_1_188' title='bbox 1669 2349 1700 2387; x_wconf 93' lang='lat' dir='ltr'>e</span> <span class='ocrx_word' id='word_1_189' title='bbox 1722 2331 1857 2400; x_wconf 90' lang='lat' dir='ltr'>vita,</span> <span class='ocrx_word' id='word_1_190' title='bbox 1875 2332 2002 2386; x_wconf 90' lang='lat' dir='ltr'>abs-</span> 
     </span>
    </p>
   </div>
   <div class='ocr_carea' id='block_1_26' title="bbox 380 2427 2008 2507">
    <p class='ocr_par' dir='ltr' id='par_1_26' title="bbox 380 2427 2008 2507">
     <span class='ocr_line' id='line_1_26' title="bbox 380 2427 2008 2507; baseline -0.006 -18"><span class='ocrx_word' id='word_1_191' title='bbox 380 2450 491 2507; x_wconf 91' lang='lat' dir='ltr'>que</span> <span class='ocrx_word' id='word_1_192' title='bbox 529 2435 685 2488; x_wconf 92' lang='lat' dir='ltr'>luctu</span> <span class='ocrx_word' id='word_1_193' title='bbox 719 2435 777 2486; x_wconf 90' lang='lat' dir='ltr'>et</span> <span class='ocrx_word' id='word_1_194' title='bbox 806 2431 926 2486; x_wconf 90' lang='lat' dir='ltr'>sine</span> <span class='ocrx_word' id='word_1_195' title='bbox 955 2429 1218 2502; x_wconf 89' lang='lat' dir='ltr'>precibus</span> <span class='ocrx_word' id='word_1_196' title='bbox 1250 2428 1308 2482; x_wconf 93' lang='lat' dir='ltr'>in</span> <span class='ocrx_word' id='word_1_197' title='bbox 1339 2427 1489 2482; x_wconf 89' lang='lat' dir='ltr'>bivio</span> <span class='ocrx_word' id='word_1_198' title='bbox 1527 2427 1781 2498; x_wconf 90' lang='lat' dir='ltr'>sepultus</span> <span class='ocrx_word' id='word_1_199' title='bbox 1807 2429 1909 2481; x_wconf 90' lang='lat' dir='ltr'>est.</span> <span class='ocrx_word' id='word_1_200' title='bbox 1937 2427 2008 2480; x_wconf 89' lang='lat' dir='ltr'>Et</span> 
     </span>
    </p>
   </div>
   <div class='ocr_carea' id='block_1_27' title="bbox 379 2521 2003 2600">
    <p class='ocr_par' dir='ltr' id='par_1_27' title="bbox 379 2521 2003 2600">
     <span class='ocr_line' id='line_1_27' title="bbox 379 2521 2003 2600; baseline -0.004 -18"><span class='ocrx_word' id='word_1_201' title='bbox 379 2527 614 2600; x_wconf 91' lang='lat' dir='ltr'>quidem</span> <span class='ocrx_word' id='word_1_202' title='bbox 641 2525 850 2596; x_wconf 88' lang='lat' dir='ltr'>dignus</span> <span class='ocrx_word' id='word_1_203' title='bbox 874 2528 998 2578; x_wconf 90' lang='lat' dir='ltr'>erat</span> <span class='ocrx_word' id='word_1_204' title='bbox 1023 2523 1123 2578; x_wconf 86' lang='lat' dir='ltr'>tali</span> <span class='ocrx_word' id='word_1_205' title='bbox 1155 2525 1362 2588; x_wconf 87' lang='lat' dir='ltr'>morte,</span> <span class='ocrx_word' id='word_1_206' title='bbox 1392 2521 1491 2592; x_wconf 91' lang='lat' dir='ltr'>qui</span> <span class='ocrx_word' id='word_1_207' title='bbox 1517 2523 1777 2575; x_wconf 90' lang='lat' dir='ltr'>sanctum</span> <span class='ocrx_word' id='word_1_208' title='bbox 1815 2521 2003 2575; x_wconf 90' lang='lat' dir='ltr'>virum</span> 
     </span>
    </p>
   </div>
   <div class='ocr_carea' id='block_1_28' title="bbox 379 2614 2004 2686">
    <p class='ocr_par' dir='ltr' id='par_1_28' title="bbox 379 2614 2004 2686">
     <span class='ocr_line' id='line_1_28' title="bbox 379 2614 2004 2686; baseline -0.004 -9"><span class='ocrx_word' id='word_1_209' title='bbox 379 2639 548 2678; x_wconf 91' lang='lat' dir='ltr'>ausus</span> <span class='ocrx_word' id='word_1_210' title='bbox 573 2619 682 2674; x_wconf 87' lang='lat' dir='ltr'>fuit</span> <span class='ocrx_word' id='word_1_211' title='bbox 699 2618 1059 2684; x_wconf 88' lang='lat' dir='ltr'>contristare,</span> <span class='ocrx_word' id='word_1_212' title='bbox 1083 2619 1141 2670; x_wconf 91' lang='lat' dir='ltr'>et</span> <span class='ocrx_word' id='word_1_213' title='bbox 1165 2615 1484 2670; x_wconf 88' lang='lat' dir='ltr'>oblationes</span> <span class='ocrx_word' id='word_1_214' title='bbox 1509 2614 1766 2668; x_wconf 83' lang='lat' dir='ltr'>fidelium</span> <span class='ocrx_word' id='word_1_215' title='bbox 1797 2631 2004 2686; x_wconf 89' lang='lat' dir='ltr'>resque</span> 
     </span>
    </p>
   </div>
   <div class='ocr_carea' id='block_1_29' title="bbox 378 2707 2006 2771">
    <p class='ocr_par' dir='ltr' id='par_1_29' title="bbox 378 2707 2006 2771">
     <span class='ocr_line' id='line_1_29' title="bbox 378 2707 2006 2771; baseline -0.004 -1"><span class='ocrx_word' id='word_1_216' title='bbox 378 2717 497 2771; x_wconf 91' lang='lat' dir='ltr'>Deo</span> <span class='ocrx_word' id='word_1_217' title='bbox 529 2713 744 2768; x_wconf 87' lang='lat' dir='ltr'>dicatas</span> <span class='ocrx_word' id='word_1_218' title='bbox 770 2711 877 2767; x_wconf 90' lang='lat' dir='ltr'>sibi</span> <span class='ocrx_word' id='word_1_219' title='bbox 907 2709 1217 2765; x_wconf 89' lang='lat' dir='ltr'>vindicare.</span> <span class='ocrx_word' id='word_1_220' title='bbox 1250 2709 1486 2763; x_wconf 87' lang='lat' dir='ltr'>Factum</span> <span class='ocrx_word' id='word_1_221' title='bbox 1523 2711 1610 2762; x_wconf 90' lang='lat' dir='ltr'>est</span> <span class='ocrx_word' id='word_1_222' title='bbox 1647 2707 1756 2762; x_wconf 93' lang='lat' dir='ltr'>hoc</span> <span class='ocrx_word' id='word_1_223' title='bbox 1783 2708 2006 2763; x_wconf 92' lang='lat' dir='ltr'>meritis</span> 
     </span>
    </p>
   </div>
   <div class='ocr_carea' id='block_1_30' title="bbox 375 2800 2008 2874">
    <p class='ocr_par' dir='ltr' id='par_1_30' title="bbox 375 2800 2008 2874">
     <span class='ocr_line' id='line_1_30' title="bbox 375 2800 2008 2874; baseline -0.004 -10"><span class='ocrx_word' id='word_1_224' title='bbox 375 2808 531 2864; x_wconf 87' lang='lat' dir='ltr'>beati</span> <span class='ocrx_word' id='word_1_225' title='bbox 561 2805 849 2874; x_wconf 88' lang='lat' dir='ltr'>antistitis,</span> <span class='ocrx_word' id='word_1_226' title='bbox 870 2807 933 2858; x_wconf 91' lang='lat' dir='ltr'>ut</span> <span class='ocrx_word' id='word_1_227' title='bbox 956 2803 1147 2859; x_wconf 65' lang='lat' dir='ltr'>caeteri</span> <span class='ocrx_word' id='word_1_228' title='bbox 1167 2803 1239 2858; x_wconf 91' lang='lat' dir='ltr'>ab</span> <span class='ocrx_word' id='word_1_229' title='bbox 1263 2800 1594 2873; x_wconf 89' lang='lat' dir='ltr'>hujusmodi</span> <span class='ocrx_word' id='word_1_230' title='bbox 1609 2802 1890 2857; x_wconf 81' lang='lat' dir='ltr'>maleficio</span> <span class='ocrx_word' id='word_1_231' title='bbox 1910 2803 2008 2858; x_wconf 87' lang='lat' dir='ltr'>ab-</span> 
     </span>
    </p>
   </div>
   <div class='ocr_carea' id='block_1_31' title="bbox 377 2895 2004 2969">
    <p class='ocr_par' dir='ltr' id='par_1_31' title="bbox 377 2895 2004 2969">
     <span class='ocr_line' id='line_1_31' title="bbox 377 2895 2004 2969; baseline -0.004 -12"><span class='ocrx_word' id='word_1_232' title='bbox 377 2904 750 2968; x_wconf 89' lang='lat' dir='ltr'>sterreantur,</span> <span class='ocrx_word' id='word_1_233' title='bbox 766 2916 838 2954; x_wconf 91' lang='lat' dir='ltr'>ne</span> <span class='ocrx_word' id='word_1_234' title='bbox 852 2896 1206 2969; x_wconf 89' lang='lat' dir='ltr'>similiaipsis</span> <span class='ocrx_word' id='word_1_235' title='bbox 1222 2895 1518 2952; x_wconf 88' lang='lat' dir='ltr'>accedant.</span> <span class='ocrx_word' id='word_1_236' title='bbox 1538 2895 1683 2951; x_wconf 88' lang='lat' dir='ltr'>Cum</span> <span class='ocrx_word' id='word_1_237' title='bbox 1706 2895 1784 2949; x_wconf 92' lang='lat' dir='ltr'>sic</span> <span class='ocrx_word' id='word_1_238' title='bbox 1807 2898 2004 2951; x_wconf 89' lang='lat' dir='ltr'>autem</span> 
     </span>
    </p>
   </div>
   <div class='ocr_carea' id='block_1_32' title="bbox 378 2988 2005 3066">
    <p class='ocr_par' dir='ltr' id='par_1_32' title="bbox 378 2988 2005 3066">
     <span class='ocr_line' id='line_1_32' title="bbox 378 2988 2005 3066; baseline -0.004 -17"><span class='ocrx_word' id='word_1_239' title='bbox 378 2995 472 3049; x_wconf 92' lang='lat' dir='ltr'>ille</span> <span class='ocrx_word' id='word_1_240' title='bbox 497 3011 602 3066; x_wconf 91' lang='lat' dir='ltr'>per</span> <span class='ocrx_word' id='word_1_241' title='bbox 628 2994 802 3060; x_wconf 87' lang='lat' dir='ltr'>iisset,</span> <span class='ocrx_word' id='word_1_242' title='bbox 825 2990 1021 3046; x_wconf 88' lang='lat' dir='ltr'>multis</span> <span class='ocrx_word' id='word_1_243' title='bbox 1049 2989 1300 3044; x_wconf 91' lang='lat' dir='ltr'>ecclesiis</span> <span class='ocrx_word' id='word_1_244' title='bbox 1323 3005 1415 3044; x_wconf 89' lang='lat' dir='ltr'>res</span> <span class='ocrx_word' id='word_1_245' title='bbox 1442 2989 1698 3060; x_wconf 87' lang='lat' dir='ltr'>ipsarum</span> <span class='ocrx_word' id='word_1_246' title='bbox 1728 2988 2005 3044; x_wconf 69' lang='lat' dir='ltr'>restitutas</span> 
     </span>
    </p>
   </div>
   <div class='ocr_carea' id='block_1_33' title="bbox 379 3081 2080 3186">
    <p class='ocr_par' dir='ltr' id='par_1_33' title="bbox 379 3081 2080 3186">
     <span class='ocr_line' id='line_1_33' title="bbox 379 3081 2080 3186; baseline -0.004 -44"><span class='ocrx_word' id='word_1_247' title='bbox 379 3089 529 3154; x_wconf 89' lang='lat' dir='ltr'>sunt,</span> <span class='ocrx_word' id='word_1_248' title='bbox 558 3103 699 3158; x_wconf 90' lang='lat' dir='ltr'>quas</span> <span class='ocrx_word' id='word_1_249' title='bbox 726 3083 953 3156; x_wconf 88' lang='lat' dir='ltr'>tyranni</span> <span class='ocrx_word' id='word_1_250' title='bbox 972 3082 1328 3155; x_wconf 87' lang='lat' dir='ltr'>jampridem</span> <span class='ocrx_word' id='word_1_251' title='bbox 1363 3098 1469 3153; x_wconf 90' lang='lat' dir='ltr'>per</span> <span class='ocrx_word' id='word_1_252' title='bbox 1499 3081 1888 3136; x_wconf 87' lang='lat' dir='ltr'>temeritatem</span> <span class='ocrx_word' id='word_1_253' title='bbox 1914 3082 2001 3137; x_wconf 90' lang='lat' dir='ltr'>in-</span> <span class='ocrx_word' id='word_1_254' title='bbox 2025 3111 2080 3186; x_wconf 66' lang='grc' dir='ltr'>Ο</span> 
     </span>
    </p>
   </div>
   <div class='ocr_carea' id='block_1_34' title="bbox 377 3174 2003 3247">
    <p class='ocr_par' dir='ltr' id='par_1_34' title="bbox 377 3174 2003 3247">
     <span class='ocr_line' id='line_1_34' title="bbox 377 3174 2003 3247; baseline -0.003 -12"><span class='ocrx_word' id='word_1_255' title='bbox 377 3182 662 3236; x_wconf 89' lang='lat' dir='ltr'>vaserant.</span> <span class='ocrx_word' id='word_1_256' title='bbox 683 3179 828 3233; x_wconf 90' lang='lat' dir='ltr'>Nam</span> <span class='ocrx_word' id='word_1_257' title='bbox 851 3176 1058 3232; x_wconf 90' lang='lat' dir='ltr'>timore</span> <span class='ocrx_word' id='word_1_258' title='bbox 1083 3174 1349 3247; x_wconf 88' lang='lat' dir='ltr'>perculsi,</span> <span class='ocrx_word' id='word_1_259' title='bbox 1379 3191 1495 3230; x_wconf 91' lang='lat' dir='ltr'>non</span> <span class='ocrx_word' id='word_1_260' title='bbox 1516 3175 1752 3229; x_wconf 87' lang='lat' dir='ltr'>fuerunt</span> <span class='ocrx_word' id='word_1_261' title='bbox 1775 3174 1897 3230; x_wconf 90' lang='lat' dir='ltr'>ausi</span> <span class='ocrx_word' id='word_1_262' title='bbox 1918 3192 2003 3230; x_wconf 89' lang='lat' dir='ltr'>re-</span> 
     </span>
    </p>
   </div>
   <div class='ocr_carea' id='block_1_35' title="bbox 373 3267 2003 3342">
    <p class='ocr_par' dir='ltr' id='par_1_35' title="bbox 373 3267 2003 3342">
     <span class='ocr_line' id='line_1_35' title="bbox 373 3267 2003 3342; baseline -0.003 -14"><span class='ocrx_word' id='word_1_263' title='bbox 373 3273 560 3330; x_wconf 88' lang='lat' dir='ltr'>tinere</span> <span class='ocrx_word' id='word_1_264' title='bbox 578 3272 732 3342; x_wconf 84' lang='lat' dir='ltr'>illas;</span> <span class='ocrx_word' id='word_1_265' title='bbox 755 3274 926 3342; x_wconf 89' lang='lat' dir='ltr'>atque</span> <span class='ocrx_word' id='word_1_266' title='bbox 948 3271 1030 3324; x_wconf 91' lang='lat' dir='ltr'>ita</span> <span class='ocrx_word' id='word_1_267' title='bbox 1047 3268 1216 3324; x_wconf 89' lang='lat' dir='ltr'>unius</span> <span class='ocrx_word' id='word_1_268' title='bbox 1237 3267 1529 3323; x_wconf 91' lang='lat' dir='ltr'>horrenda</span> <span class='ocrx_word' id='word_1_269' title='bbox 1547 3267 1842 3323; x_wconf 90' lang='lat' dir='ltr'>damnatio</span> <span class='ocrx_word' id='word_1_270' title='bbox 1861 3270 2003 3323; x_wconf 92' lang='lat' dir='ltr'>mul-</span> 
     </span>
    </p>
   </div>
   <div class='ocr_carea' id='block_1_36' title="bbox 373 3361 2004 3440">
    <p class='ocr_par' dir='ltr' id='par_1_36' title="bbox 373 3361 2004 3440">
     <span class='ocr_line' id='line_1_36' title="bbox 373 3361 2004 3440; baseline -0.005 -16"><span class='ocrx_word' id='word_1_271' title='bbox 373 3368 446 3424; x_wconf 87' lang='lat' dir='ltr'>tis</span> <span class='ocrx_word' id='word_1_272' title='bbox 461 3367 678 3440; x_wconf 86' lang='lat' dir='ltr'>profuit</span> <span class='ocrx_word' id='word_1_273' title='bbox 697 3366 772 3421; x_wconf 90' lang='lat' dir='ltr'>ad</span> <span class='ocrx_word' id='word_1_274' title='bbox 789 3362 1264 3436; x_wconf 89' lang='lat' dir='ltr'>resipiscentiam,</span> <span class='ocrx_word' id='word_1_275' title='bbox 1285 3361 1651 3433; x_wconf 90' lang='lat' dir='ltr'>reddiditque</span> <span class='ocrx_word' id='word_1_276' title='bbox 1663 3361 2004 3434; x_wconf 77' lang='lat' dir='ltr'>pmnitentia</span> 
     </span>
    </p>
   </div>
   <div class='ocr_carea' id='block_1_37' title="bbox 372 3455 2003 3528">
    <p class='ocr_par' dir='ltr' id='par_1_37' title="bbox 372 3455 2003 3528">
     <span class='ocr_line' id='line_1_37' title="bbox 372 3455 2003 3528; baseline -0.006 -10"><span class='ocrx_word' id='word_1_277' title='bbox 372 3461 730 3518; x_wconf 89' lang='lat' dir='ltr'>emendatos.</span> <span class='ocrx_word' id='word_1_278' title='bbox 755 3459 846 3515; x_wconf 90' lang='lat' dir='ltr'>Sic</span> <span class='ocrx_word' id='word_1_279' title='bbox 869 3457 1145 3513; x_wconf 88' lang='lat' dir='ltr'>nimirum</span> <span class='ocrx_word' id='word_1_280' title='bbox 1175 3455 1543 3528; x_wconf 89' lang='lat' dir='ltr'>omnipotens</span> <span class='ocrx_word' id='word_1_281' title='bbox 1564 3456 1714 3510; x_wconf 89' lang='lat' dir='ltr'>Deus</span> <span class='ocrx_word' id='word_1_282' title='bbox 1740 3472 1846 3527; x_wconf 90' lang='lat' dir='ltr'>per</span> <span class='ocrx_word' id='word_1_283' title='bbox 1865 3455 2003 3510; x_wconf 87' lang='lat' dir='ltr'>fide-</span> 
     </span>
    </p>
   </div>
   <div class='ocr_carea' id='block_1_38' title="bbox 371 3547 2002 3619">
    <p class='ocr_par' dir='ltr' id='par_1_38' title="bbox 371 3547 2002 3619">
     <span class='ocr_line' id='line_1_38' title="bbox 371 3547 2002 3619; baseline -0.005 -7"><span class='ocrx_word' id='word_1_284' title='bbox 371 3557 488 3612; x_wconf 87' lang='lat' dir='ltr'>lem</span> <span class='ocrx_word' id='word_1_285' title='bbox 519 3571 745 3611; x_wconf 90' lang='lat' dir='ltr'>servum</span> <span class='ocrx_word' id='word_1_286' title='bbox 771 3569 939 3608; x_wconf 91' lang='lat' dir='ltr'>suum</span> <span class='ocrx_word' id='word_1_287' title='bbox 968 3568 1100 3607; x_wconf 89' lang='lat' dir='ltr'>suas</span> <span class='ocrx_word' id='word_1_288' title='bbox 1129 3549 1471 3605; x_wconf 88' lang='lat' dir='ltr'>restauravit</span> <span class='ocrx_word' id='word_1_289' title='bbox 1495 3547 1782 3619; x_wconf 87' lang='lat' dir='ltr'>ecclesias,</span> <span class='ocrx_word' id='word_1_290' title='bbox 1814 3549 2002 3604; x_wconf 90' lang='lat' dir='ltr'>multi-</span> 
     </span>
    </p>
   </div>
   <div class='ocr_carea' id='block_1_39' title="bbox 373 3643 1997 3723">
    <p class='ocr_par' dir='ltr' id='par_1_39' title="bbox 373 3643 1997 3723">
     <span class='ocr_line' id='line_1_39' title="bbox 373 3643 1997 3723; baseline -0.005 -17"><span class='ocrx_word' id='word_1_291' title='bbox 373 3666 484 3723; x_wconf 88' lang='lat' dir='ltr'>que</span> <span class='ocrx_word' id='word_1_292' title='bbox 500 3647 757 3705; x_wconf 89' lang='lat' dir='ltr'>serviDei</span> <span class='ocrx_word' id='word_1_293' title='bbox 769 3647 1034 3719; x_wconf 81' lang='lat' dir='ltr'>ingentes</span> <span class='ocrx_word' id='word_1_294' title='bbox 1047 3644 1290 3700; x_wconf 90' lang='lat' dir='ltr'>Domino</span> <span class='ocrx_word' id='word_1_295' title='bbox 1303 3643 1502 3698; x_wconf 91' lang='lat' dir='ltr'>laudes</span> <span class='ocrx_word' id='word_1_296' title='bbox 1522 3646 1580 3698; x_wconf 89' lang='lat' dir='ltr'>et</span> <span class='ocrx_word' id='word_1_297' title='bbox 1597 3645 1788 3715; x_wconf 83' lang='lat' dir='ltr'>grates</span> <span class='ocrx_word' id='word_1_298' title='bbox 1804 3660 1997 3716; x_wconf 89' lang='lat' dir='ltr'>egere,</span> 
     </span>
    </p>
   </div>
   <div class='ocr_carea' id='block_1_40' title="bbox 363 3738 1997 3815">
    <p class='ocr_par' dir='ltr' id='par_1_40' title="bbox 363 3738 1997 3815">
     <span class='ocr_line' id='line_1_40' title="bbox 363 3738 1997 3815; baseline -0.004 -17"><span class='ocrx_word' id='word_1_299' title='bbox 363 3742 634 3815; x_wconf 91' lang='lat' dir='ltr'>jucundis</span> <span class='ocrx_word' id='word_1_300' title='bbox 658 3740 889 3796; x_wconf 81' lang='lat' dir='ltr'>vocibus</span> <span class='ocrx_word' id='word_1_301' title='bbox 911 3741 1239 3794; x_wconf 86' lang='lat' dir='ltr'>cantantes:</span> <span class='ocrx_word' id='word_1_302' title='bbox 1271 3738 1515 3807; x_wconf 84' lang='lat' dir='ltr'>Adjutor</span> <span class='ocrx_word' id='word_1_303' title='bbox 1544 3742 1594 3792; x_wconf 87' lang='lat' dir='ltr'>et</span> <span class='ocrx_word' id='word_1_304' title='bbox 1613 3742 1886 3808; x_wconf 83' lang='lat' dir='ltr'>protector</span> <span class='ocrx_word' id='word_1_305' title='bbox 1907 3741 1997 3805; x_wconf 84' lang='lat' dir='ltr'>fa-</span> 
     </span>
    </p>
   </div>
   <div class='ocr_carea' id='block_1_41' title="bbox 371 3832 1403 3892">
    <p class='ocr_par' dir='ltr' id='par_1_41' title="bbox 371 3832 1403 3892">
     <span class='ocr_line' id='line_1_41' title="bbox 371 3832 1403 3892; baseline -0.007 0"><span class='ocrx_word' id='word_1_306' title='bbox 371 3842 486 3892; x_wconf 85' lang='lat' dir='ltr'>ctus</span> <span class='ocrx_word' id='word_1_307' title='bbox 513 3841 589 3892; x_wconf 86' lang='lat' dir='ltr'>est</span> <span class='ocrx_word' id='word_1_308' title='bbox 610 3835 764 3889; x_wconf 81' lang='lat' dir='ltr'>nobis</span> <span class='ocrx_word' id='word_1_309' title='bbox 788 3835 1046 3889; x_wconf 77' lang='lat' dir='ltr'>Dominus</span> <span class='ocrx_word' id='word_1_310' title='bbox 1073 3833 1133 3886; x_wconf 78' lang='lat' dir='ltr'>in</span> <span class='ocrx_word' id='word_1_311' title='bbox 1156 3832 1403 3886; x_wconf 82' lang='lat' dir='ltr'>salutem.</span> 
     </span>
    </p>
   </div>
   <div class='ocr_carea' id='block_1_42' title="bbox 446 3923 2000 3997">
    <p class='ocr_par' dir='ltr' id='par_1_42' title="bbox 446 3923 2000 3997">
     <span class='ocr_line' id='line_1_42' title="bbox 446 3923 2000 3997; baseline -0.004 -12"><span class='ocrx_word' id='word_1_312' title='bbox 446 3933 530 3984; x_wconf 84' lang='lat' dir='ltr'>ll.</span> <span class='ocrx_word' id='word_1_313' title='bbox 557 3927 834 3984; x_wconf 90' lang='lat' dir='ltr'>Puerulus</span> <span class='ocrx_word' id='word_1_314' title='bbox 855 3925 1112 3996; x_wconf 86' lang='lat' dir='ltr'>quidam,</span> <span class='ocrx_word' id='word_1_315' title='bbox 1136 3923 1439 3979; x_wconf 83' lang='lat' dir='ltr'>Rainarius</span> <span class='ocrx_word' id='word_1_316' title='bbox 1459 3924 1719 3992; x_wconf 88' lang='lat' dir='ltr'>nomine,</span> <span class='ocrx_word' id='word_1_317' title='bbox 1743 3941 1777 3980; x_wconf 90' lang='lat' dir='ltr'>a</span> <span class='ocrx_word' id='word_1_318' title='bbox 1797 3941 2000 3997; x_wconf 88' lang='lat' dir='ltr'>paren-</span> 
     </span>
    </p>
   </div>
   <div class='ocr_carea' id='block_1_43' title="bbox 372 4017 2001 4090">
    <p class='ocr_par' dir='ltr' id='par_1_43' title="bbox 372 4017 2001 4090">
     <span class='ocr_line' id='line_1_43' title="bbox 372 4017 2001 4090; baseline -0.002 -12"><span class='ocrx_word' id='word_1_319' title='bbox 372 4020 522 4078; x_wconf 88' lang='lat' dir='ltr'>tibus</span> <span class='ocrx_word' id='word_1_320' title='bbox 551 4021 776 4076; x_wconf 91' lang='lat' dir='ltr'>oblatus</span> <span class='ocrx_word' id='word_1_321' title='bbox 811 4022 898 4074; x_wconf 89' lang='lat' dir='ltr'>est</span> <span class='ocrx_word' id='word_1_322' title='bbox 933 4020 1128 4073; x_wconf 90' lang='lat' dir='ltr'>sancto</span> <span class='ocrx_word' id='word_1_323' title='bbox 1171 4017 1308 4072; x_wconf 86' lang='lat' dir='ltr'>viro.</span> <span class='ocrx_word' id='word_1_324' title='bbox 1351 4018 1398 4071; x_wconf 91' lang='lat' dir='ltr'>ls</span> <span class='ocrx_word' id='word_1_325' title='bbox 1434 4034 1578 4090; x_wconf 91' lang='lat' dir='ltr'>puer</span> <span class='ocrx_word' id='word_1_326' title='bbox 1616 4021 1674 4073; x_wconf 91' lang='lat' dir='ltr'>et</span> <span class='ocrx_word' id='word_1_327' title='bbox 1711 4035 1912 4088; x_wconf 87' lang='lat' dir='ltr'>caecus,</span> <span class='ocrx_word' id='word_1_328' title='bbox 1942 4023 2001 4076; x_wconf 91' lang='lat' dir='ltr'>et</span> 
     </span>
    </p>
   </div>
   <div class='ocr_carea' id='block_1_44' title="bbox 371 4110 1996 4184">
    <p class='ocr_par' dir='ltr' id='par_1_44' title="bbox 371 4110 1996 4184">
     <span class='ocr_line' id='line_1_44' title="bbox 371 4110 1996 4184; baseline -0.002 -12"><span class='ocrx_word' id='word_1_329' title='bbox 371 4115 594 4184; x_wconf 88' lang='lat' dir='ltr'>surdus,</span> <span class='ocrx_word' id='word_1_330' title='bbox 627 4117 686 4170; x_wconf 90' lang='lat' dir='ltr'>et</span> <span class='ocrx_word' id='word_1_331' title='bbox 705 4115 918 4180; x_wconf 87' lang='lat' dir='ltr'>mutus,</span> <span class='ocrx_word' id='word_1_332' title='bbox 941 4115 1000 4166; x_wconf 91' lang='lat' dir='ltr'>et</span> <span class='ocrx_word' id='word_1_333' title='bbox 1029 4110 1264 4166; x_wconf 90' lang='lat' dir='ltr'>claudus</span> <span class='ocrx_word' id='word_1_334' title='bbox 1290 4113 1429 4166; x_wconf 90' lang='lat' dir='ltr'>erat.</span> <span class='ocrx_word' id='word_1_335' title='bbox 1460 4110 1628 4165; x_wconf 83' lang='lat' dir='ltr'>Unxit</span> <span class='ocrx_word' id='word_1_336' title='bbox 1647 4114 1840 4167; x_wconf 89' lang='lat' dir='ltr'>autem</span> <span class='ocrx_word' id='word_1_337' title='bbox 1863 4130 1996 4168; x_wconf 92' lang='lat' dir='ltr'>eum</span> 
     </span>
    </p>
   </div>
   <div class='ocr_carea' id='block_1_45' title="bbox 368 4202 1994 4276">
    <p class='ocr_par' dir='ltr' id='par_1_45' title="bbox 368 4202 1994 4276">
     <span class='ocr_line' id='line_1_45' title="bbox 368 4202 1994 4276; baseline -0.004 -9"><span class='ocrx_word' id='word_1_338' title='bbox 368 4211 454 4267; x_wconf 91' lang='lat' dir='ltr'>vir</span> <span class='ocrx_word' id='word_1_339' title='bbox 471 4209 569 4268; x_wconf 89' lang='lat' dir='ltr'>Dei</span> <span class='ocrx_word' id='word_1_340' title='bbox 590 4210 717 4265; x_wconf 90' lang='lat' dir='ltr'>oleo</span> <span class='ocrx_word' id='word_1_341' title='bbox 755 4205 1060 4262; x_wconf 83' lang='lat' dir='ltr'>benedicta</span> <span class='ocrx_word' id='word_1_342' title='bbox 1075 4247 1090 4274; x_wconf 94' lang='lat'>,</span> <span class='ocrx_word' id='word_1_343' title='bbox 1115 4208 1172 4260; x_wconf 90' lang='lat' dir='ltr'>et</span> <span class='ocrx_word' id='word_1_344' title='bbox 1190 4203 1371 4259; x_wconf 88' lang='lat' dir='ltr'>crucis</span> <span class='ocrx_word' id='word_1_345' title='bbox 1393 4202 1558 4276; x_wconf 90' lang='lat' dir='ltr'>signo</span> <span class='ocrx_word' id='word_1_346' title='bbox 1584 4221 1716 4258; x_wconf 90' lang='lat' dir='ltr'>cum</span> <span class='ocrx_word' id='word_1_347' title='bbox 1739 4222 1994 4261; x_wconf 89' lang='lat' dir='ltr'>commu-</span> 
     </span>
    </p>
   </div>
   <div class='ocr_carea' id='block_1_46' title="bbox 371 4297 1998 4374">
    <p class='ocr_par' dir='ltr' id='par_1_46' title="bbox 371 4297 1998 4374">
     <span class='ocr_line' id='line_1_46' title="bbox 371 4297 1998 4374; baseline -0.005 -12"><span class='ocrx_word' id='word_1_348' title='bbox 371 4306 532 4374; x_wconf 89' lang='lat' dir='ltr'>nivit,</span> <span class='ocrx_word' id='word_1_349' title='bbox 571 4309 628 4360; x_wconf 91' lang='lat' dir='ltr'>et</span> <span class='ocrx_word' id='word_1_350' title='bbox 658 4304 807 4358; x_wconf 89' lang='lat' dir='ltr'>totus</span> <span class='ocrx_word' id='word_1_351' title='bbox 834 4299 1094 4356; x_wconf 89' lang='lat' dir='ltr'>revaluit.</span> <span class='ocrx_word' id='word_1_352' title='bbox 1129 4297 1379 4355; x_wconf 89' lang='lat' dir='ltr'>Clericus</span> <span class='ocrx_word' id='word_1_353' title='bbox 1410 4297 1649 4369; x_wconf 91' lang='lat' dir='ltr'>quidam</span> <span class='ocrx_word' id='word_1_354' title='bbox 1681 4299 1998 4354; x_wconf 82' lang='lat' dir='ltr'>Oximensis</span> 
     </span>
    </p>
   </div>
   <div class='ocr_carea' id='block_1_47' title="bbox 367 4391 1998 4474">
    <p class='ocr_par' dir='ltr' id='par_1_47' title="bbox 367 4391 1998 4474">
     <span class='ocr_line' id='line_1_47' title="bbox 367 4391 1998 4474; baseline -0.005 -19"><span class='ocrx_word' id='word_1_355' title='bbox 367 4402 463 4474; x_wconf 89' lang='lat' dir='ltr'>(a),</span> <span class='ocrx_word' id='word_1_356' title='bbox 481 4396 842 4454; x_wconf 89' lang='lat' dir='ltr'>Eleutherius</span> <span class='ocrx_word' id='word_1_357' title='bbox 858 4394 1115 4461; x_wconf 91' lang='lat' dir='ltr'>nomine,</span> <span class='ocrx_word' id='word_1_358' title='bbox 1135 4392 1334 4448; x_wconf 88' lang='lat' dir='ltr'>videns</span> <span class='ocrx_word' id='word_1_359' title='bbox 1353 4395 1437 4446; x_wconf 92' lang='lat' dir='ltr'>tot</span> <span class='ocrx_word' id='word_1_360' title='bbox 1451 4391 1796 4447; x_wconf 89' lang='lat' dir='ltr'>admiranda</span> <span class='ocrx_word' id='word_1_361' title='bbox 1817 4393 1944 4448; x_wconf 84' lang='lat' dir='ltr'>fieri</span> <span class='ocrx_word' id='word_1_362' title='bbox 1964 4410 1998 4447; x_wconf 92' lang='lat' dir='ltr'>a</span> 
     </span>
    </p>
   </div>
   <div class='ocr_carea' id='block_1_48' title="bbox 2103 449 3735 532">
    <p class='ocr_par' dir='ltr' id='par_1_48' title="bbox 2103 449 3735 532">
     <span class='ocr_line' id='line_1_48' title="bbox 2103 449 3735 532; baseline -0.006 -19"><span class='ocrx_word' id='word_1_363' title='bbox 2103 461 2256 526; x_wconf 88' lang='lat' dir='ltr'>cant,</span> <span class='ocrx_word' id='word_1_364' title='bbox 2285 463 2483 512; x_wconf 90' lang='lat' dir='ltr'>sancto</span> <span class='ocrx_word' id='word_1_365' title='bbox 2509 457 2776 532; x_wconf 89' lang='lat' dir='ltr'>episcopo</span> <span class='ocrx_word' id='word_1_366' title='bbox 2815 453 3142 527; x_wconf 79' lang='lat' dir='ltr'>pontificale</span> <span class='ocrx_word' id='word_1_367' title='bbox 3179 451 3516 524; x_wconf 79' lang='lat' dir='ltr'>exsequenti</span> <span class='ocrx_word' id='word_1_368' title='bbox 3555 449 3735 505; x_wconf 85' lang='lat' dir='ltr'>mini-</span> 
     </span>
    </p>
   </div>
   <div class='ocr_carea' id='block_1_49' title="bbox 2103 544 3740 624">
    <p class='ocr_par' dir='ltr' id='par_1_49' title="bbox 2103 544 3740 624">
     <span class='ocr_line' id='line_1_49' title="bbox 2103 544 3740 624; baseline -0.009 -12"><span class='ocrx_word' id='word_1_369' title='bbox 2103 556 2362 622; x_wconf 89' lang='lat' dir='ltr'>sterium,</span> <span class='ocrx_word' id='word_1_370' title='bbox 2384 551 2702 624; x_wconf 85' lang='lat' dir='ltr'>Magnatius</span> <span class='ocrx_word' id='word_1_371' title='bbox 2727 549 2963 621; x_wconf 88' lang='lat' dir='ltr'>quidam</span> <span class='ocrx_word' id='word_1_372' title='bbox 2989 548 3212 602; x_wconf 90' lang='lat' dir='ltr'>oblatus</span> <span class='ocrx_word' id='word_1_373' title='bbox 3242 549 3347 614; x_wconf 91' lang='lat' dir='ltr'>est,</span> <span class='ocrx_word' id='word_1_374' title='bbox 3375 545 3474 617; x_wconf 90' lang='lat' dir='ltr'>qui</span> <span class='ocrx_word' id='word_1_375' title='bbox 3506 544 3602 598; x_wconf 91' lang='lat' dir='ltr'>die</span> <span class='ocrx_word' id='word_1_376' title='bbox 3630 545 3740 598; x_wconf 90' lang='lat' dir='ltr'>Do-</span> 
     </span>
    </p>
   </div>
   <div class='ocr_carea' id='block_1_50' title="bbox 2102 637 3744 718">
    <p class='ocr_par' dir='ltr' id='par_1_50' title="bbox 2102 637 3744 718">
     <span class='ocr_line' id='line_1_50' title="bbox 2102 637 3744 718; baseline -0.01 -12"><span class='ocrx_word' id='word_1_377' title='bbox 2102 649 2314 706; x_wconf 90' lang='lat' dir='ltr'>minico</span> <span class='ocrx_word' id='word_1_378' title='bbox 2336 647 2489 702; x_wconf 90' lang='lat' dir='ltr'>intra</span> <span class='ocrx_word' id='word_1_379' title='bbox 2509 646 2684 718; x_wconf 91' lang='lat' dir='ltr'>ipsius</span> <span class='ocrx_word' id='word_1_380' title='bbox 2708 644 2855 698; x_wconf 64' lang='lat' dir='ltr'>villae</span> <span class='ocrx_word' id='word_1_381' title='bbox 2879 642 3022 696; x_wconf 83' lang='lat' dir='ltr'>ﬁnes</span> <span class='ocrx_word' id='word_1_382' title='bbox 3043 641 3114 695; x_wconf 91' lang='lat' dir='ltr'>ab</span> <span class='ocrx_word' id='word_1_383' title='bbox 3137 657 3310 712; x_wconf 91' lang='lat' dir='ltr'>opere</span> <span class='ocrx_word' id='word_1_384' title='bbox 3339 656 3398 693; x_wconf 93' lang='lat' dir='ltr'>se</span> <span class='ocrx_word' id='word_1_385' title='bbox 3425 655 3543 693; x_wconf 87' lang='lat' dir='ltr'>non</span> <span class='ocrx_word' id='word_1_386' title='bbox 3567 637 3744 692; x_wconf 85' lang='lat' dir='ltr'>absti-</span> 
     </span>
    </p>
   </div>
   <div class='ocr_carea' id='block_1_51' title="bbox 2103 731 3744 810">
    <p class='ocr_par' dir='ltr' id='par_1_51' title="bbox 2103 731 3744 810">
     <span class='ocr_line' id='line_1_51' title="bbox 2103 731 3744 810; baseline -0.009 -12"><span class='ocrx_word' id='word_1_387' title='bbox 2103 760 2269 810; x_wconf 90' lang='lat' dir='ltr'>nens,</span> <span class='ocrx_word' id='word_1_388' title='bbox 2296 743 2414 796; x_wconf 90' lang='lat' dir='ltr'>Deo</span> <span class='ocrx_word' id='word_1_389' title='bbox 2437 739 2767 804; x_wconf 91' lang='lat' dir='ltr'>ulciscente,</span> <span class='ocrx_word' id='word_1_390' title='bbox 2799 734 3112 791; x_wconf 88' lang='lat' dir='ltr'>luminibus</span> <span class='ocrx_word' id='word_1_391' title='bbox 3141 733 3376 788; x_wconf 90' lang='lat' dir='ltr'>orbatus</span> <span class='ocrx_word' id='word_1_392' title='bbox 3399 733 3610 787; x_wconf 87' lang='lat' dir='ltr'>fuerat.</span> <span class='ocrx_word' id='word_1_393' title='bbox 3641 731 3744 785; x_wconf 89' lang='lat' dir='ltr'>Vir</span> 
     </span>
    </p>
   </div>
   <div class='ocr_carea' id='block_1_52' title="bbox 2104 827 3739 897">
    <p class='ocr_par' dir='ltr' id='par_1_52' title="bbox 2104 827 3739 897">
     <span class='ocr_line' id='line_1_52' title="bbox 2104 827 3739 897; baseline -0.009 -5"><span class='ocrx_word' id='word_1_394' title='bbox 2104 841 2332 892; x_wconf 90' lang='lat' dir='ltr'>sanctus</span> <span class='ocrx_word' id='word_1_395' title='bbox 2352 835 2770 890; x_wconf 87' lang='lat' dir='ltr'>sacrosanctam</span> <span class='ocrx_word' id='word_1_396' title='bbox 2792 830 3060 884; x_wconf 89' lang='lat' dir='ltr'>invocans</span> <span class='ocrx_word' id='word_1_397' title='bbox 3079 827 3438 895; x_wconf 88' lang='lat' dir='ltr'>Trinitatem,</span> <span class='ocrx_word' id='word_1_398' title='bbox 3464 840 3739 897; x_wconf 80' lang='lat' dir='ltr'>expresso</span> 
     </span>
    </p>
   </div>
   <div class='ocr_carea' id='block_1_53' title="bbox 2105 918 3737 1002">
    <p class='ocr_par' dir='ltr' id='par_1_53' title="bbox 2105 918 3737 1002">
     <span class='ocr_line' id='line_1_53' title="bbox 2105 918 3737 1002; baseline -0.009 -16"><span class='ocrx_word' id='word_1_399' title='bbox 2105 931 2270 1002; x_wconf 90' lang='lat' dir='ltr'>signo</span> <span class='ocrx_word' id='word_1_400' title='bbox 2297 928 2498 995; x_wconf 89' lang='lat' dir='ltr'>crucis,</span> <span class='ocrx_word' id='word_1_401' title='bbox 2537 925 2853 984; x_wconf 76' lang='lat' dir='ltr'>caecitatem</span> <span class='ocrx_word' id='word_1_402' title='bbox 2886 922 3124 995; x_wconf 90' lang='lat' dir='ltr'>depulit,</span> <span class='ocrx_word' id='word_1_403' title='bbox 3157 920 3340 976; x_wconf 89' lang='lat' dir='ltr'>visum</span> <span class='ocrx_word' id='word_1_404' title='bbox 3371 918 3737 984; x_wconf 79' lang='lat' dir='ltr'>reformavit,</span> 
     </span>
    </p>
   </div>
   <div class='ocr_carea' id='block_1_54' title="bbox 2104 1012 3738 1094">
    <p class='ocr_par' dir='ltr' id='par_1_54' title="bbox 2104 1012 3738 1094">
     <span class='ocr_line' id='line_1_54' title="bbox 2104 1012 3738 1094; baseline -0.009 -14"><span class='ocrx_word' id='word_1_405' title='bbox 2104 1023 2443 1094; x_wconf 89' lang='lat' dir='ltr'>monuitque</span> <span class='ocrx_word' id='word_1_406' title='bbox 2464 1019 2762 1076; x_wconf 84' lang='lat' dir='ltr'>hominem</span> <span class='ocrx_word' id='word_1_407' title='bbox 2780 1035 2852 1073; x_wconf 90' lang='lat' dir='ltr'>ne</span> <span class='ocrx_word' id='word_1_408' title='bbox 2871 1017 3190 1089; x_wconf 90' lang='lat' dir='ltr'>quidquam</span> <span class='ocrx_word' id='word_1_409' title='bbox 3213 1013 3545 1086; x_wconf 88' lang='lat' dir='ltr'>hujusmodi</span> <span class='ocrx_word' id='word_1_410' title='bbox 3575 1012 3738 1066; x_wconf 89' lang='lat' dir='ltr'>dein-</span> 
     </span>
    </p>
   </div>
   <div class='ocr_carea' id='block_1_55' title="bbox 2106 1115 2658 1190">
    <p class='ocr_par' dir='ltr' id='par_1_55' title="bbox 2106 1115 2658 1190">
     <span class='ocr_line' id='line_1_55' title="bbox 2106 1115 2658 1190; baseline -0.011 -17"><span class='ocrx_word' id='word_1_411' title='bbox 2106 1135 2238 1190; x_wconf 91' lang='lat' dir='ltr'>ceps</span> <span class='ocrx_word' id='word_1_412' title='bbox 2263 1115 2616 1172; x_wconf 88' lang='lat' dir='ltr'>admitteret.</span> <span class='ocrx_word' id='word_1_413' title='bbox 2649 1159 2658 1189; x_wconf 55' lang='grc' dir='ltr'>η</span> 
     </span>
    </p>
   </div>
   <div class='ocr_carea' id='block_1_56' title="bbox 2180 1246 3736 1324">
    <p class='ocr_par' dir='ltr' id='par_1_56' title="bbox 2180 1246 3736 1324">
     <span class='ocr_line' id='line_1_56' title="bbox 2180 1246 3736 1324; baseline -0.007 -14"><span class='ocrx_word' id='word_1_414' title='bbox 2180 1259 2264 1310; x_wconf 80' lang='lat' dir='ltr'>l2.</span> <span class='ocrx_word' id='word_1_415' title='bbox 2295 1253 2440 1309; x_wconf 82' lang='lat' dir='ltr'>Exiit</span> <span class='ocrx_word' id='word_1_416' title='bbox 2469 1251 2814 1324; x_wconf 87' lang='lat' dir='ltr'>quandoque</span> <span class='ocrx_word' id='word_1_417' title='bbox 2842 1251 2930 1306; x_wconf 90' lang='lat' dir='ltr'>vir</span> <span class='ocrx_word' id='word_1_418' title='bbox 2960 1250 3164 1305; x_wconf 88' lang='lat' dir='ltr'>beatus</span> <span class='ocrx_word' id='word_1_419' title='bbox 3202 1251 3363 1304; x_wconf 84' lang='lat' dir='ltr'>extra</span> <span class='ocrx_word' id='word_1_420' title='bbox 3389 1246 3596 1301; x_wconf 89' lang='lat' dir='ltr'>urbem</span> <span class='ocrx_word' id='word_1_421' title='bbox 3629 1263 3736 1300; x_wconf 82' lang='lat' dir='ltr'>no-</span> 
     </span>
    </p>
   </div>
   <div class='ocr_carea' id='block_1_57' title="bbox 2107 1339 3739 1417">
    <p class='ocr_par' dir='ltr' id='par_1_57' title="bbox 2107 1339 3739 1417">
     <span class='ocr_line' id='line_1_57' title="bbox 2107 1339 3739 1417; baseline -0.007 -13"><span class='ocrx_word' id='word_1_422' title='bbox 2107 1353 2306 1416; x_wconf 89' lang='lat' dir='ltr'>stram,</span> <span class='ocrx_word' id='word_1_423' title='bbox 2319 1347 2651 1417; x_wconf 88' lang='lat' dir='ltr'>audivitque</span> <span class='ocrx_word' id='word_1_424' title='bbox 2665 1345 3076 1400; x_wconf 90' lang='lat' dir='ltr'>damnatorum</span> <span class='ocrx_word' id='word_1_425' title='bbox 3097 1359 3266 1398; x_wconf 90' lang='lat' dir='ltr'>voces</span> <span class='ocrx_word' id='word_1_426' title='bbox 3278 1359 3308 1396; x_wconf 94' lang='lat' dir='ltr'>e</span> <span class='ocrx_word' id='word_1_427' title='bbox 3323 1356 3572 1397; x_wconf 89' lang='lat' dir='ltr'>carcere.</span> <span class='ocrx_word' id='word_1_428' title='bbox 3590 1339 3739 1394; x_wconf 75' lang='lat' dir='ltr'>Misit</span> 
     </span>
    </p>
   </div>
   <div class='ocr_carea' id='block_1_58' title="bbox 2107 1438 3738 1518">
    <p class='ocr_par' dir='ltr' id='par_1_58' title="bbox 2107 1438 3738 1518">
     <span class='ocr_line' id='line_1_58' title="bbox 2107 1438 3738 1518; baseline -0.006 -17"><span class='ocrx_word' id='word_1_429' title='bbox 2107 1447 2301 1518; x_wconf 88' lang='lat' dir='ltr'>itaque</span> <span class='ocrx_word' id='word_1_430' title='bbox 2326 1445 2652 1500; x_wconf 89' lang='lat' dir='ltr'>ministrum</span> <span class='ocrx_word' id='word_1_431' title='bbox 2671 1460 2835 1497; x_wconf 90' lang='lat' dir='ltr'>suum</span> <span class='ocrx_word' id='word_1_432' title='bbox 2853 1442 2926 1496; x_wconf 90' lang='lat' dir='ltr'>ad</span> <span class='ocrx_word' id='word_1_433' title='bbox 2953 1441 3250 1496; x_wconf 89' lang='lat' dir='ltr'>custodem</span> <span class='ocrx_word' id='word_1_434' title='bbox 3271 1438 3536 1506; x_wconf 86' lang='lat' dir='ltr'>carceris,</span> <span class='ocrx_word' id='word_1_435' title='bbox 3559 1438 3658 1510; x_wconf 91' lang='lat' dir='ltr'>qui</span> <span class='ocrx_word' id='word_1_436' title='bbox 3681 1438 3738 1491; x_wconf 85' lang='lat' dir='ltr'>ei</span> 
     </span>
    </p>
   </div>
   <div class='ocr_carea' id='block_1_59' title="bbox 2107 1533 3734 1606">
    <p class='ocr_par' dir='ltr' id='par_1_59' title="bbox 2107 1533 3734 1606">
     <span class='ocr_line' id='line_1_59' title="bbox 2107 1533 3734 1606; baseline -0.006 -11"><span class='ocrx_word' id='word_1_437' title='bbox 2107 1540 2341 1606; x_wconf 90' lang='lat' dir='ltr'>diceret,</span> <span class='ocrx_word' id='word_1_438' title='bbox 2381 1541 2442 1592; x_wconf 91' lang='lat' dir='ltr'>ut</span> <span class='ocrx_word' id='word_1_439' title='bbox 2471 1538 2688 1592; x_wconf 90' lang='lat' dir='ltr'>vinctos</span> <span class='ocrx_word' id='word_1_440' title='bbox 2723 1537 2859 1592; x_wconf 74' lang='lat' dir='ltr'>illos</span> <span class='ocrx_word' id='word_1_441' title='bbox 2891 1535 3184 1590; x_wconf 86' lang='lat' dir='ltr'>absolutos</span> <span class='ocrx_word' id='word_1_442' title='bbox 3218 1536 3516 1606; x_wconf 89' lang='lat' dir='ltr'>pateretur</span> <span class='ocrx_word' id='word_1_443' title='bbox 3548 1533 3734 1587; x_wconf 86' lang='lat' dir='ltr'>abire.</span> 
     </span>
    </p>
   </div>
   <div class='ocr_carea' id='block_1_60' title="bbox 2106 1627 3742 1706">
    <p class='ocr_par' dir='ltr' id='par_1_60' title="bbox 2106 1627 3742 1706">
     <span class='ocr_line' id='line_1_60' title="bbox 2106 1627 3742 1706; baseline -0.006 -18"><span class='ocrx_word' id='word_1_444' title='bbox 2106 1632 2422 1706; x_wconf 85' lang='lat' dir='ltr'>Respondit</span> <span class='ocrx_word' id='word_1_445' title='bbox 2445 1634 2635 1686; x_wconf 89' lang='lat' dir='ltr'>custos</span> <span class='ocrx_word' id='word_1_446' title='bbox 2665 1646 2782 1686; x_wconf 92' lang='lat' dir='ltr'>non</span> <span class='ocrx_word' id='word_1_447' title='bbox 2809 1647 2868 1684; x_wconf 88' lang='lat' dir='ltr'>se</span> <span class='ocrx_word' id='word_1_448' title='bbox 2890 1628 2948 1684; x_wconf 91' lang='lat' dir='ltr'>id</span> <span class='ocrx_word' id='word_1_449' title='bbox 2979 1643 3185 1684; x_wconf 86' lang='lat' dir='ltr'>ausum</span> <span class='ocrx_word' id='word_1_450' title='bbox 3212 1644 3356 1695; x_wconf 89' lang='lat' dir='ltr'>esse,</span> <span class='ocrx_word' id='word_1_451' title='bbox 3389 1643 3461 1681; x_wconf 91' lang='lat' dir='ltr'>ne</span> <span class='ocrx_word' id='word_1_452' title='bbox 3492 1627 3614 1698; x_wconf 91' lang='lat' dir='ltr'>ipse</span> <span class='ocrx_word' id='word_1_453' title='bbox 3645 1642 3742 1680; x_wconf 88' lang='lat' dir='ltr'>co-</span> 
     </span>
    </p>
   </div>
   <div class='ocr_carea' id='block_1_61' title="bbox 2025 1718 3738 1818">
    <p class='ocr_par' dir='ltr' id='par_1_61' title="bbox 2025 1718 3738 1818">
     <span class='ocr_line' id='line_1_61' title="bbox 2025 1718 3738 1818; baseline -0.005 -36"><span class='ocrx_word' id='word_1_454' title='bbox 2025 1745 2083 1818; x_wconf 81' lang='lat' dir='ltr'><strong>B</strong></span> <span class='ocrx_word' id='word_1_455' title='bbox 2107 1726 2411 1798; x_wconf 87' lang='lat' dir='ltr'>gereturin</span> <span class='ocrx_word' id='word_1_456' title='bbox 2429 1725 2660 1780; x_wconf 91' lang='lat' dir='ltr'>illorum</span> <span class='ocrx_word' id='word_1_457' title='bbox 2673 1725 2866 1778; x_wconf 92' lang='lat' dir='ltr'>locum</span> <span class='ocrx_word' id='word_1_458' title='bbox 2883 1723 3206 1778; x_wconf 86' lang='lat' dir='ltr'>succedere.</span> <span class='ocrx_word' id='word_1_459' title='bbox 3225 1723 3369 1776; x_wconf 89' lang='lat' dir='ltr'>Tum</span> <span class='ocrx_word' id='word_1_460' title='bbox 3383 1721 3468 1775; x_wconf 89' lang='lat' dir='ltr'>vir</span> <span class='ocrx_word' id='word_1_461' title='bbox 3485 1718 3582 1774; x_wconf 89' lang='lat' dir='ltr'>Dei</span> <span class='ocrx_word' id='word_1_462' title='bbox 3601 1735 3738 1774; x_wconf 87' lang='lat' dir='ltr'>cum</span> 
     </span>
    </p>
   </div>
   <div class='ocr_carea' id='block_1_62' title="bbox 2105 1813 3745 1892">
    <p class='ocr_par' dir='ltr' id='par_1_62' title="bbox 2105 1813 3745 1892">
     <span class='ocr_line' id='line_1_62' title="bbox 2105 1813 3745 1892; baseline -0.005 -17"><span class='ocrx_word' id='word_1_463' title='bbox 2105 1820 2372 1892; x_wconf 83' lang='lat' dir='ltr'>lacrymis</span> <span class='ocrx_word' id='word_1_464' title='bbox 2397 1817 2620 1890; x_wconf 82' lang='lat' dir='ltr'>rogavit</span> <span class='ocrx_word' id='word_1_465' title='bbox 2640 1817 2952 1872; x_wconf 92' lang='lat' dir='ltr'>Dominum</span> <span class='ocrx_word' id='word_1_466' title='bbox 2971 1832 3076 1888; x_wconf 90' lang='lat' dir='ltr'>pro</span> <span class='ocrx_word' id='word_1_467' title='bbox 3101 1814 3242 1870; x_wconf 88' lang='lat' dir='ltr'>illis:</span> <span class='ocrx_word' id='word_1_468' title='bbox 3272 1819 3330 1869; x_wconf 89' lang='lat' dir='ltr'>et</span> <span class='ocrx_word' id='word_1_469' title='bbox 3355 1829 3486 1869; x_wconf 89' lang='lat' dir='ltr'>ecce</span> <span class='ocrx_word' id='word_1_470' title='bbox 3513 1813 3608 1868; x_wconf 91' lang='lat' dir='ltr'>die</span> <span class='ocrx_word' id='word_1_471' title='bbox 3625 1816 3745 1866; x_wconf 87' lang='lat' dir='ltr'>ter-</span> 
     </span>
    </p>
   </div>
   <div class='ocr_carea' id='block_1_63' title="bbox 2105 1905 3743 1983">
    <p class='ocr_par' dir='ltr' id='par_1_63' title="bbox 2105 1905 3743 1983">
     <span class='ocr_line' id='line_1_63' title="bbox 2105 1905 3743 1983; baseline -0.005 -15"><span class='ocrx_word' id='word_1_472' title='bbox 2105 1913 2187 1968; x_wconf 92' lang='lat' dir='ltr'>tio</span> <span class='ocrx_word' id='word_1_473' title='bbox 2224 1929 2326 1967; x_wconf 90' lang='lat' dir='ltr'>sua</span> <span class='ocrx_word' id='word_1_474' title='bbox 2365 1915 2569 1983; x_wconf 91' lang='lat' dir='ltr'>sponte</span> <span class='ocrx_word' id='word_1_475' title='bbox 2610 1910 2851 1983; x_wconf 88' lang='lat' dir='ltr'>patescit</span> <span class='ocrx_word' id='word_1_476' title='bbox 2881 1925 3094 1977; x_wconf 90' lang='lat' dir='ltr'>carcer,</span> <span class='ocrx_word' id='word_1_477' title='bbox 3137 1910 3459 1980; x_wconf 83' lang='lat' dir='ltr'>exeuntque</span> <span class='ocrx_word' id='word_1_478' title='bbox 3495 1905 3596 1978; x_wconf 90' lang='lat' dir='ltr'>qui</span> <span class='ocrx_word' id='word_1_479' title='bbox 3620 1905 3743 1960; x_wconf 89' lang='lat' dir='ltr'>illic</span> 
     </span>
    </p>
   </div>
   <div class='ocr_carea' id='block_1_64' title="bbox 2107 2000 3737 2072">
    <p class='ocr_par' dir='ltr' id='par_1_64' title="bbox 2107 2000 3737 2072">
     <span class='ocr_line' id='line_1_64' title="bbox 2107 2000 3737 2072; baseline -0.005 -11"><span class='ocrx_word' id='word_1_480' title='bbox 2107 2006 2535 2072; x_wconf 85' lang='lat' dir='ltr'>detinebantur,</span> <span class='ocrx_word' id='word_1_481' title='bbox 2565 2008 2624 2059; x_wconf 90' lang='lat' dir='ltr'>et</span> <span class='ocrx_word' id='word_1_482' title='bbox 2648 2004 2720 2059; x_wconf 92' lang='lat' dir='ltr'>ad</span> <span class='ocrx_word' id='word_1_483' title='bbox 2756 2007 3017 2059; x_wconf 91' lang='lat' dir='ltr'>nostram</span> <span class='ocrx_word' id='word_1_484' title='bbox 3052 2001 3352 2057; x_wconf 89' lang='lat' dir='ltr'>ecclesiam</span> <span class='ocrx_word' id='word_1_485' title='bbox 3381 2017 3505 2056; x_wconf 90' lang='lat' dir='ltr'>sese</span> <span class='ocrx_word' id='word_1_486' title='bbox 3533 2000 3737 2054; x_wconf 84' lang='lat' dir='ltr'>confe-</span> 
     </span>
    </p>
   </div>
   <div class='ocr_carea' id='block_1_65' title="bbox 2104 2092 3740 2169">
    <p class='ocr_par' dir='ltr' id='par_1_65' title="bbox 2104 2092 3740 2169">
     <span class='ocr_line' id='line_1_65' title="bbox 2104 2092 3740 2169; baseline -0.006 -14"><span class='ocrx_word' id='word_1_487' title='bbox 2104 2103 2259 2156; x_wconf 91' lang='lat' dir='ltr'>runt.</span> <span class='ocrx_word' id='word_1_488' title='bbox 2290 2099 2540 2155; x_wconf 91' lang='lat' dir='ltr'>Clericus</span> <span class='ocrx_word' id='word_1_489' title='bbox 2567 2097 2798 2169; x_wconf 89' lang='lat' dir='ltr'>quidam</span> <span class='ocrx_word' id='word_1_490' title='bbox 2835 2097 3170 2167; x_wconf 86' lang='lat' dir='ltr'>Ragnoinus</span> <span class='ocrx_word' id='word_1_491' title='bbox 3207 2094 3443 2150; x_wconf 90' lang='lat' dir='ltr'>nomine</span> <span class='ocrx_word' id='word_1_492' title='bbox 3477 2093 3635 2147; x_wconf 87' lang='lat' dir='ltr'>venit</span> <span class='ocrx_word' id='word_1_493' title='bbox 3659 2092 3740 2147; x_wconf 88' lang='lat' dir='ltr'>ad</span> 
     </span>
    </p>
   </div>
   <div class='ocr_carea' id='block_1_66' title="bbox 2106 2186 3738 2265">
    <p class='ocr_par' dir='ltr' id='par_1_66' title="bbox 2106 2186 3738 2265">
     <span class='ocr_line' id='line_1_66' title="bbox 2106 2186 3738 2265; baseline -0.006 -16"><span class='ocrx_word' id='word_1_494' title='bbox 2106 2197 2368 2250; x_wconf 89' lang='lat' dir='ltr'>sanctum</span> <span class='ocrx_word' id='word_1_495' title='bbox 2393 2191 2748 2265; x_wconf 85' lang='lat' dir='ltr'>pontificem,</span> <span class='ocrx_word' id='word_1_496' title='bbox 2777 2207 2991 2262; x_wconf 86' lang='lat' dir='ltr'>rogans</span> <span class='ocrx_word' id='word_1_497' title='bbox 3027 2193 3090 2244; x_wconf 91' lang='lat' dir='ltr'>ut</span> <span class='ocrx_word' id='word_1_498' title='bbox 3125 2187 3445 2244; x_wconf 89' lang='lat' dir='ltr'>sacerdotio</span> <span class='ocrx_word' id='word_1_499' title='bbox 3473 2186 3738 2242; x_wconf 79' lang='lat' dir='ltr'>initiare-</span> 
     </span>
    </p>
   </div>
   <div class='ocr_carea' id='block_1_67' title="bbox 2105 2283 3741 2347">
    <p class='ocr_par' dir='ltr' id='par_1_67' title="bbox 2105 2283 3741 2347">
     <span class='ocr_line' id='line_1_67' title="bbox 2105 2283 3741 2347; baseline -0.006 -4"><span class='ocrx_word' id='word_1_500' title='bbox 2105 2292 2216 2343; x_wconf 85' lang='lat' dir='ltr'>tur.</span> <span class='ocrx_word' id='word_1_501' title='bbox 2244 2289 2619 2342; x_wconf 87' lang='lat' dir='ltr'>Percontatus</span> <span class='ocrx_word' id='word_1_502' title='bbox 2642 2287 2729 2340; x_wconf 89' lang='lat' dir='ltr'>est</span> <span class='ocrx_word' id='word_1_503' title='bbox 2753 2288 2949 2340; x_wconf 88' lang='lat' dir='ltr'>autem</span> <span class='ocrx_word' id='word_1_504' title='bbox 2977 2301 3044 2338; x_wconf 85' lang='lat' dir='ltr'>ex</span> <span class='ocrx_word' id='word_1_505' title='bbox 3070 2284 3168 2339; x_wconf 93' lang='lat' dir='ltr'>illo</span> <span class='ocrx_word' id='word_1_506' title='bbox 3197 2283 3284 2338; x_wconf 91' lang='lat' dir='ltr'>vir</span> <span class='ocrx_word' id='word_1_507' title='bbox 3311 2284 3559 2347; x_wconf 91' lang='lat' dir='ltr'>sanctus,</span> <span class='ocrx_word' id='word_1_508' title='bbox 3589 2295 3741 2334; x_wconf 89' lang='lat' dir='ltr'>num</span> 
     </span>
    </p>
   </div>
   <div class='ocr_carea' id='block_1_68' title="bbox 2105 2374 3739 2438">
    <p class='ocr_par' dir='ltr' id='par_1_68' title="bbox 2105 2374 3739 2438">
     <span class='ocr_line' id='line_1_68' title="bbox 2105 2374 3739 2438; baseline -0.006 0"><span class='ocrx_word' id='word_1_509' title='bbox 2105 2385 2258 2438; x_wconf 89' lang='lat' dir='ltr'>caste</span> <span class='ocrx_word' id='word_1_510' title='bbox 2288 2381 2503 2436; x_wconf 86' lang='lat' dir='ltr'>viveret</span> <span class='ocrx_word' id='word_1_511' title='bbox 2533 2383 2592 2434; x_wconf 91' lang='lat' dir='ltr'>et</span> <span class='ocrx_word' id='word_1_512' title='bbox 2620 2396 2654 2434; x_wconf 91' lang='lat' dir='ltr'>a</span> <span class='ocrx_word' id='word_1_513' title='bbox 2678 2378 2911 2434; x_wconf 84' lang='lat' dir='ltr'>feminis</span> <span class='ocrx_word' id='word_1_514' title='bbox 2936 2395 2995 2433; x_wconf 90' lang='lat' dir='ltr'>se</span> <span class='ocrx_word' id='word_1_515' title='bbox 3023 2380 3277 2433; x_wconf 88' lang='lat' dir='ltr'>servaret</span> <span class='ocrx_word' id='word_1_516' title='bbox 3305 2374 3739 2432; x_wconf 86' lang='lat' dir='ltr'>incontamina-</span> 
     </span>
    </p>
   </div>
   <div class='ocr_carea' id='block_1_69' title="bbox 2103 2468 3738 2544">
    <p class='ocr_par' dir='ltr' id='par_1_69' title="bbox 2103 2468 3738 2544">
     <span class='ocr_line' id='line_1_69' title="bbox 2103 2468 3738 2544; baseline -0.006 -13"><span class='ocrx_word' id='word_1_517' title='bbox 2103 2479 2248 2531; x_wconf 91' lang='lat' dir='ltr'>tum.</span> <span class='ocrx_word' id='word_1_518' title='bbox 2276 2475 2374 2530; x_wconf 92' lang='lat' dir='ltr'>Illo</span> <span class='ocrx_word' id='word_1_519' title='bbox 2409 2475 2742 2529; x_wconf 90' lang='lat' dir='ltr'>constanter</span> <span class='ocrx_word' id='word_1_520' title='bbox 2779 2472 3186 2544; x_wconf 88' lang='lat' dir='ltr'>respondente,</span> <span class='ocrx_word' id='word_1_521' title='bbox 3225 2488 3285 2526; x_wconf 90' lang='lat' dir='ltr'>se</span> <span class='ocrx_word' id='word_1_522' title='bbox 3318 2471 3595 2525; x_wconf 87' lang='lat' dir='ltr'>hactenus</span> <span class='ocrx_word' id='word_1_523' title='bbox 3621 2468 3738 2523; x_wconf 86' lang='lat' dir='ltr'>im-</span> 
     </span>
    </p>
   </div>
   <div class='ocr_carea' id='block_1_70' title="bbox 2105 2561 3742 2642">
    <p class='ocr_par' dir='ltr' id='par_1_70' title="bbox 2105 2561 3742 2642">
     <span class='ocr_line' id='line_1_70' title="bbox 2105 2561 3742 2642; baseline -0.005 -18"><span class='ocrx_word' id='word_1_524' title='bbox 2105 2570 2324 2642; x_wconf 89' lang='lat' dir='ltr'>polluto</span> <span class='ocrx_word' id='word_1_525' title='bbox 2367 2584 2608 2639; x_wconf 90' lang='lat' dir='ltr'>corpore</span> <span class='ocrx_word' id='word_1_526' title='bbox 2651 2566 2902 2622; x_wconf 89' lang='lat' dir='ltr'>Domino</span> <span class='ocrx_word' id='word_1_527' title='bbox 2937 2565 3216 2632; x_wconf 87' lang='lat' dir='ltr'>serviisse,</span> <span class='ocrx_word' id='word_1_528' title='bbox 3248 2563 3335 2618; x_wconf 88' lang='lat' dir='ltr'>vir</span> <span class='ocrx_word' id='word_1_529' title='bbox 3367 2563 3569 2618; x_wconf 88' lang='lat' dir='ltr'>beatus</span> <span class='ocrx_word' id='word_1_530' title='bbox 3593 2561 3646 2616; x_wconf 91' lang='lat' dir='ltr'>ei</span> <span class='ocrx_word' id='word_1_531' title='bbox 3672 2563 3742 2615; x_wconf 83' lang='lat' dir='ltr'>et</span> 
     </span>
    </p>
   </div>
   <div class='ocr_carea' id='block_1_71' title="bbox 2105 2655 3742 2732">
    <p class='ocr_par' dir='ltr' id='par_1_71' title="bbox 2105 2655 3742 2732">
     <span class='ocr_line' id='line_1_71' title="bbox 2105 2655 3742 2732; baseline -0.005 -14"><span class='ocrx_word' id='word_1_532' title='bbox 2105 2664 2318 2730; x_wconf 91' lang='lat' dir='ltr'>locum,</span> <span class='ocrx_word' id='word_1_533' title='bbox 2347 2665 2405 2717; x_wconf 92' lang='lat' dir='ltr'>et</span> <span class='ocrx_word' id='word_1_534' title='bbox 2419 2665 2666 2732; x_wconf 89' lang='lat' dir='ltr'>tempus,</span> <span class='ocrx_word' id='word_1_535' title='bbox 2693 2664 2751 2715; x_wconf 92' lang='lat' dir='ltr'>et</span> <span class='ocrx_word' id='word_1_536' title='bbox 2775 2659 3082 2715; x_wconf 89' lang='lat' dir='ltr'>mulierem</span> <span class='ocrx_word' id='word_1_537' title='bbox 3099 2657 3352 2714; x_wconf 90' lang='lat' dir='ltr'>libidinis</span> <span class='ocrx_word' id='word_1_538' title='bbox 3369 2657 3493 2728; x_wconf 87' lang='lat' dir='ltr'>ejus</span> <span class='ocrx_word' id='word_1_539' title='bbox 3512 2655 3742 2712; x_wconf 84' lang='lat' dir='ltr'>sociam</span> 
     </span>
    </p>
   </div>
   <div class='ocr_carea' id='block_1_72' title="bbox 2104 2748 3742 2812">
    <p class='ocr_par' dir='ltr' id='par_1_72' title="bbox 2104 2748 3742 2812">
     <span class='ocr_line' id='line_1_72' title="bbox 2104 2748 3742 2812; baseline -0.004 -1"><span class='ocrx_word' id='word_1_540' title='bbox 2104 2755 2397 2812; x_wconf 89' lang='lat' dir='ltr'>indicavit.</span> <span class='ocrx_word' id='word_1_541' title='bbox 2428 2755 2682 2811; x_wconf 89' lang='lat' dir='ltr'>Cernens</span> <span class='ocrx_word' id='word_1_542' title='bbox 2713 2753 2948 2809; x_wconf 89' lang='lat' dir='ltr'>clericus</span> <span class='ocrx_word' id='word_1_543' title='bbox 2985 2771 3044 2808; x_wconf 90' lang='lat' dir='ltr'>se</span> <span class='ocrx_word' id='word_1_544' title='bbox 3083 2753 3263 2808; x_wconf 87' lang='lat' dir='ltr'>latere</span> <span class='ocrx_word' id='word_1_545' title='bbox 3296 2751 3597 2806; x_wconf 84' lang='lat' dir='ltr'>hominem</span> <span class='ocrx_word' id='word_1_546' title='bbox 3627 2748 3742 2804; x_wconf 86' lang='lat' dir='ltr'>Dei</span> 
     </span>
    </p>
   </div>
   <div class='ocr_carea' id='block_1_73' title="bbox 2105 2842 3745 2922">
    <p class='ocr_par' dir='ltr' id='par_1_73' title="bbox 2105 2842 3745 2922">
     <span class='ocr_line' id='line_1_73' title="bbox 2105 2842 3745 2922; baseline -0.005 -17"><span class='ocrx_word' id='word_1_547' title='bbox 2105 2867 2223 2906; x_wconf 92' lang='lat' dir='ltr'>non</span> <span class='ocrx_word' id='word_1_548' title='bbox 2249 2865 2434 2922; x_wconf 88' lang='lat' dir='ltr'>posse,</span> <span class='ocrx_word' id='word_1_549' title='bbox 2471 2847 2705 2920; x_wconf 89' lang='lat' dir='ltr'>propria</span> <span class='ocrx_word' id='word_1_550' title='bbox 2735 2847 3024 2903; x_wconf 91' lang='lat' dir='ltr'>convictus</span> <span class='ocrx_word' id='word_1_551' title='bbox 3053 2845 3424 2912; x_wconf 89' lang='lat' dir='ltr'>conscientia,</span> <span class='ocrx_word' id='word_1_552' title='bbox 3455 2843 3527 2898; x_wconf 90' lang='lat' dir='ltr'>ad</span> <span class='ocrx_word' id='word_1_553' title='bbox 3554 2842 3745 2915; x_wconf 80' lang='lat' dir='ltr'>pedes</span> 
     </span>
    </p>
   </div>
   <div class='ocr_carea' id='block_1_74' title="bbox 2106 2935 3737 3014">
    <p class='ocr_par' dir='ltr' id='par_1_74' title="bbox 2106 2935 3737 3014">
     <span class='ocr_line' id='line_1_74' title="bbox 2106 2935 3737 3014; baseline -0.004 -17"><span class='ocrx_word' id='word_1_554' title='bbox 2106 2945 2228 3014; x_wconf 83' lang='lat' dir='ltr'>ejus</span> <span class='ocrx_word' id='word_1_555' title='bbox 2253 2942 2518 3014; x_wconf 91' lang='lat' dir='ltr'>procidit,</span> <span class='ocrx_word' id='word_1_556' title='bbox 2543 2945 2602 2996; x_wconf 89' lang='lat' dir='ltr'>et</span> <span class='ocrx_word' id='word_1_557' title='bbox 2629 2942 2858 3013; x_wconf 90' lang='lat' dir='ltr'>culpam</span> <span class='ocrx_word' id='word_1_558' title='bbox 2883 2957 3048 2996; x_wconf 90' lang='lat' dir='ltr'>suam</span> <span class='ocrx_word' id='word_1_559' title='bbox 3079 2940 3374 2996; x_wconf 90' lang='lat' dir='ltr'>confessus</span> <span class='ocrx_word' id='word_1_560' title='bbox 3403 2941 3508 2992; x_wconf 89' lang='lat' dir='ltr'>est.</span> <span class='ocrx_word' id='word_1_561' title='bbox 3537 2937 3597 2992; x_wconf 91' lang='lat' dir='ltr'>ld</span> <span class='ocrx_word' id='word_1_562' title='bbox 3630 2935 3737 2991; x_wconf 90' lang='lat' dir='ltr'>ubi</span> 
     </span>
    </p>
   </div>
   <div class='ocr_carea' id='block_1_75' title="bbox 2105 3030 3738 3107">
    <p class='ocr_par' dir='ltr' id='par_1_75' title="bbox 2105 3030 3738 3107">
     <span class='ocr_line' id='line_1_75' title="bbox 2105 3030 3738 3107; baseline -0.004 -15"><span class='ocrx_word' id='word_1_563' title='bbox 2105 3037 2181 3092; x_wconf 91' lang='lat' dir='ltr'>ad</span> <span class='ocrx_word' id='word_1_564' title='bbox 2207 3037 2450 3092; x_wconf 88' lang='lat' dir='ltr'>aliorum</span> <span class='ocrx_word' id='word_1_565' title='bbox 2474 3035 2741 3092; x_wconf 86' lang='lat' dir='ltr'>notitiam</span> <span class='ocrx_word' id='word_1_566' title='bbox 2767 3034 3048 3107; x_wconf 88' lang='lat' dir='ltr'>pervenit,</span> <span class='ocrx_word' id='word_1_567' title='bbox 3071 3033 3239 3090; x_wconf 89' lang='lat' dir='ltr'>multi</span> <span class='ocrx_word' id='word_1_568' title='bbox 3263 3032 3436 3088; x_wconf 91' lang='lat' dir='ltr'>sacris</span> <span class='ocrx_word' id='word_1_569' title='bbox 3463 3030 3738 3086; x_wconf 88' lang='lat' dir='ltr'>initiandi</span> 
     </span>
    </p>
   </div>
   <div class='ocr_carea' id='block_1_76' title="bbox 2105 3124 3735 3202">
    <p class='ocr_par' dir='ltr' id='par_1_76' title="bbox 2105 3124 3735 3202">
     <span class='ocr_line' id='line_1_76' title="bbox 2105 3124 3735 3202; baseline -0.004 -16"><span class='ocrx_word' id='word_1_570' title='bbox 2105 3131 2176 3186; x_wconf 89' lang='lat' dir='ltr'>ab</span> <span class='ocrx_word' id='word_1_571' title='bbox 2208 3130 2330 3202; x_wconf 90' lang='lat' dir='ltr'>ejus</span> <span class='ocrx_word' id='word_1_572' title='bbox 2357 3147 2416 3185; x_wconf 92' lang='lat' dir='ltr'>se</span> <span class='ocrx_word' id='word_1_573' title='bbox 2439 3133 2746 3202; x_wconf 89' lang='lat' dir='ltr'>conspectu</span> <span class='ocrx_word' id='word_1_574' title='bbox 2773 3129 3092 3184; x_wconf 86' lang='lat' dir='ltr'>subduxere</span> <span class='ocrx_word' id='word_1_575' title='bbox 3116 3145 3130 3196; x_wconf 92' lang='lat'><strong>;</strong></span> <span class='ocrx_word' id='word_1_576' title='bbox 3160 3128 3430 3199; x_wconf 90' lang='lat' dir='ltr'>maleque</span> <span class='ocrx_word' id='word_1_577' title='bbox 3457 3124 3562 3180; x_wconf 89' lang='lat' dir='ltr'>sibi</span> <span class='ocrx_word' id='word_1_578' title='bbox 3587 3141 3735 3180; x_wconf 90' lang='lat' dir='ltr'>con-</span> 
     </span>
    </p>
   </div>
   <div class='ocr_carea' id='block_1_77' title="bbox 2103 3221 3737 3292">
    <p class='ocr_par' dir='ltr' id='par_1_77' title="bbox 2103 3221 3737 3292">
     <span class='ocr_line' id='line_1_77' title="bbox 2103 3221 3737 3292; baseline -0.004 -14"><span class='ocrx_word' id='word_1_579' title='bbox 2103 3223 2224 3292; x_wconf 92' lang='lat' dir='ltr'>scii,</span> <span class='ocrx_word' id='word_1_580' title='bbox 2263 3240 2380 3279; x_wconf 91' lang='lat' dir='ltr'>non</span> <span class='ocrx_word' id='word_1_581' title='bbox 2421 3224 2584 3278; x_wconf 90' lang='lat' dir='ltr'>fuere</span> <span class='ocrx_word' id='word_1_582' title='bbox 2619 3223 2742 3278; x_wconf 87' lang='lat' dir='ltr'>ausi</span> <span class='ocrx_word' id='word_1_583' title='bbox 2781 3239 2972 3278; x_wconf 88' lang='lat' dir='ltr'>sacros</span> <span class='ocrx_word' id='word_1_584' title='bbox 3003 3221 3236 3278; x_wconf 89' lang='lat' dir='ltr'>ordines</span> <span class='ocrx_word' id='word_1_585' title='bbox 3266 3221 3338 3276; x_wconf 88' lang='lat' dir='ltr'>ab</span> <span class='ocrx_word' id='word_1_586' title='bbox 3373 3221 3470 3274; x_wconf 90' lang='lat' dir='ltr'>illo</span> <span class='ocrx_word' id='word_1_587' title='bbox 3509 3221 3737 3291; x_wconf 86' lang='lat' dir='ltr'>petere,</span> 
     </span>
    </p>
   </div>
   <div class='ocr_carea' id='block_1_78' title="bbox 2101 3311 3738 3388">
    <p class='ocr_par' dir='ltr' id='par_1_78' title="bbox 2101 3311 3738 3388">
     <span class='ocr_line' id='line_1_78' title="bbox 2101 3311 3738 3388; baseline -0.004 -16"><span class='ocrx_word' id='word_1_588' title='bbox 2101 3321 2259 3372; x_wconf 90' lang='lat' dir='ltr'>certo</span> <span class='ocrx_word' id='word_1_589' title='bbox 2288 3333 2627 3388; x_wconf 88' lang='lat' dir='ltr'>persuasum</span> <span class='ocrx_word' id='word_1_590' title='bbox 2663 3316 2965 3384; x_wconf 89' lang='lat' dir='ltr'>habentes,</span> <span class='ocrx_word' id='word_1_591' title='bbox 3003 3333 3121 3372; x_wconf 90' lang='lat' dir='ltr'>non</span> <span class='ocrx_word' id='word_1_592' title='bbox 3159 3331 3293 3370; x_wconf 92' lang='lat' dir='ltr'>eum</span> <span class='ocrx_word' id='word_1_593' title='bbox 3327 3315 3510 3370; x_wconf 88' lang='lat' dir='ltr'>latere</span> <span class='ocrx_word' id='word_1_594' title='bbox 3549 3311 3738 3367; x_wconf 85' lang='lat' dir='ltr'>etiam</span> 
     </span>
    </p>
   </div>
   <div class='ocr_carea' id='block_1_79' title="bbox 2102 3410 2631 3468">
    <p class='ocr_par' dir='ltr' id='par_1_79' title="bbox 2102 3410 2631 3468">
     <span class='ocr_line' id='line_1_79' title="bbox 2102 3410 2631 3468; baseline 0 -2"><span class='ocrx_word' id='word_1_595' title='bbox 2102 3413 2322 3468; x_wconf 79' lang='lat' dir='ltr'>secreta</span> <span class='ocrx_word' id='word_1_596' title='bbox 2350 3410 2631 3467; x_wconf 88' lang='lat' dir='ltr'>cordium.</span> 
     </span>
    </p>
   </div>
   <div class='ocr_carea' id='block_1_80' title="bbox 2176 3550 3732 3625">
    <p class='ocr_par' dir='ltr' id='par_1_80' title="bbox 2176 3550 3732 3625">
     <span class='ocr_line' id='line_1_80' title="bbox 2176 3550 3732 3625; baseline -0.002 -15"><span class='ocrx_word' id='word_1_597' title='bbox 2176 3558 2260 3610; x_wconf 80' lang='lat' dir='ltr'>l3.</span> <span class='ocrx_word' id='word_1_598' title='bbox 2285 3555 2381 3609; x_wconf 89' lang='lat' dir='ltr'>Est</span> <span class='ocrx_word' id='word_1_599' title='bbox 2408 3553 2541 3608; x_wconf 91' lang='lat' dir='ltr'>villa</span> <span class='ocrx_word' id='word_1_600' title='bbox 2569 3551 2823 3609; x_wconf 61' lang='lat' dir='ltr'>ecclesiae</span> <span class='ocrx_word' id='word_1_601' title='bbox 2851 3552 3063 3609; x_wconf 80' lang='lat' dir='ltr'>nostrae</span> <span class='ocrx_word' id='word_1_602' title='bbox 3087 3568 3264 3625; x_wconf 91' lang='lat' dir='ltr'>quam</span> <span class='ocrx_word' id='word_1_603' title='bbox 3293 3550 3605 3609; x_wconf 86' lang='lat' dir='ltr'>Crisiacum</span> <span class='ocrx_word' id='word_1_604' title='bbox 3626 3567 3732 3607; x_wconf 83' lang='lat' dir='ltr'>vo-</span> 
     </span>
    </p>
   </div>
   <div class='ocr_carea' id='block_1_81' title="bbox 2101 3645 3735 3715">
    <p class='ocr_par' dir='ltr' id='par_1_81' title="bbox 2101 3645 3735 3715">
     <span class='ocr_line' id='line_1_81' title="bbox 2101 3645 3735 3715; baseline -0.002 -11"><span class='ocrx_word' id='word_1_605' title='bbox 2101 3652 2253 3705; x_wconf 90' lang='lat' dir='ltr'>cant.</span> <span class='ocrx_word' id='word_1_606' title='bbox 2282 3650 2346 3703; x_wconf 92' lang='lat' dir='ltr'>In</span> <span class='ocrx_word' id='word_1_607' title='bbox 2372 3664 2443 3702; x_wconf 93' lang='lat' dir='ltr'>ea</span> <span class='ocrx_word' id='word_1_608' title='bbox 2468 3664 2598 3702; x_wconf 92' lang='lat' dir='ltr'>cum</span> <span class='ocrx_word' id='word_1_609' title='bbox 2623 3651 2773 3702; x_wconf 90' lang='lat' dir='ltr'>esset</span> <span class='ocrx_word' id='word_1_610' title='bbox 2801 3647 2886 3702; x_wconf 87' lang='lat' dir='ltr'>vir</span> <span class='ocrx_word' id='word_1_611' title='bbox 2912 3646 3036 3715; x_wconf 92' lang='lat' dir='ltr'>Dei,</span> <span class='ocrx_word' id='word_1_612' title='bbox 3067 3645 3301 3701; x_wconf 89' lang='lat' dir='ltr'>adducti</span> <span class='ocrx_word' id='word_1_613' title='bbox 3334 3649 3468 3701; x_wconf 87' lang='lat' dir='ltr'>sunt</span> <span class='ocrx_word' id='word_1_614' title='bbox 3491 3646 3567 3702; x_wconf 88' lang='lat' dir='ltr'>ad</span> <span class='ocrx_word' id='word_1_615' title='bbox 3593 3663 3735 3701; x_wconf 89' lang='lat' dir='ltr'>eum</span> 
     </span>
    </p>
   </div>
   <div class='ocr_carea' id='block_1_82' title="bbox 2101 3741 3733 3813">
    <p class='ocr_par' dir='ltr' id='par_1_82' title="bbox 2101 3741 3733 3813">
     <span class='ocr_line' id='line_1_82' title="bbox 2101 3741 3733 3813; baseline -0.001 -16"><span class='ocrx_word' id='word_1_616' title='bbox 2101 3742 2214 3798; x_wconf 90' lang='lat' dir='ltr'>duo</span> <span class='ocrx_word' id='word_1_617' title='bbox 2237 3741 2603 3811; x_wconf 70' lang='lat' dir='ltr'>daamoniaci,</span> <span class='ocrx_word' id='word_1_618' title='bbox 2631 3741 3031 3813; x_wconf 90' lang='lat' dir='ltr'>rogabantque</span> <span class='ocrx_word' id='word_1_619' title='bbox 3059 3757 3194 3795; x_wconf 92' lang='lat' dir='ltr'>eum</span> <span class='ocrx_word' id='word_1_620' title='bbox 3211 3743 3482 3812; x_wconf 89' lang='lat' dir='ltr'>parentes</span> <span class='ocrx_word' id='word_1_621' title='bbox 3503 3757 3733 3810; x_wconf 88' lang='lat' dir='ltr'>eorum,</span> 
     </span>
    </p>
   </div>
   <div class='ocr_carea' id='block_1_83' title="bbox 2100 3833 3736 3907">
    <p class='ocr_par' dir='ltr' id='par_1_83' title="bbox 2100 3833 3736 3907">
     <span class='ocr_line' id='line_1_83' title="bbox 2100 3833 3736 3907; baseline -0.001 -17"><span class='ocrx_word' id='word_1_622' title='bbox 2100 3838 2163 3890; x_wconf 90' lang='lat' dir='ltr'>ut</span> <span class='ocrx_word' id='word_1_623' title='bbox 2182 3835 2297 3890; x_wconf 90' lang='lat' dir='ltr'>suis</span> <span class='ocrx_word' id='word_1_624' title='bbox 2317 3834 2580 3907; x_wconf 88' lang='lat' dir='ltr'>precibus</span> <span class='ocrx_word' id='word_1_625' title='bbox 2602 3834 2728 3890; x_wconf 88' lang='lat' dir='ltr'>illos</span> <span class='ocrx_word' id='word_1_626' title='bbox 2751 3837 3004 3889; x_wconf 87' lang='lat' dir='ltr'>sanaret.</span> <span class='ocrx_word' id='word_1_627' title='bbox 3026 3833 3431 3890; x_wconf 88' lang='lat' dir='ltr'>Sciscitabatur</span> <span class='ocrx_word' id='word_1_628' title='bbox 3447 3836 3647 3889; x_wconf 90' lang='lat' dir='ltr'>autem</span> <span class='ocrx_word' id='word_1_629' title='bbox 3664 3850 3736 3889; x_wconf 80' lang='lat' dir='ltr'>ex</span> 
     </span>
    </p>
   </div>
   <div class='ocr_carea' id='block_1_84' title="bbox 2101 3927 3737 4000">
    <p class='ocr_par' dir='ltr' id='par_1_84' title="bbox 2101 3927 3737 4000">
     <span class='ocr_line' id='line_1_84' title="bbox 2101 3927 3737 4000; baseline -0.001 -17"><span class='ocrx_word' id='word_1_630' title='bbox 2101 3928 2182 3983; x_wconf 91' lang='lat' dir='ltr'>eis</span> <span class='ocrx_word' id='word_1_631' title='bbox 2216 3932 2443 3984; x_wconf 89' lang='lat' dir='ltr'>sanctus</span> <span class='ocrx_word' id='word_1_632' title='bbox 2483 3927 2740 3998; x_wconf 88' lang='lat' dir='ltr'>antistes,</span> <span class='ocrx_word' id='word_1_633' title='bbox 2779 3945 2880 3982; x_wconf 92' lang='lat' dir='ltr'>cur</span> <span class='ocrx_word' id='word_1_634' title='bbox 2906 3927 2965 3982; x_wconf 91' lang='lat' dir='ltr'>id</span> <span class='ocrx_word' id='word_1_635' title='bbox 3002 3927 3138 4000; x_wconf 89' lang='lat' dir='ltr'>ipsis</span> <span class='ocrx_word' id='word_1_636' title='bbox 3175 3927 3509 3996; x_wconf 88' lang='lat' dir='ltr'>accidisset;</span> <span class='ocrx_word' id='word_1_637' title='bbox 3542 3930 3602 3982; x_wconf 90' lang='lat' dir='ltr'>et</span> <span class='ocrx_word' id='word_1_638' title='bbox 3626 3944 3737 4000; x_wconf 88' lang='lat' dir='ltr'>per</span> 
     </span>
    </p>
   </div>
   <div class='ocr_carea' id='block_1_85' title="bbox 2101 4019 3728 4094">
    <p class='ocr_par' dir='ltr' id='par_1_85' title="bbox 2101 4019 3728 4094">
     <span class='ocr_line' id='line_1_85' title="bbox 2101 4019 3728 4094; baseline -0.001 -16"><span class='ocrx_word' id='word_1_639' title='bbox 2101 4039 2302 4078; x_wconf 91' lang='lat' dir='ltr'>eorum</span> <span class='ocrx_word' id='word_1_640' title='bbox 2331 4040 2430 4078; x_wconf 91' lang='lat' dir='ltr'>ora</span> <span class='ocrx_word' id='word_1_641' title='bbox 2456 4021 2890 4094; x_wconf 89' lang='lat' dir='ltr'>respondebant</span> <span class='ocrx_word' id='word_1_642' title='bbox 2917 4019 3204 4076; x_wconf 88' lang='lat' dir='ltr'>immundi</span> <span class='ocrx_word' id='word_1_643' title='bbox 3237 4020 3486 4093; x_wconf 75' lang='lat' dir='ltr'>spiritus,</span> <span class='ocrx_word' id='word_1_644' title='bbox 3521 4038 3582 4075; x_wconf 91' lang='lat' dir='ltr'>se</span> <span class='ocrx_word' id='word_1_645' title='bbox 3608 4024 3728 4078; x_wconf 82' lang='lat' dir='ltr'>tor-</span> 
     </span>
    </p>
   </div>
   <div class='ocr_carea' id='block_1_86' title="bbox 2099 4113 3735 4190">
    <p class='ocr_par' dir='ltr' id='par_1_86' title="bbox 2099 4113 3735 4190">
     <span class='ocr_line' id='line_1_86' title="bbox 2099 4113 3735 4190; baseline -0.001 -19"><span class='ocrx_word' id='word_1_646' title='bbox 2099 4116 2261 4190; x_wconf 90' lang='lat' dir='ltr'>queri</span> <span class='ocrx_word' id='word_1_647' title='bbox 2281 4115 2352 4171; x_wconf 91' lang='lat' dir='ltr'>ab</span> <span class='ocrx_word' id='word_1_648' title='bbox 2375 4115 2520 4188; x_wconf 90' lang='lat' dir='ltr'>ipso,</span> <span class='ocrx_word' id='word_1_649' title='bbox 2553 4132 2660 4170; x_wconf 89' lang='lat' dir='ltr'>nec</span> <span class='ocrx_word' id='word_1_650' title='bbox 2684 4132 2851 4187; x_wconf 87' lang='lat' dir='ltr'>posse</span> <span class='ocrx_word' id='word_1_651' title='bbox 2881 4132 3077 4171; x_wconf 90' lang='lat' dir='ltr'>coram</span> <span class='ocrx_word' id='word_1_652' title='bbox 3105 4133 3174 4172; x_wconf 91' lang='lat' dir='ltr'>eo</span> <span class='ocrx_word' id='word_1_653' title='bbox 3196 4115 3382 4171; x_wconf 89' lang='lat' dir='ltr'>celare</span> <span class='ocrx_word' id='word_1_654' title='bbox 3408 4113 3735 4186; x_wconf 66' lang='lat' dir='ltr'>prestigias</span> 
     </span>
    </p>
   </div>
   <div class='ocr_carea' id='block_1_87' title="bbox 2097 4207 3736 4281">
    <p class='ocr_par' dir='ltr' id='par_1_87' title="bbox 2097 4207 3736 4281">
     <span class='ocr_line' id='line_1_87' title="bbox 2097 4207 3736 4281; baseline 0 -17"><span class='ocrx_word' id='word_1_655' title='bbox 2097 4227 2265 4266; x_wconf 90' lang='lat' dir='ltr'>suas:</span> <span class='ocrx_word' id='word_1_656' title='bbox 2295 4209 2580 4281; x_wconf 86' lang='lat' dir='ltr'>rogabant</span> <span class='ocrx_word' id='word_1_657' title='bbox 2617 4212 2812 4265; x_wconf 89' lang='lat' dir='ltr'>autem</span> <span class='ocrx_word' id='word_1_658' title='bbox 2857 4225 2990 4264; x_wconf 91' lang='lat' dir='ltr'>eum</span> <span class='ocrx_word' id='word_1_659' title='bbox 3029 4212 3093 4264; x_wconf 93' lang='lat' dir='ltr'>ut</span> <span class='ocrx_word' id='word_1_660' title='bbox 3125 4209 3170 4264; x_wconf 88' lang='lat' dir='ltr'>si</span> <span class='ocrx_word' id='word_1_661' title='bbox 3206 4208 3360 4281; x_wconf 90' lang='lat' dir='ltr'>ipsos</span> <span class='ocrx_word' id='word_1_662' title='bbox 3393 4207 3528 4263; x_wconf 88' lang='lat' dir='ltr'>inde</span> <span class='ocrx_word' id='word_1_663' title='bbox 3556 4209 3736 4264; x_wconf 87' lang='lat' dir='ltr'>vellet</span> 
     </span>
    </p>
   </div>
   <div class='ocr_carea' id='block_1_88' title="bbox 2098 4302 3734 4383">
    <p class='ocr_par' dir='ltr' id='par_1_88' title="bbox 2098 4302 3734 4383">
     <span class='ocr_line' id='line_1_88' title="bbox 2098 4302 3734 4383; baseline 0 -25"><span class='ocrx_word' id='word_1_664' title='bbox 2098 4303 2326 4376; x_wconf 90' lang='lat' dir='ltr'>ejicere,</span> <span class='ocrx_word' id='word_1_665' title='bbox 2353 4305 2558 4383; x_wconf 76' lang='lat' dir='ltr'>saltem</span> <span class='ocrx_word' id='word_1_666' title='bbox 2587 4303 2803 4358; x_wconf 88' lang='lat' dir='ltr'>sineret</span> <span class='ocrx_word' id='word_1_667' title='bbox 2825 4302 3080 4375; x_wconf 88' lang='lat' dir='ltr'>migrare</span> <span class='ocrx_word' id='word_1_668' title='bbox 3104 4303 3164 4358; x_wconf 92' lang='lat' dir='ltr'>in</span> <span class='ocrx_word' id='word_1_669' title='bbox 3201 4319 3427 4375; x_wconf 90' lang='lat' dir='ltr'>porcos.</span> <span class='ocrx_word' id='word_1_670' title='bbox 3456 4303 3734 4358; x_wconf 87' lang='lat' dir='ltr'>Permisit</span> 
     </span>
    </p>
   </div>
   <div class='ocr_carea' id='block_1_89' title="bbox 2097 4395 3728 4468">
    <p class='ocr_par' dir='ltr' id='par_1_89' title="bbox 2097 4395 3728 4468">
     <span class='ocr_line' id='line_1_89' title="bbox 2097 4395 3728 4468; baseline 0.001 -17"><span class='ocrx_word' id='word_1_671' title='bbox 2097 4397 2206 4452; x_wconf 89' lang='lat' dir='ltr'>hoc</span> <span class='ocrx_word' id='word_1_672' title='bbox 2224 4396 2310 4452; x_wconf 91' lang='lat' dir='ltr'>vir</span> <span class='ocrx_word' id='word_1_673' title='bbox 2326 4399 2556 4452; x_wconf 91' lang='lat' dir='ltr'>sanctus</span> <span class='ocrx_word' id='word_1_674' title='bbox 2573 4400 2632 4452; x_wconf 90' lang='lat' dir='ltr'>et</span> <span class='ocrx_word' id='word_1_675' title='bbox 2650 4395 2831 4452; x_wconf 89' lang='lat' dir='ltr'>crucis</span> <span class='ocrx_word' id='word_1_676' title='bbox 2857 4396 3023 4468; x_wconf 90' lang='lat' dir='ltr'>signo</span> <span class='ocrx_word' id='word_1_677' title='bbox 3051 4396 3206 4452; x_wconf 92' lang='lat' dir='ltr'>edito</span> <span class='ocrx_word' id='word_1_678' title='bbox 3229 4396 3558 4468; x_wconf 85' lang='lat' dir='ltr'>proﬂigavit</span> <span class='ocrx_word' id='word_1_679' title='bbox 3576 4397 3728 4465; x_wconf 84' lang='lat' dir='ltr'>illos,</span> 
     </span>
    </p>
   </div>
   <div class='ocr_carea' id='block_1_90' title="bbox 368 4479 3724 4558">
    <p class='ocr_par' dir='ltr' id='par_1_90' title="bbox 368 4479 3724 4558">
     <span class='ocr_line' id='line_1_90' title="bbox 368 4479 3724 4558; baseline 0 -12"><span class='ocrx_word' id='word_1_680' title='bbox 368 4497 564 4550; x_wconf 87' lang='lat' dir='ltr'>sancto</span> <span class='ocrx_word' id='word_1_681' title='bbox 590 4491 732 4558; x_wconf 90' lang='lat' dir='ltr'>viro,</span> <span class='ocrx_word' id='word_1_682' title='bbox 759 4488 965 4545; x_wconf 91' lang='lat' dir='ltr'>obtulit</span> <span class='ocrx_word' id='word_1_683' title='bbox 996 4488 1050 4542; x_wconf 91' lang='lat' dir='ltr'>ei</span> <span class='ocrx_word' id='word_1_684' title='bbox 1079 4486 1264 4541; x_wconf 84' lang='lat' dir='ltr'>ﬁlium</span> <span class='ocrx_word' id='word_1_685' title='bbox 1291 4503 1480 4554; x_wconf 89' lang='lat' dir='ltr'>suum,</span> <span class='ocrx_word' id='word_1_686' title='bbox 1515 4502 1690 4557; x_wconf 90' lang='lat' dir='ltr'>quem</span> <span class='ocrx_word' id='word_1_687' title='bbox 1720 4485 1994 4542; x_wconf 88' lang='lat' dir='ltr'>diuturna</span> <span class='ocrx_word' id='word_1_688' title='bbox 2013 4479 2073 4551; x_wconf 89' lang='lat' dir='ltr'>D</span> <span class='ocrx_word' id='word_1_689' title='bbox 2096 4489 2461 4546; x_wconf 85' lang='lat' dir='ltr'>itautomnes</span> <span class='ocrx_word' id='word_1_690' title='bbox 2474 4494 2727 4546; x_wconf 87' lang='lat' dir='ltr'>astantes</span> <span class='ocrx_word' id='word_1_691' title='bbox 2743 4489 3050 4546; x_wconf 89' lang='lat' dir='ltr'>laudarent</span> <span class='ocrx_word' id='word_1_692' title='bbox 3062 4487 3371 4546; x_wconf 90' lang='lat' dir='ltr'>Dominum</span> <span class='ocrx_word' id='word_1_693' title='bbox 3393 4489 3724 4546; x_wconf 84' lang='lat' dir='ltr'>mirabilem</span> 
     </span>
    </p>
   </div>
   <div class='ocr_carea' id='block_1_91' title="bbox 367 4580 1994 4644">
    <p class='ocr_par' dir='ltr' id='par_1_91' title="bbox 367 4580 1994 4644">
     <span class='ocr_line' id='line_1_91' title="bbox 367 4580 1994 4644; baseline -0.004 -1"><span class='ocrx_word' id='word_1_694' title='bbox 367 4587 544 4644; x_wconf 88' lang='lat' dir='ltr'>febris</span> <span class='ocrx_word' id='word_1_695' title='bbox 562 4585 936 4638; x_wconf 90' lang='lat' dir='ltr'>vehementer</span> <span class='ocrx_word' id='word_1_696' title='bbox 951 4581 1282 4636; x_wconf 89' lang='lat' dir='ltr'>afﬂictabat.</span> <span class='ocrx_word' id='word_1_697' title='bbox 1303 4580 1683 4638; x_wconf 82' lang='lat' dir='ltr'>Misericordia</span> <span class='ocrx_word' id='word_1_698' title='bbox 1700 4584 1894 4636; x_wconf 88' lang='lat' dir='ltr'>motus</span> <span class='ocrx_word' id='word_1_699' title='bbox 1909 4581 1994 4636; x_wconf 90' lang='lat' dir='ltr'>vir</span> 
     </span>
    </p>
   </div>
   <div class='ocr_carea' id='block_1_92' title="bbox 369 4673 1994 4750">
    <p class='ocr_par' dir='ltr' id='par_1_92' title="bbox 369 4673 1994 4750">
     <span class='ocr_line' id='line_1_92' title="bbox 369 4673 1994 4750; baseline -0.004 -14"><span class='ocrx_word' id='word_1_700' title='bbox 369 4680 468 4736; x_wconf 90' lang='lat' dir='ltr'>Dei</span> <span class='ocrx_word' id='word_1_701' title='bbox 489 4695 700 4750; x_wconf 92' lang='lat' dir='ltr'>aquam</span> <span class='ocrx_word' id='word_1_702' title='bbox 715 4675 885 4747; x_wconf 88' lang='lat' dir='ltr'>jussit</span> <span class='ocrx_word' id='word_1_703' title='bbox 907 4674 1120 4730; x_wconf 80' lang='lat' dir='ltr'>afferri.</span> <span class='ocrx_word' id='word_1_704' title='bbox 1148 4675 1415 4744; x_wconf 81' lang='lat' dir='ltr'>Allatam,</span> <span class='ocrx_word' id='word_1_705' title='bbox 1445 4691 1574 4730; x_wconf 91' lang='lat' dir='ltr'>cum</span> <span class='ocrx_word' id='word_1_706' title='bbox 1603 4673 1758 4746; x_wconf 90' lang='lat' dir='ltr'>prius</span> <span class='ocrx_word' id='word_1_707' title='bbox 1786 4675 1994 4730; x_wconf 81' lang='lat' dir='ltr'>Christi</span> 
     </span>
    </p>
   </div>
   <div class='ocr_carea' id='block_1_93' title="bbox 369 4767 1992 4840">
    <p class='ocr_par' dir='ltr' id='par_1_93' title="bbox 369 4767 1992 4840">
     <span class='ocr_line' id='line_1_93' title="bbox 369 4767 1992 4840; baseline -0.004 -10"><span class='ocrx_word' id='word_1_708' title='bbox 369 4789 586 4830; x_wconf 90' lang='lat' dir='ltr'>nomen</span> <span class='ocrx_word' id='word_1_709' title='bbox 604 4771 938 4836; x_wconf 89' lang='lat' dir='ltr'>invocasset,</span> <span class='ocrx_word' id='word_1_710' title='bbox 962 4770 1020 4822; x_wconf 91' lang='lat' dir='ltr'>et</span> <span class='ocrx_word' id='word_1_711' title='bbox 1039 4783 1172 4821; x_wconf 90' lang='lat' dir='ltr'>eam</span> <span class='ocrx_word' id='word_1_712' title='bbox 1194 4781 1359 4822; x_wconf 92' lang='lat' dir='ltr'>cruce</span> <span class='ocrx_word' id='word_1_713' title='bbox 1381 4767 1792 4839; x_wconf 87' lang='lat' dir='ltr'>consignasset,</span> <span class='ocrx_word' id='word_1_714' title='bbox 1813 4784 1992 4840; x_wconf 91' lang='lat' dir='ltr'>puero</span> 
     </span>
    </p>
   </div>
   <div class='ocr_carea' id='block_1_94' title="bbox 365 4859 1994 4934">
    <p class='ocr_par' dir='ltr' id='par_1_94' title="bbox 365 4859 1994 4934">
     <span class='ocr_line' id='line_1_94' title="bbox 365 4859 1994 4934; baseline -0.005 -10"><span class='ocrx_word' id='word_1_715' title='bbox 365 4865 682 4924; x_wconf 91' lang='lat' dir='ltr'>bibendam</span> <span class='ocrx_word' id='word_1_716' title='bbox 705 4862 928 4920; x_wconf 90' lang='lat' dir='ltr'>obtulit.</span> <span class='ocrx_word' id='word_1_717' title='bbox 958 4859 1107 4914; x_wconf 90' lang='lat' dir='ltr'>Bibit</span> <span class='ocrx_word' id='word_1_718' title='bbox 1125 4859 1241 4927; x_wconf 91' lang='lat' dir='ltr'>ille,</span> <span class='ocrx_word' id='word_1_719' title='bbox 1265 4863 1324 4913; x_wconf 89' lang='lat' dir='ltr'>et</span> <span class='ocrx_word' id='word_1_720' title='bbox 1343 4860 1565 4915; x_wconf 89' lang='lat' dir='ltr'>Christo</span> <span class='ocrx_word' id='word_1_721' title='bbox 1587 4861 1857 4934; x_wconf 91' lang='lat' dir='ltr'>propitio,</span> <span class='ocrx_word' id='word_1_722' title='bbox 1875 4879 1994 4916; x_wconf 88' lang='lat' dir='ltr'>me-</span> 
     </span>
    </p>
   </div>
   <div class='ocr_carea' id='block_1_95' title="bbox 365 4952 1992 5032">
    <p class='ocr_par' dir='ltr' id='par_1_95' title="bbox 365 4952 1992 5032">
     <span class='ocr_line' id='line_1_95' title="bbox 365 4952 1992 5032; baseline -0.004 -15"><span class='ocrx_word' id='word_1_723' title='bbox 365 4961 490 5019; x_wconf 86' lang='lat' dir='ltr'>ritis</span> <span class='ocrx_word' id='word_1_724' title='bbox 505 4956 756 5032; x_wconf 90' lang='lat' dir='ltr'>episcopi</span> <span class='ocrx_word' id='word_1_725' title='bbox 777 4955 1052 5012; x_wconf 90' lang='lat' dir='ltr'>continuo</span> <span class='ocrx_word' id='word_1_726' title='bbox 1073 4969 1245 5008; x_wconf 90' lang='lat' dir='ltr'>sanus</span> <span class='ocrx_word' id='word_1_727' title='bbox 1262 4952 1496 5008; x_wconf 81' lang='lat' dir='ltr'>effectus</span> <span class='ocrx_word' id='word_1_728' title='bbox 1517 4957 1619 5008; x_wconf 88' lang='lat' dir='ltr'>est.</span> <span class='ocrx_word' id='word_1_729' title='bbox 1639 4953 1735 5009; x_wconf 92' lang='lat' dir='ltr'>Vir</span> <span class='ocrx_word' id='word_1_730' title='bbox 1755 4955 1992 5027; x_wconf 89' lang='lat' dir='ltr'>quidam</span> 
     </span>
    </p>
   </div>
   <div class='ocr_carea' id='block_1_96' title="bbox 363 5045 1992 5127">
    <p class='ocr_par' dir='ltr' id='par_1_96' title="bbox 363 5045 1992 5127">
     <span class='ocr_line' id='line_1_96' title="bbox 363 5045 1992 5127; baseline -0.005 -14"><span class='ocrx_word' id='word_1_731' title='bbox 363 5050 812 5127; x_wconf 83' lang='lat' dir='ltr'>Andegavensis,</span> <span class='ocrx_word' id='word_1_732' title='bbox 841 5047 1067 5108; x_wconf 87' lang='lat' dir='ltr'>Stritius</span> <span class='ocrx_word' id='word_1_733' title='bbox 1088 5045 1348 5115; x_wconf 84' lang='lat' dir='ltr'>nomine,</span> <span class='ocrx_word' id='word_1_734' title='bbox 1373 5045 1432 5100; x_wconf 92' lang='lat' dir='ltr'>in</span> <span class='ocrx_word' id='word_1_735' title='bbox 1453 5045 1688 5102; x_wconf 84' lang='lat' dir='ltr'>maxilla</span> <span class='ocrx_word' id='word_1_736' title='bbox 1707 5048 1853 5103; x_wconf 91' lang='lat' dir='ltr'>mire</span> <span class='ocrx_word' id='word_1_737' title='bbox 1871 5067 1992 5105; x_wconf 85' lang='lat' dir='ltr'>cru-</span> 
     </span>
    </p>
   </div>
   <div class='ocr_carea' id='block_1_97' title="bbox 366 5139 1988 5217">
    <p class='ocr_par' dir='ltr' id='par_1_97' title="bbox 366 5139 1988 5217">
     <span class='ocr_line' id='line_1_97' title="bbox 366 5139 1988 5217; baseline -0.004 -11"><span class='ocrx_word' id='word_1_738' title='bbox 366 5149 624 5208; x_wconf 89' lang='lat' dir='ltr'>ciabatur</span> <span class='ocrx_word' id='word_1_739' title='bbox 649 5164 717 5202; x_wconf 84' lang='lat' dir='ltr'>ex</span> <span class='ocrx_word' id='word_1_740' title='bbox 739 5144 967 5217; x_wconf 90' lang='lat' dir='ltr'>pustula</span> <span class='ocrx_word' id='word_1_741' title='bbox 998 5157 1232 5215; x_wconf 88' lang='lat' dir='ltr'>magna.</span> <span class='ocrx_word' id='word_1_742' title='bbox 1265 5139 1523 5195; x_wconf 90' lang='lat' dir='ltr'>Occurrit</span> <span class='ocrx_word' id='word_1_743' title='bbox 1546 5143 1742 5196; x_wconf 87' lang='lat' dir='ltr'>sancto</span> <span class='ocrx_word' id='word_1_744' title='bbox 1769 5143 1988 5214; x_wconf 81' lang='lat' dir='ltr'>episco-</span> 
     </span>
    </p>
   </div>
   <div class='ocr_carea' id='block_1_98' title="bbox 362 5233 1992 5319">
    <p class='ocr_par' dir='ltr' id='par_1_98' title="bbox 362 5233 1992 5319">
     <span class='ocr_line' id='line_1_98' title="bbox 362 5233 1992 5319; baseline -0.006 -18"><span class='ocrx_word' id='word_1_745' title='bbox 362 5261 460 5319; x_wconf 91' lang='lat' dir='ltr'>po,</span> <span class='ocrx_word' id='word_1_746' title='bbox 489 5239 654 5314; x_wconf 90' lang='lat' dir='ltr'>petiit</span> <span class='ocrx_word' id='word_1_747' title='bbox 679 5241 840 5294; x_wconf 88' lang='lat' dir='ltr'>tanto</span> <span class='ocrx_word' id='word_1_748' title='bbox 862 5239 1016 5294; x_wconf 92' lang='lat' dir='ltr'>malo</span> <span class='ocrx_word' id='word_1_749' title='bbox 1042 5234 1421 5292; x_wconf 88' lang='lat' dir='ltr'>medicinam:</span> <span class='ocrx_word' id='word_1_750' title='bbox 1451 5233 1650 5290; x_wconf 91' lang='lat' dir='ltr'>salliva</span> <span class='ocrx_word' id='word_1_751' title='bbox 1676 5251 1780 5290; x_wconf 89' lang='lat' dir='ltr'>sua</span> <span class='ocrx_word' id='word_1_752' title='bbox 1800 5241 1992 5308; x_wconf 90' lang='lat' dir='ltr'>pustu-</span> 
     </span>
    </p>
   </div>
   <div class='ocr_carea' id='block_1_99' title="bbox 364 5328 1990 5404">
    <p class='ocr_par' dir='ltr' id='par_1_99' title="bbox 364 5328 1990 5404">
     <span class='ocr_line' id='line_1_99' title="bbox 364 5328 1990 5404; baseline -0.006 -10"><span class='ocrx_word' id='word_1_753' title='bbox 364 5339 483 5394; x_wconf 90' lang='lat' dir='ltr'>lam</span> <span class='ocrx_word' id='word_1_754' title='bbox 503 5332 693 5404; x_wconf 89' lang='lat' dir='ltr'>tetigit</span> <span class='ocrx_word' id='word_1_755' title='bbox 705 5329 790 5385; x_wconf 90' lang='lat' dir='ltr'>vir</span> <span class='ocrx_word' id='word_1_756' title='bbox 806 5336 1052 5397; x_wconf 89' lang='lat' dir='ltr'>sanctus,</span> <span class='ocrx_word' id='word_1_757' title='bbox 1071 5334 1130 5385; x_wconf 90' lang='lat' dir='ltr'>et</span> <span class='ocrx_word' id='word_1_758' title='bbox 1145 5331 1322 5385; x_wconf 90' lang='lat' dir='ltr'>homo</span> <span class='ocrx_word' id='word_1_759' title='bbox 1341 5331 1574 5384; x_wconf 90' lang='lat' dir='ltr'>curatus</span> <span class='ocrx_word' id='word_1_760' title='bbox 1595 5331 1700 5384; x_wconf 88' lang='lat' dir='ltr'>est.</span> <span class='ocrx_word' id='word_1_761' title='bbox 1725 5328 1990 5394; x_wconf 85' lang='lat' dir='ltr'>Quodam</span> 
     </span>
    </p>
   </div>
   <div class='ocr_carea' id='block_1_100' title="bbox 365 5444 1993 5518">
    <p class='ocr_par' dir='ltr' id='par_1_100' title="bbox 365 5444 1993 5518">
     <span class='ocr_line' id='line_1_100' title="bbox 365 5444 1993 5518; baseline -0.006 -8"><span class='ocrx_word' id='word_1_762' title='bbox 365 5472 401 5510; x_wconf 92' lang='lat' dir='ltr'>a</span> <span class='ocrx_word' id='word_1_763' title='bbox 423 5451 621 5509; x_wconf 91' lang='lat' dir='ltr'>sancto</span> <span class='ocrx_word' id='word_1_764' title='bbox 641 5445 885 5518; x_wconf 11' lang='lat' dir='ltr'>Carilgefo</span> <span class='ocrx_word' id='word_1_765' title='bbox 905 5448 1166 5518; x_wconf 80' lang='lat' dir='ltr'>tempore</span> <span class='ocrx_word' id='word_1_766' title='bbox 1187 5444 1538 5518; x_wconf 89' lang='lat' dir='ltr'>Childeberti</span> <span class='ocrx_word' id='word_1_767' title='bbox 1563 5444 1718 5518; x_wconf 83' lang='lat' dir='ltr'>regis</span> <span class='ocrx_word' id='word_1_768' title='bbox 1738 5448 1993 5502; x_wconf 88' lang='lat' dir='ltr'>constru-</span> 
     </span>
    </p>
   </div>
   <div class='ocr_carea' id='block_1_101' title="bbox 364 5516 1992 5589">
    <p class='ocr_par' dir='ltr' id='par_1_101' title="bbox 364 5516 1992 5589">
     <span class='ocr_line' id='line_1_101' title="bbox 364 5516 1992 5589; baseline -0.005 -8"><span class='ocrx_word' id='word_1_769' title='bbox 364 5528 521 5580; x_wconf 90' lang='lat' dir='ltr'>ctum</span> <span class='ocrx_word' id='word_1_770' title='bbox 549 5521 607 5576; x_wconf 93' lang='lat' dir='ltr'>in</span> <span class='ocrx_word' id='word_1_771' title='bbox 634 5517 906 5574; x_wconf 91' lang='lat' dir='ltr'>inferiore</span> <span class='ocrx_word' id='word_1_772' title='bbox 937 5516 1356 5589; x_wconf 10' lang='lat' dir='ltr'>C‘enomanenfsi</span> <span class='ocrx_word' id='word_1_773' title='bbox 1383 5533 1522 5589; x_wconf 83' lang='lat' dir='ltr'>agro</span> <span class='ocrx_word' id='word_1_774' title='bbox 1553 5516 1707 5589; x_wconf 87' lang='lat' dir='ltr'>apud</span> <span class='ocrx_word' id='word_1_775' title='bbox 1733 5518 1992 5573; x_wconf 88' lang='lat' dir='ltr'>Vindoci-</span> 
     </span>
    </p>
   </div>
   <div class='ocr_carea' id='block_1_102' title="bbox 365 5585 1990 5657">
    <p class='ocr_par' dir='ltr' id='par_1_102' title="bbox 365 5585 1990 5657">
     <span class='ocr_line' id='line_1_102' title="bbox 365 5585 1990 5657; baseline -0.004 -5"><span class='ocrx_word' id='word_1_776' title='bbox 365 5610 606 5653; x_wconf 91' lang='lat' dir='ltr'>nensem</span> <span class='ocrx_word' id='word_1_777' title='bbox 623 5590 850 5657; x_wconf 90' lang='lat' dir='ltr'>urbem,</span> <span class='ocrx_word' id='word_1_778' title='bbox 873 5590 937 5642; x_wconf 90' lang='lat' dir='ltr'>ut</span> <span class='ocrx_word' id='word_1_779' title='bbox 955 5585 1198 5640; x_wconf 86' lang='lat' dir='ltr'>diximus</span> <span class='ocrx_word' id='word_1_780' title='bbox 1219 5585 1488 5642; x_wconf 87' lang='lat' dir='ltr'>Kalendis</span> <span class='ocrx_word' id='word_1_781' title='bbox 1506 5585 1689 5642; x_wconf 75' lang='lat' dir='ltr'>Martii</span> <span class='ocrx_word' id='word_1_782' title='bbox 1708 5589 1780 5644; x_wconf 93' lang='lat' dir='ltr'>ad</span> <span class='ocrx_word' id='word_1_783' title='bbox 1801 5589 1990 5645; x_wconf 90' lang='lat' dir='ltr'>Vitam</span> 
     </span>
    </p>
   </div>
   <div class='ocr_carea' id='block_1_103' title="bbox 366 5657 1991 5726">
    <p class='ocr_par' dir='ltr' id='par_1_103' title="bbox 366 5657 1991 5726">
     <span class='ocr_line' id='line_1_103' title="bbox 366 5657 1991 5726; baseline -0.002 -5"><span class='ocrx_word' id='word_1_784' title='bbox 366 5666 545 5723; x_wconf 90' lang='lat' dir='ltr'>sancti</span> <span class='ocrx_word' id='word_1_785' title='bbox 565 5661 806 5721; x_wconf 89' lang='lat' dir='ltr'>Siviardi</span> <span class='ocrx_word' id='word_1_786' title='bbox 838 5657 1063 5714; x_wconf 90' lang='lat' dir='ltr'>abbatis</span> <span class='ocrx_word' id='word_1_787' title='bbox 1092 5657 1462 5726; x_wconf 85' lang='lat' dir='ltr'>Anisolensis,</span> <span class='ocrx_word' id='word_1_788' title='bbox 1485 5659 1654 5714; x_wconf 90' lang='lat' dir='ltr'>latius</span> <span class='ocrx_word' id='word_1_789' title='bbox 1681 5660 1885 5716; x_wconf 91' lang='lat' dir='ltr'>dicturi</span> <span class='ocrx_word' id='word_1_790' title='bbox 1913 5661 1991 5717; x_wconf 91' lang='lat' dir='ltr'>ad</span> 
     </span>
    </p>
   </div>
   <div class='ocr_carea' id='block_1_104' title="bbox 366 5727 1990 5794">
    <p class='ocr_par' dir='ltr' id='par_1_104' title="bbox 366 5727 1990 5794">
     <span class='ocr_line' id='line_1_104' title="bbox 366 5727 1990 5794; baseline -0.002 -1"><span class='ocrx_word' id='word_1_791' title='bbox 366 5738 551 5794; x_wconf 88' lang='lat' dir='ltr'>Vitam</span> <span class='ocrx_word' id='word_1_792' title='bbox 571 5734 751 5792; x_wconf 88' lang='lat' dir='ltr'>sancti</span> <span class='ocrx_word' id='word_1_793' title='bbox 769 5729 993 5791; x_wconf 87' lang='lat' dir='ltr'>Carileﬁ</span> <span class='ocrx_word' id='word_1_794' title='bbox 1022 5733 1040 5783; x_wconf 85' lang='lat'><strong>1</strong></span> <span class='ocrx_word' id='word_1_795' title='bbox 1065 5728 1216 5785; x_wconf 84' lang='lat' dir='ltr'>Julii.</span> <span class='ocrx_word' id='word_1_796' title='bbox 1247 5727 1484 5782; x_wconf 85' lang='lat' dir='ltr'>Videtur</span> <span class='ocrx_word' id='word_1_797' title='bbox 1502 5729 1551 5783; x_wconf 91' lang='lat' dir='ltr'>is</span> <span class='ocrx_word' id='word_1_798' title='bbox 1572 5735 1832 5790; x_wconf 84' lang='lat' dir='ltr'>mortuus</span> <span class='ocrx_word' id='word_1_799' title='bbox 1853 5737 1990 5789; x_wconf 88' lang='lat' dir='ltr'>ante</span> 
     </span>
    </p>
   </div>
   <div class='ocr_carea' id='block_1_105' title="bbox 368 5797 1984 5876">
    <p class='ocr_par' dir='ltr' id='par_1_105' title="bbox 368 5797 1984 5876">
     <span class='ocr_line' id='line_1_105' title="bbox 368 5797 1984 5876; baseline -0.004 -10"><span class='ocrx_word' id='word_1_800' title='bbox 368 5809 678 5868; x_wconf 85' lang='lat' dir='ltr'>adventum</span> <span class='ocrx_word' id='word_1_801' title='bbox 705 5803 885 5864; x_wconf 87' lang='lat' dir='ltr'>sancti</span> <span class='ocrx_word' id='word_1_802' title='bbox 910 5800 1087 5860; x_wconf 78' lang='lat' dir='ltr'>Mauri</span> <span class='ocrx_word' id='word_1_803' title='bbox 1115 5799 1174 5857; x_wconf 92' lang='lat' dir='ltr'>in</span> <span class='ocrx_word' id='word_1_804' title='bbox 1205 5797 1434 5870; x_wconf 88' lang='lat' dir='ltr'>Gallias,</span> <span class='ocrx_word' id='word_1_805' title='bbox 1464 5802 1527 5856; x_wconf 89' lang='lat' dir='ltr'>ut</span> <span class='ocrx_word' id='word_1_806' title='bbox 1558 5801 1646 5856; x_wconf 92' lang='lat' dir='ltr'>vel</span> <span class='ocrx_word' id='word_1_807' title='bbox 1676 5801 1810 5860; x_wconf 90' lang='lat' dir='ltr'>hinc</span> <span class='ocrx_word' id='word_1_808' title='bbox 1839 5821 1984 5876; x_wconf 77' lang='lat' dir='ltr'>prae-</span> 
     </span>
    </p>
   </div>
   <div class='ocr_carea' id='block_1_106' title="bbox 2093 4583 3729 4640">
    <p class='ocr_par' dir='ltr' id='par_1_106' title="bbox 2093 4583 3729 4640">
     <span class='ocr_line' id='line_1_106' title="bbox 2093 4583 3729 4640; baseline 0.001 -2"><span class='ocrx_word' id='word_1_809' title='bbox 2093 4583 2155 4638; x_wconf 90' lang='lat' dir='ltr'>in</span> <span class='ocrx_word' id='word_1_810' title='bbox 2167 4584 2377 4640; x_wconf 90' lang='lat' dir='ltr'>sanctis</span> <span class='ocrx_word' id='word_1_811' title='bbox 2389 4584 2816 4640; x_wconf 90' lang='lat' dir='ltr'>suis.Suntvero</span> <span class='ocrx_word' id='word_1_812' title='bbox 2831 4583 3009 4638; x_wconf 91' lang='lat' dir='ltr'>etiam</span> <span class='ocrx_word' id='word_1_813' title='bbox 3023 4585 3191 4640; x_wconf 88' lang='lat' dir='ltr'>multi</span> <span class='ocrx_word' id='word_1_814' title='bbox 3205 4584 3302 4640; x_wconf 90' lang='lat' dir='ltr'>alii</span> <span class='ocrx_word' id='word_1_815' title='bbox 3313 4602 3347 4640; x_wconf 88' lang='lat' dir='ltr'>a</span> <span class='ocrx_word' id='word_1_816' title='bbox 3360 4584 3510 4640; x_wconf 62' lang='lat' dir='ltr'>diem</span> <span class='ocrx_word' id='word_1_817' title='bbox 3517 4584 3729 4640; x_wconf 85' lang='lat' dir='ltr'>onihus</span> 
     </span>
    </p>
   </div>
   <div class='ocr_carea' id='block_1_107' title="bbox 2095 4677 3730 4746">
    <p class='ocr_par' dir='ltr' id='par_1_107' title="bbox 2095 4677 3730 4746">
     <span class='ocr_line' id='line_1_107' title="bbox 2095 4677 3730 4746; baseline 0.001 -12"><span class='ocrx_word' id='word_1_818' title='bbox 2095 4678 2330 4746; x_wconf 90' lang='lat' dir='ltr'>obsessi,</span> <span class='ocrx_word' id='word_1_819' title='bbox 2353 4679 2426 4734; x_wconf 87' lang='lat' dir='ltr'>ab</span> <span class='ocrx_word' id='word_1_820' title='bbox 2449 4694 2516 4734; x_wconf 92' lang='lat' dir='ltr'>co</span> <span class='ocrx_word' id='word_1_821' title='bbox 2540 4677 2789 4733; x_wconf 90' lang='lat' dir='ltr'>liberati.</span> <span class='ocrx_word' id='word_1_822' title='bbox 2810 4679 2926 4733; x_wconf 81' lang='lat' dir='ltr'>Hac</span> <span class='ocrx_word' id='word_1_823' title='bbox 2945 4681 3140 4733; x_wconf 90' lang='lat' dir='ltr'>autem</span> <span class='ocrx_word' id='word_1_824' title='bbox 3154 4677 3568 4734; x_wconf 86' lang='lat' dir='ltr'>miraculorum</span> <span class='ocrx_word' id='word_1_825' title='bbox 3588 4679 3730 4735; x_wconf 89' lang='lat' dir='ltr'>assi-</span> 
     </span>
    </p>
   </div>
   <div class='ocr_carea' id='block_1_108' title="bbox 2094 4770 3726 4844">
    <p class='ocr_par' dir='ltr' id='par_1_108' title="bbox 2094 4770 3726 4844">
     <span class='ocr_line' id='line_1_108' title="bbox 2094 4770 3726 4844; baseline 0.002 -18"><span class='ocrx_word' id='word_1_826' title='bbox 2094 4770 2310 4826; x_wconf 90' lang='lat' dir='ltr'>duitate</span> <span class='ocrx_word' id='word_1_827' title='bbox 2324 4771 2478 4826; x_wconf 89' lang='lat' dir='ltr'>fama</span> <span class='ocrx_word' id='word_1_828' title='bbox 2489 4771 2613 4843; x_wconf 85' lang='lat' dir='ltr'>ejus</span> <span class='ocrx_word' id='word_1_829' title='bbox 2625 4771 3452 4844; x_wconf 87' lang='lat' dir='ltr'>ubiquedivulgabatur,etjam</span> <span class='ocrx_word' id='word_1_830' title='bbox 3465 4774 3726 4844; x_wconf 86' lang='lat' dir='ltr'>quadam</span> 
     </span>
    </p>
   </div>
   <div class='ocr_carea' id='block_1_109' title="bbox 2095 4863 3723 4939">
    <p class='ocr_par' dir='ltr' id='par_1_109' title="bbox 2095 4863 3723 4939">
     <span class='ocr_line' id='line_1_109' title="bbox 2095 4863 3723 4939; baseline 0.002 -21"><span class='ocrx_word' id='word_1_831' title='bbox 2095 4863 2186 4919; x_wconf 91' lang='lat' dir='ltr'>die</span> <span class='ocrx_word' id='word_1_832' title='bbox 2205 4864 2516 4920; x_wconf 90' lang='lat' dir='ltr'>revertenti</span> <span class='ocrx_word' id='word_1_833' title='bbox 2537 4865 2608 4920; x_wconf 91' lang='lat' dir='ltr'>ab</span> <span class='ocrx_word' id='word_1_834' title='bbox 2631 4864 2906 4937; x_wconf 87' lang='lat' dir='ltr'>expeditis</span> <span class='ocrx_word' id='word_1_835' title='bbox 2933 4865 3277 4937; x_wconf 81' lang='lat' dir='ltr'>quibusdam</span> <span class='ocrx_word' id='word_1_836' title='bbox 3299 4867 3570 4937; x_wconf 90' lang='lat' dir='ltr'>negotiis,</span> <span class='ocrx_word' id='word_1_837' title='bbox 3591 4883 3723 4939; x_wconf 69' lang='lat' dir='ltr'>quae</span> 
     </span>
    </p>
   </div>
   <div class='ocr_carea' id='block_1_110' title="bbox 2093 4957 3719 5032">
    <p class='ocr_par' dir='ltr' id='par_1_110' title="bbox 2093 4957 3719 5032">
     <span class='ocr_line' id='line_1_110' title="bbox 2093 4957 3719 5032; baseline 0.002 -19"><span class='ocrx_word' id='word_1_838' title='bbox 2093 4957 2166 5013; x_wconf 92' lang='lat' dir='ltr'>ad</span> <span class='ocrx_word' id='word_1_839' title='bbox 2195 4959 2391 5030; x_wconf 90' lang='lat' dir='ltr'>populi</span> <span class='ocrx_word' id='word_1_840' title='bbox 2421 4959 2600 5030; x_wconf 91' lang='lat' dir='ltr'>ipsius</span> <span class='ocrx_word' id='word_1_841' title='bbox 2628 4975 2776 5014; x_wconf 63' lang='lat' dir='ltr'>curae</span> <span class='ocrx_word' id='word_1_842' title='bbox 2800 4958 3090 5014; x_wconf 82' lang='lat' dir='ltr'>commissi</span> <span class='ocrx_word' id='word_1_843' title='bbox 3124 4959 3430 5014; x_wconf 89' lang='lat' dir='ltr'>utilitatem</span> <span class='ocrx_word' id='word_1_844' title='bbox 3460 4962 3719 5032; x_wconf 81' lang='lat' dir='ltr'>pertine-</span> 
     </span>
    </p>
   </div>
   <div class='ocr_carea' id='block_1_111' title="bbox 2091 5051 3721 5124">
    <p class='ocr_par' dir='ltr' id='par_1_111' title="bbox 2091 5051 3721 5124">
     <span class='ocr_line' id='line_1_111' title="bbox 2091 5051 3721 5124; baseline 0.002 -18"><span class='ocrx_word' id='word_1_845' title='bbox 2091 5053 2242 5120; x_wconf 90' lang='lat' dir='ltr'>rent,</span> <span class='ocrx_word' id='word_1_846' title='bbox 2264 5051 2446 5106; x_wconf 89' lang='lat' dir='ltr'>multa</span> <span class='ocrx_word' id='word_1_847' title='bbox 2462 5051 2622 5123; x_wconf 89' lang='lat' dir='ltr'>plebs</span> <span class='ocrx_word' id='word_1_848' title='bbox 2639 5051 2692 5108; x_wconf 92' lang='lat' dir='ltr'>ei</span> <span class='ocrx_word' id='word_1_849' title='bbox 2713 5052 2962 5108; x_wconf 91' lang='lat' dir='ltr'>occurrit</span> <span class='ocrx_word' id='word_1_850' title='bbox 2975 5052 3268 5108; x_wconf 89' lang='lat' dir='ltr'>adducens</span> <span class='ocrx_word' id='word_1_851' title='bbox 3283 5069 3468 5124; x_wconf 66' lang='lat' dir='ltr'>aegros</span> <span class='ocrx_word' id='word_1_852' title='bbox 3487 5057 3549 5109; x_wconf 92' lang='lat' dir='ltr'>et</span> <span class='ocrx_word' id='word_1_853' title='bbox 3565 5055 3721 5109; x_wconf 86' lang='lat' dir='ltr'>male</span> 
     </span>
    </p>
   </div>
   <div class='ocr_carea' id='block_1_112' title="bbox 2092 5143 3722 5222">
    <p class='ocr_par' dir='ltr' id='par_1_112' title="bbox 2092 5143 3722 5222">
     <span class='ocr_line' id='line_1_112' title="bbox 2092 5143 3722 5222; baseline 0.003 -23"><span class='ocrx_word' id='word_1_854' title='bbox 2092 5144 2352 5214; x_wconf 80' lang='lat' dir='ltr'>affectos,</span> <span class='ocrx_word' id='word_1_855' title='bbox 2405 5143 2755 5218; x_wconf 89' lang='lat' dir='ltr'>diversisque</span> <span class='ocrx_word' id='word_1_856' title='bbox 2802 5143 3176 5219; x_wconf 81' lang='lat' dir='ltr'>languoribus</span> <span class='ocrx_word' id='word_1_857' title='bbox 3221 5147 3580 5218; x_wconf 86' lang='lat' dir='ltr'>laborantes,</span> <span class='ocrx_word' id='word_1_858' title='bbox 3619 5147 3722 5222; x_wconf 85' lang='lat' dir='ltr'>qui</span> 
     </span>
    </p>
   </div>
   <div class='ocr_carea' id='block_1_113' title="bbox 2093 5238 3166 5297">
    <p class='ocr_par' dir='ltr' id='par_1_113' title="bbox 2093 5238 3166 5297">
     <span class='ocr_line' id='line_1_113' title="bbox 2093 5238 3166 5297; baseline 0.001 -4"><span class='ocrx_word' id='word_1_859' title='bbox 2093 5255 2296 5294; x_wconf 90' lang='lat' dir='ltr'>omnes</span> <span class='ocrx_word' id='word_1_860' title='bbox 2317 5238 2390 5295; x_wconf 85' lang='lat' dir='ltr'>ab</span> <span class='ocrx_word' id='word_1_861' title='bbox 2418 5255 2486 5296; x_wconf 91' lang='lat' dir='ltr'>eo</span> <span class='ocrx_word' id='word_1_862' title='bbox 2515 5238 2834 5296; x_wconf 88' lang='lat' dir='ltr'>incolumes</span> <span class='ocrx_word' id='word_1_863' title='bbox 2857 5256 3166 5297; x_wconf 89' lang='lat' dir='ltr'>recessere.</span> 
     </span>
    </p>
   </div>
   <div class='ocr_carea' id='block_1_114' title="bbox 2091 5448 3717 5535">
    <p class='ocr_par' dir='ltr' id='par_1_114' title="bbox 2091 5448 3717 5535">
     <span class='ocr_line' id='line_1_114' title="bbox 2091 5448 3717 5535; baseline 0.004 -32"><span class='ocrx_word' id='word_1_864' title='bbox 2091 5448 2474 5535; x_wconf 41' lang='lat' dir='ltr'>sumi‘pos-sit,</span> <span class='ocrx_word' id='word_1_865' title='bbox 2511 5448 2666 5522; x_wconf 91' lang='lat' dir='ltr'>quod</span> <span class='ocrx_word' id='word_1_866' title='bbox 2704 5449 2897 5535; x_wconf 83' lang='lat' dir='ltr'>eidem</span> <span class='ocrx_word' id='word_1_867' title='bbox 2929 5452 3166 5535; x_wconf 65' lang='lat' dir='ltr'>regulae,</span> <span class='ocrx_word' id='word_1_868' title='bbox 3204 5469 3379 5535; x_wconf 80' lang='lat' dir='ltr'>quam</span> <span class='ocrx_word' id='word_1_869' title='bbox 3415 5453 3717 5535; x_wconf 52' lang='lat' dir='ltr'>Anisoluni</span> 
     </span>
    </p>
   </div>
   <div class='ocr_carea' id='block_1_115' title="bbox 2091 5521 3716 5646">
    <p class='ocr_par' dir='ltr' id='par_1_115' title="bbox 2091 5521 3716 5646">
     <span class='ocr_line' id='line_1_115' title="bbox 2091 5521 3716 5646; baseline 0.006 -72"><span class='ocrx_word' id='word_1_870' title='bbox 2091 5521 2396 5646; x_wconf 63' lang='lat' dir='ltr'>seiivabant</span> <span class='ocrx_word' id='word_1_871' title='bbox 2421 5521 2547 5578; x_wconf 27' lang='lat' dir='ltr'>sua”</span> <span class='ocrx_word' id='word_1_872' title='bbox 2560 5523 2910 5579; x_wconf 90' lang='lat' dir='ltr'>monasteria</span> <span class='ocrx_word' id='word_1_873' title='bbox 2947 5521 3254 5596; x_wconf 70' lang='lat' dir='ltr'>subjecerit</span> <span class='ocrx_word' id='word_1_874' title='bbox 3281 5530 3512 5581; x_wconf 88' lang='lat' dir='ltr'>sanctus</span> <span class='ocrx_word' id='word_1_875' title='bbox 3539 5527 3716 5583; x_wconf 88' lang='lat' dir='ltr'>Dom-</span> 
     </span>
     <span class='ocr_line' id='line_1_116' title="bbox 2092 5608 2276 5646; baseline -0.005 0"><span class='ocrx_word' id='word_1_876' title='bbox 2092 5608 2168 5646; x_wconf 91' lang='lat' dir='ltr'>no</span> <span class='ocrx_word' id='word_1_877' title='bbox 2193 5609 2276 5646; x_wconf 93' lang='lat' dir='ltr'>us.</span> 
     </span>
    </p>
   </div>
   <div class='ocr_carea' id='block_1_116' title="bbox 2162 5662 3717 5746">
    <p class='ocr_par' dir='ltr' id='par_1_116' title="bbox 2162 5662 3717 5746">
     <span class='ocr_line' id='line_1_117' title="bbox 2162 5662 3717 5746; baseline 0.006 -28"><span class='ocrx_word' id='word_1_878' title='bbox 2162 5662 2237 5736; x_wconf 87' lang='lat' dir='ltr'>(a)</span> <span class='ocrx_word' id='word_1_879' title='bbox 2255 5662 2518 5746; x_wconf 74' lang='lat' dir='ltr'>Oximum</span> <span class='ocrx_word' id='word_1_880' title='bbox 2537 5663 2813 5746; x_wconf 59' lang='lat' dir='ltr'>oppidum</span> <span class='ocrx_word' id='word_1_881' title='bbox 2835 5665 3206 5746; x_wconf 77' lang='lat' dir='ltr'>Normanniae</span> <span class='ocrx_word' id='word_1_882' title='bbox 3226 5667 3330 5726; x_wconf 90' lang='lat' dir='ltr'>sub</span> <span class='ocrx_word' id='word_1_883' title='bbox 3339 5667 3717 5742; x_wconf 86' lang='lat' dir='ltr'>juridictione</span> 
     </span>
    </p>
   </div>
   <div class='ocr_carea' id='block_1_117' title="bbox 2087 5733 3209 5810">
    <p class='ocr_par' dir='ltr' id='par_1_117' title="bbox 2087 5733 3209 5810">
     <span class='ocr_line' id='line_1_118' title="bbox 2087 5733 3209 5810; baseline 0.008 -21"><span class='ocrx_word' id='word_1_884' title='bbox 2087 5733 2492 5792; x_wconf 76' lang='lat' dir='ltr'>Alenconiensi</span> <span class='ocrx_word' id='word_1_885' title='bbox 2519 5733 2689 5810; x_wconf 77' lang='lat' dir='ltr'>vulgo</span> <span class='ocrx_word' id='word_1_886' title='bbox 2707 5739 2946 5796; x_wconf 79' lang='lat' dir='ltr'>Hiesmes</span> <span class='ocrx_word' id='word_1_887' title='bbox 2973 5737 3209 5798; x_wconf 88' lang='lat' dir='ltr'>dictum.</span> 
     </span>
    </p>
   </div>
  </div>
