4058 6190
244 263 337 318 645

853 365 1070 422 CAPUT
1113 365 1206 422 ΙΙΙ.

1812 256 1982 314 νΙΤΑ.
3113 296 3120 302 .

1862 386 1925 460 Α
1943 364 2163 422 dicabat
2213 364 2446 437 utilitas,
2487 363 2566 460 ita
2609 367 2801 460 tamen
2837 367 2902 460 ut
2937 367 2993 421 et
3032 367 3223 420 noctes
3259 367 3339 460 et“
3359 365 3477 422 dies
3509 368 3571 422 in

3470 259 3571 316 646

237 463 464 518 Virtutes
487 460 661 516 sancti
679 459 940 522 Domnoli,
969 460 1164 524 obitus,
1209 459 1524 530 sepultura,
1551 459 1840 514 miracula.
1863 457 1924 460 ﬁ
1943 459 2064 531 ejus
2090 459 2434 532 expenderet
2459 457 2762 532 obsequiis,
2787 457 2885 532 qui
2908 462 2965 515 et
2988 461 3182 516 noctes
3207 461 3264 515 et
3287 457 3406 516 dies
3433 476 3567 516 con-

297 555 377 610 14.
416 553 532 608 Etsi
552 557 741 608 autem
771 552 986 608 celebre
1013 555 1160 608 esset
1188 568 1398 607 nomen
1435 552 1558 623 ejus
1586 555 1643 607 et
1668 551 1840 606 subli-

229 647 326 703 mis
350 646 558 718 gradus
583 646 832 716 honoris,
862 650 1112 701 attamen
1137 646 1320 718 major
1345 649 1468 700 erat
1494 650 1550 701 et
1567 645 1844 718 insignior

1943 555 2106 611 didit.

2017 651 2102 704 16.
2141 647 2290 703 Nihil
2325 648 2447 720 ejus
2486 648 2547 703 in
2593 647 2904 704 actionibus
2939 647 3274 704 cernebatur
3305 649 3458 722 quod
3496 649 3568 705 ad

227 741 392 796 virtus
417 741 558 812 ejus.
589 739 874 796 Serviebat
900 739 1019 796 sine
1047 739 1356 795 offensione
1380 739 1434 794 ei
1460 739 1559 811 qui
1573 756 1742 811 prope
1767 743 1844 795 est
1945 742 2127 798 Deum
2150 759 2266 798 non
2294 742 2636 814 pertineret;
2668 742 2811 796 nihil
2837 741 2897 797 in
2923 742 3276 797 sermonibus
3296 743 3415 814 ejus
3435 743 3574 799 otio-

227 835 456 890 omnibus
484 834 849 890 invocantibus
865 850 984 890 eum
1002 836 1061 888 in
1072 837 1320 898 veritate,
1341 838 1392 888 ct
1406 835 1502 904 qui
1513 833 1841 888 voluntatem

226 931 516 984 timentium
545 943 598 983 se
637 929 798 996 facit,
831 933 881 983 et
923 928 1344 1000 deprecationem
1381 943 1561 983 eorum
1593 927 1838 982 exaudit.

223 1024 472 1077 Poteram
497 1020 727 1093 quidem
753 1021 919 1093 plura
945 1022 992 1094 ej
1002 1038 1066 1076 us
1085 1037 1528 1076 commemorare
1548 1020 1837 1090 miracula,

225 1116 315 1171 sed
340 1114 517 1170 multa
539 1113 898 1187 praetermisi,
925 1131 998 1170 ne
1031 1115 1224 1170 lectori
1249 1114 1536 1170 fastidium
1557 1131 1835 1186 parerem.

223 1205 410 1275 Magna
432 1206 626 1259 autem
654 1203 714 1259 in
740 1220 806 1259 eo
835 1203 1014 1260 virtus
1032 1203 1236 1272 inerat,
1259 1209 1316 1260 et
1334 1204 1515 1260 multa
1532 1205 1840 1260 verborum

223 1297 302 1352 vel
341 1313 409 1352 ex
454 1296 577 1368 ejus
618 1313 715 1353 ore
761 1297 1145 1370 promebatur.
1174 1300 1317 1354 Cum
1353 1297 1578 1370 populis
1603 1297 1840 1352 verbum

222 1389 429 1446 Domini
457 1391 824 1446 annuntiaret
843 1434 858 1461 ,
886 1391 979 1447 vix
1017 1391 1317 1464 quisquam
1363 1395 1479 1446 tam
1505 1391 1687 1446 ferreo
1709 1408 1837 1447 ver-

222 1484 435 1538 sabatur
461 1488 711 1554 pectore,
745 1499 919 1555 quem
965 1484 1087 1556 ejus
1123 1484 1418 1540 conciones
1456 1485 1528 1540 ad
1565 1485 1839 1557 lacrymas

222 1593 326 1632 non
347 1581 660 1632 moverent.
687 1577 1036 1633 Mirabantur
1059 1579 1343 1634 auditores
1371 1577 1690 1650 spirituales
1717 1594 1835 1634 ser-

221 1687 402 1726 mones
429 1671 573 1742 ejus,
602 1670 702 1744 qui
728 1671 1066 1743 plerumque
1098 1672 1236 1727 adeo
1261 1672 1579 1726 humanum
1607 1676 1835 1743 captum

1943 852 2072 890 sum
2097 835 2536 908 percipiebatur.
2565 835 2648 890 Ad
2675 835 2848 889 altare
2885 851 3010 889 raro
3044 834 3164 890 sine
3187 835 3471 908 lacrymis,
3497 839 3570 893 ad

1941 946 2198 984 mensam
2223 945 2518 1001 nunquam
2545 928 2665 984 sine
2692 929 2919 999 lectore,
2962 944 3258 1000 nunquam
3287 929 3406 985 sine
3430 946 3566 986 con-

1939 1023 2080 1078 vivis
2115 1023 2460 1096 pauperibus
2502 1023 2752 1078 accessit.
2806 1021 3117 1077 Periculose
3164 1039 3370 1094 corpus
3411 1025 3567 1096 pasci

1938 1116 2332 1186 arbitrabatur,
2366 1117 2474 1171 nisi
2513 1116 2724 1188 pariter
2757 1121 2812 1170 et
2843 1115 3126 1171 Christum
3158 1117 3218 1170 in
3251 1117 3372 1187 ejus
3393 1135 3570 1174 mem-

1938 1210 2056 1265 bris
2096 1215 2370 1282 pasceret,
2419 1213 2476 1265 et
2513 1209 2633 1281 ipse
2674 1209 2828 1264 intus
2871 1208 3040 1264 verbo
3084 1208 3181 1263 Dei
3223 1215 3566 1280 pasceretur.

1938 1303 2128 1368 Qualis
2154 1319 2284 1358 vero
2321 1303 2606 1374 putandus
2635 1305 2720 1358 est
2759 1301 2929 1357 fuisse
2966 1317 3102 1372 erga
3129 1302 3435 1374 proximos,
3467 1305 3566 1375 qui

1938 1413 2171 1451 suarum
2191 1395 2266 1467 inj
2275 1395 2534 1450 uriarum
2553 1394 2874 1464 immemor,
2907 1395 3077 1450 etiam
3101 1393 3463 1450 inimicorum
3483 1398 3566 1452 in-

1931 1489 2098 1561 juriis
2119 1489 2390 1545 dolebat?
2407 1490 2585 1554 Quem
2605 1488 2696 1543 ille
2724 1504 2980 1560 unquam
2999 1490 3097 1542 aut
3112 1487 3256 1542 facto
3280 1493 3378 1543 aut
3397 1490 3566 1546 verbo

1937 1583 2188 1653 laederet,
2233 1583 2329 1655 qui
2375 1581 2547 1637 etiam
2579 1581 2727 1636 Iesus
2768 1581 2918 1636 ultro
2959 1581 3196 1652 ignovit,
3242 1597 3346 1636 nec
3389 1582 3567 1638 iratus

1938 1677 2114 1732 solem
2141 1675 2282 1730 vidit
2308 1675 2774 1730 accumbentem?
2797 1673 2940 1739 Quid
2965 1673 3059 1729 illa
3082 1674 3270 1729 anima
3299 1692 3563 1732 mansue-

224 1765 574 1835 excedebant,
619 1769 681 1820 ut
729 1765 800 1820 ab
847 1766 1048 1837 angelo
1092 1765 1345 1837 proferre
1386 1765 1732 1820 viderentur.
1782 1759 2073 1838 lnBtius,
2116 1787 2242 1842 quae
2284 1768 2425 1824 nulli
2463 1769 2678 1838 obesse,
2711 1767 2974 1822 omnibus
3005 1769 3270 1839 prodesse
3311 1769 3563 1842 cupiens,

223 1859 563 1932 episcopatus
601 1858 890 1913 functione
920 1858 999 1914 ita
1027 1875 1085 1915 se
1122 1859 1310 1931 gessit,
1341 1863 1407 1914 ut
1431 1859 1676 1914 celebres
1713 1876 1836 1914 ma-

215 1952 350 2024 jores
393 1969 524 2007 suos
568 1951 687 2024 ipse
733 1951 1030 2006 celebriori
1063 1951 1288 2008 vivendi
1327 1952 1544 2006 ratione
1571 1951 1741 2007 etiam
1766 1951 1838 2006 il-

219 2044 470 2100 lustrarit.
524 2045 637 2100 Nec
675 2049 866 2100 tamen
909 2045 997 2100 vel
1039 2062 1104 2100 ex
1146 2045 1368 2118 generis
1409 2045 1723 2117 splendore,
1754 2045 1839 2100 vel

219 2138 484 2210 pontiﬁcia
516 2138 794 2211 dignitate
820 2138 943 2210 ejus
971 2139 1229 2194 animum
1255 2139 1373 2194 ulla
1398 2137 1616 2194 inﬂavit
1642 2139 1835 2208 elatio;

218 2231 401 2304 spiritu
425 2249 651 2304 pauper
677 2231 835 2304 prius
872 2231 1125 2287 moribus
1154 2231 1272 2302 egit
1297 2232 1642 2304 pontiﬁcem,
1666 2249 1838 2304 quam

218 2325 279 2380 ad
304 2325 584 2396 pontiﬁcis
629 2325 868 2398 gradum
911 2330 1055 2381 esset
1080 2331 1321 2381 evectus.
1366 2326 1612 2382 Collatus
1651 2326 1836 2380 honor

219 2421 388 2474 tantus
427 2435 567 2473 eum
611 2417 828 2474 meritis
877 2411 1246 2489 conspicuum
1286 2435 1402 2474 non
1427 2417 1578 2488 fecit,
1621 2418 1718 2473 sed
1747 2419 1833 2474 in-

221 2513 355 2568 venit
380 2530 394 2567 :
421 2511 636 2567 virtute
659 2511 971 2566 instructus
997 2515 1116 2566 erat
1141 2514 1446 2583 antequam
1485 2515 1628 2566 esset
1651 2528 1834 2567 sacer-

219 2605 325 2660 dos.
343 2605 664 2661 Sacerdotio
683 2604 860 2660 virtus
883 2604 1094 2676 pariter
1109 2621 1210 2660 sua
1220 2605 1434 2676 accepit
1456 2604 1830 2660 incrementa.

220 2699 336 2753 Tota
359 2699 478 2770 ejus
505 2699 571 2754 in
611 2698 943 2770 pontificatu
965 2698 1079 2753 vita
1103 2698 1231 2753 talis
1257 2697 1366 2752 fuit
1392 2715 1521 2770 quae
1548 2698 1834 2768 pontiﬁcis

221 2791 447 2847 ofﬁcium
489 2796 552 2848 et
583 2791 754 2848 verbo
784 2797 840 2848 et
864 2791 1127 2864 exemplo
1165 2794 1480 2862 praestaret.
1523 2792 1632 2846 Nec
1670 2791 1836 2863 culpa

219 2899 390 2941 vacare
414 2885 658 2956 putavit,
683 2884 1016 2957 judicioque
1059 2883 1249 2939 divino
1279 2884 1588 2939 obnoxium
1629 2901 1687 2939 se
1713 2885 1833 2940 fore

219 2978 408 3048 timuit,
436 2979 483 3032 si
526 2977 627 3050 qui
661 2977 767 3033 sibi
803 2978 905 3033 uni
943 2981 1109 3032 antea
1145 2976 1399 3050 privatus
1432 2977 1685 3048 vixisset,
1705 2977 1828 3049 jam

1939 1863 2232 1918 charitatis
2263 1866 2320 1917 et
2348 1861 2500 1934 pacis
2531 1866 2648 1916 erat
2679 1860 3256 1916 domicilium?Multa
3284 1863 3460 1917 animi
3474 1864 3566 1919 de-

1936 1956 2160 2012 votione
2203 1971 2376 2028 opera
2416 1953 2783 2027 benignitatis
2824 1958 2881 2009 et
2928 1954 3327 2010 misericordiae
3369 1973 3563 2028 prose-

1938 2049 2236 2121 quebatur,
2260 2047 2630 2119 studebatque
2645 2047 2836 2102 adesse
2849 2046 3130 2117 desolatis,
3148 2053 3376 2119 egentes
3394 2049 3564 2117 alere,

1937 2141 2140 2198 vestire
2159 2141 2360 2211 nudos,
2385 2144 2440 2196 et
2455 2140 2502 2194 si
2521 2141 2708 2213 reipsa
2733 2157 2851 2195 non
2869 2145 3075 2212 posset,
3095 2147 3358 2212 prompta
3385 2143 3562 2196 animi

1936 2235 2330 2291 benevolentia
2359 2234 2626 2289 omnibus
2654 2234 2802 2289 ferre
2830 2251 3018 2306 opem.
3049 2235 3393 2290 Conversans
3416 2251 3562 2291 non-

1935 2345 2230 2402 nunquam
2247 2329 2392 2398 _'cum
2426 2327 2494 2382 iis
2531 2327 2630 2400 qui
2666 2327 2984 2400 gloriantur
3008 2327 3071 2382 in
3107 2327 3332 2396 malitia
3359 2332 3416 2384 et
3444 2346 3562 2384 ser-

1935 2439 2133 2478 mones
2163 2420 2394 2478 Domini
2437 2420 2743 2492 projiciunt
2777 2425 3106 2492 retrorsum,
3145 2421 3352 2478 Christi
3383 2420 3566 2477 bonus

1934 2515 2074 2570 odor
2121 2514 2450 2588 permansit,
2498 2531 2648 2569 unus
2699 2513 2967 2586 idemque
3015 2530 3398 2585 perseverans,
3447 2515 3562 2570 sive

1935 2625 2064 2664 cum
2091 2609 2192 2679 eis,
2225 2613 2288 2664 ut
2312 2608 2383 2664 ad
2403 2607 2698 2663 meliorem
2719 2623 2778 2663 se
2799 2607 3029 2678 frugem
3047 2607 3385 2680 reciperent,
3405 2608 3564 2664 blan-

1933 2703 2169 2770 diretur,
2225 2701 2342 2756 sive
2385 2717 2515 2756 cum
2568 2700 2875 2755 obstinatos
2927 2701 3173 2756 severius
3215 2701 3303 2771 obj
3313 2706 3557 2772 urgaret.

1933 2795 2138 2850 Omnia
2181 2803 2251 2850 e’x
2298 2794 2571 2849 charitate
2619 2793 2860 2848 faciebat
2907 2793 3212 2864 discipulus
3255 2793 3558 2849 charitatis.

2003 2887 2154 2943 Nihil
2181 2888 2262 2942 illi
2293 2903 2424 2942 cum
2454 2902 2850 2958 perversorum
2881 2885 3030 2940 vitiis
3066 2885 3148 2940 rei
3185 2891 3323 2956 erat,
3351 2890 3562 2958 praeter

1933 2981 2131 3038 odium
2157 2986 2214 3038 et
2243 2979 2668 3052 castigationem
2685 2979 2954 3034 vitiorum
2981 2995 2995 3034 :
3024 2995 3154 3050 quae
3174 2983 3231 3034 et
3253 2980 3443 3035 animo
3468 2981 3558 3036 in-

219 3070 488 3143 episcopus
526 3087 642 3126 non
679 3071 893 3126 viveret
930 3069 1225 3126 universis.
1267 3071 1403 3126 Inde
1442 3071 1582 3127 adeo
1615 3072 1831 3126 factum
1851 3120 1906 3196 C
1931 3078 2175 3131 sectatus
2196 3079 2298 3145 est,
2327 3078 2384 3128 et
2407 3073 2718 3146 pontificali
2743 3072 3072 3128 auctoritate
3091 3074 3351 3129 correxit.
3375 3075 3560 3130 Bonos

219 3170 286 3196 σαι
317 3168 372 3196 ..4
395 3166 519 3196 ζηρη
549 3180 776 3196 .nmnm.
801 3163 1006 3196 ηιζηηςιι
1039 3164 1302 3196 (Hlalm-mc
1325 3165 1390 3196 nA
1420 3165 1656 3196 ,νς-ειςιιηο
1679 3181 1803 3196 sum,
1933 3171 1984 3196 ,ιι
2027 3169 2404 3196 ηιηηηπηιηηηη
2447 3167 2840 3196 νηηηιιηιηηηηε
2882 3165 2976 3196 Πηζ
3016 3170 3206 3196 ..η-μηδι.
3245 3171 3298 3196 ,ιι
3339 3167 3556 3196 "hum..."

215 3170 304 3234 est,
317 3168 378 3220 ut
395 3166 520 3237 ipse
549 3180 776 3237 semper
799 3163 1012 3236 aliquid
1037 3164 1306 3236 adjiceret
1324 3165 1394 3220 ad
1420 3165 1658 3220 virtutes
1677 3181 1826 3233 suas,
1851 3163 1906 3196 υ
1931 3171 1988 3224 et
2025 3169 2406 3224 observatores
2447 3167 2846 3223 mandatorum
2881 3165 2980 3221 Dei
3015 3170 3207 3222 sancto
3245 3171 3300 3222 et
3339 3167 3558 3222 sincero

217 3262 264 3313 et
296 3258 568 3314 Dominus
604 3258 676 3314 ad
713 3274 999 3313 coronam.
1040 3261 1282 3315 Cantans
1316 3258 1507 3331 itaque
1545 3259 1830 3314 canticum

219 3351 497 3421 graduum,
538 3351 599 3406 in
633 3367 759 3406 eam
797 3367 993 3406 curam
1028 3351 1280 3406 intentus
1315 3350 1444 3423 fuit,
1472 3367 1546 3407 ne
1581 3353 1653 3407 ad
1677 3352 1829 3406 illam

215 3459 495 3516 supernam
534 3444 818 3500 civitatem
860 3444 1010 3499 solus
1036 3445 1382 3512 ascenderet,
1423 3445 1521 3501 sed
1557 3445 1731 3500 socios
1759 3461 1827 3500 eo

215 3554 385 3594 secum
406 3538 727 3612 permultos
751 3537 1076 3595 adduceret.
1103 3539 1287 3610 Atque
1312 3538 1372 3594 in
1398 3539 1506 3594 hac
1529 3539 1617 3594 via
1637 3555 1828 3594 servus

217 3631 299 3687 Dei
319 3631 648 3706 simpliciter
672 3631 923 3705 prudens
951 3637 1006 3688 et
1035 3632 1303 3688 severiter
1326 3631 1485 3702 lenis,
1515 3633 1828 3688 doctrinam

213 3725 329 3795 vita,
353 3742 543 3782 mores
578 3726 840 3782 comitate
870 3743 934 3782 ac
971 3725 1422 3798 mansuetudine,
1463 3725 1647 3781 zelum
1684 3725 1828 3798 legis

214 3818 425 3876 scientia
457 3819 895 3877 commendavit.
923 3821 1080 3876 Unde
1107 3819 1318 3876 factum
1334 3824 1419 3876 est
1440 3823 1507 3876 ut
1531 3819 1696 3875 illum
1720 3836 1823 3891 po-

214 3912 318 3984 puli
339 3915 494 3971 favor
519 3917 576 3970 et
605 3914 787 3986 gratia
818 3913 1162 3986 principum,
1197 3930 1485 3970 sermones
1511 3929 1645 3970 vero
1674 3913 1824 3970 illius

213 4022 313 4064 non
337 4008 636 4065 mediocris
661 4011 962 4065 consecuta
990 4008 1062 4064 sit
1084 4007 1404 4064 auctoritas.

275 4105 355 4158 t5.
386 4104 542 4158 Inter
564 4101 688 4157 haec
713 4105 906 4157 autem
941 4101 1039 4157 ille
1063 4099 1296 4156 humilis
1339 4104 1398 4157 et
1432 4100 1540 4156 sibi
1566 4105 1824 4156 constans

213 4197 582 4266 permanebat,
621 4195 887 4251 adversus
925 4212 993 4250 ea
1017 4195 1207 4250 omnia
1231 4195 1471 4267 pervigil
1495 4199 1552 4250 et
1577 4195 1821 4250 circum-

215 4292 434 4359 spectus,
461 4305 595 4360 quae
635 4287 900 4344 suifurari
939 4289 1124 4344 solent
1161 4288 1336 4344 animi
1361 4289 1504 4344 bene
1531 4289 1824 4361 compositi

214 4381 520 4451 puritatem.
565 4383 775 4438 Eodem
818 4382 979 4438 vultu
1029 4388 1086 4438 et
1137 4382 1372 4438 immoto
1412 4387 1636 4454 pectore
1674 4383 1824 4437 inter

1928 3263 2408 3336 complectebatur
2439 3263 2662 3332 affectu,
2702 3259 3028 3332 mutuisque
3071 3259 3554 3316 exhortationibus

1929 3360 1986 3411 et
2012 3356 2225 3428 profuit
2254 3361 2310 3412 et
2347 3355 2604 3429 profecit.

2000 3453 2084 3504 17.
2129 3450 2404 3504 Germano
2439 3445 2738 3504 Parisiensi
2784 3443 3132 3500 sanctissimo
3165 3445 3450 3518 episcopo,
3489 3449 3556 3502 ut

1919 3543 2042 3614 jam
2067 3547 2198 3597 ante
2223 3543 2436 3598 dictum
2465 3546 2567 3611 est,
2595 3539 2759 3594 valde
2784 3537 3074 3592 familiaris
3097 3538 3224 3606 fuit,
3243 3538 3554 3611 crebroque

1926 3639 1984 3692 et
2000 3635 2342 3690 invisebatur
2370 3635 2579 3701 abillo,
2611 3637 2668 3710 et
2705 3631 2826 3703 ipse
2853 3630 3015 3684 illum
3051 3630 3331 3688 visitabat.
3365 3634 3427 3687 In
3465 3649 3557 3688 eo-

1928 3745 2060 3783 rum
2099 3728 2398 3800 colloquiis
2433 3731 2492 3783 et
2533 3723 2853 3782 actionibus
2879 3723 3021 3778 nihil
3052 3724 3404 3794 versabatur,
3445 3725 3556 3782 nisi

1926 3821 2083 3894 quod
2101 3821 2176 3876 ad
2197 3820 2524 3877 animarum
2544 3818 2682 3891 ipsis
2701 3816 3138 3873 commissarum
3157 3818 3402 3873 salutem
3421 3836 3554 3891 per-

1923 3915 2156 3970 tineret.
2193 3914 2444 3970 Invicem
2472 3931 2532 3969 sc
2563 3911 2771 3970 Christi
2808 3909 3022 3967 milites
3067 3911 3394 3980 armabant,
3438 3930 3555 3969 non

1922 4009 2257 4082 ignorantes
2277 4006 2668 4065 adversarium
2689 4007 2952 4061 nostrum
2987 4004 3284 4061 diabolum
3319 4006 3556 4063 circuire

1923 4107 1981 4160 et
2011 4120 2270 4176 quazrerc
2301 4120 2474 4175 quem
2504 4087 2768 4156 devoreti
2801 4099 2890 4154 cui
2915 4099 3260 4169 resistebant
3282 4100 3460 4154 fortes
3495 4101 3555 4155 in

1921 4197 2056 4266 ﬁde,
2091 4196 2255 4252 veriti
2293 4214 2410 4252 non
2447 4213 2506 4250 se
2550 4193 2846 4250 habituros
2883 4192 3220 4266 pontificum
3249 4193 3477 4260 merita,
3509 4192 3555 4247 si

1923 4291 1993 4346 de
2007 4289 2262 4362 principe
2289 4289 2685 4355 tenebrarum,
2709 4287 2780 4342 de
2807 4302 2922 4356 quo
2946 4265 3071 4355 jam
3098 4283 3204 4355 ipsi
3230 4285 3551 4356 triumpha-

1919 4387 2054 4439 rant
2081 4383 2256 4438 etiam
2285 4382 2380 4438 alii
2411 4400 2516 4454 per
2539 4381 2688 4453 ipsos
2719 4396 2836 4435 non
2878 4377 3320 4447 triumpharent.
3357 4377 3553 4449 Itaque

215 4488 457 4547 prospera
490 4479 548 4532 et
581 4475 812 4531 adversa
848 4475 1210 4548 perdurabat.
1250 4479 1392 4533 Cum
1433 4475 1688 4548 apostolo
1727 4492 1818 4529 ca-
1839 4489 1899 4564 D
1920 4477 2025 4531 viri
2062 4476 2143 4530 illi
2174 4474 2584 4530 misericordiae
2621 4472 2860 4527 sollicite
2890 4487 2958 4525 eo
2994 4469 3452 4539 connitcbantur,
3489 4475 3554 4526 ut

217 4567 438 4639 stigabat
471 4585 676 4642 corpus
719 4585 907 4640 suum,
945 4568 1181 4641 jejuniis
1239 4571 1295 4625 et
1335 4568 1642 4624 multifaria
1683 4567 1822 4623 illud
1924 4568 2291 4642 quotidianas
2315 4565 2716 4622 infestationes
2745 4567 2803 4620 et
2831 4563 3068 4618 insidias
3095 4563 3336 4634 maligni
3377 4564 3557 4642 hostis

219 4659 498 4718 afflictione
531 4678 896 4736 persequens,
938 4663 1092 4718 unde
1135 4667 1192 4718 et
1233 4661 1556 4717 conﬁrmari
1593 4661 1822 4733 spiritus

217 4761 554 4825 assuesceret,
602 4759 660 4812 et
704 4773 834 4812 caro
879 4755 1064 4811 carnis
1123 4755 1393 4811 oblivisci.
1433 4754 1686 4811 Addebat
1734 4756 1822 4811 his

217 4847 372 4904 etiam
389 4867 573 4905 sacras
600 4849 840 4922 vigilias,
869 4866 1112 4922 quarum
1131 4849 1393 4922 perpetui
1412 4848 1570 4904 fuere
1591 4849 1822 4906 comites

218 4943 264 4995 et
285 4943 376 4998 alti
419 4944 663 5016 gemitus
701 4949 758 4999 et
797 4944 1170 5000 fecundarum
1211 4942 1393 5016 gratia
1421 4943 1819 5016 lacrymarum.

217 5034 378 5107 Atque
401 5035 457 5092 id
479 5053 655 5110 genus
678 5036 875 5092 studiis
900 5037 1182 5110 potiorem
1209 5036 1390 5093 noctis
1417 5041 1636 5109 partem
1660 5036 1821 5093 attri-

217 5124 391 5196 buens,
435 5131 496 5186 in
531 5130 734 5203 spiritu
761 5130 1099 5187 humilitatis
1137 5135 1193 5187 et
1215 5131 1405 5186 animo
1429 5131 1670 5186 contrito
1693 5131 1821 5202 pin-

220 5220 531 5291 guissimum
571 5225 686 5281 Deo
716 5225 1000 5281 cremabat
1034 5225 1448 5281 holocaustum.
1478 5224 1534 5281 Si
1569 5223 1705 5296 quid
1730 5224 1820 5280 in-

216 5315 381 5372 terdiu
418 5319 608 5374 minus
641 5319 863 5394 fecisset
896 5335 1070 5392 quam
1097 5335 1200 5392 par
1227 5335 1346 5376 esse
1372 5323 1620 5392 putaret,
1652 5317 1822 5390 idque

217 5411 437 5480 negotiis
489 5412 846 5468 saecularibus
891 5412 1219 5486 impeditus,
1271 5417 1445 5469 noctu
1505 5411 1820 5484 supplebat.

215 5497 321 5557 Nox
355 5505 580 5562 secretis
611 5507 873 5579 precibus
902 5510 958 5563 et
999 5504 1205 5564 divinae
1239 5505 1701 5579 contemplationi
1728 5521 1821 5560 ac-

217 5599 620 5671 commodatior,
665 5601 738 5656 ad
778 5601 1017 5657 litandas
1062 5602 1110 5674 ej
1121 5601 1406 5656 uscemodi
1448 5599 1662 5656 hostias
1703 5597 1823 5654 viro

218 5683 304 5745 Dei
341 5694 588 5764 optatam
632 5693 902 5752 afferebat
942 5693 1425 5769 opportunitatem
1470 5697 1529 5750 et
1570 5693 1819 5766 copiam;

218 5778 353 5844 diem
391 5791 577 5846 autem
611 5787 702 5847 vel
741 5806 896 5848 sacra
939 5789 1137 5848 concio
1170 5789 1261 5848 vel
1303 5787 1531 5863 publica
1567 5787 1672 5845 sibi
1694 5787 1818 5845 vin-

1923 4631 2224 4718 eliderent.
2253 4662 2440 4732 Atque
2463 4659 2522 4713 in
2561 4659 2671 4713 hoc
2695 4661 2938 4730 uterque
2958 4659 3112 4712 totus
3151 4631 3290 4724 erat,
3329 4660 3394 4712 ut
3433 4631 3558 4713 sive.

1921 4772 2052 4812 cum
2077 4755 2296 4811 Martha
2322 4753 2516 4809 sedulo
2545 4750 2957 4821 ministrarent,
2977 4750 3091 4805 sive
3113 4767 3243 4804 cum
3261 4750 3435 4806 Maria
3461 4767 3550 4807 se-

1921 4851 2129 4906 derent
2147 4848 2222 4903 ad
2235 4826 2415 4920 pedes
2439 4847 2592 4914 Jesu,
2614 4861 2858 4918 regnum
2879 4843 3093 4898 diaboli
3117 4842 3550 4914 imminuerent,

1923 4946 1980 4999 et
2013 4943 2115 4998 Dei
2150 4941 2440 4997 civitatem
2473 4943 2771 5011 augerent.
2804 4939 2988 5004 Quam
3015 4937 3190 4992 etiam
3223 4937 3296 4992 ob
3323 4953 3553 4993 causam

1919 5037 2124 5092 beatus
2161 5035 2496 5106 Domnolus,
2529 5049 2596 5089 ex
2627 5031 2884 5104 ejusdem
2916 5029 3094 5086 sancti
3121 5029 3395 5086 Germani
3425 5047 3556 5088 con-

1921 5128 2068 5196 silio,
2109 5129 2169 5183 in
2211 5128 2454 5184 civitatis
2496 5143 2614 5181 suae
2649 5123 2922 5180 suburbio
2955 5124 3377 5180 monasterium
3423 5139 3556 5181 con‘

1921 5222 2157 5290 struxit;
2202 5221 2264 5276 in
2308 5238 2421 5293 quo
2454 5218 2617 5275 etilli
2648 5234 2791 5290 quos
2813 5219 3124 5288 tempestas
3172 5217 3344 5290 hujus
3377 5216 3554 5276 maris

1919 5316 2120 5390 magni
2145 5319 2203 5371 et
2231 5314 2461 5388 spatiosi
2495 5313 2832 5385 jactaverat,
2867 5311 3204 5367 monasticae
3229 5311 3552 5386 tranquilli-

1922 5410 2052 5466 tatis
2077 5413 2310 5483 portum
2336 5406 2549 5478 adepti,
2583 5403 2954 5476 respirarent,
2979 5408 3036 5460 et
3063 5403 3184 5478 ipse
3212 5408 3382 5463 certis
3413 5413 3556 5463 tem-

1921 5504 2156 5576 poribus
2183 5499 2597 5568 sollicitudinis,
2615 5515 2743 5571 quaz
2761 5515 2828 5553 ex
2846 5498 3165 5556 ministerio
3185 5504 3446 5571 suscepto
3471 5501 3555 5553 in-

1923 5597 2244 5664 cumbebat,
2284 5593 2563 5663 laborem,
2586 5595 2794 5649 sanctae
2822 5593 3324 5666 contemplationis
3351 5592 3468 5646 otio
3495 5596 3555 5647 et

1921 5689 2222 5762 refrigerio
2264 5689 2564 5746 relevaret.
2595 5689 2685 5758 At,
2726 5690 2791 5743 ut
2814 5703 2987 5761 supra
3021 5702 3250 5760 quoque
3280 5683 3550 5758 diximus,

1922 5786 1977 5843 ei
2005 5784 2358 5845 monasterio
2385 5783 2456 5842 de
2485 5782 2737 5842 ecclesiae
2763 5799 2881 5840 sum
2910 5777 3362 5854 possessionibus
3385 5794 3550 5854 quas.
