4058 6190
415 251 516 310 647

1342 193 1575 300 SANC'l'l
1612 239 1927 309 DOMNOLI,
1966 227 2480 296 CENOMANENSIS
2516 235 2815 294 EPISCOPI
2834 277 2847 304 ,

3672 231 3792 287 648

418 359 555 415 dam
593 356 844 427 donavit,
897 352 1038 410 nihil
1079 369 1138 407 se
1167 351 1367 407 fecisse
1409 349 1762 419 existimans,
1807 347 1917 402 nisi
1941 347 2053 401 illis
2073 345 2293 431 Amuli
2325 361 2484 411 uxor,
2519 345 2805 414 quartana
2832 340 2993 396 febre
3026 339 3310 410 divexata,
3341 337 3416 394 ad
3439 337 3562 411 ejus
3581 355 3798 394 monu-

416 452 622 525 quibus
644 453 884 507 domum
903 446 1179 504 orationis
1199 447 1594 500 construxerat
1613 443 1787 498 etiam
1801 441 1930 497 vita:
1953 441 2046 496 de-

419 547 623 618 gendae
649 563 738 599 res
761 540 1109 598 necessarias
1145 539 1484 611 assignaret.

494 643 578 696 18.
604 641 779 694 Porro
805 638 1001 691 autem
1037 632 1259 688 militiae
1294 629 1610 686 certamine
1630 631 1757 701 jam
1789 632 2043 702 peracto,
2079 641 2088 646 ·

422 735 480 787 et
515 729 886 803 impendente
913 725 1280 782 resolutionis
1306 725 1429 796 ejus
1454 727 1738 795 tempore,
1768 722 1938 794 coepit
1962 721 2049 776 vir

419 825 544 897 pius
568 822 770 894 morbo
800 821 1084 888 laborare,
1107 836 1214 874 nec
1239 821 1435 873 tamen
1461 834 1524 872 os
1552 816 1602 887 ej
1613 833 1675 871 us
1712 815 1902 871 morbi
1927 814 2048 868 visa

417 916 708 972 laudando
734 915 848 970 Deo
875 913 1064 986 potuit
1087 913 1376 968 cohibere.
1399 911 1730 968 Convocans
1756 912 1951 964 autem
1969 907 2048 963 di-

419 1010 662 1082 scipulos
695 1025 847 1077 suos,
877 1007 1035 1062 diem
1075 1009 1135 1061 et
1167 1007 1372 1061 horam
1413 1004 1602 1059 obitus
1635 1003 1720 1058 sui
1767 1003 1877 1058 illis
1909 1017 2050 1074 prae-

418 1101 563 1160 dixit
581 1103 885 1158 imminere
919 1119 932 1156 :
963 1100 1269 1170 docuitque
1295 1115 1393 1154 eos
1415 1096 1911 1170 quemadmodum
1946 1111 2046 1150 an-

415 1197 564 1268 tiqui
583 1197 762 1252 hostis
787 1194 1023 1250 insidias
1047 1196 1333 1259 caverent,
1365 1196 1421 1247 et
1439 1209 1473 1246 a
1492 1191 1646 1246 malo
1668 1207 1728 1244 se
1757 1189 2050 1244 abstinen-

415 1295 524 1360 tes,
537 1289 706 1346 bonis
727 1286 1377 1361 operibusinhaererent.
1394 1285 1616 1339 Deinde
1628 1283 1767 1355 ipsis
1783 1281 2052 1338 Kalendis

415 1382 744 1442 Decembris
771 1382 831 1436 in
853 1383 1146 1435 senectute
1160 1380 1316 1434 bona
1332 1379 1418 1433 vir
1433 1376 1794 1432 beatissimus
1820 1375 1878 1430 in
1912 1392 2052 1447 pace

421 1477 655 1551 quievit,
684 1477 1067 1544 humatusque
1099 1476 1185 1527 est
1205 1489 1238 1526 a
1265 1471 1552 1543 discipulis
1577 1471 1690 1526 suis
1712 1471 1770 1525 in
1815 1468 2054 1524 ecclesia

419 1572 726 1627 beatorum
788 1571 1112 1639 martyrum
1157 1564 1440 1620 Vincentii
1489 1569 1545 1620 et
1591 1563 1907 1630 Laurentii,
1957 1561 2055 1616 ubi

420 1664 592 1736 longe
619 1665 751 1718 ante
785 1661 1108 1732 sepulcrum
1133 1658 1305 1712 beato
1332 1658 1621 1712 Germano
1641 1657 1758 1727 ipse
1787 1654 2056 1711 condide-

2151 443 2414 494 mentum
2443 437 2700 504 veniens,
2723 439 2786 490 ut
2811 437 2869 490 in
2891 451 3092 490 somno
3107 433 3408 489 admonita
3425 435 3568 500 erat,
3593 449 3797 488 orans-

2145 550 2257 605 que
2287 532 2400 587 illic
2418 548 2550 586 cum
2567 529 2966 597 luminaribus,
2995 532 3052 583 et
3076 527 3266 583 triduo
3285 527 3592 594 excubans,
3616 525 3797 580 meri-

2144 627 2217 682 tis
2241 625 2396 680 beati
2424 625 2530 680 viri
2563 625 2808 679 salutem
2841 621 3191 694 impetravit.
3231 621 3448 684 Quarto
3479 619 3656 674 etiam
3692 619 3794 673 die

2146 719 2280 774 caeci
2311 722 2427 773 tres
2455 718 2529 773 ad
2568 717 2690 788 ejus
2721 717 3007 772 tumulum
3043 715 3208 770 nobis
3238 713 3666 786 aspectantibus
3699 729 3798 767 ve-

2147 829 2286 868 nere
2313 815 2486 884 atque
2509 811 2791 866 indeluce
2818 810 3211 885 redintegrata
3231 809 3552 863 incolumes
3568 805 3789 861 abiere.

2146 907 2349 962 Multos
2388 905 2532 960 alios
2566 904 2804 960 diversis
2825 903 3066 959 afﬂictos
3093 901 3311 958 morbis
3337 901 3412 956 ad
3443 901 3566 972 ejus
3596 900 3792 972 sepul-

2149 1016 2312 1055 crum
2346 999 2541 1054 venire
2589 997 3009 1069 conspeximus,
3063 995 3411 1066 eosdemque
3467 993 3626 1049 beati
3683 993 3790 1048 viri

2149 1092 2372 1148 meritis
2399 1108 2568 1147 sanos
2588 1091 2725 1147 inde
2762 1091 3034 1146 recedere
3074 1089 3339 1144 vidimus.
3376 1087 3556 1143 Nimis
3591 1091 3790 1142 autem

2149 1186 2354 1258 prolixi
2395 1185 2633 1257 erimus,
2675 1185 2722 1240 si
2766 1185 2960 1240 audita
3001 1186 3060 1239 et
3079 1183 3199 1238 visa
3225 1181 3424 1238 omnia
3447 1181 3668 1236 referre
3696 1196 3794 1235 ve-

2150 1279 2348 1335 limus:
2371 1281 2613 1350 possunt
2644 1295 2714 1334 ea
2739 1295 2866 1350 qua:
2884 1277 3130 1334 diximus
3156 1275 3229 1332 ad
3245 1274 3422 1330 ﬁdem
3455 1273 3790 1331 faciendam

2150 1372 2418 1428 ﬁdelibus
2439 1372 2722 1427 sufﬁcere.

2229 1469 2312 1521 l9.
2335 1467 2405 1520 Et
2425 1483 2576 1521 nunc
2597 1466 2963 1520 obsecramus
2978 1462 3254 1519 eumdem
3274 1461 3674 1518 beatissimum
3693 1479 3794 1535 pa-

2153 1563 2389 1615 tronum
2414 1563 2676 1614 nostrum
2703 1561 2965 1614 sanctum
2987 1557 3357 1625 Domnolum,
3387 1559 3454 1611 ut
3478 1573 3583 1628 pro
3615 1573 3791 1628 supe-

2154 1653 2322 1709 rioris
2358 1652 2488 1708 vita:
2538 1652 2787 1725 peccatis
2836 1650 3044 1707 nostris
3093 1651 3194 1706 Dei
3233 1651 3605 1706 clementiam
3657 1647 3797 1704 velit

421 1727 553 1814 rat:
569 1757 648 1810 Eo
680 1755 739 1810 in
773 1727 897 1809 loco
924 1751 1144 1806 meritis
1172 1755 1230 1805 et
1261 1750 1526 1822 precibus
1554 1749 1676 1820 ejus
1700 1748 1867 1803 multi
1897 1763 2054 1802 mor-
2073 1727 2132 1801 Β
2157 1763 2410 1815 exorare,
2430 1747 2792 1818 gratiamque
2807 1745 2971 1801 nobis
3000 1745 3181 1801 abillo
3200 1745 3532 1818 impetrare,
3551 1747 3619 1800 ut
3634 1743 3800 1798 dein-

421 1849 540 1906 bidi
554 1849 800 1921 gratiam
824 1845 1084 1902 sanitatis
1105 1844 1388 1900 obtinent.
1412 1845 1554 1898 Nam
1577 1843 1746 1897 tertio
1769 1842 1862 1898 die
1877 1844 2058 1896 trans-

421 1942 652 1999 lationis
668 1941 890 2013 ejus,ad
902 1939 1226 2011 sepulcrum
1237 1938 1358 2009 ejus
1375 1953 1802 2009 energumenus
1821 1935 2058 2008 quidam

423 2037 520 2109 qui
534 2054 592 2092 se
605 2036 792 2108 ipsum
805 2033 1164 2104 discerpebat
1174 2031 1451 2086 adductus
1469 2033 1572 2098 est;
1591 2033 1648 2085 et
1659 2033 1788 2102 post
1805 2028 2057 2084 triduum

421 2133 672 2199 curatus,
701 2129 939 2184 domum
967 2143 1100 2181 cum
1139 2125 1472 2198 parentibus
1523 2140 1718 2195 sospes
1765 2120 2055 2178 abscessit.

419 2223 721 2295 Multisque
749 2221 916 2278 annis
946 2221 1246 2277 nobiscum
1271 2235 1439 2273 sanus
1467 2233 1837 2289 permanens,
1867 2214 1968 2270 Dei
1998 2231 2056 2269 se

425 2317 695 2372 devotum
723 2315 943 2371 studuit
964 2314 1230 2370 exhibere
1256 2314 1558 2368 cultorem.
1599 2310 1818 2366 Deinde
1857 2325 2056 2364 mense

423 2409 756 2479 Februario,
777 2409 869 2465 die
889 2408 1132 2477 sabbati,
1154 2406 1452 2479 cujusdam
1474 2408 1683 2461 nostra
1699 2403 1953 2460 ecclesiae
1971 2402 2057 2458 fa-

2156 1857 2290 1913 ceps
2318 1857 2352 1896 a
2378 1841 2546 1896 malis
2569 1857 2675 1896 nos
2705 1839 3094 1895 abstineamus
3117 1856 3132 1907 ;
3169 1841 3232 1894 ut
3256 1841 3635 1894 sacrosanctzn
3669 1837 3792 1892 1Ἰὶ-

2157 1933 2319 1990 nitati
2353 1933 2726 2003 reconciliati,
2769 1933 2874 1989 etsi
2901 1933 3025 2005 ejus
3072 1933 3272 2004 gloriae
3312 1931 3622 2005 participes
3666 1947 3794 1986 esse

2159 2045 2276 2084 non
2322 2044 2633 2096 meremur,
2691 2027 2896 2082 saltem
2961 2029 3330 2099 peccatorum
3387 2025 3796 2081 remissionem

2158 2121 2375 2192 adepti,
2401 2121 2472 2175 ab
2495 2120 2806 2192 impiorum
2830 2120 3116 2176 consortio
3132 2136 3493 2192 separemur:
3517 2123 3801 2192 praestan-

2155 2215 2214 2268 te
2258 2213 2502 2270 Domino
2548 2218 2746 2269 nostro
2779 2216 2912 2270 Jesu
2944 2213 3188 2282 Christo,
3226 2213 3325 2286 qui
3358 2230 3488 2268 cum
3534 2214 3704 2268 Patre
3739 2218 3801 2268 et

2155 2306 2368 2379 Spiritu
2396 2311 2592 2363 sancto
2618 2306 2770 2376 vivit,
2801 2310 2859 2362 et
2883 2307 3235 2380 gloriﬁcatur
3258 2308 3406 2363 Deus
3425 2323 3531 2379 per
3565 2306 3802 2362 inﬁnita

2157 2402 2365 2457 saecula
2386 2401 2748 2458 saeculorum.
2769 2403 2973 2458 Amen.

799 2741 1194 2829 SANCTI
1267 2738 1830 2844 DOMNOLI,
1910 2735 2774 2823 CENOMANENSIS
2843 2735 3406 2841 EPISCOPI,

1625 2920 2036 3058 ALIA
2141 2916 2601 3056 VITA.

1812 3127 1918 3200 (Ea:
1943 3143 2043 3186 ms.
2074 3127 2405 3198 Ansolensi.)

503 3359 551 3411 l.
579 3354 676 3410 Vir
709 3352 942 3409 illustris
981 3349 1249 3408 dominus
1285 3350 1622 3418 Domnolus,
1660 3350 2062 3408 Cenomanica:
2083 3356 2432 3438 Acoeperat,
2483 3350 2724 3407 miriﬁce
2759 3346 3144 3421 ampliﬁcavit,
3194 3351 3252 3403 et
3285 3347 3468 3402 ferme
3515 3345 3802 3418 quinqua-

425 3449 663 3506 civitatis
692 3448 1009 3519 episcopus,
1040 3447 1272 3501 natione
1302 3445 1630 3517 alienigena
1655 3446 2060 3517 nobilibusque

427 3561 496 3598 ex
520 3542 854 3614 parentibus
880 3544 1488 3610 ortus,-successorque
1514 3539 1670 3594 beati
1711 3539 2059 3607 Innocentis,

428 3635 691 3706 ejusdem
718 3635 874 3689 urbis
903 3633 1182 3704 praesulis,
1207 3633 1326 3704 qui,
1365 3635 1601 3703 propter
1637 3649 1899 3688 amorem
1938 3632 2060 3700 Dei,

428 3727 676 3799 patriam
688 3731 858 3798 atque
871 3743 1106 3781 omnem
1119 3725 1541 3797 possessionem
1556 3742 1718 3780 suam
1730 3726 2064 3797 relinquens

395 3831 411 3841 '
425 3821 718 3892 profectus
739 3823 823 3873 est
841 3820 1105 3886 Romam,
1134 3817 1335 3874 limina
1355 3818 1655 3873 beatorum
1673 3820 2064 3890 apostolorum

428 3929 600 3968 causa
638 3912 915 3967 orationis
955 3900 1301 3966 visitaturus.
1342 3911 1481 3966 Inde
1517 3929 1747 3984 quoque
1792 3911 2068 3967 remeavit

431 4021 610 4078 usque
629 4005 699 4060 ad
718 4004 1163 4061 Cenomanicam
1185 4003 1492 4072 civitatem,
1517 4009 1575 4058 et
1591 4005 1650 4059 in
1667 4021 1800 4060 eam
1819 4005 2064 4060 Domino

430 4097 678 4155 ducente
704 4098 984 4171 pervenit.
1012 4100 1138 4170 Ipsa
1160 4114 1298 4169 ergo
1331 4079 1556 4152 civitate
1577 4100 1634 4152 et
1653 4098 1865 4169 populo
1886 4097 2066 4170 ipsius

427 4192 716 4266 parochim
738 4192 1036 4264 indigente
1049 4190 1337 4263 pontiﬁce,
1363 4194 1420 4245 et
1439 4190 1632 4262 aliquo
1652 4194 1914 4262 tempore
1935 4191 2064 4246 abs-

430 4304 542 4360 que
563 4286 686 4359 ipso
707 4288 968 4354 vacante,
997 4284 1333 4356 praedictum
1365 4283 1664 4339 dominum
1694 4284 2062 4352 Domnolum,

421 4381 546 4453 jam
558 4378 890 4452 pontiﬁcem
903 4378 1233 4434 ordinatum
1243 4379 1621 4449 ,gratulanter
1632 4377 1690 4432 in
1702 4377 2067 4449 pontiﬁcatus

432 4474 697 4530 ordinem
713 4473 956 4530 Domino
980 4473 1323 4544 disponente
1351 4475 1754 4542 susceperunt;
1779 4475 1837 4526 et
1852 4471 2065 4542 princi-

431 4581 534 4638 pes
560 4565 822 4637 ejusdem
845 4565 1119 4637 regionis,
1153 4569 1326 4637 atque
1373 4565 1698 4620 sacerdotes
1731 4563 1845 4620 sive
1875 4565 2066 4619 clerici

431 4659 520 4713 vel
563 4659 783 4714 nobiles
813 4675 1015 4713 omnes
1043 4658 1218 4730 ipsius
1257 4659 1565 4729 parochim,
1614 4673 1747 4712 eum
1775 4657 2066 4730 deprecati

2163 3447 2325 3518 ginta
2353 3445 2668 3502 monachos
2695 3443 2776 3499 ibi
2800 3444 3094 3515 regulares
3114 3442 3325 3512 degere
3346 3440 3660 3507 constituit,
3683 3441 3803 3512 ple-

2164 3556 2353 3611 neque
2375 3537 2802 3594 eisvictualiain
2829 3536 3096 3593 omnibus
3123 3533 3557 3590 necessitatibus
3569 3550 3810 3605 eorum,

2164 3633 2280 3687 sive
2323 3633 2767 3705 peregrinorum
2813 3634 2985 3701 atque
3035 3627 3472 3684 adventantium
3524 3628 3798 3694 fratrum,

2165 3726 2488 3798 adimplens
2515 3725 2681 3781 docte
2709 3725 3008 3796 supplevit,
3039 3727 3098 3779 et
3127 3739 3224 3778 eos
3243 3721 3588 3794 regulariter
3607 3722 3802 3776 vivere

2165 3819 2377 3875 docuit.
2412 3819 2746 3874 Antedictus
2776 3833 3026 3888 namque
3055 3817 3258 3872 beatus
3276 3816 3588 3870 Domnolus
3605 3815 3801 3887 ponti-

2165 3914 2277 3980 fex,
2305 3913 2783 3969 monasteriolum
2802 3912 2862 3966 in
2874 3912 3154 3967 honorem
3175 3909 3805 3965 sanctorumVincentii

2167 4010 2224 4061 et
2251 4006 2540 4062 Laurentii
2571 4009 2892 4078 martyrum
2928 4004 3135 4060 Christi
3155 4005 3322 4076 juxta
3357 4004 3559 4058 urbem
3585 4003 3800 4058 consti-

2166 4099 2295 4167 tuit,
2317 4099 2458 4156 etad
2481 4099 2751 4155 effectum
2777 4115 2957 4171 usque
2969 4098 3252 4170 perduxit.
3273 4097 3362 4152 Ad
3374 4096 3804 4152 dedicationem

2167 4193 2378 4265 quippe
2401 4193 2579 4264 ipsius
2599 4192 2996 4249 monasterioli
3025 4191 3278 4247 ecclesiae
3304 4191 3538 4246 beatum
3567 4191 3807 4246 Germa-

2167 4303 2327 4353 num,
2359 4285 2694 4342 Parisiensis
2724 4285 2966 4341 civitatis
2994 4285 3285 4357 insignem
3317 4283 3673 4355 episcopum,
3705 4301 3804 4338 vo-

2166 4379 2340 4448 cavit;
2372 4383 2431 4434 et
2458 4396 2586 4435 cum
2613 4380 2736 4452 ejus
2755 4395 3038 4435 consensu
3060 4384 3118 4435 et
3137 4377 3538 4450 deprecatione
3561 4378 3702 4432 cleri
3724 4379 3808 4449 ip-

2167 4473 2280 4528 sius
2319 4472 2560 4528 civitatis
2589 4477 2648 4527 et
2674 4472 2871 4545 populi
2912 4472 3062 4527 illius
3098 4470 3253 4526 urbis
3284 4487 3350 4525 ac
3386 4471 3701 4542 parochias,
3746 4471 3808 4525 et

2166 4582 2300 4620 cum
2315 4583 2597 4621 consensu
2619 4582 2840 4634 eorum,
2865 4565 2936 4620 de
2960 4563 3132 4620 rebus
3151 4567 3364 4620 sanctae.
3385 4563 3577 4619 Mariae
3597 4567 3806 4618 etsan-

2166 4663 2386 4715 ctorum
2399 4663 2721 4731 martyrum
2733 4659 2984 4716 Gervasii
2996 4657 3528 4726 etProtasii,matris
3541 4657 3806 4728 ejusdem

431 4756 566 4808 sunt
591 4755 654 4807 ut
677 4751 865 4824 ipsam
895 4751 970 4806 ad
994 4751 1316 4822 regendam
1349 4751 1664 4824 susciperet
1678 4751 1988 4823 civitatem,
2011 4737 2142 4810 etB
2167 4753 2406 4808 civitatis
2453 4753 2728 4822 ecclesias,
2759 4753 2886 4824 jam
2928 4753 3145 4808 dictum
3172 4751 3612 4819 monasterium,
3647 4751 3806 4823 quod

431 4848 648 4902 clerum
681 4849 736 4900 et
755 4847 1024 4901 cunctum
1050 4843 1327 4916 populum
1354 4843 1664 4917 episc0pali
1700 4844 2064 4901 ordinatione

432 4956 498 4995 ac
541 4939 826 5012 regimine
871 4937 1169 4994 ordinaret
1189 4953 1253 4992 ac
1273 4940 1522 5008 regeret,
1558 4941 1618 4991 et
1643 4938 1888 4994 Domino
1915 4940 2062 4994 mul-

432 5029 702 5103 tipliciter
728 5034 1088 5088 lucraretur:
1123 5031 1220 5102 qui
1253 5033 1310 5085 et
1339 5030 1449 5085 hoc
1474 5029 1702 5100 invitus,
1748 5036 1807 5086 et
1842 5049 1877 5088 a
1914 5034 2066 5088 clero

432 5124 520 5178 vel
561 5126 772 5196 populo
811 5129 1060 5195 coactus,
1091 5125 1226 5180 licet
1255 5123 1483 5192 nobilis,
1521 5124 1846 5180 humilitate
1871 5129 2066 5182 tamen

433 5218 685 5289 suscepit
727 5217 1018 5287 ofﬁcium;
1070 5222 1128 5274 et
1169 5236 1287 5275 non
1341 5217 1637 5274 modicum
1676 5218 1746 5273 ab
1800 5221 2070 5276 omnibus

433 5313 640 5367 cuncto
672 5313 932 5382 tempore
958 5315 1087 5368 vitae
1112 5330 1228 5370 sua;
1249 5313 1616 5386 pontiﬁcatus
1651 5311 1852 5368 tribuit
1881 5313 2064 5368 admi-

433 5404 711 5461 niculum.

501 5502 555 5554 2.
588 5497 688 5553 Hic
719 5496 776 5550 in
803 5495 928 5550 loco
961 5495 1018 5550 in
1039 5513 1152 5568 quo
1172 5497 1373 5553 beatus
1401 5499 1676 5568 Julianus,
1710 5498 1928 5572 primus
1945 5499 2068 5569 jam

431 5591 596 5650 dictae
627 5589 782 5647 urbis
829 5589 1150 5662 episcopus,
1196 5607 1432 5662 corpore
1481 5593 1866 5665 requiescens,
1906 5592 2070 5664 juxta

427 5685 846 5745 monasterium
889 5683 1105 5740 scilicet
1137 5683 1317 5737 sancti
1349 5684 1580 5740 Victurii
1621 5704 1801 5760 prope
1831 5686 2066 5743 ﬂuvium

431 5779 673 5852 Sarthae,
704 5779 1123 5839 monachorum
1153 5793 1438 5847 normam,
1459 5793 1586 5849 quae
1613 5779 1834 5836 dudum
1860 5779 2066 5838 ﬂorere

2167 4863 2270 4902 suo
2300 4863 2475 4917 opere
2507 4850 2566 4902 et
2594 4847 2790 4902 labore
2822 4864 2856 4901 a
2874 4845 3256 4902 fundamento
3285 4845 3609 4916 ediﬁcavit,
3633 4844 3802 4900 dota-

2165 4941 2244 4996 vit
2271 4958 2283 4996 :
2313 4943 2370 4995 et
2398 4940 2556 4995 villas
2585 4940 2861 5012 episcopii
2886 4940 2960 4994 ad
2985 4939 3254 4995 eamdem
3282 4939 3605 5006 ecclesiam,
3627 4955 3807 5010 quam

2167 5034 2228 5089 in
2245 5034 2453 5089 eodem
2474 5035 2830 5090 monasterio
2853 5051 2968 5089 una
2986 5051 3118 5089 cum
3133 5033 3304 5090 beato
3326 5034 3637 5100 Germano,
3662 5049 3810 5104 prae.

2137 5123 2143 5130 ’
2169 5127 2332 5184 dictis
2352 5129 2685 5184 Parisiensis
2713 5127 2954 5184 civitatis
2973 5127 3185 5200 insigni
3215 5127 3503 5199 episcopo,
3531 5130 3592 5182 et
3616 5127 3677 5181 in
3697 5127 3807 5182 ho-

2168 5238 2372 5278 norem
2404 5225 2735 5277 sanctorum
2763 5225 3085 5294 martyrum
3108 5221 3392 5276 Vincentii
3421 5223 3480 5276 et
3506 5221 3810 5276 Laurentii

2167 5309 2438 5372 Kalendis
2483 5314 2817 5370 Novembris
2866 5313 3248 5383 dedicaverat,
3287 5313 3483 5384 dedit;
3523 5317 3582 5370 et
3624 5313 3688 5369 in
3737 5331 3812 5371 eo

2169 5412 2341 5482 caput
2364 5408 2520 5464 beati
2547 5408 2831 5471 Vincentii
2858 5412 2916 5465 et
2937 5425 3208 5480 magnam
3255 5413 3483 5481 partem
3514 5407 3814 5465 craticula:

2169 5519 2338 5574 super
2365 5519 2539 5576 quam
2560 5506 2786 5558 sanctus
2815 5503 3154 5559 Laurentius
3184 5506 3406 5559 assatus
3433 5505 3538 5572 est,
3567 5503 3816 5559 honori-

2168 5596 2274 5650 ﬁce
2313 5597 2628 5652 collocavit.
2665 5598 2772 5652 Per
2812 5597 3074 5652 chartam
3105 5613 3241 5652 vero
3291 5613 3393 5652 sua
3436 5613 3708 5666 munera,
3750 5604 3820 5654 ut

2169 5687 2385 5744 dictum
2409 5694 2514 5759 est,
2555 5690 2953 5747 consentiente
2981 5691 3248 5748 universo
3279 5692 3432 5747 clero
3451 5692 3542 5747 vel
3566 5694 3814 5764 populo,

2169 5786 2229 5840 et
2239 5781 2474 5842 domino
2488 5785 2773 5844 Germano
2789 5802 3087 5845 assensum
3096 5786 3390 5861 praebente
3399 5785 3578 5858 ,villas
3595 5793 3817 5854 sancta
