4058 6190
218 283 331 336 649

1655 277 2043 332 TESTAMENT
2049 277 2140 331 UM
2149 317 2160 329 .

3481 279 3582 330 650

203 387 396 443 Marias
422 403 486 442 ac
515 391 837 442 sanctorum
864 387 1108 442 Gervasii
1128 391 1183 442 et
1206 386 1460 454 Protasii,
1491 386 1561 440 ad
1583 386 1841 442 eamdem
1863 397 1923 470 Α
1943 384 2250 441 cessoribus
2277 383 2394 438 suis
2417 381 2822 456 perpetualiter
2849 381 2989 437 inibi
3013 382 3432 438 xenodochium
3460 385 3574 438 mi-

204 481 442 536 tradidit
469 481 775 536 ecclesiam.
808 480 1202 536 Subscribente
1228 485 1420 536 autem
1455 480 1684 535 domino
1715 480 1845 535 Ger-

207 591 382 628 mano
417 576 606 645 ipsum
651 578 1075 645 testamentum,
1109 575 1338 647 suisque
1369 574 1752 629 sacerdotibus
1792 579 1848 628 et

206 669 431 723 clericis
477 669 732 739 ejusdem
789 669 1023 724 civitatis
1076 674 1131 723 et
1174 669 1459 740 parochias
1510 668 1683 741 ipsius
1732 685 1848 722 non

205 762 432 834 paucis,
463 763 606 816 sicut
627 763 682 817 in
710 763 907 818 eodem
935 764 1205 817 hactenus
1242 767 1577 818 testamento
1604 763 1852 816 contine-

209 860 329 924 tur,
363 855 517 911 dedit
541 856 729 910 villam
750 861 955 911 sanctas
980 857 1168 912 Maria:
1189 861 1245 911 et
1261 862 1582 911 sanctorum
1603 857 1852 911 Gervasii

210 952 272 1002 et
309 949 569 1018 Protasii,
599 949 906 1004 Tritionem
951 967 1080 1004 cum
1124 951 1281 1004 omni
1306 950 1650 1022 integritate,
1680 967 1852 1022 quam

211 1042 440 1096 dudum
486 1043 910 1098 Habundantius
964 1047 1020 1098 et
1066 1045 1372 1099 Mallaricus
1435 1043 1702 1098 diaconus
1751 1059 1854 1114 per

211 1136 478 1208 praedicti
507 1136 752 1208 episcopi
778 1137 996 1192 domini
1030 1137 1290 1192 Domnoli
1327 1137 1667 1192 beneﬁcium
1695 1141 1852 1192 tene-

211 1232 359 1287 bant
386 1250 398 1287 :
431 1237 487 1287 et
509 1233 697 1288 villam
732 1235 1036 1304 Fraxinidi,
1061 1251 1235 1307 quam
1273 1237 1420 1307 Aper
1446 1236 1700 1290 sacerdos
1725 1251 1854 1289 cum

217 1326 346 1396 ejus
382 1325 654 1393 beneﬁcio
695 1327 975 1397 habebat;
1021 1332 1076 1383 et
1105 1330 1312 1383 Bucces
1356 1329 1606 1384 villulam
1634 1328 1720 1383 sui
1743 1328 1856 1400 epi-

217 1421 421 1490 scopii,
445 1437 574 1474 cum
605 1421 865 1475 omnibus
893 1421 964 1476 ad
993 1439 1050 1476 se
1087 1422 1521 1493 pertinentibus,
1557 1439 1729 1494 quam
1754 1423 1858 1476 Eu-

217 1513 446 1568 therius
487 1515 784 1585 presbyter
825 1531 927 1586 per
962 1516 1302 1570 beneﬁcium
1347 1516 1603 1587 przedicti
1645 1515 1857 1570 domini

221 1607 484 1661 Domnoli
502 1607 774 1676 habebat;
797 1610 918 1681 pari
935 1610 1098 1663 modo
1119 1614 1411 1681 etpratum
1431 1626 1600 1681 super
1619 1609 1856 1664 ﬂuvium

221 1699 422 1771 Sartaa,
454 1717 566 1756 una
593 1718 722 1755 cum
766 1719 963 1774 campo
990 1703 1156 1773 juxta
1185 1703 1387 1775 posito,
1420 1721 1596 1775 quam
1632 1703 1857 1757 110111111-

1944 479 2193 534 rabiliter
2219 477 2457 533 ornavit.
2498 478 2559 531 In
2605 476 2883 547 hospitali,
2930 477 3182 547 ejusdem
3226 477 3382 532 urbis
3430 494 3576 548 pon-

1947 577 2209 646 tiﬁcibus,
2249 575 2453 630 futuris
2493 592 2718 646 semper
2755 575 3104 645 temporibus
3141 580 3198 630 et
3236 575 3339 630 sub
3379 577 3577 648 conju-

1948 670 2188 725 rationis
2210 669 2598 736 detestatione,
2645 668 3084 740 hospitalitatem
3133 685 3252 724 esse
3292 669 3574 741 instituit;

1950 769 2006 820 et
2028 764 2390 836 sequentibus
2426 763 2773 834 temporibus
2800 763 3058 817 Ecclesiae
3091 780 3208 817 suae
3243 763 3408 831 sedis,
3451 781 3578 819 cum

1951 858 2211 913 omnibus
2262 859 2331 913 ad
2393 874 2452 912 se
2513 857 2964 928 pertinentibus,
3028 857 3396 929 subjugatum
3459 874 3578 914 esse

1955 956 2221 1011 instituit.

2023 1051 2076 1104 4.
2109 1050 2283 1121 Ipsius
2324 1066 2548 1121 quoque
2591 1049 2806 1104 domini
2850 1049 3108 1103 Domnoli
3154 1048 3400 1121 episcopi
3437 1055 3579 1104 tem—

1952 1160 2108 1215 pore,
2137 1143 2416 1213 cellulam,
2453 1159 2568 1198 una
2607 1159 2736 1197 cum
2769 1158 2869 1196 sua
2894 1141 3148 1211 ecclesia,
3179 1158 3307 1213 quas
3339 1147 3420 1198 est
3446 1160 3580 1198 con-

1955 1237 2147 1292 stituta
2177 1237 2237 1290 in
2266 1237 2479 1291 honore
2525 1237 2704 1291 sancti
2733 1235 2973 1305 Martini,
3011 1235 3070 1289 in
3116 1251 3313 1290 eorum
3355 1237 3584 1308 proprio

1955 1331 2377 1386 constituerunt
2411 1330 2557 1384 infra
2595 1330 2898 1398 civitatem,
2936 1330 3101 1400 juxta
3145 1335 3385 1384 matrem
3439 1331 3587 1386 vide-

1955 1426 2086 1480 licet
2125 1425 2418 1479 ecclesiam
2462 1424 2637 1495 ipsius
2687 1423 2945 1493 civitatis,
2993 1424 3248 1478 Eularius
3292 1424 3589 1495 presbyter

1957 1523 2015 1574 et
2047 1519 2356 1574 Godomara
2402 1519 2515 1572 Deo
2559 1520 2804 1586 sacrata;
2853 1521 2908 1572 et
2954 1515 3282 1587 prmdictam
3325 1517 3586 1572 cellulam

1958 1612 2133 1667 sancti
2147 1611 2362 1667 Martini
2383 1653 2396 1680 ,
2428 1611 2906 1666 haereditaverunt
2929 1610 2996 1664 de
3019 1609 3227 1664 villulis
3246 1609 3304 1664 in
3316 1610 3592 1664 Morniaco

1962 1711 2019 1760 et
2056 1706 2244 1760 villula
2278 1706 2442 1760 Vasta
2475 1721 2537 1758 ac
2575 1704 2874 1775 Popiliaco,
2915 1704 3073 1759 Ciaco
3101 1720 3325 1774 quoque
3353 1709 3408 1758 et
3431 1705 3594 1759 Vera-

225 1795 454 1849 dantius
475 1812 508 1848 a
533 1795 764 1850 domino
792 1797 1066 1852 Domnolo
1086 1797 1216 1868 jure
1246 1797 1606 1852 beneﬁciario
1631 1795 1863 1868 adipisci
1886 1773 1940 1843 B
1963 1799 2108 1854 tiaco
2148 1816 2211 1853 ac
2255 1797 2506 1864 Muliaco,
2537 1814 2649 1851 una
2683 1813 2813 1850 cum
2855 1789 2976 1850 aliis
3016 1797 3178 1866 villis,
3224 1803 3280 1852 et
3317 1798 3384 1851 de
3426 1798 3595 1852 rebus

207 1889 472 1957 meruit;
506 1894 562 1943 et
590 1889 726 1943 alias
769 1890 948 1953 villas,
977 1907 1108 1962 quae
1146 1891 1204 1944 in
1231 1891 1501 1962 praedicto
1529 1895 1866 1946 testamento

228 1981 465 2036 insertae
505 1999 624 2036 esse
663 1987 980 2039 noscuntur
1018 1984 1335 2054 insigniter,
1364 1985 1434 2038 ad
1479 1984 1868 2056 przescriptam

228 2075 463 2129 tradidit
490 2077 803 2131 ecclesiam.
848 2076 1001 2131 Multi
1025 2077 1195 2131 etiam
1223 2077 1457 2145 nobiles,
1490 2081 1608 2131 tam
1637 2077 1696 2130 in
1717 2093 1865 2147 prte-

230 2168 379 2223 senti
419 2185 592 2239 quam
620 2175 674 2224 et
698 2170 757 2223 in
787 2175 1054 2241 sequente
1091 2176 1368 2242 tempore,
1398 2187 1596 2225 eorum
1624 2170 1866 2224 haeredi-

229 2266 376 2316 tates
411 2262 482 2316 ad
517 2263 842 2333 praedictam
891 2263 1183 2319 ecclesiam
1228 2270 1550 2319 sanctorum
1593 2264 1870 2318 Vincentii

233 2361 292 2410 et
320 2356 608 2409 Laurentii
633 2357 983 2427 legaverunt.
1016 2361 1207 2429 Ipsum
1245 2363 1436 2413 autem
1465 2357 1873 2412 monasterium

236 2449 553 2517 subditum,
595 2467 725 2504 cum
761 2451 1027 2505 omnibus
1064 2452 1134 2506 ad
1175 2452 1229 2506 id
1277 2452 1712 2522 pertinentibus,
1753 2450 1874 2521 jam

239 2543 429 2597 dictus
451 2543 713 2598 dominus
740 2545 1048 2599 Domnolus
1076 2561 1193 2599 suae
1221 2545 1368 2599 sedis
1395 2545 1639 2600 ecclesiae
1677 2544 1873 2615 subju-

243 2637 419 2707 gavit,
467 2642 521 2690 et
569 2637 681 2691 suis
718 2639 1131 2693 successoribus
1176 2638 1544 2694 ecclesiastico
1579 2638 1639 2692 in
1679 2638 1876 2692 ordine

239 2730 476 2802 paciﬁce
497 2731 567 2785 ad
589 2732 906 2803 regendum
928 2737 983 2787 et
1003 2733 1436 2803 gubernandum
1457 2731 1686 2801 dimisit,
1709 2735 1878 2802 atque

241 2825 588 2896 perennibus
631 2826 980 2896 temporibus
1019 2827 1088 2880 ad
1131 2831 1372 2881 matrem
1417 2825 1655 2880 civitatis
1699 2825 1876 2880 eccle-

243 2917 408 2984 siam,
439 2923 493 2973 et
520 2918 878 2990 pontiﬁcibus
921 2919 1131 2974 ibidem
1177 2925 1344 2992 atque
1381 2919 1598 2974 clericis
1635 2919 1748 2973 Deo
1789 2918 1880 2972 de-

246 3012 515 3082 gentibus
541 3013 768 3081 habere,
800 3013 1006 3066 futuris
1033 3013 1323 3067 constituit
1363 3013 1733 3084 temporibus.

321 3108 375 3160 3.
406 3105 564 3177 Smpe
592 3105 770 3160 dictus
800 3106 1011 3160 scilicet
1042 3106 1303 3161 dominus
1333 3107 1638 3161 Domnolus
1667 3105 1876 3177 episco-

244 3215 358 3271 pus
393 3199 651 3254 cellulam
678 3216 845 3270 super
873 3200 1110 3254 ﬂuvium
1154 3201 1348 3270 Sartw,
1382 3205 1437 3255 et
1465 3199 1883 3254 xenodochium

243 3298 306 3352 in
343 3298 623 3353 honorem
664 3303 870 3354 sanctze‘
905 3299 1091 3352 Mariae
1129 3298 1464 3353 mirabiliter
1498 3315 1561 3353 ac
1599 3299 1884 3370 sapienter

246 3396 516 3464 operatus
555 3397 669 3462 est;
703 3397 758 3447 et
798 3409 922 3446 eam
959 3409 1027 3447 ex
1068 3392 1234 3447 rebus
1271 3392 1536 3463 predictse
1580 3392 1776 3446 matris
1803 3392 1882 3445 ci-

243 3485 436 3540 vitatis
479 3485 728 3541 ecclesiae
778 3487 1010 3553 dotavit,
1066 3490 1121 3541 et
1162 3486 1512 3557 receptiones
1569 3501 1886 3557 pauperum

245 3579 678 3635 adventantium
703 3580 817 3635 sive
844 3579 1103 3634 omnium
1128 3579 1529 3651 indigentium,
1553 3579 1652 3650 qui
1682 3579 1741 3632 in
1766 3578 1888 3649 ipsa

249 3674 474 3729 civitate
511 3674 706 3744 talem,
734 3679 968 3745 propter
1006 3673 1316 3729 custodiam
1353 3672 1609 3740 civitatis,
1641 3689 1753 3726 non
1782 3689 1884 3743 po-

249 3772 440 3822 terant
482 3767 691 3822 habere
733 3767 1140 3839 receptionem,
1194 3767 1337 3823 sicut
1385 3767 1444 3820 in
1492 3767 1584 3820 illo
1626 3767 1746 3820 loco
1792 3765 1887 3820 ubi

251 3861 589 3934 praedictum
627 3860 756 3915 fecit
781 3859 1197 3916 xenodochium
1230 3877 1242 3915 :
1275 3860 1356 3915 ibi
1388 3861 1544 3916 enim
1577 3860 1889 3915 monachos

249 3954 458 4026 viginti
483 3958 726 4026 quatuor
750 3954 854 4009 sub
881 3956 1076 4026 regula
1106 3955 1374 4026 degentes
1404 3954 1710 4025 constituit,
1741 3959 1807 4009 ut
1833 3957 1889 4009 et

252 4049 336 4104 ibi
363 4065 640 4121 pauperes
665 4053 1003 4120 recrearent,
1032 4052 1089 4104 et
1114 4065 1309 4104 omnes
1334 4048 1582 4120 hospites
1609 4049 1889 4119 condigne

255 4148 316 4198 et
340 4142 660 4198 amabiliter
697 4143 1062 4214 susciperent,
1095 4147 1152 4198 et
1187 4143 1295 4215 ipsi
1339 4147 1524 4198 sancte
1559 4160 1624 4197 ac
1660 4142 1887 4214 regula-

255 4237 396 4292 riter
431 4236 700 4292 viverent.
747 4239 809 4292 ln
847 4237 1045 4292 eodem
1081 4237 1434 4292 xenodochio
1470 4237 1738 4308 praedicto
1763 4252 1887 4292 mo-

256 4331 508 4386 nachum
535 4348 702 4386 suum
717 4330 1195 4403 probatissimum,
1225 4331 1521 4386 dominum
1547 4331 1759 4385 scilicet
1782 4331 1888 4384 Pa-

259 4425 526 4493 duinum,
566 4425 666 4497 qui
701 4429 836 4480 tunc
877 4425 1212 4497 praepositus
1239 4425 1308 4480 de
1356 4425 1555 4480 Sancto
1601 4424 1892 4479 Vincentio

249 4524 393 4590 erat,
422 4518 683 4574 abbatem
721 4504 1038 4588 constituit;
1079 4523 1135 4575 et
1174 4518 1278 4574 sibi
1320 4535 1418 4574 seu
1463 4518 1723 4574 omnibus
1760 4534 1887 4573 suc-

1967 1893 2083 1947 suis
2108 1891 2363 1963 legaliter
2388 1891 2720 1946 dotaverunt
2742 1908 2759 1959 ;
2788 1895 2845 1944 et
2871 1894 3065 1962 postea
3089 1907 3220 1946 cum
3246 1890 3507 1945 omnibus
3526 1892 3592 1945 ad

1968 2002 2025 2040 se
2063 1985 2474 2057 pertinentibus
2511 1985 2581 2039 ad
2624 1990 2868 2039 matrem
2915 1985 3091 2055 ipsius
3136 1985 3373 2039 civitatis
3412 1985 3592 2039 eccle-

1971 2080 2114 2132 siam
2153 2095 2254 2150 per
2288 2095 2486 2133 eorum
2521 2079 2800 2132 chartulas
2845 2077 3103 2148 legaliter
3140 2078 3506 2149 formiterque
3546 2077 3599 2132 ei

1971 2173 2077 2244 ipsi
2108 2172 2337 2225 domino
2374 2172 2649 2226 Domnolo
2690 2171 2948 2242 episcopo
2983 2170 3353 2226 tradiderunt.
3401 2172 3601 2226 Praefa-

1973 2271 2063 2320 tus
2081 2265 2256 2336 igitur
2272 2265 2540 2319 dominus
2570 2265 2878 2320 Domnolus
2898 2265 3194 2336 episcopus
3217 2264 3354 2320 emit
3371 2265 3604 2340 insuper

1973 2364 2193 2430 partem
2230 2357 2399 2429 villae,
2429 2376 2498 2414 ex
2536 2359 2802 2413 thesauro
2831 2358 3081 2414 ecclesiae
3111 2359 3217 2413 sibi
3241 2358 3556 2413 commissae
3585 2374 3600 2413 :

1976 2453 2084 2506 alia
2112 2469 2245 2508 vero
2277 2469 2406 2524 pars
2436 2453 2505 2508 de
2541 2469 2641 2508 suo
2679 2453 2937 2524 episc0po
2976 2456 3114 2522 erat,
3156 2452 3247 2507 cui
3271 2451 3605 2507 vocabulum

1977 2550 2060 2601 est
2081 2549 2291 2616 Canon,
2319 2563 2491 2617 quam
2515 2551 2571 2601 et
2598 2563 2702 2618 per
2726 2546 3018 2602 licentiam
3051 2547 3454 2602 canonicorum
3480 2563 3604 2601 suo-

1977 2656 2105 2694 rum
2135 2640 2445 2708 monachis,
2475 2639 2534 2694 in
2560 2641 2793 2695 ecclesia
2835 2641 3014 2695 sancti
3042 2640 3316 2695 Vincentii
3343 2645 3399 2694 et
3427 2640 3604 2695 sancti

1977 2732 2278 2787 Laurentii
2313 2733 2328 2802 (
2355 2749 2526 2804 quam
2552 2733 2672 2804 ipse
2697 2750 2730 2786 a
2771 2750 2913 2788 novo
2938 2733 3195 2789 fundavit
3221 2733 3238 2805 )
3268 2733 3609 2805 regulariter

1979 2827 2332 2897 degentibus,
2377 2842 2480 2897 per
2518 2843 2686 2881 suum
2727 2831 3107 2882 strumentum
3149 2827 3323 2883 dedit.
3361 2828 3502 2882 Nam
3544 2831 3608 2882 ut

1979 2920 2083 2975 sub
2116 2924 2393 2991 potestate
2432 2920 2610 2990 ipsius
2643 2920 2796 2974 urbis
2829 2921 3098 2992 episcopi,
3126 2926 3243 2976 tam
3277 2920 3383 2992 ipsi
3413 2937 3613 2976 mona-

1981 3013 2073 3068 chi
2099 3029 2271 3086 quam
2307 3018 2363 3068 et
2394 3013 2532 3084 ipsae
2576 3030 2664 3068 res
2702 3014 2781 3084 (in
2811 3030 3011 3070 eorum
3048 3018 3238 3070 tamen
3276 3031 3385 3069 usu
3425 3014 3610 3086 dispo-

1982 3112 2152 3162 nente
2202 3106 2497 3178 episcopo)
2555 3107 2763 3163 futuris
2813 3109 3177 3180 persisterent
3223 3109 3608 3181 temporibus,

1981 3201 2336 3272 contradidit,
2373 3201 2518 3256 sicut
2551 3202 2735 3257 adhuc
2781 3203 2841 3258 in
2879 3202 3002 3273 ipso
3023 3207 3338 3259 strumento
3365 3202 3612 3258 traditio-

1984 3296 2073 3350 nis
2099 3294 2340 3350 inveniri
2368 3300 2573 3367 potest.

1985 3391 2026 3460 ξΖ
2059 3392 2110 3444 5.
2153 3388 2252 3442 Η10
2290 3389 2434 3443 sedit
2459 3389 2518 3442 in
2563 3389 2833 3460 praedicta
2857 3390 2987 3445 sede
3020 3406 3196 3444 annos
3216 3405 3359 3458 XLvI,
3390 3405 3612 3445 menses

1987 3498 2042 3536 x1
2060 3522 2074 3551 ,
2098 3480 2214 3536 dies
2240 3496 2388 3551 ΗΝ,
2419 3485 2475 3535 et
2497 3481 2630 3536 fecit
2656 3482 3033 3538 ordinationes
3070 3499 3228 3554 Lxxv,
3256 3483 3613 3555 presbyteros

1987 3591 2168 3644 CCCLX,
2199 3574 2464 3629 diaconos
2488 3590 2604 3645 CCL,
2649 3580 2705 3630 et
2738 3575 2984 3648 reliquos
3015 3576 3306 3632 ministros
3326 3576 3611 3632 sufﬁcien-

1985 3674 2091 3724 ter.
2120 3668 2290 3739 Cujus
2313 3667 2375 3722 in
2401 3667 2514 3723 vita
2537 3669 2743 3724 multas
2772 3670 2892 3741 ejus
2930 3671 3148 3726 meritis
3187 3671 3454 3727 Dominus
3499 3671 3612 3726 vir-

1987 3767 2135 3818 tutes
2175 3761 2436 3831 ostendit,
2467 3762 2609 3818 sicut
2632 3763 2693 3818 in
2720 3762 2841 3835 ejus
2869 3764 2992 3819 Vita
3020 3764 3229 3836 liquet;
3260 3769 3316 3821 et
3344 3770 3472 3836 post
3495 3766 3618 3838 ejus

1988 3857 2205 3912 obitum
2246 3856 2688 3912 innumerabiles
2729 3857 2789 3912 in
2814 3858 2934 3913 loco
2954 3859 3259 3930 sepulturae
3284 3859 3422 3930 ejus,
3451 3859 3508 3914 id
3535 3865 3620 3916 est

1989 3952 2049 4006 in
2069 3951 2214 4007 dicta
2229 3951 2404 4007 sancti
2423 3951 2698 4007 Vincentii
2712 3952 2960 4021 ecclesia,
2981 3953 3214 4009 virtutes
3233 3958 3493 4025 operatus
3513 3960 3616 4011 est.

1990 4045 2138 4100 Obiit
2159 4045 2314 4101 enim
2340 4045 2639 4116 praedictus
2667 4045 2864 4101 beatus
2892 4047 3199 4102 Domnolus
3223 4047 3284 4102 in
3310 4064 3467 4118 pace,
3500 4048 3619 4119 ple-
3658 4033 3661 4036 I

1990 4155 2098 4194 nus
2138 4139 2382 4208 dierum,
2412 4140 2673 4196 Kalendis
2718 4141 3040 4196 Decembris
3069 4157 3082 4195 :
3114 4141 3213 4212 qui
3239 4157 3369 4195 cum
3397 4140 3620 4196 Christo

1990 4229 2127 4285 vivit
2159 4231 2218 4285 in
2240 4235 2536 4300 aeternum,
2569 4234 2627 4285 et
2665 4245 2795 4284 cum
2836 4230 3043 4285 sanctis
3085 4234 3286 4301 regnat
3308 4228 3369 4283 in
3397 4229 3575 4300 gloria
3603 4246 3615 4284 :

1991 4341 2124 4380 cum
2152 4341 2265 4396 quo
2290 4329 2346 4380 et
2369 4341 2472 4380 nos
2499 4323 2804 4379 auxiliante
2830 4323 3071 4378 Domino
3091 4322 3386 4378 humiliter
3407 4323 3620 4394 suppli-

1992 4423 2180 4474 cantes
2205 4417 2390 4475 vivere
2414 4433 2762 4487 mereamur,
2789 4433 2892 4487 per
2917 4415 3140 4472 inﬁnita
3164 4415 3372 4472 saecula
3389 4416 3614 4474 saeculo-

1993 4530 2144 4570 rum.
2178 4514 2382 4569 Amen.

972 4820 1283 4891 SANCTI
1328 4821 1741 4911 DOMNOLI,
1792 4817 2456 4892 CENOMANENSIS
2503 4816 2911 4905 EPISCOPI,

1219 4989 2228 5138 TESTAMEN
2229 4987 2668 5108 TUM.

1736 5186 2148 5200 ἡ

337 5277 656 5332 Venerabili
696 5278 940 5335 ecclesia
981 5282 1367 5337 Cenomanicae
1405 5283 1555 5339 clero
1593 5284 1898 5340 Domnolus
1917 5297 1976 5370 D
1999 5288 2140 5342 Cum
2169 5299 2306 5356 ergo
2324 5297 2427 5355 pro
2455 5279 2632 5336 salute
2661 5274 2859 5350 populi
2880 5271 2970 5370 vel
2996 5273 3245 5331 custodia
3271 5275 3506 5334 civitatis
3531 5294 3622 5335 re-

264 5371 584 5443 episcopus.

339 5473 673 5541 Congruum
720 5471 880 5527 nobis
922 5472 1028 5528 fuit
1073 5478 1135 5530 ut
1170 5479 1363 5530 votum
1417 5475 1785 5532 desiderabile
1841 5478 1899 5532 in

265 5565 562 5620 charitatis
588 5571 786 5621 vestrae
825 5567 1087 5622 notitiam
1123 5585 1461 5640 poneremus
1493 5587 1506 5626 :
1535 5571 1668 5643 quia
1692 5571 1738 5625 si
1763 5587 1900 5627 con-

265 5675 466 5714 sensus
493 5661 678 5714 vester
703 5659 1047 5716 desiderium
1073 5664 1254 5718 cordis
1271 5664 1451 5719 nostri
1479 5667 1534 5719 et
1559 5665 1780 5721 decreta
1800 5683 1901 5721 an-

266 5754 470 5808 nuerit
510 5754 791 5809 credimus
823 5755 1036 5811 nullius
1063 5757 1174 5813 ullo
1206 5774 1460 5830 unquam
1486 5762 1744 5832 tempore
1770 5777 1903 5817 con-

269 5847 567 5905 trarietate
616 5865 649 5903 a
694 5848 853 5903 nobis
905 5851 1115 5922 pariter
1163 5852 1384 5909 ﬁrmata
1429 5871 1591 5927 posse
1645 5855 1905 5912 convelli.

612 5948 887 6018 Pauor.
933 5952 1166 6017 LXXII.

1998 5378 2201 5452 liquias
2226 5380 2548 5432 sanctorum
2573 5376 2889 5444 martyrum
2917 5368 3194 5426 Vincentii
3234 5375 3291 5426 et
3314 5370 3622 5443 Laurentii,

2000 5473 2382 5530 intercedente
2417 5464 2883 5540 praesumptione,
2923 5464 3043 5519 ausi
3078 5465 3355 5520 fuerimus
3377 5465 3624 5535 deferre;

2003 5568 2147 5623 sicut
2171 5583 2303 5621 cum
2324 5563 2424 5619 Dei
2460 5559 2737 5634 adjutorio
2765 5560 2854 5615 vel
2877 5563 3062 5614 vestro
3093 5560 3304 5616 eisdem
3333 5557 3521 5611 locum
3550 5557 3629 5612 di-

2006 5661 2232 5734 gnitatis
2271 5657 2552 5715 ereximus
2590 5655 2651 5711 in
2685 5653 2952 5725 culmine,
2981 5654 3058 5709 ita
3084 5654 3332 5724 petimus
3359 5652 3424 5701 ut
3447 5655 3631 5710 vestro

2007 5757 2222 5830 pariter
2261 5753 2470 5810 ditetur
2511 5754 2569 5808 et
2593 5767 2848 5808 munere.
2882 5750 2948 5802 Et
2972 5747 3018 5800 si
3047 5762 3246 5802 sensus
3269 5745 3450 5800 vester
3473 5745 3640 5804 nobis

2009 5849 2313 5910 contulerit
2361 5847 2696 5906 charitatem
2755 5846 2920 5909 hanc,
2982 5839 3251 5909 paginola
3302 5835 3644 5916 donationis,

3253 5941 3322 6004 21
