  <div class='ocr_page' id='page_1' title='image "/cluster/home/n/w/nwhite01/storage/ocr_20150623/72/hvd.32044054758768/331.png"; bbox 0 0 4058 6190; ppageno 0'>
   <div class='ocr_carea' id='block_1_1' title="bbox 467 299 562 352">
    <p class='ocr_par' dir='ltr' id='par_1_1' title="bbox 467 299 562 352">
     <span class='ocr_line' id='line_1_1' title="bbox 467 299 562 352; baseline 0.011 -1"><span class='ocrx_word' id='word_1_1' title='bbox 467 299 562 352; x_wconf 77' lang='grc'><strong>651</strong></span> 
     </span>
    </p>
   </div>
   <div class='ocr_carea' id='block_1_2' title="bbox 1448 299 2848 370">
    <p class='ocr_par' dir='ltr' id='par_1_2' title="bbox 1448 299 2848 370">
     <span class='ocr_line' id='line_1_2' title="bbox 1448 299 2848 370; baseline 0.003 -16"><span class='ocrx_word' id='word_1_2' title='bbox 1448 299 1702 356; x_wconf 77' lang='lat' dir='ltr'><strong>SANCTA</strong></span> <span class='ocrx_word' id='word_1_3' title='bbox 1739 301 2182 370; x_wconf 82' lang='lat' dir='ltr'><strong>RADEGUNDIS,</strong></span> <span class='ocrx_word' id='word_1_4' title='bbox 2222 301 2480 360; x_wconf 81' lang='lat' dir='ltr'><strong>REGINA</strong></span> <span class='ocrx_word' id='word_1_5' title='bbox 2519 303 2848 359; x_wconf 58' lang='lat' dir='ltr'><strong>FRANCL‘E.</strong></span> 
     </span>
    </p>
   </div>
   <div class='ocr_carea' id='block_1_3' title="bbox 3723 313 3836 364">
    <p class='ocr_par' dir='ltr' id='par_1_3' title="bbox 3723 313 3836 364">
     <span class='ocr_line' id='line_1_3' title="bbox 3723 313 3836 364; baseline 0.009 -1"><span class='ocrx_word' id='word_1_6' title='bbox 3723 313 3836 364; x_wconf 72' lang='lat'><strong>652</strong></span> 
     </span>
    </p>
   </div>
   <div class='ocr_carea' id='block_1_4' title="bbox 465 410 3838 498">
    <p class='ocr_par' dir='ltr' id='par_1_4' title="bbox 465 410 3838 498">
     <span class='ocr_line' id='line_1_4' title="bbox 465 410 3838 498; baseline 0.002 -34"><span class='ocrx_word' id='word_1_7' title='bbox 465 427 639 482; x_wconf 89' lang='lat' dir='ltr'><strong>quam</strong></span> <span class='ocrx_word' id='word_1_8' title='bbox 666 411 980 465; x_wconf 85' lang='lat' dir='ltr'><strong>Aunulfum</strong></span> <span class='ocrx_word' id='word_1_9' title='bbox 1006 410 1308 464; x_wconf 85' lang='lat' dir='ltr'>diaconum</span> <span class='ocrx_word' id='word_1_10' title='bbox 1337 410 1608 480; x_wconf 87' lang='lat' dir='ltr'><strong>perﬁcere</strong></span> <span class='ocrx_word' id='word_1_11' title='bbox 1631 413 1982 468; x_wconf 87' lang='lat' dir='ltr'><strong>unanimiter</strong></span> <span class='ocrx_word' id='word_1_12' title='bbox 2007 431 2090 468; x_wconf 93' lang='lat' dir='ltr'><strong>ro-</strong></span> <span class='ocrx_word' id='word_1_13' title='bbox 2113 426 2172 498; x_wconf 79' lang='grc' dir='ltr'><strong>Α</strong></span> <span class='ocrx_word' id='word_1_14' title='bbox 2193 415 2410 484; x_wconf 86' lang='lat' dir='ltr'><strong>psalmo</strong></span> <span class='ocrx_word' id='word_1_15' title='bbox 2435 415 2740 470; x_wconf 87' lang='lat' dir='ltr'><strong>centesimo</strong></span> <span class='ocrx_word' id='word_1_16' title='bbox 2775 419 2966 470; x_wconf 88' lang='lat' dir='ltr'><strong>octavo</strong></span> <span class='ocrx_word' id='word_1_17' title='bbox 3003 415 3159 472; x_wconf 84' lang='lat' dir='ltr'><strong>Judse</strong></span> <span class='ocrx_word' id='word_1_18' title='bbox 3199 416 3464 488; x_wconf 81' lang='lat' dir='ltr'><strong>cantavit;</strong></span> <span class='ocrx_word' id='word_1_19' title='bbox 3495 423 3552 474; x_wconf 91' lang='lat' dir='ltr'><strong>et</strong></span> <span class='ocrx_word' id='word_1_20' title='bbox 3573 435 3838 490; x_wconf 65' lang='lat' dir='ltr'><strong>praesens</strong></span> 
     </span>
    </p>
   </div>
   <div class='ocr_carea' id='block_1_5' title="bbox 465 503 2090 576">
    <p class='ocr_par' dir='ltr' id='par_1_5' title="bbox 465 503 2090 576">
     <span class='ocr_line' id='line_1_5' title="bbox 465 503 2090 576; baseline 0.002 -18"><span class='ocrx_word' id='word_1_21' title='bbox 465 505 722 575; x_wconf 88' lang='lat' dir='ltr'><strong>gavimus</strong></span> <span class='ocrx_word' id='word_1_22' title='bbox 750 503 1226 570; x_wconf 84' lang='lat' dir='ltr'><strong>conscribendam,</strong></span> <span class='ocrx_word' id='word_1_23' title='bbox 1256 509 1440 558; x_wconf 89' lang='lat' dir='ltr'><strong>vestro</strong></span> <span class='ocrx_word' id='word_1_24' title='bbox 1462 522 1788 576; x_wconf 65' lang='lat' dir='ltr'><strong>quaesumus</strong></span> <span class='ocrx_word' id='word_1_25' title='bbox 1815 513 1878 562; x_wconf 92' lang='lat' dir='ltr'><strong>ut</strong></span> <span class='ocrx_word' id='word_1_26' title='bbox 1903 509 2090 562; x_wconf 85' lang='lat' dir='ltr'><strong>ﬁrme-</strong></span> 
     </span>
    </p>
   </div>
   <div class='ocr_carea' id='block_1_6' title="bbox 463 589 2089 671">
    <p class='ocr_par' dir='ltr' id='par_1_6' title="bbox 463 589 2089 671">
     <span class='ocr_line' id='line_1_6' title="bbox 463 589 2089 671; baseline 0.002 -19"><span class='ocrx_word' id='word_1_27' title='bbox 463 604 560 652; x_wconf 88' lang='lat' dir='ltr'><strong>tur</strong></span> <span class='ocrx_word' id='word_1_28' title='bbox 581 599 782 652; x_wconf 83' lang='lat' dir='ltr'><strong>robore</strong></span> <span class='ocrx_word' id='word_1_29' title='bbox 813 616 825 650; x_wconf 91' lang='lat'><strong>:</strong></span> <span class='ocrx_word' id='word_1_30' title='bbox 857 601 917 650; x_wconf 89' lang='lat' dir='ltr'><strong>ut</strong></span> <span class='ocrx_word' id='word_1_31' title='bbox 952 595 966 668; x_wconf 93' lang='lat'>[</span> <span class='ocrx_word' id='word_1_32' title='bbox 992 589 1265 668; x_wconf 87' lang='lat' dir='ltr'><strong>quidquid</strong></span> <span class='ocrx_word' id='word_1_33' title='bbox 1290 613 1393 654; x_wconf 92' lang='lat' dir='ltr'><strong>nos</strong></span> <span class='ocrx_word' id='word_1_34' title='bbox 1420 599 1437 668; x_wconf 85' lang='lat'>]</span> <span class='ocrx_word' id='word_1_35' title='bbox 1467 616 1568 670; x_wconf 90' lang='lat' dir='ltr'><strong>per</strong></span> <span class='ocrx_word' id='word_1_36' title='bbox 1591 601 1738 654; x_wconf 87' lang='lat' dir='ltr'><strong>hanc</strong></span> <span class='ocrx_word' id='word_1_37' title='bbox 1763 601 2089 671; x_wconf 90' lang='lat' dir='ltr'><strong>paginolam</strong></span> 
     </span>
    </p>
   </div>
   <div class='ocr_carea' id='block_1_7' title="bbox 462 690 2088 764">
    <p class='ocr_par' dir='ltr' id='par_1_7' title="bbox 462 690 2088 764">
     <span class='ocr_line' id='line_1_7' title="bbox 462 690 2088 764; baseline 0.001 -17"><span class='ocrx_word' id='word_1_38' title='bbox 462 690 775 747; x_wconf 84' lang='lat' dir='ltr'><strong>donationis</strong></span> <span class='ocrx_word' id='word_1_39' title='bbox 805 693 1022 744; x_wconf 80' lang='lat' dir='ltr'><strong>constat</strong></span> <span class='ocrx_word' id='word_1_40' title='bbox 1047 690 1350 763; x_wconf 81' lang='lat' dir='ltr'><strong>delegasse,</strong></span> <span class='ocrx_word' id='word_1_41' title='bbox 1381 699 1701 764; x_wconf 88' lang='lat' dir='ltr'><strong>noncupata</strong></span> <span class='ocrx_word' id='word_1_42' title='bbox 1736 694 1962 749; x_wconf 88' lang='lat' dir='ltr'><strong>basilica</strong></span> <span class='ocrx_word' id='word_1_43' title='bbox 1989 695 2088 748; x_wconf 86' lang='lat' dir='ltr'><strong>ha-</strong></span> 
     </span>
    </p>
   </div>
   <div class='ocr_carea' id='block_1_8' title="bbox 459 784 2088 860">
    <p class='ocr_par' dir='ltr' id='par_1_8' title="bbox 459 784 2088 860">
     <span class='ocr_line' id='line_1_8' title="bbox 459 784 2088 860; baseline 0.001 -20"><span class='ocrx_word' id='word_1_44' title='bbox 459 787 605 852; x_wconf 89' lang='lat' dir='ltr'><strong>beat,</strong></span> <span class='ocrx_word' id='word_1_45' title='bbox 633 788 838 848; x_wconf 85' lang='lat' dir='ltr'><strong>teneat,</strong></span> <span class='ocrx_word' id='word_1_46' title='bbox 879 785 1178 854; x_wconf 83' lang='lat' dir='ltr'><strong>possideat,</strong></span> <span class='ocrx_word' id='word_1_47' title='bbox 1217 784 1390 860; x_wconf 91' lang='lat' dir='ltr'><strong>[nec]</strong></span> <span class='ocrx_word' id='word_1_48' title='bbox 1421 787 1746 858; x_wconf 89' lang='lat' dir='ltr'>quicunque</span> <span class='ocrx_word' id='word_1_49' title='bbox 1775 787 1885 842; x_wconf 91' lang='lat' dir='ltr'><strong>loci</strong></span> <span class='ocrx_word' id='word_1_50' title='bbox 1919 789 2088 858; x_wconf 88' lang='lat' dir='ltr'>hujus</span> 
     </span>
    </p>
   </div>
   <div class='ocr_carea' id='block_1_9' title="bbox 462 877 2088 952">
    <p class='ocr_par' dir='ltr' id='par_1_9' title="bbox 462 877 2088 952">
     <span class='ocr_line' id='line_1_9' title="bbox 462 877 2088 952; baseline 0.002 -20"><span class='ocrx_word' id='word_1_51' title='bbox 462 877 792 948; x_wconf 86' lang='lat' dir='ltr'><strong>dignitatem</strong></span> <span class='ocrx_word' id='word_1_52' title='bbox 841 879 1172 949; x_wconf 86' lang='lat' dir='ltr'><strong>perceperit,</strong></span> <span class='ocrx_word' id='word_1_53' title='bbox 1213 879 1344 950; x_wconf 88' lang='lat' dir='ltr'><strong>jure</strong></span> <span class='ocrx_word' id='word_1_54' title='bbox 1389 881 1748 935; x_wconf 83' lang='lat' dir='ltr'><strong>haereditario</strong></span> <span class='ocrx_word' id='word_1_55' title='bbox 1791 886 2088 952; x_wconf 89' lang='lat' dir='ltr'><strong>perpetua-</strong></span> 
     </span>
    </p>
   </div>
   <div class='ocr_carea' id='block_1_10' title="bbox 459 971 2086 1046">
    <p class='ocr_par' dir='ltr' id='par_1_10' title="bbox 459 971 2086 1046">
     <span class='ocr_line' id='line_1_10' title="bbox 459 971 2086 1046; baseline 0.002 -20"><span class='ocrx_word' id='word_1_56' title='bbox 459 971 587 1026; x_wconf 87' lang='lat' dir='ltr'><strong>liter</strong></span> <span class='ocrx_word' id='word_1_57' title='bbox 606 971 832 1024; x_wconf 86' lang='lat' dir='ltr'><strong>sibimet</strong></span> <span class='ocrx_word' id='word_1_58' title='bbox 871 971 1116 1026; x_wconf 74' lang='lat' dir='ltr'><strong>vindicet</strong></span> <span class='ocrx_word' id='word_1_59' title='bbox 1159 974 1580 1044; x_wconf 89' lang='lat' dir='ltr'><strong>possidendum.</strong></span> <span class='ocrx_word' id='word_1_60' title='bbox 1603 975 1658 1029; x_wconf 92' lang='lat' dir='ltr'><strong>Si</strong></span> <span class='ocrx_word' id='word_1_61' title='bbox 1683 975 1798 1028; x_wconf 89' lang='lat' dir='ltr'><strong>ullo</strong></span> <span class='ocrx_word' id='word_1_62' title='bbox 1833 992 2086 1046; x_wconf 85' lang='lat' dir='ltr'>unquam</span> 
     </span>
    </p>
   </div>
   <div class='ocr_carea' id='block_1_11' title="bbox 459 1067 2082 1140">
    <p class='ocr_par' dir='ltr' id='par_1_11' title="bbox 459 1067 2082 1140">
     <span class='ocr_line' id='line_1_11' title="bbox 459 1067 2082 1140; baseline 0.002 -20"><span class='ocrx_word' id='word_1_63' title='bbox 459 1071 735 1136; x_wconf 89' lang='lat' dir='ltr'><strong>tempore,</strong></span> <span class='ocrx_word' id='word_1_64' title='bbox 779 1071 879 1120; x_wconf 90' lang='lat' dir='ltr'><strong>aut</strong></span> <span class='ocrx_word' id='word_1_65' title='bbox 918 1067 1170 1136; x_wconf 81' lang='lat' dir='ltr'><strong>pontifex</strong></span> <span class='ocrx_word' id='word_1_66' title='bbox 1213 1067 1466 1136; x_wconf 84' lang='lat' dir='ltr'><strong>civitatis,</strong></span> <span class='ocrx_word' id='word_1_67' title='bbox 1509 1073 1605 1123; x_wconf 91' lang='lat' dir='ltr'><strong>aut</strong></span> <span class='ocrx_word' id='word_1_68' title='bbox 1647 1069 1911 1138; x_wconf 82' lang='lat' dir='ltr'><strong>quaelibet</strong></span> <span class='ocrx_word' id='word_1_69' title='bbox 1951 1085 2082 1140; x_wconf 87' lang='lat' dir='ltr'><strong>per-</strong></span> 
     </span>
    </p>
   </div>
   <div class='ocr_carea' id='block_1_12' title="bbox 457 1160 2081 1228">
    <p class='ocr_par' dir='ltr' id='par_1_12' title="bbox 457 1160 2081 1228">
     <span class='ocr_line' id='line_1_12' title="bbox 457 1160 2081 1228; baseline 0.002 -16"><span class='ocrx_word' id='word_1_70' title='bbox 457 1177 614 1228; x_wconf 85' lang='lat' dir='ltr'><strong>sena,</strong></span> <span class='ocrx_word' id='word_1_71' title='bbox 643 1177 676 1213; x_wconf 92' lang='lat' dir='ltr'><strong>a</strong></span> <span class='ocrx_word' id='word_1_72' title='bbox 703 1160 864 1213; x_wconf 90' lang='lat' dir='ltr'><strong>nobis</strong></span> <span class='ocrx_word' id='word_1_73' title='bbox 891 1161 1094 1215; x_wconf 86' lang='lat' dir='ltr'><strong>donata</strong></span> <span class='ocrx_word' id='word_1_74' title='bbox 1119 1162 1208 1215; x_wconf 85' lang='lat' dir='ltr'><strong>vel</strong></span> <span class='ocrx_word' id='word_1_75' title='bbox 1230 1163 1436 1216; x_wconf 88' lang='lat' dir='ltr'><strong>tradita</strong></span> <span class='ocrx_word' id='word_1_76' title='bbox 1467 1164 1534 1217; x_wconf 90' lang='lat' dir='ltr'><strong>de</strong></span> <span class='ocrx_word' id='word_1_77' title='bbox 1575 1163 1958 1218; x_wconf 87' lang='lat' dir='ltr'><strong>dominatione</strong></span> <span class='ocrx_word' id='word_1_78' title='bbox 1982 1163 2081 1216; x_wconf 91' lang='lat' dir='ltr'><strong>ba-</strong></span> 
     </span>
    </p>
   </div>
   <div class='ocr_carea' id='block_1_13' title="bbox 456 1253 2081 1325">
    <p class='ocr_par' dir='ltr' id='par_1_13' title="bbox 456 1253 2081 1325">
     <span class='ocr_line' id='line_1_13' title="bbox 456 1253 2081 1325; baseline 0.003 -18"><span class='ocrx_word' id='word_1_79' title='bbox 456 1253 623 1308; x_wconf 74' lang='lat' dir='ltr'><strong>silicae</strong></span> <span class='ocrx_word' id='word_1_80' title='bbox 663 1254 835 1325; x_wconf 82' lang='lat' dir='ltr'>hujus</span> <span class='ocrx_word' id='word_1_81' title='bbox 873 1255 1198 1309; x_wconf 82' lang='lat' dir='ltr'><strong>abstrahere</strong></span> <span class='ocrx_word' id='word_1_82' title='bbox 1241 1256 1499 1325; x_wconf 90' lang='lat' dir='ltr'><strong>voluerit,</strong></span> <span class='ocrx_word' id='word_1_83' title='bbox 1551 1257 1804 1311; x_wconf 86' lang='lat' dir='ltr'><strong>incurrat</strong></span> <span class='ocrx_word' id='word_1_84' title='bbox 1849 1259 2081 1312; x_wconf 85' lang='lat' dir='ltr'><strong>maledi-</strong></span> 
     </span>
    </p>
   </div>
   <div class='ocr_carea' id='block_1_14' title="bbox 456 1348 2086 1418">
    <p class='ocr_par' dir='ltr' id='par_1_14' title="bbox 456 1348 2086 1418">
     <span class='ocr_line' id='line_1_14' title="bbox 456 1348 2086 1418; baseline 0.004 -17"><span class='ocrx_word' id='word_1_85' title='bbox 456 1348 669 1402; x_wconf 89' lang='lat' dir='ltr'><strong>tionem</strong></span> <span class='ocrx_word' id='word_1_86' title='bbox 733 1365 837 1418; x_wconf 89' lang='lat' dir='ltr'><strong>pro</strong></span> <span class='ocrx_word' id='word_1_87' title='bbox 893 1349 1305 1416; x_wconf 90' lang='lat' dir='ltr'><strong>benedictione,</strong></span> <span class='ocrx_word' id='word_1_88' title='bbox 1355 1355 1411 1404; x_wconf 87' lang='lat' dir='ltr'><strong>et</strong></span> <span class='ocrx_word' id='word_1_89' title='bbox 1458 1351 1679 1404; x_wconf 90' lang='lat' dir='ltr'><strong>Domini</strong></span> <span class='ocrx_word' id='word_1_90' title='bbox 1731 1351 1908 1406; x_wconf 87' lang='lat' dir='ltr'><strong>nostri</strong></span> <span class='ocrx_word' id='word_1_91' title='bbox 1956 1354 2086 1406; x_wconf 89' lang='lat' dir='ltr'><strong>Jesu</strong></span> 
     </span>
    </p>
   </div>
   <div class='ocr_carea' id='block_1_15' title="bbox 455 1442 2082 1515">
    <p class='ocr_par' dir='ltr' id='par_1_15' title="bbox 455 1442 2082 1515">
     <span class='ocr_line' id='line_1_15' title="bbox 455 1442 2082 1515; baseline 0.001 -19"><span class='ocrx_word' id='word_1_92' title='bbox 455 1442 681 1510; x_wconf 87' lang='lat' dir='ltr'><strong>Christi,</strong></span> <span class='ocrx_word' id='word_1_93' title='bbox 712 1446 768 1496; x_wconf 89' lang='lat' dir='ltr'><strong>et</strong></span> <span class='ocrx_word' id='word_1_94' title='bbox 791 1447 994 1497; x_wconf 86' lang='lat' dir='ltr'><strong>sanctae</strong></span> <span class='ocrx_word' id='word_1_95' title='bbox 1019 1443 1204 1498; x_wconf 77' lang='lat' dir='ltr'><strong>Mariae</strong></span> <span class='ocrx_word' id='word_1_96' title='bbox 1233 1460 1455 1514; x_wconf 87' lang='lat' dir='ltr'><strong>semper</strong></span> <span class='ocrx_word' id='word_1_97' title='bbox 1487 1444 1740 1515; x_wconf 82' lang='lat' dir='ltr'><strong>virginis,</strong></span> <span class='ocrx_word' id='word_1_98' title='bbox 1774 1447 1830 1498; x_wconf 89' lang='lat' dir='ltr'><strong>et</strong></span> <span class='ocrx_word' id='word_1_99' title='bbox 1863 1449 2082 1500; x_wconf 86' lang='lat' dir='ltr'><strong>sancto-</strong></span> 
     </span>
    </p>
   </div>
   <div class='ocr_carea' id='block_1_16' title="bbox 455 1537 2082 1606">
    <p class='ocr_par' dir='ltr' id='par_1_16' title="bbox 455 1537 2082 1606">
     <span class='ocr_line' id='line_1_16' title="bbox 455 1537 2082 1606; baseline 0.002 -18"><span class='ocrx_word' id='word_1_100' title='bbox 455 1551 588 1588; x_wconf 90' lang='lat' dir='ltr'><strong>rum</strong></span> <span class='ocrx_word' id='word_1_101' title='bbox 638 1537 1052 1606; x_wconf 83' lang='lat' dir='ltr'><strong>apostolorum,</strong></span> <span class='ocrx_word' id='word_1_102' title='bbox 1105 1537 1190 1592; x_wconf 86' lang='lat' dir='ltr'><strong>vel</strong></span> <span class='ocrx_word' id='word_1_103' title='bbox 1251 1537 1509 1592; x_wconf 88' lang='lat' dir='ltr'><strong>omnium</strong></span> <span class='ocrx_word' id='word_1_104' title='bbox 1557 1543 1882 1593; x_wconf 87' lang='lat' dir='ltr'><strong>sanctorum</strong></span> <span class='ocrx_word' id='word_1_105' title='bbox 1930 1555 2082 1592; x_wconf 89' lang='lat' dir='ltr'><strong>mar-</strong></span> 
     </span>
    </p>
   </div>
   <div class='ocr_carea' id='block_1_17' title="bbox 457 1631 2080 1702">
    <p class='ocr_par' dir='ltr' id='par_1_17' title="bbox 457 1631 2080 1702">
     <span class='ocr_line' id='line_1_17' title="bbox 457 1631 2080 1702; baseline 0.001 -18"><span class='ocrx_word' id='word_1_106' title='bbox 457 1636 669 1702; x_wconf 85' lang='lat' dir='ltr'><strong>tyrum,</strong></span> <span class='ocrx_word' id='word_1_107' title='bbox 723 1632 1108 1685; x_wconf 87' lang='lat' dir='ltr'><strong>confessorum</strong></span> <span class='ocrx_word' id='word_1_108' title='bbox 1159 1635 1326 1702; x_wconf 88' lang='lat' dir='ltr'><strong>atque</strong></span> <span class='ocrx_word' id='word_1_109' title='bbox 1367 1631 1676 1702; x_wconf 82' lang='lat' dir='ltr'><strong>virginum,</strong></span> <span class='ocrx_word' id='word_1_110' title='bbox 1711 1632 1963 1687; x_wconf 87' lang='lat' dir='ltr'><strong>incurrat</strong></span> <span class='ocrx_word' id='word_1_111' title='bbox 1997 1634 2080 1688; x_wconf 89' lang='lat' dir='ltr'><strong>of-</strong></span> 
     </span>
    </p>
   </div>
   <div class='ocr_carea' id='block_1_18' title="bbox 457 1725 2084 1797">
    <p class='ocr_par' dir='ltr' id='par_1_18' title="bbox 457 1725 2084 1797">
     <span class='ocr_line' id='line_1_18' title="bbox 457 1725 2084 1797; baseline 0.002 -18"><span class='ocrx_word' id='word_1_112' title='bbox 457 1725 708 1794; x_wconf 84' lang='lat' dir='ltr'><strong>fensam;</strong></span> <span class='ocrx_word' id='word_1_113' title='bbox 762 1731 816 1779; x_wconf 94' lang='lat' dir='ltr'><strong>et</strong></span> <span class='ocrx_word' id='word_1_114' title='bbox 869 1725 1128 1779; x_wconf 86' lang='lat' dir='ltr'><strong>voluntas</strong></span> <span class='ocrx_word' id='word_1_115' title='bbox 1180 1730 1372 1781; x_wconf 86' lang='lat' dir='ltr'><strong>nostra</strong></span> <span class='ocrx_word' id='word_1_116' title='bbox 1421 1727 1728 1797; x_wconf 87' lang='lat' dir='ltr'><strong>perpetim,</strong></span> <span class='ocrx_word' id='word_1_117' title='bbox 1781 1727 2084 1782; x_wconf 81' lang='lat' dir='ltr'><strong>auxiliante</strong></span> 
     </span>
    </p>
   </div>
   <div class='ocr_carea' id='block_1_19' title="bbox 2191 508 3836 583">
    <p class='ocr_par' dir='ltr' id='par_1_19' title="bbox 2191 508 3836 583">
     <span class='ocr_line' id='line_1_19' title="bbox 2191 508 3836 583; baseline 0.003 -22"><span class='ocrx_word' id='word_1_118' title='bbox 2191 508 2396 580; x_wconf 82' lang='lat' dir='ltr'><strong>pagina</strong></span> <span class='ocrx_word' id='word_1_119' title='bbox 2436 515 2662 564; x_wconf 88' lang='lat' dir='ltr'><strong>maneat</strong></span> <span class='ocrx_word' id='word_1_120' title='bbox 2698 508 3046 580; x_wconf 89' lang='lat' dir='ltr'><strong>inconvulsa,</strong></span> <span class='ocrx_word' id='word_1_121' title='bbox 3093 527 3266 582; x_wconf 86' lang='lat' dir='ltr'><strong>quam</strong></span> <span class='ocrx_word' id='word_1_122' title='bbox 3307 529 3409 583; x_wconf 89' lang='lat' dir='ltr'><strong>pro</strong></span> <span class='ocrx_word' id='word_1_123' title='bbox 3448 513 3528 566; x_wconf 87' lang='lat' dir='ltr'><strong>rei</strong></span> <span class='ocrx_word' id='word_1_124' title='bbox 3555 512 3836 567; x_wconf 83' lang='lat' dir='ltr'><strong>ﬁrmitate</strong></span> 
     </span>
    </p>
   </div>
   <div class='ocr_carea' id='block_1_20' title="bbox 2191 603 3838 674">
    <p class='ocr_par' dir='ltr' id='par_1_20' title="bbox 2191 603 3838 674">
     <span class='ocr_line' id='line_1_20' title="bbox 2191 603 3838 674; baseline 0.002 -18"><span class='ocrx_word' id='word_1_125' title='bbox 2191 619 2366 656; x_wconf 90' lang='lat' dir='ltr'><strong>manu</strong></span> <span class='ocrx_word' id='word_1_126' title='bbox 2405 603 2635 674; x_wconf 86' lang='lat' dir='ltr'><strong>propria</strong></span> <span class='ocrx_word' id='word_1_127' title='bbox 2680 603 3014 674; x_wconf 86' lang='lat' dir='ltr'><strong>subscripsi,</strong></span> <span class='ocrx_word' id='word_1_128' title='bbox 3058 609 3114 659; x_wconf 92' lang='lat' dir='ltr'><strong>et</strong></span> <span class='ocrx_word' id='word_1_129' title='bbox 3167 606 3410 660; x_wconf 89' lang='lat' dir='ltr'><strong>dominis</strong></span> <span class='ocrx_word' id='word_1_130' title='bbox 3450 611 3505 660; x_wconf 92' lang='lat' dir='ltr'><strong>et</strong></span> <span class='ocrx_word' id='word_1_131' title='bbox 3555 606 3838 660; x_wconf 84' lang='lat' dir='ltr'><strong>fratribus</strong></span> 
     </span>
    </p>
   </div>
   <div class='ocr_carea' id='block_1_21' title="bbox 2187 696 3830 768">
    <p class='ocr_par' dir='ltr' id='par_1_21' title="bbox 2187 696 3830 768">
     <span class='ocr_line' id='line_1_21' title="bbox 2187 696 3830 768; baseline 0.003 -19"><span class='ocrx_word' id='word_1_132' title='bbox 2187 696 2326 750; x_wconf 91' lang='lat' dir='ltr'><strong>meis</strong></span> <span class='ocrx_word' id='word_1_133' title='bbox 2355 697 2726 752; x_wconf 88' lang='lat' dir='ltr'><strong>muniendam</strong></span> <span class='ocrx_word' id='word_1_134' title='bbox 2753 697 2966 768; x_wconf 85' lang='lat' dir='ltr'><strong>rogavi.</strong></span> <span class='ocrx_word' id='word_1_135' title='bbox 2996 699 3196 752; x_wconf 82' lang='lat' dir='ltr'><strong>Actum</strong></span> <span class='ocrx_word' id='word_1_136' title='bbox 3233 699 3294 752; x_wconf 91' lang='lat' dir='ltr'><strong>in</strong></span> <span class='ocrx_word' id='word_1_137' title='bbox 3339 699 3714 754; x_wconf 88' lang='lat' dir='ltr'><strong>Cenomanica</strong></span> <span class='ocrx_word' id='word_1_138' title='bbox 3741 700 3830 754; x_wconf 89' lang='lat' dir='ltr'><strong>ci-</strong></span> 
     </span>
    </p>
   </div>
   <div class='ocr_carea' id='block_1_22' title="bbox 2186 789 3836 865">
    <p class='ocr_par' dir='ltr' id='par_1_22' title="bbox 2186 789 3836 865">
     <span class='ocr_line' id='line_1_22' title="bbox 2186 789 3836 865; baseline 0.003 -22"><span class='ocrx_word' id='word_1_139' title='bbox 2186 789 2374 858; x_wconf 89' lang='lat' dir='ltr'><strong>vitate,</strong></span> <span class='ocrx_word' id='word_1_140' title='bbox 2404 808 2553 844; x_wconf 88' lang='lat' dir='ltr'><strong>anno</strong></span> <span class='ocrx_word' id='word_1_141' title='bbox 2593 790 2896 844; x_wconf 90' lang='lat' dir='ltr'><strong>undecimo</strong></span> <span class='ocrx_word' id='word_1_142' title='bbox 2921 791 3085 863; x_wconf 84' lang='lat' dir='ltr'><strong>regni</strong></span> <span class='ocrx_word' id='word_1_143' title='bbox 3110 792 3303 848; x_wconf 87' lang='lat' dir='ltr'><strong>domni</strong></span> <span class='ocrx_word' id='word_1_144' title='bbox 3321 793 3496 848; x_wconf 90' lang='lat' dir='ltr'><strong>nostri</strong></span> <span class='ocrx_word' id='word_1_145' title='bbox 3521 793 3836 865; x_wconf 87' lang='lat' dir='ltr'><strong>Chilperici</strong></span> 
     </span>
    </p>
   </div>
   <div class='ocr_carea' id='block_1_23' title="bbox 2186 884 3015 955">
    <p class='ocr_par' dir='ltr' id='par_1_23' title="bbox 2186 884 3015 955">
     <span class='ocr_line' id='line_1_23' title="bbox 2186 884 3015 955; baseline 0.002 -18"><span class='ocrx_word' id='word_1_146' title='bbox 2186 884 2355 955; x_wconf 88' lang='lat' dir='ltr'><strong>regis,</strong></span> <span class='ocrx_word' id='word_1_147' title='bbox 2387 885 2572 954; x_wconf 88' lang='lat' dir='ltr'><strong>pridie</strong></span> <span class='ocrx_word' id='word_1_148' title='bbox 2608 885 2791 939; x_wconf 90' lang='lat' dir='ltr'><strong>Nonas</strong></span> <span class='ocrx_word' id='word_1_149' title='bbox 2816 885 3015 940; x_wconf 86' lang='lat' dir='ltr'><strong>Martii.</strong></span> 
     </span>
    </p>
   </div>
   <div class='ocr_carea' id='block_1_24' title="bbox 2257 978 3826 1052">
    <p class='ocr_par' dir='ltr' id='par_1_24' title="bbox 2257 978 3826 1052">
     <span class='ocr_line' id='line_1_24' title="bbox 2257 978 3826 1052; baseline 0.003 -22"><span class='ocrx_word' id='word_1_150' title='bbox 2257 978 2568 1031; x_wconf 87' lang='lat' dir='ltr'><strong>Domnolus</strong></span> <span class='ocrx_word' id='word_1_151' title='bbox 2608 978 2901 1049; x_wconf 81' lang='lat' dir='ltr'><strong>episcopus</strong></span> <span class='ocrx_word' id='word_1_152' title='bbox 2939 978 3286 1049; x_wconf 86' lang='lat' dir='ltr'><strong>subscripsit.</strong></span> <span class='ocrx_word' id='word_1_153' title='bbox 3327 979 3639 1035; x_wconf 88' lang='lat' dir='ltr'><strong>Germanus</strong></span> <span class='ocrx_word' id='word_1_154' title='bbox 3669 983 3826 1052; x_wconf 89' lang='lat' dir='ltr'><strong>epis-</strong></span> 
     </span>
    </p>
   </div>
   <div class='ocr_carea' id='block_1_25' title="bbox 2185 1071 3824 1146">
    <p class='ocr_par' dir='ltr' id='par_1_25' title="bbox 2185 1071 3824 1146">
     <span class='ocr_line' id='line_1_25' title="bbox 2185 1071 3824 1146; baseline 0.003 -22"><span class='ocrx_word' id='word_1_155' title='bbox 2185 1087 2357 1141; x_wconf 89' lang='lat' dir='ltr'><strong>copus</strong></span> <span class='ocrx_word' id='word_1_156' title='bbox 2393 1075 2627 1141; x_wconf 82' lang='lat' dir='ltr'><strong>rogante</strong></span> <span class='ocrx_word' id='word_1_157' title='bbox 2663 1072 2810 1126; x_wconf 90' lang='lat' dir='ltr'><strong>clero</strong></span> <span class='ocrx_word' id='word_1_158' title='bbox 2851 1071 3194 1143; x_wconf 88' lang='lat' dir='ltr'><strong>subscripsit.</strong></span> <span class='ocrx_word' id='word_1_159' title='bbox 3229 1073 3521 1128; x_wconf 86' lang='lat' dir='ltr'><strong>Andoveus</strong></span> <span class='ocrx_word' id='word_1_160' title='bbox 3555 1075 3824 1146; x_wconf 83' lang='lat' dir='ltr'><strong>Andega-</strong></span> 
     </span>
    </p>
   </div>
   <div class='ocr_carea' id='block_1_26' title="bbox 2185 1164 3822 1240">
    <p class='ocr_par' dir='ltr' id='par_1_26' title="bbox 2185 1164 3822 1240">
     <span class='ocr_line' id='line_1_26' title="bbox 2185 1164 3822 1240; baseline 0.002 -21"><span class='ocrx_word' id='word_1_161' title='bbox 2185 1181 2384 1219; x_wconf 86' lang='lat' dir='ltr'><strong>verum</strong></span> <span class='ocrx_word' id='word_1_162' title='bbox 2427 1164 2724 1235; x_wconf 89' lang='lat' dir='ltr'><strong>episcopus</strong></span> <span class='ocrx_word' id='word_1_163' title='bbox 2761 1170 2998 1236; x_wconf 86' lang='lat' dir='ltr'><strong>rogante</strong></span> <span class='ocrx_word' id='word_1_164' title='bbox 3035 1167 3308 1220; x_wconf 90' lang='lat' dir='ltr'><strong>Domnolo</strong></span> <span class='ocrx_word' id='word_1_165' title='bbox 3349 1167 3646 1240; x_wconf 89' lang='lat' dir='ltr'><strong>episcopus</strong></span> <span class='ocrx_word' id='word_1_166' title='bbox 3683 1169 3822 1222; x_wconf 90' lang='lat' dir='ltr'><strong>sub-</strong></span> 
     </span>
    </p>
   </div>
   <div class='ocr_carea' id='block_1_27' title="bbox 2185 1257 3826 1331">
    <p class='ocr_par' dir='ltr' id='par_1_27' title="bbox 2185 1257 3826 1331">
     <span class='ocr_line' id='line_1_27' title="bbox 2185 1257 3826 1331; baseline 0.001 -19"><span class='ocrx_word' id='word_1_167' title='bbox 2185 1257 2424 1328; x_wconf 84' lang='lat' dir='ltr'><strong>scripsit.</strong></span> <span class='ocrx_word' id='word_1_168' title='bbox 2467 1258 2764 1312; x_wconf 88' lang='lat' dir='ltr'><strong>Leodulfus</strong></span> <span class='ocrx_word' id='word_1_169' title='bbox 2805 1259 3098 1330; x_wconf 85' lang='lat' dir='ltr'><strong>presbyter</strong></span> <span class='ocrx_word' id='word_1_170' title='bbox 3144 1259 3490 1331; x_wconf 89' lang='lat' dir='ltr'><strong>subscripsit.</strong></span> <span class='ocrx_word' id='word_1_171' title='bbox 3539 1261 3826 1316; x_wconf 83' lang='lat' dir='ltr'><strong>Aunulfus</strong></span> 
     </span>
    </p>
   </div>
   <div class='ocr_carea' id='block_1_28' title="bbox 2183 1351 3820 1424">
    <p class='ocr_par' dir='ltr' id='par_1_28' title="bbox 2183 1351 3820 1424">
     <span class='ocr_line' id='line_1_28' title="bbox 2183 1351 3820 1424; baseline 0.002 -20"><span class='ocrx_word' id='word_1_172' title='bbox 2183 1351 2477 1422; x_wconf 87' lang='lat' dir='ltr'><strong>presbyter</strong></span> <span class='ocrx_word' id='word_1_173' title='bbox 2529 1351 2874 1422; x_wconf 89' lang='lat' dir='ltr'><strong>subscripsit.</strong></span> <span class='ocrx_word' id='word_1_174' title='bbox 2939 1351 3274 1406; x_wconf 92' lang='lat' dir='ltr'><strong>Leodericus</strong></span> <span class='ocrx_word' id='word_1_175' title='bbox 3339 1353 3635 1424; x_wconf 79' lang='lat' dir='ltr'><strong>presbyter</strong></span> <span class='ocrx_word' id='word_1_176' title='bbox 3682 1354 3820 1408; x_wconf 81' lang='lat' dir='ltr'><strong>sub—</strong></span> 
     </span>
    </p>
   </div>
   <div class='ocr_carea' id='block_1_29' title="bbox 2183 1444 3824 1517">
    <p class='ocr_par' dir='ltr' id='par_1_29' title="bbox 2183 1444 3824 1517">
     <span class='ocr_line' id='line_1_29' title="bbox 2183 1444 3824 1517; baseline 0.002 -19"><span class='ocrx_word' id='word_1_177' title='bbox 2183 1445 2426 1514; x_wconf 89' lang='lat' dir='ltr'><strong>scripsit.</strong></span> <span class='ocrx_word' id='word_1_178' title='bbox 2455 1444 2724 1499; x_wconf 90' lang='lat' dir='ltr'><strong>Dinanius</strong></span> <span class='ocrx_word' id='word_1_179' title='bbox 2783 1445 3076 1516; x_wconf 79' lang='lat' dir='ltr'><strong>presbyter</strong></span> <span class='ocrx_word' id='word_1_180' title='bbox 3137 1446 3488 1517; x_wconf 90' lang='lat' dir='ltr'><strong>subscripsit.</strong></span> <span class='ocrx_word' id='word_1_181' title='bbox 3553 1447 3824 1502; x_wconf 85' lang='lat' dir='ltr'><strong>Drantius</strong></span> 
     </span>
    </p>
   </div>
   <div class='ocr_carea' id='block_1_30' title="bbox 2182 1537 3824 1611">
    <p class='ocr_par' dir='ltr' id='par_1_30' title="bbox 2182 1537 3824 1611">
     <span class='ocr_line' id='line_1_30' title="bbox 2182 1537 3824 1611; baseline 0.002 -19"><span class='ocrx_word' id='word_1_182' title='bbox 2182 1537 2474 1610; x_wconf 85' lang='lat' dir='ltr'><strong>presbyter</strong></span> <span class='ocrx_word' id='word_1_183' title='bbox 2547 1538 2894 1609; x_wconf 90' lang='lat' dir='ltr'><strong>subscripsit.</strong></span> <span class='ocrx_word' id='word_1_184' title='bbox 2961 1538 3268 1609; x_wconf 90' lang='lat' dir='ltr'><strong>Injuriosus</strong></span> <span class='ocrx_word' id='word_1_185' title='bbox 3323 1540 3618 1611; x_wconf 79' lang='lat' dir='ltr'><strong>presbyter</strong></span> <span class='ocrx_word' id='word_1_186' title='bbox 3691 1541 3824 1596; x_wconf 83' lang='lat' dir='ltr'><strong>sub-</strong></span> 
     </span>
    </p>
   </div>
   <div class='ocr_carea' id='block_1_31' title="bbox 2183 1631 3824 1704">
    <p class='ocr_par' dir='ltr' id='par_1_31' title="bbox 2183 1631 3824 1704">
     <span class='ocr_line' id='line_1_31' title="bbox 2183 1631 3824 1704; baseline 0.001 -18"><span class='ocrx_word' id='word_1_187' title='bbox 2183 1632 2418 1702; x_wconf 88' lang='lat' dir='ltr'><strong>scripsit.</strong></span> <span class='ocrx_word' id='word_1_188' title='bbox 2477 1631 2735 1687; x_wconf 88' lang='lat' dir='ltr'><strong>Meterius</strong></span> <span class='ocrx_word' id='word_1_189' title='bbox 2789 1632 3084 1703; x_wconf 85' lang='lat' dir='ltr'><strong>presbyter</strong></span> <span class='ocrx_word' id='word_1_190' title='bbox 3145 1633 3494 1704; x_wconf 88' lang='lat' dir='ltr'><strong>subscripsit.</strong></span> <span class='ocrx_word' id='word_1_191' title='bbox 3571 1633 3824 1689; x_wconf 87' lang='lat' dir='ltr'><strong>Cennius</strong></span> 
     </span>
    </p>
   </div>
   <div class='ocr_carea' id='block_1_32' title="bbox 2184 1725 3820 1798">
    <p class='ocr_par' dir='ltr' id='par_1_32' title="bbox 2184 1725 3820 1798">
     <span class='ocr_line' id='line_1_32' title="bbox 2184 1725 3820 1798; baseline 0.001 -18"><span class='ocrx_word' id='word_1_192' title='bbox 2184 1725 2452 1780; x_wconf 88' lang='lat' dir='ltr'><strong>diaconus</strong></span> <span class='ocrx_word' id='word_1_193' title='bbox 2481 1725 2829 1797; x_wconf 89' lang='lat' dir='ltr'><strong>subscripsit.</strong></span> <span class='ocrx_word' id='word_1_194' title='bbox 2859 1726 3133 1780; x_wconf 82' lang='lat' dir='ltr'><strong>Romulus</strong></span> <span class='ocrx_word' id='word_1_195' title='bbox 3158 1726 3426 1781; x_wconf 89' lang='lat' dir='ltr'><strong>diaconus</strong></span> <span class='ocrx_word' id='word_1_196' title='bbox 3463 1726 3820 1798; x_wconf 85' lang='lat' dir='ltr'><strong>subscripsit.</strong></span> 
     </span>
    </p>
   </div>
   <div class='ocr_carea' id='block_1_33' title="bbox 457 1799 3824 1891">
    <p class='ocr_par' dir='ltr' id='par_1_33' title="bbox 457 1799 3824 1891">
     <span class='ocr_line' id='line_1_33' title="bbox 457 1799 3824 1891; baseline 0.001 -19"><span class='ocrx_word' id='word_1_197' title='bbox 457 1819 716 1887; x_wconf 88' lang='lat' dir='ltr'><strong>Domino,</strong></span> <span class='ocrx_word' id='word_1_198' title='bbox 762 1819 943 1889; x_wconf 89' lang='lat' dir='ltr'><strong>capiat</strong></span> <span class='ocrx_word' id='word_1_199' title='bbox 991 1819 1336 1874; x_wconf 81' lang='lat' dir='ltr'><strong>ﬁrmitatem.</strong></span> <span class='ocrx_word' id='word_1_200' title='bbox 1386 1821 1498 1873; x_wconf 90' lang='lat' dir='ltr'><strong>Hoc</strong></span> <span class='ocrx_word' id='word_1_201' title='bbox 1538 1837 1674 1891; x_wconf 89' lang='lat' dir='ltr'><strong>ergo</strong></span> <span class='ocrx_word' id='word_1_202' title='bbox 1717 1799 2160 1876; x_wconf 82' lang='lat' dir='ltr'><strong>inserendumB</strong></span> <span class='ocrx_word' id='word_1_203' title='bbox 2187 1819 2426 1874; x_wconf 91' lang='lat' dir='ltr'><strong>Datdeus</strong></span> <span class='ocrx_word' id='word_1_204' title='bbox 2469 1819 2741 1874; x_wconf 90' lang='lat' dir='ltr'><strong>diaconus</strong></span> <span class='ocrx_word' id='word_1_205' title='bbox 2770 1819 3120 1890; x_wconf 88' lang='lat' dir='ltr'><strong>subscripsit.</strong></span> <span class='ocrx_word' id='word_1_206' title='bbox 3163 1819 3519 1875; x_wconf 87' lang='lat' dir='ltr'><strong>Sennonteus</strong></span> <span class='ocrx_word' id='word_1_207' title='bbox 3545 1821 3824 1876; x_wconf 86' lang='lat' dir='ltr'><strong>diaconus</strong></span> 
     </span>
    </p>
   </div>
   <div class='ocr_carea' id='block_1_34' title="bbox 454 1912 3368 1986">
    <p class='ocr_par' dir='ltr' id='par_1_34' title="bbox 454 1912 3368 1986">
     <span class='ocr_line' id='line_1_34' title="bbox 454 1912 3368 1986; baseline 0 -18"><span class='ocrx_word' id='word_1_208' title='bbox 454 1912 669 1982; x_wconf 78' lang='lat' dir='ltr'><strong>rogavi,</strong></span> <span class='ocrx_word' id='word_1_209' title='bbox 703 1918 764 1967; x_wconf 90' lang='lat' dir='ltr'><strong>ut</strong></span> <span class='ocrx_word' id='word_1_210' title='bbox 811 1913 908 1984; x_wconf 88' lang='lat' dir='ltr'>qui</span> <span class='ocrx_word' id='word_1_211' title='bbox 951 1913 1226 1968; x_wconf 88' lang='lat' dir='ltr'><strong>voluntati</strong></span> <span class='ocrx_word' id='word_1_212' title='bbox 1265 1931 1408 1968; x_wconf 84' lang='lat' dir='ltr'><strong>meae</strong></span> <span class='ocrx_word' id='word_1_213' title='bbox 1443 1913 1636 1968; x_wconf 90' lang='lat' dir='ltr'><strong>obvius</strong></span> <span class='ocrx_word' id='word_1_214' title='bbox 1671 1931 1788 1970; x_wconf 88' lang='lat' dir='ltr'><strong>esse</strong></span> <span class='ocrx_word' id='word_1_215' title='bbox 1821 1915 2080 1982; x_wconf 90' lang='lat' dir='ltr'><strong>voluerit,</strong></span> <span class='ocrx_word' id='word_1_216' title='bbox 2184 1913 2533 1984; x_wconf 90' lang='lat' dir='ltr'><strong>subscripsit.</strong></span> <span class='ocrx_word' id='word_1_217' title='bbox 2563 1914 2707 1968; x_wconf 90' lang='lat' dir='ltr'><strong>Noso</strong></span> <span class='ocrx_word' id='word_1_218' title='bbox 2729 1913 2996 1968; x_wconf 87' lang='lat' dir='ltr'><strong>diaconus</strong></span> <span class='ocrx_word' id='word_1_219' title='bbox 3019 1913 3368 1986; x_wconf 84' lang='lat' dir='ltr'><strong>subscripsit.</strong></span> 
     </span>
    </p>
   </div>
   <div class='ocr_carea' id='block_1_35' title="bbox 453 2006 2084 2080">
    <p class='ocr_par' dir='ltr' id='par_1_35' title="bbox 453 2006 2084 2080">
     <span class='ocr_line' id='line_1_35' title="bbox 453 2006 2084 2080; baseline 0.001 -19"><span class='ocrx_word' id='word_1_220' title='bbox 453 2007 908 2062; x_wconf 90' lang='lat' dir='ltr'><strong>maledictionem</strong></span> <span class='ocrx_word' id='word_1_221' title='bbox 945 2006 1100 2062; x_wconf 88' lang='lat' dir='ltr'><strong>illam</strong></span> <span class='ocrx_word' id='word_1_222' title='bbox 1141 2013 1459 2076; x_wconf 89' lang='lat' dir='ltr'><strong>concurrat,</strong></span> <span class='ocrx_word' id='word_1_223' title='bbox 1502 2025 1672 2080; x_wconf 89' lang='lat' dir='ltr'><strong>quam</strong></span> <span class='ocrx_word' id='word_1_224' title='bbox 1719 2009 2000 2080; x_wconf 84' lang='lat' dir='ltr'><strong>prepheta</strong></span> <span class='ocrx_word' id='word_1_225' title='bbox 2023 2009 2084 2062; x_wconf 90' lang='lat' dir='ltr'><strong>in</strong></span> 
     </span>
    </p>
   </div>
   <div class='ocr_carea' id='block_1_36' title="bbox 1732 2329 2539 2376">
    <p class='ocr_par' dir='ltr' id='par_1_36' title="bbox 1732 2329 2539 2376">
     <span class='ocr_line' id='line_1_36' title="bbox 1732 2329 2539 2376; baseline 0 -2"><span class='ocrx_word' id='word_1_226' title='bbox 1732 2330 1896 2374; x_wconf 82' lang='lat' dir='ltr'><strong>ANNO</strong></span> <span class='ocrx_word' id='word_1_227' title='bbox 1943 2329 2157 2374; x_wconf 83' lang='lat' dir='ltr'><strong>DOMINI</strong></span> <span class='ocrx_word' id='word_1_228' title='bbox 2205 2330 2539 2376; x_wconf 81' lang='lat' dir='ltr'><strong>DLXXXVII.</strong></span> 
     </span>
    </p>
   </div>
   <div class='ocr_carea' id='block_1_37' title="bbox 797 2447 3460 2654">
    <p class='ocr_par' dir='ltr' id='par_1_37' title="bbox 797 2447 3460 2654">
     <span class='ocr_line' id='line_1_37' title="bbox 797 2447 3460 2654; baseline -0.002 0"><span class='ocrx_word' id='word_1_229' title='bbox 797 2448 1702 2654; x_wconf 83' lang='lat' dir='ltr'><strong>SANCTA</strong></span> <span class='ocrx_word' id='word_1_230' title='bbox 1890 2447 3460 2650; x_wconf 79' lang='lat' dir='ltr'><strong>BADEGUNDIS</strong></span> 
     </span>
    </p>
   </div>
   <div class='ocr_carea' id='block_1_38' title="bbox 1501 2725 2752 2837">
    <p class='ocr_par' dir='ltr' id='par_1_38' title="bbox 1501 2725 2752 2837">
     <span class='ocr_line' id='line_1_38' title="bbox 1501 2725 2752 2837; baseline -0.002 -2"><span class='ocrx_word' id='word_1_231' title='bbox 1501 2725 2014 2837; x_wconf 85' lang='lat' dir='ltr'><strong>REGINA</strong></span> <span class='ocrx_word' id='word_1_232' title='bbox 2088 2725 2752 2836; x_wconf 77' lang='lat' dir='ltr'><strong>FRANCUE.</strong></span> 
     </span>
    </p>
   </div>
   <div class='ocr_carea' id='block_1_39' title="bbox 715 2987 3542 3156">
    <p class='ocr_par' dir='ltr' id='par_1_39' title="bbox 715 2987 3542 3156">
     <span class='ocr_line' id='line_1_39' title="bbox 715 2987 3542 3156; baseline -0.001 -2"><span class='ocrx_word' id='word_1_233' title='bbox 715 3027 1454 3156; x_wconf 68' lang='lat' dir='ltr'><strong>SANCTAE</strong></span> <span class='ocrx_word' id='word_1_234' title='bbox 1517 3025 2716 3156; x_wconf 76' lang='lat' dir='ltr'><strong>RADEGUNDIS</strong></span> <span class='ocrx_word' id='word_1_235' title='bbox 2829 2987 3542 3154; x_wconf 66' lang='lat' dir='ltr'><strong>REGIN/E</strong></span> 
     </span>
    </p>
   </div>
   <div class='ocr_carea' id='block_1_40' title="bbox 1895 3214 2346 3328">
    <p class='ocr_par' dir='ltr' id='par_1_40' title="bbox 1895 3214 2346 3328">
     <span class='ocr_line' id='line_1_40' title="bbox 1895 3214 2346 3328; baseline -0.002 1"><span class='ocrx_word' id='word_1_236' title='bbox 1895 3214 2346 3328; x_wconf 80' lang='lat' dir='ltr'><strong>VlTA</strong></span> 
     </span>
    </p>
   </div>
   <div class='ocr_carea' id='block_1_41' title="bbox 1401 3399 2833 3484">
    <p class='ocr_par' dir='ltr' id='par_1_41' title="bbox 1401 3399 2833 3484">
     <span class='ocr_line' id='line_1_41' title="bbox 1401 3399 2833 3484; baseline 0.001 -4"><span class='ocrx_word' id='word_1_237' title='bbox 1401 3399 1779 3482; x_wconf 91' lang='lat' dir='ltr'><strong>DUOBUS</strong></span> <span class='ocrx_word' id='word_1_238' title='bbox 1879 3401 2191 3481; x_wconf 84' lang='lat' dir='ltr'><strong>LIBRIS</strong></span> <span class='ocrx_word' id='word_1_239' title='bbox 2282 3402 2833 3484; x_wconf 85' lang='lat' dir='ltr'><strong>COMPOSITA.</strong></span> 
     </span>
    </p>
   </div>
   <div class='ocr_carea' id='block_1_42' title="bbox 1689 3532 2583 3569">
    <p class='ocr_par' dir='ltr' id='par_1_42' title="bbox 1689 3532 2583 3569">
     <span class='ocr_line' id='line_1_42' title="bbox 1689 3532 2583 3569; baseline 0 -5"><span class='ocrx_word' id='word_1_240' title='bbox 1689 3532 2583 3569; x_wconf 50' lang='grc' dir='ltr'>ψ</span> 
     </span>
    </p>
   </div>
   <div class='ocr_carea' id='block_1_43' title="bbox 964 3831 3274 3901">
    <p class='ocr_par' dir='ltr' id='par_1_43' title="bbox 964 3831 3274 3901">
     <span class='ocr_line' id='line_1_43' title="bbox 964 3831 3274 3901; baseline 0 -3"><span class='ocrx_word' id='word_1_241' title='bbox 964 3831 1330 3900; x_wconf 83' lang='lat' dir='ltr'><strong>AUCTORE</strong></span> <span class='ocrx_word' id='word_1_242' title='bbox 1371 3833 1773 3900; x_wconf 76' lang='lat' dir='ltr'><strong>VENANTIO</strong></span> <span class='ocrx_word' id='word_1_243' title='bbox 1816 3833 2290 3900; x_wconf 83' lang='lat' dir='ltr'><strong>FORTUNATO</strong></span> <span class='ocrx_word' id='word_1_244' title='bbox 2337 3833 2711 3901; x_wconf 85' lang='lat' dir='ltr'><strong>EPISCOPO</strong></span> <span class='ocrx_word' id='word_1_245' title='bbox 2755 3833 3274 3900; x_wconf 84' lang='lat' dir='ltr'><strong>PICTAVIENSI.</strong></span> 
     </span>
    </p>
   </div>
   <div class='ocr_carea' id='block_1_44' title="bbox 645 3961 3588 4028">
    <p class='ocr_par' dir='ltr' id='par_1_44' title="bbox 645 3961 3588 4028">
     <span class='ocr_line' id='line_1_44' title="bbox 645 3961 3588 4028; baseline 0 -5"><span class='ocrx_word' id='word_1_246' title='bbox 645 3961 754 4024; x_wconf 88' lang='lat' dir='ltr'><strong>Ad</strong></span> <span class='ocrx_word' id='word_1_247' title='bbox 777 3979 930 4024; x_wconf 85' lang='lat' dir='ltr'><strong>mss.</strong></span> <span class='ocrx_word' id='word_1_248' title='bbox 966 3961 1126 4026; x_wconf 86' lang='lat' dir='ltr'><strong>Cod.</strong></span> <span class='ocrx_word' id='word_1_249' title='bbox 1161 3962 1236 4024; x_wconf 91' lang='lat' dir='ltr'><strong>S.</strong></span> <span class='ocrx_word' id='word_1_250' title='bbox 1276 3961 1594 4028; x_wconf 77' lang='lat' dir='ltr'><strong>Germani</strong></span> <span class='ocrx_word' id='word_1_251' title='bbox 1619 3963 1955 4028; x_wconf 77' lang='lat' dir='ltr'><strong>Pratensz&#39;s</strong></span> <span class='ocrx_word' id='word_1_252' title='bbox 2001 3969 2062 4024; x_wconf 86' lang='lat' dir='ltr'><strong>et</strong></span> <span class='ocrx_word' id='word_1_253' title='bbox 2101 3962 2488 4028; x_wconf 78' lang='lat' dir='ltr'><strong>Conchensz&#39;s</strong></span> <span class='ocrx_word' id='word_1_254' title='bbox 2515 3964 2915 4028; x_wconf 78' lang='lat' dir='ltr'><strong>monasterii.</strong></span> <span class='ocrx_word' id='word_1_255' title='bbox 2950 3971 3012 4026; x_wconf 79' lang='lat' dir='ltr'><strong>el</strong></span> <span class='ocrx_word' id='word_1_256' title='bbox 3051 3964 3133 4028; x_wconf 90' lang='lat' dir='ltr'><strong>D.</strong></span> <span class='ocrx_word' id='word_1_257' title='bbox 3167 3961 3588 4028; x_wconf 82' lang='lat' dir='ltr'><strong>d’Herouval.</strong></span> 
     </span>
    </p>
   </div>
   <div class='ocr_carea' id='block_1_45' title="bbox 1827 4193 2282 4322">
    <p class='ocr_par' dir='ltr' id='par_1_45' title="bbox 1827 4193 2282 4322">
     <span class='ocr_line' id='line_1_45' title="bbox 1827 4193 2282 4322; baseline 0 -28"><span class='ocrx_word' id='word_1_258' title='bbox 1827 4193 2282 4322; x_wconf 58' lang='lat' dir='ltr'><strong>ipralngus.</strong></span> 
     </span>
    </p>
   </div>
   <div class='ocr_carea' id='block_1_46' title="bbox 515 4353 3802 4432">
    <p class='ocr_par' dir='ltr' id='par_1_46' title="bbox 515 4353 3802 4432">
     <span class='ocr_line' id='line_1_46' title="bbox 515 4353 3802 4432; baseline -0.002 -15"><span class='ocrx_word' id='word_1_259' title='bbox 515 4365 564 4416; x_wconf 86' lang='lat' dir='ltr'><strong>l.</strong></span> <span class='ocrx_word' id='word_1_260' title='bbox 596 4359 989 4432; x_wconf 82' lang='lat' dir='ltr'><strong>Redemptoris</strong></span> <span class='ocrx_word' id='word_1_261' title='bbox 1013 4358 1195 4414; x_wconf 87' lang='lat' dir='ltr'><strong>nostri</strong></span> <span class='ocrx_word' id='word_1_262' title='bbox 1220 4362 1444 4414; x_wconf 90' lang='lat' dir='ltr'><strong>tantum</strong></span> <span class='ocrx_word' id='word_1_263' title='bbox 1487 4357 1639 4413; x_wconf 90' lang='lat' dir='ltr'><strong>dives</strong></span> <span class='ocrx_word' id='word_1_264' title='bbox 1666 4361 1748 4413; x_wconf 91' lang='lat' dir='ltr'><strong>est</strong></span> <span class='ocrx_word' id='word_1_265' title='bbox 1774 4359 2023 4432; x_wconf 89' lang='lat' dir='ltr'><strong>largitas,</strong></span> <span class='ocrx_word' id='word_1_266' title='bbox 2063 4365 2129 4416; x_wconf 92' lang='lat' dir='ltr'><strong>ut</strong></span> <span class='ocrx_word' id='word_1_267' title='bbox 2159 4361 2216 4415; x_wconf 89' lang='lat' dir='ltr'><strong>in</strong></span> <span class='ocrx_word' id='word_1_268' title='bbox 2255 4375 2393 4415; x_wconf 82' lang='lat' dir='ltr'><strong>sexu</strong></span> <span class='ocrx_word' id='word_1_269' title='bbox 2417 4357 2681 4413; x_wconf 91' lang='lat' dir='ltr'><strong>muliebri</strong></span> <span class='ocrx_word' id='word_1_270' title='bbox 2707 4357 2950 4413; x_wconf 88' lang='lat' dir='ltr'><strong>celebret</strong></span> <span class='ocrx_word' id='word_1_271' title='bbox 2975 4357 3146 4412; x_wconf 86' lang='lat' dir='ltr'><strong>fortes</strong></span> <span class='ocrx_word' id='word_1_272' title='bbox 3171 4353 3448 4424; x_wconf 88' lang='lat' dir='ltr'><strong>victorias,</strong></span> <span class='ocrx_word' id='word_1_273' title='bbox 3477 4359 3534 4412; x_wconf 88' lang='lat' dir='ltr'><strong>et</strong></span> <span class='ocrx_word' id='word_1_274' title='bbox 3563 4371 3802 4428; x_wconf 87' lang='lat' dir='ltr'><strong>corpore</strong></span> 
     </span>
    </p>
   </div>
   <div class='ocr_carea' id='block_1_47' title="bbox 443 4454 3802 4532">
    <p class='ocr_par' dir='ltr' id='par_1_47' title="bbox 443 4454 3802 4532">
     <span class='ocr_line' id='line_1_47' title="bbox 443 4454 3802 4532; baseline -0.001 -18"><span class='ocrx_word' id='word_1_275' title='bbox 443 4460 755 4532; x_wconf 87' lang='lat' dir='ltr'><strong>fragiliores</strong></span> <span class='ocrx_word' id='word_1_276' title='bbox 781 4461 926 4532; x_wconf 90' lang='lat' dir='ltr'><strong>ipsas</strong></span> <span class='ocrx_word' id='word_1_277' title='bbox 965 4460 1162 4514; x_wconf 88' lang='lat' dir='ltr'><strong>reddat</strong></span> <span class='ocrx_word' id='word_1_278' title='bbox 1197 4459 1434 4514; x_wconf 89' lang='lat' dir='ltr'><strong>feminas</strong></span> <span class='ocrx_word' id='word_1_279' title='bbox 1463 4458 1668 4513; x_wconf 89' lang='lat' dir='ltr'><strong>virtute</strong></span> <span class='ocrx_word' id='word_1_280' title='bbox 1697 4459 1906 4514; x_wconf 91' lang='lat' dir='ltr'><strong>mensis</strong></span> <span class='ocrx_word' id='word_1_281' title='bbox 1927 4459 2152 4530; x_wconf 74' lang='lat' dir='ltr'><strong>inclytae</strong></span> <span class='ocrx_word' id='word_1_282' title='bbox 2196 4459 2482 4532; x_wconf 88' lang='lat' dir='ltr'><strong>gloriosas.</strong></span> <span class='ocrx_word' id='word_1_283' title='bbox 2523 4459 2674 4522; x_wconf 86' lang='lat' dir='ltr'><strong>Quas</strong></span> <span class='ocrx_word' id='word_1_284' title='bbox 2709 4457 2984 4513; x_wconf 87' lang='lat' dir='ltr'><strong>habentes</strong></span> <span class='ocrx_word' id='word_1_285' title='bbox 3023 4455 3302 4512; x_wconf 88' lang='lat' dir='ltr'><strong>nascendo</strong></span> <span class='ocrx_word' id='word_1_286' title='bbox 3329 4454 3626 4510; x_wconf 88' lang='lat' dir='ltr'><strong>mollitiem</strong></span> <span class='ocrx_word' id='word_1_287' title='bbox 3667 4455 3802 4510; x_wconf 85' lang='lat' dir='ltr'><strong>facit</strong></span> 
     </span>
    </p>
   </div>
   <div class='ocr_carea' id='block_1_48' title="bbox 442 4556 3803 4630">
    <p class='ocr_par' dir='ltr' id='par_1_48' title="bbox 442 4556 3803 4630">
     <span class='ocr_line' id='line_1_48' title="bbox 442 4556 3803 4630; baseline -0.001 -15"><span class='ocrx_word' id='word_1_288' title='bbox 442 4560 694 4616; x_wconf 84' lang='lat' dir='ltr'><strong>Christus</strong></span> <span class='ocrx_word' id='word_1_289' title='bbox 716 4561 971 4614; x_wconf 90' lang='lat' dir='ltr'><strong>robustas</strong></span> <span class='ocrx_word' id='word_1_290' title='bbox 997 4577 1066 4614; x_wconf 82' lang='lat' dir='ltr'><strong>ex</strong></span> <span class='ocrx_word' id='word_1_291' title='bbox 1091 4560 1202 4614; x_wconf 82' lang='lat' dir='ltr'><strong>ﬁde</strong></span> <span class='ocrx_word' id='word_1_292' title='bbox 1235 4577 1246 4613; x_wconf 92' lang='lat'><strong>:</strong></span> <span class='ocrx_word' id='word_1_293' title='bbox 1275 4562 1339 4614; x_wconf 88' lang='lat' dir='ltr'><strong>ut</strong></span> <span class='ocrx_word' id='word_1_294' title='bbox 1365 4575 1492 4630; x_wconf 78' lang='lat' dir='ltr'>quae</span> <span class='ocrx_word' id='word_1_295' title='bbox 1521 4559 1782 4614; x_wconf 89' lang='lat' dir='ltr'><strong>videntur</strong></span> <span class='ocrx_word' id='word_1_296' title='bbox 1806 4559 2128 4630; x_wconf 86' lang='lat' dir='ltr'><strong>imbecilles,</strong></span> <span class='ocrx_word' id='word_1_297' title='bbox 2157 4561 2294 4615; x_wconf 91' lang='lat' dir='ltr'><strong>dum</strong></span> <span class='ocrx_word' id='word_1_298' title='bbox 2333 4565 2675 4615; x_wconf 87' lang='lat' dir='ltr'><strong>coronantur</strong></span> <span class='ocrx_word' id='word_1_299' title='bbox 2695 4575 2764 4614; x_wconf 85' lang='lat' dir='ltr'><strong>ex</strong></span> <span class='ocrx_word' id='word_1_300' title='bbox 2790 4559 3027 4628; x_wconf 88' lang='lat' dir='ltr'><strong>meritis,</strong></span> <span class='ocrx_word' id='word_1_301' title='bbox 3061 4575 3094 4612; x_wconf 89' lang='lat' dir='ltr'><strong>a</strong></span> <span class='ocrx_word' id='word_1_302' title='bbox 3113 4573 3226 4629; x_wconf 89' lang='lat' dir='ltr'><strong>quo</strong></span> <span class='ocrx_word' id='word_1_303' title='bbox 3259 4556 3584 4612; x_wconf 82' lang='lat' dir='ltr'><strong>efﬁciuntur</strong></span> <span class='ocrx_word' id='word_1_304' title='bbox 3607 4556 3803 4611; x_wconf 80' lang='lat' dir='ltr'><strong>fortes.</strong></span> 
     </span>
    </p>
   </div>
   <div class='ocr_carea' id='block_1_49' title="bbox 441 4655 3808 4726">
    <p class='ocr_par' dir='ltr' id='par_1_49' title="bbox 441 4655 3808 4726">
     <span class='ocr_line' id='line_1_49' title="bbox 441 4655 3808 4726; baseline -0.001 -14"><span class='ocrx_word' id='word_1_305' title='bbox 441 4658 668 4714; x_wconf 89' lang='lat' dir='ltr'><strong>laudem</strong></span> <span class='ocrx_word' id='word_1_306' title='bbox 693 4658 780 4712; x_wconf 88' lang='lat' dir='ltr'><strong>sui</strong></span> <span class='ocrx_word' id='word_1_307' title='bbox 809 4657 1100 4712; x_wconf 88' lang='lat' dir='ltr'><strong>cumulent</strong></span> <span class='ocrx_word' id='word_1_308' title='bbox 1139 4657 1433 4724; x_wconf 86' lang='lat' dir='ltr'><strong>Creatoris,</strong></span> <span class='ocrx_word' id='word_1_309' title='bbox 1462 4657 1722 4712; x_wconf 88' lang='lat' dir='ltr'><strong>habendo</strong></span> <span class='ocrx_word' id='word_1_310' title='bbox 1759 4659 1820 4712; x_wconf 91' lang='lat' dir='ltr'><strong>in</strong></span> <span class='ocrx_word' id='word_1_311' title='bbox 1845 4659 1989 4712; x_wconf 89' lang='lat' dir='ltr'><strong>vasis</strong></span> <span class='ocrx_word' id='word_1_312' title='bbox 2014 4659 2278 4713; x_wconf 82' lang='lat' dir='ltr'><strong>ﬁctilibus</strong></span> <span class='ocrx_word' id='word_1_313' title='bbox 2305 4659 2596 4713; x_wconf 85' lang='lat' dir='ltr'><strong>thesauros</strong></span> <span class='ocrx_word' id='word_1_314' title='bbox 2623 4656 2746 4712; x_wconf 80' lang='lat' dir='ltr'><strong>cceli</strong></span> <span class='ocrx_word' id='word_1_315' title='bbox 2778 4656 3095 4712; x_wconf 90' lang='lat' dir='ltr'><strong>reconditos</strong></span> <span class='ocrx_word' id='word_1_316' title='bbox 3139 4672 3153 4710; x_wconf 90' lang='lat'><strong>:</strong></span> <span class='ocrx_word' id='word_1_317' title='bbox 3185 4656 3247 4710; x_wconf 90' lang='lat' dir='ltr'><strong>in</strong></span> <span class='ocrx_word' id='word_1_318' title='bbox 3291 4671 3537 4726; x_wconf 88' lang='lat' dir='ltr'><strong>quarum</strong></span> <span class='ocrx_word' id='word_1_319' title='bbox 3581 4655 3808 4709; x_wconf 86' lang='lat' dir='ltr'><strong>visceri-</strong></span> 
     </span>
    </p>
   </div>
   <div class='ocr_carea' id='block_1_50' title="bbox 441 4755 3808 4826">
    <p class='ocr_par' dir='ltr' id='par_1_50' title="bbox 441 4755 3808 4826">
     <span class='ocr_line' id='line_1_50' title="bbox 441 4755 3808 4826; baseline -0.001 -15"><span class='ocrx_word' id='word_1_320' title='bbox 441 4757 546 4812; x_wconf 91' lang='lat' dir='ltr'><strong>bus</strong></span> <span class='ocrx_word' id='word_1_321' title='bbox 572 4772 702 4811; x_wconf 91' lang='lat' dir='ltr'><strong>cum</strong></span> <span class='ocrx_word' id='word_1_322' title='bbox 728 4755 842 4810; x_wconf 88' lang='lat' dir='ltr'><strong>suis</strong></span> <span class='ocrx_word' id='word_1_323' title='bbox 869 4756 1073 4810; x_wconf 89' lang='lat' dir='ltr'><strong>divitiis</strong></span> <span class='ocrx_word' id='word_1_324' title='bbox 1108 4755 1229 4826; x_wconf 90' lang='lat' dir='ltr'><strong>ipse</strong></span> <span class='ocrx_word' id='word_1_325' title='bbox 1270 4757 1391 4810; x_wconf 79' lang='lat' dir='ltr'><strong>Rex</strong></span> <span class='ocrx_word' id='word_1_326' title='bbox 1429 4757 1712 4811; x_wconf 85' lang='lat' dir='ltr'><strong>habitator</strong></span> <span class='ocrx_word' id='word_1_327' title='bbox 1751 4760 1835 4811; x_wconf 91' lang='lat' dir='ltr'><strong>est</strong></span> <span class='ocrx_word' id='word_1_328' title='bbox 1859 4757 2130 4812; x_wconf 89' lang='lat' dir='ltr'><strong>Christus.</strong></span> <span class='ocrx_word' id='word_1_329' title='bbox 2165 4757 2300 4820; x_wconf 66' lang='lat' dir='ltr'><strong>Quae</strong></span> <span class='ocrx_word' id='word_1_330' title='bbox 2338 4755 2741 4811; x_wconf 88' lang='lat' dir='ltr'><strong>mortiﬁcantes</strong></span> <span class='ocrx_word' id='word_1_331' title='bbox 2767 4772 2824 4810; x_wconf 92' lang='lat' dir='ltr'><strong>se</strong></span> <span class='ocrx_word' id='word_1_332' title='bbox 2853 4755 3075 4826; x_wconf 62' lang='lat' dir='ltr'><strong>saeculo,</strong></span> <span class='ocrx_word' id='word_1_333' title='bbox 3105 4755 3366 4825; x_wconf 89' lang='lat' dir='ltr'><strong>despecto</strong></span> <span class='ocrx_word' id='word_1_334' title='bbox 3397 4759 3563 4808; x_wconf 66' lang='lat' dir='ltr'><strong>terras.</strong></span> <span class='ocrx_word' id='word_1_335' title='bbox 3579 4768 3808 4808; x_wconf 91' lang='lat' dir='ltr'><strong>consor-</strong></span> 
     </span>
    </p>
   </div>
   <div class='ocr_carea' id='block_1_51' title="bbox 441 4853 3806 4929">
    <p class='ocr_par' dir='ltr' id='par_1_51' title="bbox 441 4853 3806 4929">
     <span class='ocr_line' id='line_1_51' title="bbox 441 4853 3806 4929; baseline -0.001 -17"><span class='ocrx_word' id='word_1_336' title='bbox 441 4857 538 4924; x_wconf 89' lang='lat' dir='ltr'><strong>tio,</strong></span> <span class='ocrx_word' id='word_1_337' title='bbox 569 4855 836 4912; x_wconf 68' lang='lat' dir='ltr'><strong>defaecato</strong></span> <span class='ocrx_word' id='word_1_338' title='bbox 871 4857 980 4928; x_wconf 77' lang='grc' dir='ltr'><strong>[ΑΙ.</strong></span> <span class='ocrx_word' id='word_1_339' title='bbox 1010 4853 1246 4928; x_wconf 88' lang='lat' dir='ltr'><strong>deserto]</strong></span> <span class='ocrx_word' id='word_1_340' title='bbox 1281 4857 1480 4910; x_wconf 90' lang='lat' dir='ltr'><strong>mundi</strong></span> <span class='ocrx_word' id='word_1_341' title='bbox 1501 4857 1780 4929; x_wconf 88' lang='lat' dir='ltr'><strong>contagio,</strong></span> <span class='ocrx_word' id='word_1_342' title='bbox 1811 4875 1925 4912; x_wconf 89' lang='lat' dir='ltr'><strong>non</strong></span> <span class='ocrx_word' id='word_1_343' title='bbox 1961 4857 2304 4913; x_wconf 84' lang='lat' dir='ltr'><strong>conﬁdentes</strong></span> <span class='ocrx_word' id='word_1_344' title='bbox 2333 4857 2392 4912; x_wconf 91' lang='lat' dir='ltr'><strong>in</strong></span> <span class='ocrx_word' id='word_1_345' title='bbox 2417 4857 2654 4926; x_wconf 88' lang='lat' dir='ltr'><strong>lubrico,</strong></span> <span class='ocrx_word' id='word_1_346' title='bbox 2685 4873 2802 4912; x_wconf 93' lang='lat' dir='ltr'><strong>non</strong></span> <span class='ocrx_word' id='word_1_347' title='bbox 2828 4861 3038 4912; x_wconf 86' lang='lat' dir='ltr'><strong>stantes</strong></span> <span class='ocrx_word' id='word_1_348' title='bbox 3071 4855 3130 4909; x_wconf 90' lang='lat' dir='ltr'><strong>in</strong></span> <span class='ocrx_word' id='word_1_349' title='bbox 3157 4856 3336 4926; x_wconf 87' lang='lat' dir='ltr'><strong>lapsu,</strong></span> <span class='ocrx_word' id='word_1_350' title='bbox 3373 4859 3692 4926; x_wconf 54' lang='lat' dir='ltr'><strong>quaerentes</strong></span> <span class='ocrx_word' id='word_1_351' title='bbox 3719 4855 3806 4908; x_wconf 82' lang='lat' dir='ltr'><strong>vi-</strong></span> 
     </span>
    </p>
   </div>
   <div class='ocr_carea' id='block_1_52' title="bbox 445 4953 3810 5029">
    <p class='ocr_par' dir='ltr' id='par_1_52' title="bbox 445 4953 3810 5029">
     <span class='ocr_line' id='line_1_52' title="bbox 445 4953 3810 5029; baseline -0.001 -20"><span class='ocrx_word' id='word_1_352' title='bbox 445 4971 572 5010; x_wconf 91' lang='lat' dir='ltr'><strong>vere</strong></span> <span class='ocrx_word' id='word_1_353' title='bbox 599 4956 732 5026; x_wconf 92' lang='lat' dir='ltr'><strong>Deo,</strong></span> <span class='ocrx_word' id='word_1_354' title='bbox 765 4955 836 5009; x_wconf 92' lang='lat' dir='ltr'><strong>ad</strong></span> <span class='ocrx_word' id='word_1_355' title='bbox 863 4954 1100 5026; x_wconf 85' lang='lat' dir='ltr'><strong>gloriam</strong></span> <span class='ocrx_word' id='word_1_356' title='bbox 1127 4953 1520 5026; x_wconf 85' lang='lat' dir='ltr'><strong>Redemptoris</strong></span> <span class='ocrx_word' id='word_1_357' title='bbox 1546 4961 1678 5012; x_wconf 90' lang='lat' dir='ltr'><strong>sunt</strong></span> <span class='ocrx_word' id='word_1_358' title='bbox 1702 4958 1976 5029; x_wconf 73' lang='lat' dir='ltr'><strong>copulatae</strong></span> <span class='ocrx_word' id='word_1_359' title='bbox 2002 4957 2282 5028; x_wconf 90' lang='lat' dir='ltr'><strong>paradiso.</strong></span> <span class='ocrx_word' id='word_1_360' title='bbox 2313 4959 2378 5010; x_wconf 92' lang='lat' dir='ltr'><strong>In</strong></span> <span class='ocrx_word' id='word_1_361' title='bbox 2404 4973 2516 5028; x_wconf 88' lang='lat' dir='ltr'>quo</span> <span class='ocrx_word' id='word_1_362' title='bbox 2542 4961 2626 5011; x_wconf 90' lang='lat' dir='ltr'><strong>est</strong></span> <span class='ocrx_word' id='word_1_363' title='bbox 2649 4956 2860 5028; x_wconf 89' lang='lat' dir='ltr'><strong>pariter</strong></span> <span class='ocrx_word' id='word_1_364' title='bbox 2889 4971 3149 5025; x_wconf 89' lang='lat' dir='ltr'><strong>numero,</strong></span> <span class='ocrx_word' id='word_1_365' title='bbox 3175 4955 3336 5025; x_wconf 91' lang='lat' dir='ltr'><strong>cujus</strong></span> <span class='ocrx_word' id='word_1_366' title='bbox 3361 4954 3488 5008; x_wconf 66' lang='lat' dir='ltr'><strong>vitae</strong></span> <span class='ocrx_word' id='word_1_367' title='bbox 3507 4953 3810 5025; x_wconf 66' lang='lat' dir='ltr'><strong>praesentis</strong></span> 
     </span>
    </p>
   </div>
   <div class='ocr_carea' id='block_1_53' title="bbox 443 5052 3808 5128">
    <p class='ocr_par' dir='ltr' id='par_1_53' title="bbox 443 5052 3808 5128">
     <span class='ocr_line' id='line_1_53' title="bbox 443 5052 3808 5128; baseline -0.001 -19"><span class='ocrx_word' id='word_1_368' title='bbox 443 5071 690 5126; x_wconf 88' lang='lat' dir='ltr'><strong>cursum,</strong></span> <span class='ocrx_word' id='word_1_369' title='bbox 719 5055 848 5110; x_wconf 91' lang='lat' dir='ltr'><strong>licet</strong></span> <span class='ocrx_word' id='word_1_370' title='bbox 875 5071 1133 5110; x_wconf 90' lang='lat' dir='ltr'><strong>sermone</strong></span> <span class='ocrx_word' id='word_1_371' title='bbox 1159 5054 1398 5126; x_wconf 90' lang='lat' dir='ltr'><strong>privato,</strong></span> <span class='ocrx_word' id='word_1_372' title='bbox 1427 5055 1574 5111; x_wconf 88' lang='lat' dir='ltr'><strong>ferre</strong></span> <span class='ocrx_word' id='word_1_373' title='bbox 1598 5059 1936 5114; x_wconf 88' lang='lat' dir='ltr'><strong>tentavimus</strong></span> <span class='ocrx_word' id='word_1_374' title='bbox 1961 5057 2022 5113; x_wconf 92' lang='lat' dir='ltr'><strong>in</strong></span> <span class='ocrx_word' id='word_1_375' title='bbox 2048 5057 2344 5128; x_wconf 88' lang='lat' dir='ltr'><strong>publicum</strong></span> <span class='ocrx_word' id='word_1_376' title='bbox 2377 5074 2389 5112; x_wconf 86' lang='lat'><strong>:</strong></span> <span class='ocrx_word' id='word_1_377' title='bbox 2423 5061 2486 5112; x_wconf 92' lang='lat' dir='ltr'><strong>ut</strong></span> <span class='ocrx_word' id='word_1_378' title='bbox 2531 5057 2694 5127; x_wconf 83' lang='lat' dir='ltr'><strong>cujus</strong></span> <span class='ocrx_word' id='word_1_379' title='bbox 2718 5061 2802 5112; x_wconf 85' lang='lat' dir='ltr'><strong>est</strong></span> <span class='ocrx_word' id='word_1_380' title='bbox 2825 5055 2937 5110; x_wconf 86' lang='lat' dir='ltr'><strong>vita</strong></span> <span class='ocrx_word' id='word_1_381' title='bbox 2963 5071 3093 5110; x_wconf 92' lang='lat' dir='ltr'><strong>cum</strong></span> <span class='ocrx_word' id='word_1_382' title='bbox 3117 5053 3336 5110; x_wconf 90' lang='lat' dir='ltr'><strong>Christo</strong></span> <span class='ocrx_word' id='word_1_383' title='bbox 3362 5053 3418 5108; x_wconf 90' lang='lat' dir='ltr'><strong>in</strong></span> <span class='ocrx_word' id='word_1_384' title='bbox 3449 5052 3650 5124; x_wconf 84' lang='lat' dir='ltr'><strong>gloria,</strong></span> <span class='ocrx_word' id='word_1_385' title='bbox 3678 5069 3808 5106; x_wconf 89' lang='lat' dir='ltr'><strong>me-</strong></span> 
     </span>
    </p>
   </div>
   <div class='ocr_carea' id='block_1_54' title="bbox 445 5155 1506 5211">
    <p class='ocr_par' dir='ltr' id='par_1_54' title="bbox 445 5155 1506 5211">
     <span class='ocr_line' id='line_1_54' title="bbox 445 5155 1506 5211; baseline 0.003 -3"><span class='ocrx_word' id='word_1_386' title='bbox 445 5155 624 5209; x_wconf 89' lang='lat' dir='ltr'><strong>moria</strong></span> <span class='ocrx_word' id='word_1_387' title='bbox 647 5155 820 5210; x_wconf 88' lang='lat' dir='ltr'><strong>relata</strong></span> <span class='ocrx_word' id='word_1_388' title='bbox 844 5155 1157 5211; x_wconf 91' lang='lat' dir='ltr'><strong>celebretur</strong></span> <span class='ocrx_word' id='word_1_389' title='bbox 1181 5155 1241 5210; x_wconf 93' lang='lat' dir='ltr'><strong>in</strong></span> <span class='ocrx_word' id='word_1_390' title='bbox 1268 5155 1506 5211; x_wconf 91' lang='lat' dir='ltr'><strong>mundo.</strong></span> 
     </span>
    </p>
   </div>
   <div class='ocr_carea' id='block_1_55' title="bbox 1697 5251 2556 5350">
    <p class='ocr_par' dir='ltr' id='par_1_55' title="bbox 1697 5251 2556 5350">
     <span class='ocr_line' id='line_1_55' title="bbox 1697 5251 2556 5350; baseline 0.003 -5"><span class='ocrx_word' id='word_1_391' title='bbox 1697 5251 1986 5348; x_wconf 87' lang='lat' dir='ltr'><strong>VITA</strong></span> <span class='ocrx_word' id='word_1_392' title='bbox 2063 5253 2556 5350; x_wconf 86' lang='lat' dir='ltr'><strong>INCIPIT.</strong></span> 
     </span>
    </p>
   </div>
   <div class='ocr_carea' id='block_1_56' title="bbox 513 5384 3812 5478">
    <p class='ocr_par' dir='ltr' id='par_1_56' title="bbox 513 5384 3812 5478">
     <span class='ocr_line' id='line_1_56' title="bbox 513 5384 3812 5478; baseline -0.001 -35"><span class='ocrx_word' id='word_1_393' title='bbox 513 5393 568 5444; x_wconf 81' lang='lat'><strong>2.</strong></span> <span class='ocrx_word' id='word_1_394' title='bbox 611 5385 932 5440; x_wconf 87' lang='lat' dir='ltr'><strong>Beatissima</strong></span> <span class='ocrx_word' id='word_1_395' title='bbox 968 5388 1146 5460; x_wconf 85' lang='lat' dir='ltr'><strong>igitur</strong></span> <span class='ocrx_word' id='word_1_396' title='bbox 1169 5387 1551 5462; x_wconf 81' lang='lat' dir='ltr'><strong>Radegundis,</strong></span> <span class='ocrx_word' id='word_1_397' title='bbox 1573 5389 1802 5444; x_wconf 90' lang='lat' dir='ltr'><strong>natione</strong></span> <span class='ocrx_word' id='word_1_398' title='bbox 1827 5391 2064 5447; x_wconf 89' lang='lat' dir='ltr'><strong>barbara</strong></span> <span class='ocrx_word' id='word_1_399' title='bbox 2087 5404 2140 5478; x_wconf 70' lang='grc' dir='ltr'><strong>ρ</strong></span> <span class='ocrx_word' id='word_1_400' title='bbox 2166 5389 2474 5458; x_wconf 88' lang='lat' dir='ltr'><strong>barbarica,</strong></span> <span class='ocrx_word' id='word_1_401' title='bbox 2508 5391 2858 5443; x_wconf 80' lang='lat' dir='ltr'><strong>Francorum</strong></span> <span class='ocrx_word' id='word_1_402' title='bbox 2897 5385 3126 5441; x_wconf 89' lang='lat' dir='ltr'><strong>victoria</strong></span> <span class='ocrx_word' id='word_1_403' title='bbox 3166 5384 3396 5457; x_wconf 81' lang='lat' dir='ltr'><strong>regione</strong></span> <span class='ocrx_word' id='word_1_404' title='bbox 3423 5387 3656 5454; x_wconf 85' lang='lat' dir='ltr'><strong>vastata,</strong></span> <span class='ocrx_word' id='word_1_405' title='bbox 3681 5385 3812 5440; x_wconf 84' lang='lat' dir='ltr'><strong>vice</strong></span> 
     </span>
    </p>
   </div>
   <div class='ocr_carea' id='block_1_57' title="bbox 441 5480 2067 5556">
    <p class='ocr_par' dir='ltr' id='par_1_57' title="bbox 441 5480 2067 5556">
     <span class='ocr_line' id='line_1_57' title="bbox 441 5480 2067 5556; baseline 0.001 -16"><span class='ocrx_word' id='word_1_406' title='bbox 441 5486 510 5540; x_wconf 92' lang='lat' dir='ltr'><strong>de</strong></span> <span class='ocrx_word' id='word_1_407' title='bbox 538 5481 770 5554; x_wconf 88' lang='lat' dir='ltr'><strong>regione</strong></span> <span class='ocrx_word' id='word_1_408' title='bbox 796 5480 1101 5553; x_wconf 85' lang='lat' dir='ltr'><strong>Thoringa,</strong></span> <span class='ocrx_word' id='word_1_409' title='bbox 1133 5499 1236 5536; x_wconf 90' lang='lat' dir='ltr'><strong>avo</strong></span> <span class='ocrx_word' id='word_1_410' title='bbox 1273 5501 1407 5556; x_wconf 87' lang='lat' dir='ltr'><strong>rege</strong></span> <span class='ocrx_word' id='word_1_411' title='bbox 1439 5484 1684 5554; x_wconf 90' lang='lat' dir='ltr'><strong>Bassino,</strong></span> <span class='ocrx_word' id='word_1_412' title='bbox 1715 5488 1916 5556; x_wconf 87' lang='lat' dir='ltr'><strong>patruo</strong></span> <span class='ocrx_word' id='word_1_413' title='bbox 1938 5487 2067 5542; x_wconf 87' lang='lat' dir='ltr'><strong>Her-</strong></span> 
     </span>
    </p>
   </div>
   <div class='ocr_carea' id='block_1_58' title="bbox 443 5575 2062 5651">
    <p class='ocr_par' dir='ltr' id='par_1_58' title="bbox 443 5575 2062 5651">
     <span class='ocr_line' id='line_1_58' title="bbox 443 5575 2062 5651; baseline 0 -17"><span class='ocrx_word' id='word_1_414' title='bbox 443 5575 742 5646; x_wconf 87' lang='lat' dir='ltr'><strong>menfrido,</strong></span> <span class='ocrx_word' id='word_1_415' title='bbox 771 5577 932 5647; x_wconf 89' lang='lat' dir='ltr'><strong>patre</strong></span> <span class='ocrx_word' id='word_1_416' title='bbox 959 5592 1092 5647; x_wconf 87' lang='lat' dir='ltr'><strong>rege</strong></span> <span class='ocrx_word' id='word_1_417' title='bbox 1119 5577 1464 5634; x_wconf 89' lang='lat' dir='ltr'><strong>Berethario.</strong></span> <span class='ocrx_word' id='word_1_418' title='bbox 1511 5581 1573 5633; x_wconf 90' lang='lat' dir='ltr'><strong>In</strong></span> <span class='ocrx_word' id='word_1_419' title='bbox 1617 5585 1896 5651; x_wconf 90' lang='lat' dir='ltr'><strong>quantum</strong></span> <span class='ocrx_word' id='word_1_420' title='bbox 1933 5579 2062 5634; x_wconf 88' lang='lat' dir='ltr'><strong>alti-</strong></span> 
     </span>
    </p>
   </div>
   <div class='ocr_carea' id='block_1_59' title="bbox 437 5670 2066 5745">
    <p class='ocr_par' dir='ltr' id='par_1_59' title="bbox 437 5670 2066 5745">
     <span class='ocr_line' id='line_1_59' title="bbox 437 5670 2066 5745; baseline 0 -15"><span class='ocrx_word' id='word_1_421' title='bbox 437 5675 574 5730; x_wconf 90' lang='lat' dir='ltr'><strong>tudo</strong></span> <span class='ocrx_word' id='word_1_422' title='bbox 606 5671 796 5728; x_wconf 71' lang='lat' dir='ltr'><strong>saaculi</strong></span> <span class='ocrx_word' id='word_1_423' title='bbox 819 5670 1021 5743; x_wconf 82' lang='lat' dir='ltr'><strong>tangit,</strong></span> <span class='ocrx_word' id='word_1_424' title='bbox 1049 5670 1207 5742; x_wconf 89' lang='lat' dir='ltr'><strong>regio</strong></span> <span class='ocrx_word' id='word_1_425' title='bbox 1233 5671 1301 5726; x_wconf 91' lang='lat' dir='ltr'><strong>de</strong></span> <span class='ocrx_word' id='word_1_426' title='bbox 1327 5671 1582 5742; x_wconf 89' lang='lat' dir='ltr'><strong>germine</strong></span> <span class='ocrx_word' id='word_1_427' title='bbox 1601 5679 1742 5745; x_wconf 88' lang='lat' dir='ltr'><strong>orta,</strong></span> <span class='ocrx_word' id='word_1_428' title='bbox 1765 5676 1910 5731; x_wconf 87' lang='lat' dir='ltr'><strong>celsa</strong></span> <span class='ocrx_word' id='word_1_429' title='bbox 1935 5675 2066 5732; x_wconf 90' lang='lat' dir='ltr'><strong>licet</strong></span> 
     </span>
    </p>
   </div>
   <div class='ocr_carea' id='block_1_60' title="bbox 439 5764 2063 5840">
    <p class='ocr_par' dir='ltr' id='par_1_60' title="bbox 439 5764 2063 5840">
     <span class='ocr_line' id='line_1_60' title="bbox 439 5764 2063 5840; baseline 0.002 -18"><span class='ocrx_word' id='word_1_430' title='bbox 439 5767 677 5840; x_wconf 83' lang='lat' dir='ltr'><strong>origine,</strong></span> <span class='ocrx_word' id='word_1_431' title='bbox 721 5765 902 5822; x_wconf 90' lang='lat' dir='ltr'><strong>multo</strong></span> <span class='ocrx_word' id='word_1_432' title='bbox 949 5765 1149 5820; x_wconf 88' lang='lat' dir='ltr'><strong>celsior</strong></span> <span class='ocrx_word' id='word_1_433' title='bbox 1194 5764 1429 5820; x_wconf 85' lang='lat' dir='ltr'><strong>actione.</strong></span> <span class='ocrx_word' id='word_1_434' title='bbox 1476 5767 1606 5829; x_wconf 73' lang='lat' dir='ltr'><strong>Quae</strong></span> <span class='ocrx_word' id='word_1_435' title='bbox 1654 5785 1786 5823; x_wconf 91' lang='lat' dir='ltr'><strong>cum</strong></span> <span class='ocrx_word' id='word_1_436' title='bbox 1828 5769 2063 5824; x_wconf 89' lang='lat' dir='ltr'><strong>summis</strong></span> 
     </span>
    </p>
   </div>
   <div class='ocr_carea' id='block_1_61' title="bbox 437 5857 2062 5934">
    <p class='ocr_par' dir='ltr' id='par_1_61' title="bbox 437 5857 2062 5934">
     <span class='ocr_line' id='line_1_61' title="bbox 437 5857 2062 5934; baseline 0.004 -20"><span class='ocrx_word' id='word_1_437' title='bbox 437 5861 549 5916; x_wconf 85' lang='lat' dir='ltr'><strong>suis</strong></span> <span class='ocrx_word' id='word_1_438' title='bbox 575 5862 904 5934; x_wconf 85' lang='lat' dir='ltr'><strong>parentibus</strong></span> <span class='ocrx_word' id='word_1_439' title='bbox 929 5857 1087 5916; x_wconf 90' lang='lat' dir='ltr'><strong>brevi</strong></span> <span class='ocrx_word' id='word_1_440' title='bbox 1108 5859 1404 5916; x_wconf 88' lang='lat' dir='ltr'><strong>mansisset</strong></span> <span class='ocrx_word' id='word_1_441' title='bbox 1428 5862 1700 5932; x_wconf 88' lang='lat' dir='ltr'><strong>tempore,</strong></span> <span class='ocrx_word' id='word_1_442' title='bbox 1729 5865 2062 5934; x_wconf 87' lang='lat' dir='ltr'><strong>tempestate</strong></span> 
     </span>
    </p>
   </div>
   <div class='ocr_carea' id='block_1_62' title="bbox 2167 5479 3812 5553">
    <p class='ocr_par' dir='ltr' id='par_1_62' title="bbox 2167 5479 3812 5553">
     <span class='ocr_line' id='line_1_62' title="bbox 2167 5479 3812 5553; baseline -0.003 -15"><span class='ocrx_word' id='word_1_443' title='bbox 2167 5483 2464 5539; x_wconf 83' lang='lat' dir='ltr'><strong>Israelitica</strong></span> <span class='ocrx_word' id='word_1_444' title='bbox 2493 5483 2610 5537; x_wconf 76' lang='lat' dir='ltr'><strong>exit</strong></span> <span class='ocrx_word' id='word_1_445' title='bbox 2635 5485 2690 5537; x_wconf 91' lang='lat' dir='ltr'><strong>et</strong></span> <span class='ocrx_word' id='word_1_446' title='bbox 2717 5481 2926 5553; x_wconf 85' lang='lat' dir='ltr'><strong>migrat</strong></span> <span class='ocrx_word' id='word_1_447' title='bbox 2949 5481 3018 5536; x_wconf 92' lang='lat' dir='ltr'><strong>de</strong></span> <span class='ocrx_word' id='word_1_448' title='bbox 3041 5479 3242 5551; x_wconf 88' lang='lat' dir='ltr'><strong>patria.</strong></span> <span class='ocrx_word' id='word_1_449' title='bbox 3283 5480 3438 5534; x_wconf 90' lang='lat' dir='ltr'><strong>Tunc</strong></span> <span class='ocrx_word' id='word_1_450' title='bbox 3471 5479 3620 5534; x_wconf 85' lang='lat' dir='ltr'><strong>inter</strong></span> <span class='ocrx_word' id='word_1_451' title='bbox 3645 5479 3812 5550; x_wconf 89' lang='lat' dir='ltr'><strong>ipsos</strong></span> 
     </span>
    </p>
   </div>
   <div class='ocr_carea' id='block_1_63' title="bbox 2164 5573 3808 5649">
    <p class='ocr_par' dir='ltr' id='par_1_63' title="bbox 2164 5573 3808 5649">
     <span class='ocr_line' id='line_1_63' title="bbox 2164 5573 3808 5649; baseline -0.004 -15"><span class='ocrx_word' id='word_1_452' title='bbox 2164 5579 2399 5634; x_wconf 86' lang='lat' dir='ltr'><strong>victores</strong></span> <span class='ocrx_word' id='word_1_453' title='bbox 2423 5578 2584 5649; x_wconf 88' lang='lat' dir='ltr'><strong>cujus</strong></span> <span class='ocrx_word' id='word_1_454' title='bbox 2613 5581 2758 5632; x_wconf 87' lang='lat' dir='ltr'><strong>esset</strong></span> <span class='ocrx_word' id='word_1_455' title='bbox 2793 5575 2853 5630; x_wconf 91' lang='lat' dir='ltr'><strong>in</strong></span> <span class='ocrx_word' id='word_1_456' title='bbox 2891 5574 3082 5646; x_wconf 71' lang='lat' dir='ltr'><strong>praeda</strong></span> <span class='ocrx_word' id='word_1_457' title='bbox 3107 5573 3309 5645; x_wconf 86' lang='lat' dir='ltr'><strong>regalis</strong></span> <span class='ocrx_word' id='word_1_458' title='bbox 3333 5573 3540 5644; x_wconf 86' lang='lat' dir='ltr'><strong>puella,</strong></span> <span class='ocrx_word' id='word_1_459' title='bbox 3574 5573 3640 5628; x_wconf 82' lang='lat' dir='ltr'><strong>ﬁt</strong></span> <span class='ocrx_word' id='word_1_460' title='bbox 3658 5590 3808 5628; x_wconf 88' lang='lat' dir='ltr'><strong>con-</strong></span> 
     </span>
    </p>
   </div>
   <div class='ocr_carea' id='block_1_64' title="bbox 2163 5659 3812 5746">
    <p class='ocr_par' dir='ltr' id='par_1_64' title="bbox 2163 5659 3812 5746">
     <span class='ocr_line' id='line_1_64' title="bbox 2163 5659 3812 5746; baseline -0.001 -19"><span class='ocrx_word' id='word_1_461' title='bbox 2163 5673 2338 5729; x_wconf 90' lang='lat' dir='ltr'><strong>tentio</strong></span> <span class='ocrx_word' id='word_1_462' title='bbox 2381 5674 2450 5728; x_wconf 90' lang='lat' dir='ltr'><strong>de</strong></span> <span class='ocrx_word' id='word_1_463' title='bbox 2487 5673 2720 5746; x_wconf 88' lang='lat' dir='ltr'><strong>captiva.</strong></span> <span class='ocrx_word' id='word_1_464' title='bbox 2753 5673 2820 5727; x_wconf 86' lang='lat' dir='ltr'><strong>Et</strong></span> <span class='ocrx_word' id='word_1_465' title='bbox 2863 5670 2971 5724; x_wconf 89' lang='lat' dir='ltr'><strong>nisi</strong></span> <span class='ocrx_word' id='word_1_466' title='bbox 3017 5659 3236 5726; x_wconf 82' lang='lat' dir='ltr'><strong>reddita</strong></span> <span class='ocrx_word' id='word_1_467' title='bbox 3277 5669 3474 5724; x_wconf 85' lang='lat' dir='ltr'><strong>fuisset</strong></span> <span class='ocrx_word' id='word_1_468' title='bbox 3513 5672 3812 5726; x_wconf 83' lang='lat' dir='ltr'><strong>transacto</strong></span> 
     </span>
    </p>
   </div>
   <div class='ocr_carea' id='block_1_65' title="bbox 2163 5769 3810 5842">
    <p class='ocr_par' dir='ltr' id='par_1_65' title="bbox 2163 5769 3810 5842">
     <span class='ocr_line' id='line_1_65' title="bbox 2163 5769 3810 5842; baseline -0.001 -16"><span class='ocrx_word' id='word_1_469' title='bbox 2163 5772 2492 5842; x_wconf 85' lang='lat' dir='ltr'><strong>certamine,</strong></span> <span class='ocrx_word' id='word_1_470' title='bbox 2513 5773 2571 5826; x_wconf 91' lang='lat' dir='ltr'><strong>in</strong></span> <span class='ocrx_word' id='word_1_471' title='bbox 2598 5787 2657 5828; x_wconf 89' lang='lat' dir='ltr'><strong>se</strong></span> <span class='ocrx_word' id='word_1_472' title='bbox 2685 5787 2849 5842; x_wconf 86' lang='lat' dir='ltr'><strong>reges</strong></span> <span class='ocrx_word' id='word_1_473' title='bbox 2867 5785 3024 5824; x_wconf 88' lang='lat' dir='ltr'><strong>arma</strong></span> <span class='ocrx_word' id='word_1_474' title='bbox 3049 5769 3375 5824; x_wconf 88' lang='lat' dir='ltr'><strong>movissent.</strong></span> <span class='ocrx_word' id='word_1_475' title='bbox 3401 5769 3542 5832; x_wconf 57' lang='lat' dir='ltr'><strong>Qum</strong></span> <span class='ocrx_word' id='word_1_476' title='bbox 3564 5769 3810 5824; x_wconf 83' lang='lat' dir='ltr'><strong>veniens</strong></span> 
     </span>
    </p>
   </div>
   <div class='ocr_carea' id='block_1_66' title="bbox 2161 5861 3800 5941">
    <p class='ocr_par' dir='ltr' id='par_1_66' title="bbox 2161 5861 3800 5941">
     <span class='ocr_line' id='line_1_66' title="bbox 2161 5861 3800 5941; baseline 0 -21"><span class='ocrx_word' id='word_1_477' title='bbox 2161 5865 2220 5922; x_wconf 90' lang='lat' dir='ltr'><strong>in</strong></span> <span class='ocrx_word' id='word_1_478' title='bbox 2249 5871 2458 5924; x_wconf 85' lang='lat' dir='ltr'><strong>sortem</strong></span> <span class='ocrx_word' id='word_1_479' title='bbox 2483 5865 2734 5941; x_wconf 62' lang='lat' dir='ltr'><strong>praecelsi</strong></span> <span class='ocrx_word' id='word_1_480' title='bbox 2763 5864 2912 5936; x_wconf 87' lang='lat' dir='ltr'><strong>regis</strong></span> <span class='ocrx_word' id='word_1_481' title='bbox 2935 5863 3200 5922; x_wconf 86' lang='lat' dir='ltr'><strong>Chlotarii</strong></span> <span class='ocrx_word' id='word_1_482' title='bbox 3229 5864 3290 5920; x_wconf 86' lang='lat' dir='ltr'><strong>in</strong></span> <span class='ocrx_word' id='word_1_483' title='bbox 3321 5861 3800 5920; x_wconf 81' lang='lat' dir='ltr'><strong>Veromadensem</strong></span> 
     </span>
    </p>
   </div>
  </div>
