3940 6178
279 327 389 381 653

1598 334 1767 389 VITA.
1809 335 2009 392 LIBER
2056 337 2323 394 PRIMUS.

3529 347 3633 400 654-

276 431 448 486 ducta
475 431 695 486 Atteias
726 433 802 504 (α)
833 434 893 488 in
932 434 1062 490 villa
1093 435 1256 507 regia
1282 436 1576 493 nutriendi
1601 455 1773 495 causa
1803 458 1897 496 cu-
1922 458 1981 532 Α
2001 447 2062 499 In
2074 461 2278 500 mensa
2294 460 2428 498 vero
2452 442 2800 512 subocculte,
2827 461 2900 498 ne
2921 445 3069 498 forte
3092 449 3535 517 cognosceretur
3555 449 3627 504 ab

267 524 532 579 stodibus
561 528 649 580 est
682 526 974 598 deputata.
1009 529 1148 592 Quae
1179 531 1370 601 puella
1396 531 1549 586 inter
1569 533 1681 588 alia
1702 551 1897 605 opera,

265 634 397 688 quae
414 619 568 673 sexui
591 620 714 690 ejus
733 621 1149 692 congruebant,
1169 623 1374 679 litteris
1398 629 1484 680 est
1512 627 1737 682 erudita
1759 645 1771 683 :
1793 630 1902 682 fre-

263 716 516 782 quenter
533 713 776 784 loquens
801 731 931 769 cum
956 716 1224 786 parvulis,
1245 718 1290 771 si
1307 720 1599 774 conferret
1619 737 1740 776 sors
1762 724 1901 776 tem-

258 805 443 875 poris,
463 810 686 878 martyr
703 808 827 862 ﬁeri
845 808 1096 880 cupiens.
1121 811 1411 867 Indicabat
1424 813 1757 869 adolescens
1769 815 1896 885 jam

258 902 401 953 tunc
422 900 630 955 merita
657 903 987 970 senectutis,
1020 904 1288 959 obtinens
1315 922 1419 977 pro
1447 911 1610 978 parte
1643 925 1769 979 qua:
1795 926 1893 981 pe-

256 991 369 1046 tiit.
401 993 662 1064 Denique
691 995 830 1050 dum
847 999 996 1051 esset
1011 997 1069 1050 in
1091 1015 1232 1068 pace
1250 998 1463 1054 ﬂorens
1483 1001 1750 1071 Ecclesia,
1775 1003 1898 1073 ipsa

255 1088 347 1140 est
373 1102 412 1140 a
436 1085 766 1142 domesticis
793 1090 1258 1160 persecutionem
1281 1109 1572 1164 perpessa.
1603 1097 1731 1150 Jam
1759 1100 1895 1151 tunc

253 1178 316 1232 id
361 1195 547 1250 agens
588 1180 894 1250 infantula,
943 1184 1226 1256 quidquid
1276 1186 1382 1242 sibi
1425 1189 1798 1244 remansisset
1832 1190 1893 1244 in

251 1265 498 1341 mensa,
541 1275 792 1330 collectis
833 1278 1104 1347 parvulis,
1163 1279 1360 1335 lavans
1399 1282 1588 1353 capita
1631 1282 1890 1354 singulis,

248 1366 594 1437 compositis
619 1369 852 1437 sellulis,
882 1371 1184 1441 porrigens
1213 1390 1427 1445 aquam
1451 1375 1736 1445 manibus,
1767 1377 1892 1447 ipsa

247 1458 416 1514 cibos
436 1460 743 1529 inferebat,
768 1462 892 1534 ipsa
918 1464 1200 1520 miscebat
1227 1467 1547 1523 infantulis.
1577 1471 1692 1525 Hoc
1715 1471 1890 1525 etiam

244 1553 670 1622 praemeditans
691 1572 821 1611 cum
837 1557 1107 1613 Samuele
1128 1561 1366 1630 parvulo
1389 1563 1596 1617 clerico
1627 1565 1885 1634 gerebat.

245 1645 424 1701 Facta
451 1663 617 1702 cruce
648 1648 840 1720 lignea
863 1652 1228 1722 praecedente
1247 1695 1261 1721 ,
1292 1655 1706 1727 subsequentes
1736 1658 1885 1728 psal-

243 1738 429 1794 lendo
451 1740 528 1795 ad
544 1743 861 1797 oratorium
880 1761 1010 1799 cum
1029 1747 1306 1817 gravitate
1327 1753 1556 1804 matura
1577 1751 1744 1804 simul
1764 1767 1890 1822 par-

2002 539 2193 610 aliquo
2215 581 2228 606 ,
2257 541 2391 592 ante
2423 555 2481 592 se
2513 537 2700 608 posito
2730 553 2860 592 cum
2887 539 3179 608 legumine
3207 540 3422 595 ferculo
3440 583 3453 609 ,
3477 541 3628 597 inter

2000 634 2196 704 epulas
2214 648 2441 702 regum,
2465 649 2629 687 more
2653 630 2827 685 trium
2848 648 3185 702 puerorum,
3204 634 3332 688 fava
3349 634 3525 706 [faba]
3539 637 3627 690 vel

1999 726 2269 781 lenticula
2291 725 2707 781 delectabiliter
2730 725 3084 780 vescebatur.
3109 727 3189 780 De
3207 743 3374 780 cursu
3396 728 3474 800 (ἀ)
3491 745 3625 785 vero

1999 819 2382 887 decantando,
2422 819 2528 873 etsi
2568 819 2798 872 sederet
2836 819 2894 872 in
2936 819 3201 889 prandio,
3250 836 3521 876 excusans
3566 839 3624 876 se

1999 912 2122 984 regi
2153 912 2344 983 aliquo
2376 928 2529 981 casu,
2563 915 2626 965 ut
2654 912 2770 965 Deo
2799 910 3068 966 redderet
3091 912 3370 980 debitum,
3403 930 3462 967 se
3490 914 3620 968 sub-

1998 1005 2245 1060 ducebat
2273 1005 2548 1060 convivio.
2575 1005 2697 1068 Quo
2717 1020 2946 1075 egressa
2975 1005 3216 1060 Domino
3237 1006 3536 1076 psallebat,
3566 1011 3623 1061 et

1995 1099 2216 1154 curiose
2245 1098 2574 1170 requirebat
2593 1098 2746 1169 quali
2775 1098 2903 1153 cibo
2931 1098 3068 1153 foris
3095 1115 3378 1170 pauperes
3398 1099 3623 1155 refecis-

1994 1195 2142 1248 sent.

2065 1313 2114 1362 5.
2148 1310 2289 1362 Item
2317 1308 2596 1361 nocturno
2637 1309 2897 1377 tempore
2922 1348 2935 1373 ,
2974 1310 3102 1361 cum
3149 1307 3455 1362 reclinaret
3487 1325 3615 1362 cum

1993 1401 2267 1474 principe,
2301 1416 2514 1471 rogans
2539 1415 2597 1453 se
2619 1416 2722 1470 pro
2745 1401 3002 1454 humana
3023 1401 3359 1455 necessitate
3381 1418 3613 1457 consur-

1993 1513 2148 1567 gere,
2174 1495 2366 1549 levans
2387 1510 2616 1565 egressa
2635 1493 2912 1561 cubiculo,
2933 1493 3156 1548 tamdiu
3178 1498 3311 1548 ante
3333 1499 3615 1549 secretum

1992 1588 2240 1643 orationi
2270 1586 2637 1641 incumbebat
2654 1586 2872 1656 jactato
2911 1586 3112 1653 cilicio,
3161 1590 3221 1640 ut
3267 1588 3385 1641 solo
3423 1588 3616 1641 calens

1991 1681 2190 1753 spiritu
2198 1681 2419 1752 jaceret
2437 1681 2566 1750 gelu
2583 1683 2907 1750 penetrata,
2923 1683 3044 1734 tota
3057 1696 3228 1734 carne
3247 1683 3614 1751 prmmortua:

1991 1793 2108 1830 non
2120 1791 2325 1830 curans
2337 1773 2592 1844 corporis
2605 1776 2893 1827 tormento
2911 1790 3076 1827 mens
3088 1773 3310 1828 intenta
3326 1773 3613 1844 paradiso,

241 1833 361 1939 villi
392 1835 808 1938 properabant.
837 1839 908 1891 Et
943 1838 1068 1909 ipsa
1094 1843 1292 1895 tamen
1319 1859 1449 1896 cum
1485 1860 1586 1897 sua
1612 1847 1768 1939 veste
1799 1845 1884 1939 ni-
1909 1831 1964 1902 Β
1989 1871 2108 1923 leve
2141 1871 2413 1939 reputans
2439 1831 2606 1938 ιφ]οά
2632 1867 2838 1933 ferret,
2873 1869 3098 1920 tantum
3129 1883 3202 1920 ne
3225 1831 3448 1921 (ζωῖίειο
3474 1831 3610 1921 vile;

241 1925 444 1980 tidans
465 1928 884 1999 pavimentum,
919 1932 1067 1991 circa
1085 1935 1265 1988 altare
1282 1951 1416 1989 vero
1444 1953 1573 1990 cum
1588 1937 1888 2008 facitergio

244 2018 319 2089 (b)
327 2019 637 2089 jacentem
651 2024 944 2093 pulverem
958 2026 1253 2098 colligens,
1267 2028 1407 2083 foris
1422 2046 1553 2084 cum
1565 2032 1888 2086 reverentia

239 2113 628 2182 recondebat,
651 2117 838 2187 potius
860 2135 1036 2190 quam
1059 2121 1351 2192 vergebat.
1377 2123 1561 2186 Quam
1583 2140 1714 2178 cum
1744 2142 1887 2195 prae-

238 2207 469 2276 paratis
501 2209 764 2280 expensis
789 2211 1100 2268 Victoriace
1139 2215 1205 2285 (ο)
1241 2215 1512 2271 voluisset
1546 2233 1644 2272 rex
1673 2218 1882 2288 praedi-

237 2302 368 2354 ctus
397 2301 692 2373 accipere,
715 2320 819 2375 per
841 2306 1175 2362 Beralcham
1208 2309 1279 2362 ab
1314 2311 1532 2364 Atteias
1559 2314 1728 2366 nocte
1754 2329 1885 2367 cum

234 2395 447 2463 paucis
473 2396 670 2467 elapsa
709 2401 812 2452 est.
855 2399 1075 2454 Deinde
1115 2401 1431 2457 Suessionis
1469 2421 1601 2459 cum
1637 2422 1768 2460 eam
1796 2406 1880 2460 di-

235 2487 488 2542 rexisset
512 2492 575 2543 ut
589 2491 852 2561 reginam
878 2493 1146 2564 erigeret,
1166 2495 1386 2551 evitans
1408 2514 1687 2570 pompam
1708 2515 1877 2571 rega-

232 2580 356 2634 lem
393 2597 469 2636 ne
496 2584 704 2638 saeculo
736 2590 1034 2654 cresceret,
1075 2587 1175 2650 sed
1213 2589 1302 2644 cui
1339 2589 1660 2646 debebatur
1685 2596 1743 2647 et
1773 2593 1877 2647 hu-

234 2689 428 2730 mana
459 2676 646 2746 gloria
671 2695 789 2732 non
815 2683 1090 2735 mutatur.

305 2771 364 2824 3.
414 2769 590 2824 Nubit
615 2787 754 2842 ergo
787 2777 1018 2829 terreno
1050 2774 1316 2847 principi,
1349 2794 1456 2832 nec
1483 2781 1684 2834 tamen
1713 2796 1875 2850 sepa-

226 2864 362 2917 rata
405 2878 440 2916 a
489 2864 721 2919 caelesti.
761 2868 842 2920 Ac
889 2867 1028 2921 dum
1072 2868 1178 2922 sibi
1227 2871 1557 2926 accessisset
1594 2873 1879 2927 saecularis

224 2958 524 3027 potestas,
550 2958 736 3028 magis
763 2975 940 3030 quam
970 2961 1335 3032 permitteret
1361 2963 1630 3035 dignitas,
1664 2983 1724 3020 se
1750 2968 1878 3037 plus

225 3049 543 3104 inclinavit
552 3051 832 3106 voluntas.
855 3053 1096 3108 Subdita
1113 3072 1343 3128 semper
1357 3059 1496 3126 Deo,
1514 3062 1738 3114 sectans
1757 3076 1878 3116 mo-

225 3143 358 3197 nita
390 3143 780 3214 sacerdotum,
812 3148 939 3217 plus
958 3148 1304 3220 participata
1331 3151 1553 3206 Christo
1582 3169 1756 3224 quam
1783 3170 1874 3209 so-

224 3236 391 3291 ciata
423 3237 718 3308 conjugio.
743 3239 843 3293 Illo
875 3257 1008 3296 vero
1041 3242 1144 3296 sub
1176 3245 1436 3315 tempore
1465 3247 1756 3301 tentamus
1781 3263 1879 3318 pa-

224 3330 501 3386 tefacere
528 3328 598 3384 de
628 3331 823 3386 multis
856 3349 1040 3403 pauca
1077 3351 1204 3407 quae
1229 3339 1491 3408 gesserit.
1519 3339 1651 3395 Ideo
1673 3340 1878 3410 juncta

221 3423 511 3495 principi,
556 3423 766 3480 timens
803 3443 876 3481 ne
911 3427 1029 3484 Deo
1068 3429 1459 3501 degradasset,
1503 3450 1633 3488 cum
1670 3434 1875 3489 mundi

222 3517 427 3588 gradu
454 3519 782 3588 proﬁceret,
809 3537 871 3576 se
899 3538 1002 3577 sua
1028 3539 1158 3578 cum
1190 3525 1461 3580 facultate
1490 3527 1874 3599 eleemosyna‘.

223 3609 548 3666 dedicavit.
567 3613 713 3668 Nam
727 3629 859 3669 cum
877 3615 983 3670 sibi
998 3617 1218 3688 aliquid
1236 3619 1308 3673 de
1326 3619 1549 3674 tributis
1569 3621 1870 3689 accideret,

221 3720 293 3759 ex
323 3705 611 3760 omnibus
638 3723 764 3778 qua;
789 3709 1082 3765 venissent
1106 3711 1181 3766 ad
1205 3728 1354 3780 eam,
1378 3717 1512 3768 ante
1543 3713 1704 3768 dedit
1725 3714 1873 3770 deci-

218 3814 356 3853 mas
381 3814 563 3870 quam
584 3801 819 3873 recepit.
840 3803 1058 3860 Deinde
1075 3805 1231 3877 quod
1248 3811 1564 3878 supererat,
1583 3811 1872 3863 monaste-

217 3891 323 3947 riis
354 3891 754 3964 dispensabat,
775 3899 833 3950 et
862 3913 976 3968 quo
998 3898 1082 3954 ire
1100 3899 1248 3971 pede
1275 3917 1393 3955 non
1419 3905 1664 3972 poterat,
1688 3906 1869 3956 trans-

217 3985 412 4041 misso
450 4002 694 4043 munere
723 3989 1016 4046 circuibat.
1056 3995 1104 4046 Α
1145 3993 1303 4065 cujus
1341 3994 1738 4051 munificentia
1762 4011 1870 4050 nec

216 4079 350 4150 ipse
383 4095 445 4134 se
480 4080 832 4138 abscondere
862 4084 1049 4156 potuit
1072 4087 1350 4155 eremita;
1381 4091 1440 4142 et
1457 4088 1623 4143 sicuti
1649 4106 1722 4144 ne
1744 4106 1869 4160 pre-

217 4177 499 4228 meretur
525 4191 561 4229 a
587 4177 829 4245 sarcina,
858 4179 1015 4249 quod
1046 4184 1348 4252 acceperat
1373 4183 1669 4254 erogabat.
1700 4183 1866 4254 Apud

1987 1965 2188 2018 sceret.
2205 1962 2342 2016 Inde
2363 1977 2625 2031 regressa
2641 1959 2986 2025 cubiculum,
3006 1959 3094 2012 vix
3107 1959 3364 2030 tepefieri
3387 1963 3615 2030 poterat

1986 2057 2072 2112 vel
2103 2057 2230 2110 foco
2253 2056 2339 2109 vel
2370 2055 2595 2109 lectulo.
2620 2054 2699 2107 De
2725 2069 2839 2124 qua
2858 2051 2982 2122 regi
3004 2051 3300 2106 dicebatur
3319 2052 3534 2106 habere
3552 2069 3612 2106 se

1984 2151 2174 2222 potius
2189 2149 2450 2221 jugalem
2475 2147 2822 2202 monacham
2850 2162 3024 2216 quam
3056 2145 3339 2216 reginam.
3369 2145 3533 2200 Unde
3556 2150 3614 2200 et

1985 2245 2106 2316 ipse
2127 2243 2380 2298 irritatus
2399 2243 2536 2312 [Al.,
2559 2239 2754 2309 tantis]
2779 2255 2881 2310 pro
2903 2238 3070 2294 bonis
3097 2242 3222 2293 erat
3240 2238 3609 2310 asperrimus.

1985 2338 2100 2393 Sed
2129 2337 2226 2390 illa
2249 2352 2351 2407 pro
2383 2337 2544 2406 parte
2584 2332 2810 2400 liniens,
2847 2349 2951 2403 pro
2979 2335 3142 2403 parte
3171 2332 3456 2387 tolerabat
3484 2347 3610 2388 mo-

1985 2431 2144 2487 deste
2172 2429 2323 2484 rixas
2350 2428 2534 2482 illatas
2560 2443 2594 2482 a
2621 2427 2888 2497 conjuge.

2055 2556 2105 2607 6.
2131 2551 2341 2606 Diebus
2365 2567 2500 2604 vero
2524 2547 2996 2619 Quadragesimae
3022 2547 3156 2601 satis
3183 2548 3270 2601 est
3295 2546 3438 2601 scire
3469 2562 3609 2617 qua-

1981 2646 2112 2700 liter
2137 2662 2195 2698 se
2222 2642 2426 2698 retexit
2445 2642 2596 2696 inter
2615 2644 2798 2695 vestes
2820 2640 3008 2711 regias
3040 2639 3408 2710 singulariter
3427 2639 3607 2710 poeni-

1978 2744 2126 2794 tens.
2142 2737 2320 2809 Igitur
2331 2734 2832 2806 appropinquante
2845 2733 3056 2804 jejunii
3069 2736 3357 2802 tempore,
3375 2733 3612 2786 mittens

1979 2833 2054 2888 ad
2065 2831 2395 2903 religiosam
2409 2828 2755 2883 monacham
2770 2845 2805 2879 n
2816 2825 3008 2880 omine
3027 2826 3185 2880 Piam
3202 2825 3260 2878 in
3275 2827 3470 2879 sancto
3482 2839 3610 2895 pro-

1978 2925 2184 2998 posito,
2213 2925 2309 2978 illa
2327 2922 2612 2994 dirigebat
2639 2923 2982 2974 veneranter
3001 2918 3058 2972 in
3086 2918 3269 2973 linteo
3292 2917 3603 2989 sigillatum

1977 3019 2225 3074 cilicium
2248 3035 2260 3072 :
2286 3015 2440 3089 quod
2463 3019 2655 3070 sancta
2678 3013 2926 3067 induens
2943 3012 3016 3067 ad
3047 3028 3270 3083 corpus,
3294 3028 3398 3082 per
3425 3014 3606 3066 totam

1979 3111 2494 3184 Quadragesimam
2522 3108 2716 3162 subter
2736 3111 2888 3161 veste
2911 3105 3071 3177 regia
3088 3104 3236 3160 dulci
3264 3104 3531 3176 portabat
3546 3104 3606 3158 in

1898 3202 1952 3277 C
1979 3205 2216 3262 sarcina.
2249 3201 2569 3258 Transactis
2608 3200 2827 3267 diebus,
2871 3198 3133 3253 similiter
3167 3197 3484 3269 sigillatum
3511 3213 3604 3252 re-

1976 3297 2404 3356 transmittebat
2427 3295 2692 3350 cilicium.
2723 3293 2820 3348 Sin
2854 3297 3047 3347 autem
3076 3307 3173 3345 rex
3197 3291 3444 3357 deesset,
3479 3289 3606 3360 quis

1976 3393 2173 3449 credat
2200 3391 2444 3464 qualiter
2483 3405 2541 3443 se
2577 3386 2823 3442 orationi
2853 3384 3224 3452 diffunderet,
3259 3383 3506 3454 qualiter
3543 3399 3601 3437 se

1974 3492 2253 3558 tanquam
2272 3481 2570 3556 praesentis
2581 3479 2787 3536 Christi
2801 3478 3042 3550 pedibus
3056 3477 3340 3548 alligaret;
3363 3481 3419 3531 et
3440 3475 3603 3547 quasi

1974 3580 2195 3651 repleta
2222 3576 2457 3643 deliciis,
2497 3574 2573 3629 sic
2601 3574 2776 3643 longo
2801 3570 3024 3643 jejunio
3064 3569 3298 3624 satiaret
3333 3568 3392 3624 in
3418 3569 3599 3641 lacry-

1972 3673 2083 3729 mis
2102 3673 2130 3728 ?
2157 3671 2261 3729 Cui
2287 3670 2554 3740 despecto
2581 3665 2795 3722 ventris
2821 3664 3013 3719 edulio
3033 3663 3286 3720 Christus
3314 3665 3436 3720 tota
3457 3662 3602 3718 refe-

1971 3768 2104 3836 ctio,
2133 3769 2192 3821 et
2213 3767 2335 3820 tota
2363 3763 2546 3817 fames
2575 3762 2700 3815 erat
2719 3759 2777 3813 in
2808 3757 3052 3814 Christo.

2041 3893 2094 3942 7.
2124 3885 2266 3941 Illud
2283 3901 2396 3956 qua
2415 3883 2624 3955 pietate
2643 3879 2958 3953 peragebat
2975 3877 3235 3945 sollicita,
3261 3881 3322 3932 ut
3343 3893 3471 3948 quae
3493 3893 3599 3949 per

1971 3979 2223 4038 oratoria
2238 3979 2326 4033 vel
2349 3979 2474 4032 loca
2493 3973 2844 4032 venerabilia
2871 3975 3177 4052 totanocte
3205 3972 3593 4042 perlucerent,

1969 4074 2238 4131 candelas
2267 4071 2382 4127 suis
2412 4069 2679 4126 manibus
2709 4070 2888 4123 factas
2925 4066 3146 4137 jugiter
3183 4063 3597 4119 ministrabat?

1967 4168 2130 4224 Unde
2150 4168 2294 4222 hora
2315 4164 2588 4231 serotina,
2611 4163 2748 4218 dum
2770 4161 2822 4216 ei
2848 4159 3211 4214 nuntiaretur
3235 4157 3416 4224 tarde,
3441 4157 3597 4228 quod

1968 4280 2098 4318 eam
2125 4261 2200 4317 ad
2225 4275 2489 4316 mensam
2528 4273 2627 4311 rex
2668 4258 2990 4328 quaereret,
3024 4252 3172 4307 circa
3206 4267 3298 4304 res
3323 4249 3423 4304 Dei
3454 4249 3592 4304 dum

1966 4356 2285 4428 satagebat,
2317 4353 2466 4409 rixas
2504 4349 2756 4405 habebat
2793 4365 2826 4401 a
2860 4347 3126 4416 conjuge,
3165 4344 3245 4398 ita
3287 4346 3350 4397 ut
3382 4343 3594 4398 vicibus

1966 4449 2161 4507 multis
2197 4447 2462 4519 princeps
2498 4459 2602 4515 per
2644 4457 2889 4497 munera
2933 4437 3309 4504 satisfaceret,
3349 4436 3504 4508 quod
3539 4436 3592 4492 ei

211 4283 409 4338 quam
437 4269 609 4338 egeni
637 4286 743 4325 vox
769 4287 887 4327 non
923 4271 1175 4329 inaniter
1202 4275 1412 4344 sonuit,
1451 4293 1556 4331 nec
1581 4277 1707 4348 ipsa
1733 4293 1864 4332 eam

209 4360 405 4416 surda
431 4363 748 4432 praeteriit:
778 4382 929 4437 saepe
962 4367 1188 4424 donans
1217 4369 1582 4439 indumenta,
1622 4371 1865 4426 credens

208 4454 324 4508 sub
361 4454 557 4525 inopis
587 4461 742 4512 veste
771 4459 978 4514 Christi
1008 4462 1272 4518 membra
1307 4479 1366 4517 se
1392 4465 1627 4535 tegere:
1667 4465 1776 4520 hoc
1802 4481 1863 4520 se

212 4551 513 4619 reputans
529 4550 774 4620 perdere
792 4553 1075 4626 quidquid
1091 4558 1440 4629 pauperibus
1461 4575 1577 4613 non
1595 4557 1860 4614 dedisset.
1883 4576 1886 4647 ς

1988 4562 2069 4600 )er
2093 4543 2353 4615 linguam
2380 4540 2688 4611 peccasset.

285 4642 350 4695 4.
387 4641 593 4697 Adhuc
614 4645 873 4701 animum
898 4648 1144 4704 tendens
1162 4651 1236 4704 ad
1262 4667 1404 4722 opus
1429 4651 1862 4721 misericordia,
1884 4641 1932 4648 ’⁷
2035 4660 2086 4712 8.
2109 4655 2196 4711 Ad
2220 4653 2378 4724 cujus
2407 4649 2743 4722 opinionem
2771 4645 2815 4700 si
2845 4643 2973 4716 quis
2997 4659 3294 4699 servorum
3323 4641 3423 4696 Dei
3443 4656 3593 4695 Visus

209 4733 450 4789 Atteias
484 4735 724 4793 domum
749 4739 996 4809 instruit,
1020 4742 1116 4797 ubi
1145 4745 1303 4799 lectis
1329 4746 1477 4801 culte
1511 4746 1862 4818 compositis,
1968 4750 2164 4806 fuisset
2186 4749 2274 4802 vel
2305 4763 2409 4818 per
2435 4761 2493 4799 se
2523 4743 2611 4797 vel
2643 4743 2784 4813 [Sura
2813 4740 2973 4838 αξίᾱξε
3000 4754 3103 4838 Pef‘
3133 4735 3330 4838 ίξῙίωη]
3361 4739 3593 4838 Ῡίξξδωδ

209 4830 603 4900 congregatis
631 4833 831 4903 egenis
853 4835 1101 4905 feminis,
1131 4837 1254 4909 ipsa
1281 4855 1378 4894 eas
1403 4841 1601 4895 lavans
1625 4841 1685 4894 in
1707 4841 1860 4895 ther-
1967 4859 2284 4910 occurrere,
2315 4840 2536 4895 videres
2554 4837 2736 4903 illam,
2759 4833 3048 4889 caelestem
3071 4832 3283 4886 habere
3308 4827 3589 4932 laetitiam;

205 4922 354 4991 mis,
386 4923 840 4998 morborumque
863 4945 1071 4984 curans
1097 4932 1454 5002 putredines.
1479 4934 1745 4990 Virorum
1769 4951 1862 4990 ca-
1966 4944 2023 4994 et
2050 4940 2196 4994 hora
2215 4935 2396 4991 noctis
2415 4948 2648 4988 recursa
2668 4947 2797 4985 cum
2819 4927 3015 4999 paucis
3037 4925 3360 5027 pergens‘et
3376 4925 3593 5027 intimis

205 5016 347 5087 pita
367 5015 616 5087 diluens,
640 5021 1025 5078 ministerium
1047 5025 1282 5095 faciens,
1301 5043 1443 5098 quos
1466 5033 1597 5083 ante
1621 5030 1858 5098 lavarat,
1964 5051 2068 5106 per
2088 5031 2303 5098 nivem,
2325 5030 2532 5095 lutum,
2549 5026 2638 5080 vel
2655 5024 2971 5096 pulverem,
2993 5035 3145 5120 aqua
3165 5016 3351 5120 calida
3366 5019 3590 5119 parata,

204 5109 448 5165 eisdem
479 5128 580 5167 sua
595 5130 773 5169 manu
792 5117 1087 5188 miscebat,
1113 5123 1175 5174 ut
1191 5121 1369 5176 fessos
1391 5122 1460 5176 de
1484 5122 1690 5177 sudore
1715 5139 1862 5177 sum-
1962 5129 2087 5200 ipsa
2113 5123 2342 5180 lavabat
2363 5127 2421 5176 et
2439 5120 2702 5191 tergebat
2722 5112 3035 5214 venerandi
3055 5111 3295 5182 vestigia
3313 5126 3428 5214 nec
3449 5125 3587 5214 resi:

201 5206 319 5276 pta
344 5204 510 5274 potio
533 5214 839 5265 recrearet.
865 5212 956 5267 Sic
977 5213 1183 5269 devota
1200 5215 1418 5272 femina
1444 5219 1580 5271 nata
1601 5219 1659 5271 et
1682 5219 1863 5287 nupta
1964 5222 2152 5276 stente
2183 5234 2344 5274 servo
2379 5214 2480 5271 Dei
2512 5219 2568 5268 et
2595 5207 2945 5310 prop-inabat
2974 5203 3589 5310 in‘p-atera..Sequetlti

204 5297 456 5368 regina,
476 5300 673 5369 palatii
692 5301 947 5373 domina,
967 5309 1315 5379 pauperibus
1333 5310 1607 5365 servierat
1629 5309 1858 5364 ancilla.
1965 5314 2076 5382 die,
2098 5328 2294 5370 curam
2315 5310 2524 5365 domus
2543 5303 2910 5360 committens
2931 5299 3264 5368 creditariis,
3287 5297 3412 5371 ipsa
3432 5313 3490 5352 se
3511 5299 3593 5351 to-

284 5408 374 5481 (a)
402 5411 616 5516 Atteia,
652 5415 866 5481 Athiés,
899 5416 959 5471 in
993 5420 1412 5499 _Veromanduis
1448 5422 1519 5478 ad
1557 5421 1860 5504 Suminam
1961 5426 2138 5484 leucis
2164 5426 2437 5504 aDuaco:
2471 5416 2916 5516 ubiAS‘igilber‘tus
2950 5431 3049 5516 re‘x
3076 5407 3584 5516 instinctufrﬁ‘dg-

284 5495 441 5516 ,mon
477 5498 570 5516 om
632 5501 695 5516 η,
729 5503 922 5516 mum...
955 5505 1205 5516 "mm-..
1258 5510 1495 5516 _-_-__
1561 5511 1694 5516 ___-_
1731 5509 1854 5516 ---η
2438 5509 2490 5516 ,,
2761 5504 2816 5516 Α,
2868 5504 2986 5516 nm,
3035 5503 3122 5516 η,
3150 5499 3366 5516 “mm,
3565 5505 3587 5516 _

198 5479 444 5534 ﬂumen
477 5488 603 5537 erat
632 5501 698 5540 ex
727 5479 927 5543 eorum
955 5489 1210 5546 vicorum
1258 5510 1520 5562 numero,
1554 5511 1696 5565 quos
1725 5495 1862 5564 quia

198 5551 339 5605 fisci
374 5557 562 5614 erant,
593 5557 760 5614 vulgo
787 5560 947 5614 villas
978 5563 1231 5614 Dublicas
1259 5570 1358 5614 aut
1384 5566 1572 5614 regias
1598 5567 1853 5614 annella-

1988 5479 2412 5570 {inﬁndisnoccisus
2434 5495 2538 5546 est.
2565 5479 2732 5544 Aliud
2759 5491 2845 5542 est
2867 5485 3126 5568 ejusdem
3150 5481 3398 5540 nominis
3425 5479 3585 5600 oppi-

1988 5571 2101 5614 Inm
2135 5569 2190 5614 in
2214 5562 2549 5614 Camnania.
2589 5560 2689 5614 sed
2710 5566 2846 5614 tunc
2869 5558 3160 5614 Chlotario
3189 5569 3306 5609 non
3328 5564 3465 5614 pare
3509 5551 3585 5602 at.

196 5551 339 5605 fisci
374 5557 562 5621 erant,
593 5557 760 5627 vulgo
787 5560 947 5614 villas
978 5563 1231 5632 publicas
1259 5570 1358 5619 aut
1383 5551 1853 5637 regias‘appe‘lla-

196 5621 384 5710 bant,
415 5624 497 5679 uti
523 5626 842 5685 Hadrianus
875 5631 1126 5688 Valesius
1149 5635 1207 5688 in
1237 5637 1374 5691 Hist.
1408 5637 1507 5692 lib.
1536 5653 1624 5691 xxx
1655 5639 1853 5692 obser-

1988 5551 2105 5625 lilii
2132 5551 2193 5621 in
2214 5562 2549 5634 Campania,
2589 5560 2689 5616 sed
2710 5566 2846 5615 tunc
2869 5551 3160 5639 Chlotario
3189 5569 3306 5635 non
3324 5551 3584 5632 parebat.

2034 5640 2109 5710 (ά)
2137 5639 2416 5693 Decursus
2449 5633 2561 5710 sive
2590 5648 2785 5710 cursus
2810 5647 2914 5710 pro
2938 5629 3140 5684 ofﬁciis
3164 5618 3584 5710 divmisaCrg-

199 5688 446 5780 var-it."
522 5767 531 5776 _
674 5769 684 5779 .
1408 5688 1506 5692 mn
1536 5688 1624 5691 ﬂ—
1662 5688 1818 5692 mi“
1962 5688 2482 5780 gorio—T—u'r—drténsl
2509 5709 2566 5760 et
2611 5688 2920 5780 Ὲοΐξυῐίδῖο
2963 5716 3078 5780 ηοῐι
3121 5710 3252 5780 ι’ξιτο
3300 5688 3564 5780 δ’Ϊὶ

291 5728 395 5748 ἠ’
1371 5747 1378 5752 ‘
2003 5728 2124 5767 OI‘IO
2165 5728 2471 5765 lllI‘Ol'anSI
2509 5728 2566 5760 BI.
2612 5728 2920 5759 l‘Ul‘tuuaLU
2964 5728 3078 5780 uo.”
3122 5728 3252 5776 ιειιυ
3305 5728 3547 5770 μου-τμη

282 5766 370 5838 (δ)
393 5766 788 5858 Γέιοίιεῖείυω
817 5790 922 5843 Pro
965 5777 1216 5847 sudario,
1251 5779 1406 5850 quod
1442 5780 1611 5837 faciei
1659 5778 1860 5836 sordes
1962 5728 2302 5858 gictumgest
2319 5780 2377 5834 in
2413 5779 2538 5858 Vita
2566 5776 2747 5858 sancti
2781 5762 3547 5858 ,ϐςςμῃᾶη-ιᾷςΡ-[εοᾲ-ξῗςῖᾕξ

201 5837 448 5910 ter-“rati
635 5837 655 5840 ᾖ
817 5837 836 5843 -
1201 5837 1214 5847 ’
1266 5837 1287 5850 ⁵
1963 5837 2120 5909 num.
2150 5855 2238 5909 '75.
2268 5853 2584 5907 Decantare
2615 5847 2706 5901 hic
2742 5851 2799 5900 et
2815 5841 2946 5896 alibi
2982 5837 3192 5910 passim
3223 5849 3328 5905 pro
3353 5837 3588 5888 recitare

287 5906 368 5977 (ὅ)
388 5909 472 5964 ΑΙ.
503 5911 772 5982 Victorias,
797 5918 1098 5972 vernacule
1137 5921 1315 5988 Vitry,
1339 5921 1397 5976 in
1423 5923 1613 5994 Belgio
1636 5923 1861 5976 duobus

1991 5927 2220 5980 umitur.
