3940 6178
336 344 441 410 esis

1321 349 1575 408 SANCTA
1612 348 2053 422 RADEGUNDIS,
2093 346 2343 411 REGINA
2379 324 2706 411 FRANCLE.

3585 351 3687 407 656

335 466 459 517 tam
490 459 804 531 occupabat
821 458 969 513 circa
988 456 1094 511 viri
1103 457 1242 528 justi
1261 459 1461 527 verba,
1480 459 1629 516 circa
1646 461 1841 516 salutis
1867 461 1958 516 in-
1983 474 2043 547 Α
2063 467 2221 535 geret
2232 463 2593 518 monacham.
2607 460 2808 516 Adhuc
2821 459 3055 516 beatum
3072 458 3261 516 virum
3278 457 3691 531 perturbabant

339 554 555 622 stituta,
574 557 632 607 et
647 553 794 607 circa
816 551 1183 623 adipiscenda
1202 552 1330 607 vitae
1353 554 1591 609 caelestis
1612 556 1962 611 commercia

336 649 733 704 retentabatur
776 664 880 717 per
923 646 1065 701 dies.
1110 649 1180 701 Et
1217 647 1263 701 si
1304 648 1553 705 venisset
1592 649 1867 720 pontifex,
1900 650 1959 703 in

337 745 568 814 aspectu
583 740 1130 811 ejuslzetificabatur,
1146 745 1204 795 et
1214 747 1654 797 remuneratum
1666 742 1962 798 relaxabat

336 835 461 906 ipsa
485 833 661 888 tristis
688 833 761 887 ad
785 832 1037 904 propria.

408 931 459 982 9.
497 926 639 981 Illud
669 943 899 998 quoque
937 943 1112 998 quam
1148 927 1463 998 prudenter
1501 932 1688 984 totum
1720 946 1824 1001 pro
1859 947 1961 985 sua

334 1021 513 1075 salute
538 1019 876 1090 providebat
902 1020 1274 1090 impendere:
1310 1022 1533 1093 quoties
1555 1023 1717 1093 quasi
1750 1024 1962 1078 mafor-

333 1117 454 1168 tem
477 1112 778 1185 (a)]novum
798 1113 1017 1167 lineum
1037 1114 1338 1181 sabanum,
1354 1132 1494 1169 auro
1515 1116 1603 1170 vel
1620 1115 1863 1187 gemmis
1875 1133 1962 1171 or-

335 1211 535 1262 natum
554 1222 716 1261 more
737 1206 1015 1260 vestiebat
1037 1206 1107 1260 de
1123 1207 1391 1275 barbaro,
1412 1224 1445 1262 a
1461 1209 1962 1273 circumstantibus

332 1299 535 1370 puellis
553 1299 602 1352 si
618 1299 953 1353 laudaretur
974 1298 1452 1369 pulcherrimum,
1472 1300 1775 1372 indignam
1795 1318 1853 1355 se
1866 1301 1963 1355 ad-

327 1392 593 1463 judicans
613 1392 714 1446 tali
734 1392 1005 1463 componi
1024 1392 1284 1460 linteolo,
1308 1410 1440 1448 mox
1469 1410 1682 1448 exuens
1702 1412 1761 1448 se
1791 1394 1957 1449 vesti-

335 1490 537 1540 mento
559 1485 984 1555 dirigebatloco
1002 1489 1220 1552 sancto,
1251 1486 1508 1557 quisquis
1528 1488 1748 1541 essetin
1772 1487 1958 1559 proxi-

334 1594 452 1646 mo,
485 1581 543 1632 et
576 1595 679 1649 pro
711 1578 862 1649 palla
884 1578 1205 1649 ponebatur
1235 1578 1489 1633 divinum
1528 1597 1699 1650 super
1723 1581 1923 1634 altare.

408 1675 493 1726 l0.
529 1671 784 1735 Qualiter
807 1687 942 1725 vero
973 1671 1018 1725 si
1048 1672 1174 1742 quis
1210 1688 1315 1743 pro
1344 1673 1513 1743 culpa
1549 1672 1865 1742 criminali,
1900 1676 1963 1726 ut

335 1765 563 1831 assolet,
592 1781 626 1818 a
648 1780 787 1834 rege
811 1764 1196 1834 deputabatur
1218 1765 1467 1820 interfici
1493 1766 1850 1820 sanctissima
1867 1783 1957 1819 re-

2059 572 2324 628 proceres
2349 560 2406 611 et
2423 573 2526 627 per
2552 554 2843 610 basilicam
2874 553 3117 625 graviter
3141 552 3212 608 ab
3239 552 3401 607 altari
3427 552 3680 607 retrahe-

2058 649 2215 719 bant,
2244 665 2319 704 ne
2346 650 2559 705 velaret
2593 648 2717 720 regi
2757 648 3113 718 conjunctam
3131 688 3145 717 ,
3184 662 3258 701 ne
3282 646 3571 701 videretur
3596 661 3686 699 sa-

2061 758 2123 797 ce
2149 742 2266 797 doti
2291 747 2357 797 ut
2378 744 2754 814 praesumeret
2788 740 3030 812 principi
3065 740 3377 795 subducere
3403 738 3686 810 reginam,

2059 852 2177 890 non
2209 835 2593 907 publicanam,
2626 835 2724 890 sed
2759 834 3045 905 publicam
3080 834 3162 904 (Id
3195 838 3290 897 est,
3328 831 3553 904 publice
3590 848 3689 886 seu

2060 928 2388 984 solemniter
2403 928 2683 1000 nuptam).
2704 929 2824 992 Quo
2845 927 3190 983 sanctissima
3204 925 3455 998 cognito,
3469 926 3689 979 intrans

2061 1023 2122 1077 in
2147 1023 2474 1090 sacrarium,
2493 1021 2853 1076 monarchica
2873 1025 3023 1076 veste
3049 1020 3324 1089 induitur,
3345 1018 3684 1090 proceditad

2060 1116 2256 1186 altare,
2282 1114 2670 1171 beatissimum
2703 1114 3030 1171 Medardum
3055 1113 3144 1167 his
3169 1113 3354 1168 verbis
3379 1110 3687 1182 alloquitur

2061 1210 2284 1265 dicens:
2308 1196 2362 1263 Si
2382 1224 2475 1264 me
2495 1224 2822 1263 consecrare
2838 1202 3139 1273 distuleris,
3169 1208 3227 1261 et
3241 1206 3367 1277 plus
3393 1204 3689 1259 hominem

2061 1318 2233 1373 quam
2266 1303 2445 1356 Deum
2472 1300 2765 1370 timueris,
2795 1300 2865 1355 de
2904 1316 3083 1354 manu
3119 1304 3216 1354 tua
3241 1316 3274 1353 a
3307 1302 3535 1370 pastore
3571 1297 3688 1351 ovis

2059 1395 2250 1449 anima
2274 1394 2613 1466 requiratur.
2647 1395 2766 1458 Quo
2803 1393 2897 1448 ille
2933 1391 3350 1451 contestationis
3386 1407 3689 1447 concussus

2059 1488 2332 1553 tonitruo,
2350 1502 2524 1542 manu
2539 1487 2908 1558 superposita,
2925 1485 3267 1541 consecravit
3286 1485 3685 1553 diaconam!(c).

2134 1584 2221 1636 13.
2248 1582 2372 1636 Mox
2400 1581 2801 1635 indumentum
2837 1580 3027 1635 nobile
3056 1596 3168 1651 quo
3194 1577 3571 1634 celeberrima
3599 1576 3689 1630 die

2061 1674 2272 1728 solebat
2301 1690 2511 1746 pompa
2548 1673 2853 1728 comitante
2891 1673 3091 1744 regina
3132 1671 3439 1743 procedere
3462 1712 3477 1740 ,
3520 1675 3691 1724 exuta

2058 1767 2220 1837 ponit
2238 1767 2298 1820 in
2312 1767 2505 1835 altare,
2530 1765 2756 1829 blattas,
2775 1769 3175 1836 gemmataque
3191 1767 3522 1819 ornamenta
3545 1762 3685 1833 [Al.,

334 1859 473 1929 gina
493 1856 846 1912 moriebatur
871 1856 1143 1925 cruciatu,
1169 1874 1241 1912 ne
1260 1858 1593 1930 designatus
1620 1877 1750 1915 reus
1775 1875 1961 1914 more—
1980 1841 2037 1914 Β
2059 1860 2267 1929 blattis,
2293 1859 2537 1930 gemmis
2555 1857 2921 1931 ornamentis]
2947 1875 2961 1913 :
2980 1874 3233 1915 mensam
3255 1857 3459 1912 divinae
3487 1855 3691 1926 gloriae

332 1956 492 2006 retur
504 1951 562 2005 in
575 1949 768 2021 gladio
793 1950 805 2004 Ι
828 1949 1085 2027 Qualiter
1097 1952 1475 2007 concursabat
1491 1969 1596 2024 per
1608 1953 1958 2008 domesticos

331 2044 532 2098 ﬁdeles
549 2043 860 2097 servientes
886 2048 946 2098 et
970 2059 1258 2114 proceres,
1281 2062 1527 2116 quorum
1547 2046 1961 2101 blandimentis

331 2136 623 2192 mulcebat
652 2136 913 2191 animum
939 2137 1231 2208 principis,
1257 2137 1440 2193 donec
1461 2139 1521 2192 in
1541 2139 1663 2211 ipsa
1683 2140 1768 2194 ira
1782 2140 1957 2210 regis,

332 2230 488 2285 unde
518 2233 876 2302 processerat
898 2246 1020 2285 sors
1050 2231 1275 2300 mortis,
1298 2231 1434 2287 inde
1465 2236 1722 2287 curreret
1741 2249 1847 2288 vox
1877 2249 1961 2287 sa-

329 2323 465 2379 lutis
484 2324 496 2378 l

406 2421 491 2471 ll.
518 2416 613 2471 His
638 2416 813 2487 igitur
841 2416 1026 2471 beatis
1054 2417 1272 2472 actibus
1303 2421 1642 2489 occupatam
1670 2417 1960 2473 intantum

329 2506 591 2583 provexit
610 2510 801 2564 divina
815 2510 1144 2578 clementia,
1168 2512 1231 2564 ut
1250 2511 1426 2565 etiam
1453 2511 1639 2566 adhuc
1666 2512 1724 2565 in
1747 2512 1958 2582 palatio

328 2604 476 2659 laica
504 2602 748 2658 Domino
774 2603 1056 2674 largiente
1085 2603 1518 2658 declararentur
1546 2622 1652 2676 per
1683 2622 1814 2659 eam
1849 2604 1954 2659 mi-

266 2725 273 2730 -
328 2697 542 2752 racula.
563 2698 824 2768 Denique
843 2697 909 2751 in
920 2699 1187 2751 Perunna
1214 2694 1483 2770 [Peranna]
1506 2698 1635 2752 villa
1647 2703 1776 2769 post
1792 2714 1962 2769 pran-

331 2790 491 2846 dium
518 2790 657 2845 dum
695 2790 1022 2845 ambularet
1062 2806 1167 2861 per
1200 2790 1434 2845 hortum
1467 2791 1847 2859 sanctissima,
1877 2790 1961 2845 rei

330 2884 540 2939 retrusi
566 2901 671 2955 pro
702 2883 946 2938 crimine
968 2883 1219 2938 succurri
1247 2884 1353 2938 sibi
1375 2885 1724 2953 clamabant,
1750 2884 1957 2940 vocife-

330 2979 526 3031 rantes
556 2977 625 3030 de
648 2993 894 3032 carcere.
918 2978 1044 3048 Ipsa
1066 2977 1205 3047 quid
1227 2983 1377 3032 esset
1404 2978 1728 3049 interrogat
1751 2995 1764 3033 :
1793 2995 1957 3032 men-

332 3070 554 3123 tiuntur
583 3069 852 3137 ministri,
882 3069 1037 3140 quod
1062 3069 1462 3125 mendicorum
1488 3072 1658 3125 turba
1678 3075 1963 3142 quaereret

2059 1958 2142 2009 tot
2178 1952 2339 2008 donis
2365 1957 2562 2008 onerat
2596 1968 2699 2023 per
2728 1953 3028 2007 honorem.
3060 1951 3363 2022 Cingulum
3389 1948 3516 2003 auri
3541 1964 3690 2019 pon-

2061 2047 2320 2123 deratum
2338 2047 2583 2101 fractum
2599 2046 2695 2102 dat
2711 2047 2771 2101 in
2789 2062 2932 2117 opus
2948 2060 3287 2117 pauperum.
3308 2042 3585 2098 Similiter
3602 2057 3696 2095 ac-

2059 2140 2262 2196 cedens
2286 2140 2356 2195 ad
2383 2139 2580 2195 cellam
2614 2140 2788 2195 sancti
2811 2138 3074 2207 Jumeris,
3103 2138 3195 2193 die
3222 2153 3337 2192 uno
3364 2152 3478 2209 quo
3505 2151 3566 2190 se
3595 2151 3691 2221 or-

2059 2233 2229 2289 nabat
2261 2232 2395 2288 felix
2433 2233 2635 2305 regina
2657 2275 2672 2301 ,
2714 2232 3022 2305 composito
3077 2246 3339 2288 sermone
3387 2235 3449 2285 ut
3490 2230 3698 2301 loquar

2058 2327 2318 2397 barbaro,
2374 2326 2690 2398 stapionem
2733 2326 2828 2398 (d),
2872 2326 3123 2396 camisas,
3170 2324 3443 2393 manicas,
3481 2322 3694 2389 cofeas,

2058 2419 2279 2489 ﬁbulas,
2308 2424 2508 2475 cuncta
2533 2436 2693 2489 auro,
2723 2419 2984 2491 quaedam
3011 2417 3252 2490 gemmis
3271 2420 3559 2485 exornata,
3582 2431 3699 2487 per

2059 2512 2335 2567 circulum
2381 2512 2485 2567 sibi
2528 2513 2825 2583 profutura
2866 2516 3057 2567 sancto
3107 2510 3277 2566 tradit
3325 2508 3506 2564 altari.
3552 2508 3697 2563 Inde

2057 2606 2367 2677 procedens
2402 2605 2472 2660 ad
2510 2606 2710 2661 cellam
2750 2605 3081 2662 venerabilis
3118 2604 3403 2671 Datdonis,
3441 2602 3532 2658 die
3572 2617 3697 2672 qua

2060 2699 2255 2754 debuit
2288 2699 2476 2754 ornari
2502 2703 2838 2771 praestanter
2870 2699 2931 2754 in
2967 2697 3192 2765 swculo,
3223 2695 3495 2769 quidquid
3521 2694 3699 2750 indui

2058 2796 2303 2864 poterat,
2331 2809 2502 2848 censu
2527 2794 2697 2849 divite
2728 2793 2960 2863 femina,
2990 2792 3192 2847 abbate
3215 2793 3572 2846 remunerato
3598 2793 3697 2843 to-

2059 2888 2184 2941 tum
2209 2885 2362 2942 dedit
2395 2886 2666 2942 coenobio.
2698 2886 2951 2958 Equiter
2993 2883 3292 2957 [similiter]
3332 2882 3507 2938 sancti
3533 2882 3699 2937 Gun-

2061 2978 2228 3048 dulﬁ,
2267 2983 2395 3050 post
2427 2979 2559 3034 facti
2592 2978 2772 3034 Mettis
2815 2977 3060 3049 episcopi
3096 2976 3159 3048 (e)
3196 2991 3490 3047 progressa
3526 2990 3704 3029 rece-

2060 3072 2285 3143 ptaculo
2310 3113 2325 3142 ,
2378 3089 2494 3128 non
2538 3072 2758 3128 minore
2802 3071 3061 3127 laboratu
3115 3069 3427 3135 nobilitavit
3473 3067 3701 3140 Syner-

334 3163 785 3233 eleemosynam.
813 3162 1066 3217 Credens
1083 3161 1191 3215 hoc
1210 3161 1309 3217 illa
1328 3163 1667 3218 transmittit
1684 3181 1797 3235 quo
1818 3164 1964 3218 indi—
1981 3206 2037 3282 Ο
2063 3164 2223 3238 gium
2255 3165 2345 3237 (f).

335 3254 504 3282 n-k-t
536 3255 726 3282 ξηιλ-κζ...
784 3256 1003 3282 [nt-nl...
1040 3271 1065 3282 η
1100 3254 1286 3282 ξηνκιυι
1317 3256 1742 3282 --.-..-ll.-..a--..
1770 3261 1957 3282 1---..-
2139 3263 2154 3282 ι
2177 3259 2193 3282 l
2258 3259 2345 3282 ηε-

333 3254 510 3326 gebat
536 3255 751 3326 inopia.
782 3256 1008 3309 Interea
1037 3271 1071 3308 a
1093 3254 1287 3324 judice
1314 3256 1742 3328 compelluntur
1770 3261 1959 3312 tacere

334 3348 433 3421 qui
456 3348 807 3404 tenebantur
830 3349 892 3403 in
913 3351 1214 3423 compede.
1243 3352 1385 3406 Cum
1404 3367 1537 3405 vero
1564 3367 1677 3406 nox
1703 3366 1963 3422 superve-

334 3442 530 3511 nisset,
561 3442 701 3497 dum
732 3442 842 3497 sibi
860 3459 1089 3498 cursum
1120 3444 1357 3511 diceret,
1389 3443 1583 3499 fractis
1606 3443 1841 3499 vinculis
1871 3458 1960 3499 so-

330 3535 438 3590 luti
463 3538 769 3592 occurrunt
797 3539 1008 3591 sanctae
1032 3537 1102 3593 de
1133 3553 1382 3593 carcere.
1416 3537 1540 3602 Quo
1573 3537 1805 3609 cognito
1835 3553 1964 3592 reos

334 3644 394 3691 se
412 3629 680 3683 viderunt
699 3628 796 3699 qui
816 3629 1001 3685 beatae
1021 3630 1253 3687 mentiti
1273 3633 1426 3698 sunt,
1458 3630 1599 3685 dum
1622 3630 1719 3703 qui
1741 3630 1827 3686 rei
1844 3631 1963 3686 fue-

336 3725 471 3777 rant
494 3722 565 3775 de
586 3721 804 3777 catenis
829 3723 999 3777 soluti
1029 3727 1178 3779 sunt.

410 3818 496 3869 I2.
523 3816 593 3869 Et
620 3814 895 3885 quoniam
926 3815 1261 3887 frequenter
1295 3817 1490 3888 aliqua
1525 3817 1844 3885 occasione,
1878 3816 1963 3872 di-

335 3906 576 3961 vinitate
601 3895 999 3977 prOsperante,
1018 3924 1181 3963 casus
1200 3909 1351 3964 cedit
1371 3910 1445 3964 ad
1462 3909 1729 3977 salutem,
1759 3912 1822 3964 ut
1845 3910 1966 3965 haec

337 3998 663 4070 religiosius
682 3998 915 4068 viveret,
938 3999 1118 4055 frater
1134 4000 1476 4056 interﬁcitur
1500 4001 1842 4057 innocenter
1863 4002 1967 4073 [in-

340 4092 576 4164 nocens]
595 4092 689 4165 (b).
710 4091 937 4148 Directa
962 4092 1137 4165 igitur
1158 4111 1192 4149 a
1217 4110 1355 4166 rege
1382 4095 1619 4150 veniens
1639 4094 1715 4150 ad
1731 4095 1967 4150 beatum

337 4186 673 4243 Medardum
693 4186 1068 4257 Noviomago,
1088 4187 1367 4259 supplicat
1385 4188 1689 4257 instanter,
1705 4193 1768 4244 ut
1785 4188 1967 4260 ipsam

339 4283 564 4336 mutata
586 4284 741 4337 veste
758 4279 1006 4336 Domino
1021 4284 1401 4336 consecraret.
1418 4281 1532 4337 Sed
1543 4298 1771 4337 memor
1782 4282 1970 4337 dicen-
1996 4309 1999 4312 ι

342 4376 416 4430 tis
445 4374 725 4447 apostoli:
762 4374 822 4430 Si
855 4391 971 4446 qua
1004 4374 1183 4446 ligata
1218 4375 1290 4430 sit
1321 4375 1574 4447 conjugi,
1603 4392 1721 4431 non
1751 4378 1973 4448 quaerat

344 4468 575 4525 dissolvi
595 4468 643 4541 (Ι
667 4471 787 4527 Cor.
817 4468 937 4540 v11),
970 4467 1277 4525 differebat
1292 4469 1579 4542 reginam,
1613 4486 1685 4524 ne
1706 4474 1859 4526 veste
1887 4470 1967 4524 le-
1992 4478 2005 4490 ‘

2136 3259 2221 3314 14.
2257 3259 2399 3314 Hinc
2426 3259 2577 3315 felici
2611 3257 2836 3329 navigio
2860 3256 3099 3312 Turonis
3123 3255 3359 3327 appulsa
3390 3269 3521 3326 quae
3548 3270 3709 3327 βαρ-λ

2061 3352 2216 3425 pleat
2243 3352 2559 3425 eloquentia
2575 3394 2589 3420 ,
2618 3355 2894 3424 quantum
2933 3349 3259 3417 ofﬁciosam,
3296 3353 3705 3420 quantumque

2063 3463 2123 3502 se
2158 3445 2496 3502 monstravit
2522 3445 2852 3501 muniﬁcam
2871 3444 2899 3498 ?
2926 3442 3077 3508 Quid
3111 3441 3291 3514 egerit
3324 3441 3469 3496 circa
3509 3443 3707 3496 sancti

2063 3539 2285 3595 Martini
2334 3539 2476 3595 atria
2493 3580 2507 3609 ,
2559 3538 2772 3610 templa
2786 3579 2801 3608 ,
2845 3536 3135 3592 basilicam
3151 3578 3165 3605 ,
3214 3534 3357 3591 ﬂens
3372 3576 3387 3605 ,
3430 3534 3710 3606 lacrymis

2064 3633 2343 3703 insatiata,
2384 3632 2610 3704 singula
2637 3632 2833 3704 jacens
2871 3646 2975 3702 per
3013 3628 3230 3699 limina,
3270 3628 3373 3683 ubi
3406 3627 3576 3682 missa
3599 3645 3711 3685 re-

2064 3731 2256 3782 vocata
2298 3727 2391 3799 (g),
2431 3725 2676 3782 vestibus
2714 3729 2772 3780 et
2809 3725 3172 3792 ornamento,
3215 3737 3330 3794 quo
3366 3737 3426 3777 se
3470 3721 3711 3777 clariori

2066 3820 2221 3875 cultu
2271 3819 2484 3874 solebat
2536 3818 2685 3874 ferre
2727 3817 2788 3872 in
2827 3816 3037 3888 palatio
3061 3857 3076 3882 ,
3136 3830 3360 3869 sacrum
3404 3815 3714 3885 componit

2065 3913 2261 3968 altare.
2294 3912 2435 3968 Hinc
2462 3928 2596 3968 cum
2616 3911 2677 3966 in
2696 3911 2884 3966 vicum
2900 3909 3306 3964 Condatensem
3332 3906 3575 3980 [Condé],
3593 3908 3713 3964 ubi

2069 4005 2344 4078 gloriosus
2370 4005 2458 4061 vir
2484 4005 2750 4061 Martinus
2785 4006 2843 4059 et
2867 4002 3079 4059 Christi
3107 4001 3237 4057 satis
3262 3999 3498 4056 intimus
3527 4016 3709 4056 sena-

2067 4102 2157 4154 tor
2183 4090 2449 4171 migravit
2474 4098 2544 4154 de
2574 4098 2801 4167 saeculo,
2829 4095 3034 4152 ancilla
3073 4092 3298 4150 Domini
3321 4093 3709 4165 pervenisset,

2068 4191 2222 4248 dedit
2244 4208 2360 4248 non
2384 4191 2669 4258 inferiora,
2702 4189 2928 4245 Domini
2954 4204 3208 4245 crescens
3234 4187 3295 4243 in
3326 4186 3525 4259 gratia.

2144 4289 2207 4341 15
2233 4286 2373 4341 Hinc
2412 4301 2544 4340 cum
2573 4285 2634 4339 in
2674 4282 2805 4339 villa
2837 4281 3065 4339 Suades
3101 4279 3242 4354 [Suis
3271 4280 3423 4336 inter
3444 4280 3717 4337 Turonas

2069 4382 2126 4435 et
2148 4378 2421 4452 Pictones]
2441 4379 2664 4434 Pictavo
2678 4374 2960 4433 territorio
2972 4375 3141 4446 juxta
3153 4373 3492 4446 praedictum
3509 4373 3717 4430 vicum

2070 4471 2335 4529 decenter
2362 4463 2670 4540 accederet,
2705 4469 2910 4525 itinere
2944 4470 3341 4541 prosperante,
3370 4466 3624 4538 qualiter
3649 4484 3717 4523 se

418 4603 494 4675 (a)
515 4602 751 4675 Maforte
772 4602 1056 4675 muliebre
1078 4602 1277 4675 capitis
1298 4606 1703 4674 tegumentum
1726 4621 1740 4671 ;
1774 4606 1973 4661 lineam
1989 4577 2049 4650 D
2071 4622 2222 4661 casu.
2246 4596 2618 4662 Scribendum
2639 4603 2882 4672 videtur,
2900 4605 3223 4675 δοίιινὶοηςηιΣ
3242 4600 3318 4675 ad
3329 4600 3568 4675 regium
3585 4600 3717 4655 dia-

344 4673 609 4747 sabannm
625 4674 679 4744 (a
696 4688 833 4747 voce
845 4673 1132 4747 theotisca
1149 4673 1380 4747 Sabam,’
1389 4691 1517 4746 quae
1536 4676 1778 4747 linteum
1800 4676 1973 4747 signi-

346 4744 499 4816 ﬁcat)
511 4744 604 4799 hic
615 4743 763 4798 eumi
774 4744 1113 4815 videtur'pro
1127 4743 1469 4801 vestimento
1484 4746 1677 4802 exlino
1689 4743 1967 4815 confecto,

348 4817 440 4872 cui
462 4832 668 4871 aurum
697 4818 754 4869 et
774 4831 1022 4886 gemmae
1049 4821 1253 4870 assutae
1285 4819 1470 4871 erant.

421 4887 506 4960 (b),
526 4885 868 4960 Fortunatus
899 4885 960 4960 in
989 4886 1246 4960 carmine
1281 4887 1352 4960 de
1381 4886 1599 4960 excidio
1625 4888 1968 4960 Thoringiaa,

348 4957 654 5084 siliptplem;i
666 4957 967 5083 lﬁinttlucit
988 4957 1405 5029 Radegundem
1432 4958 1624 5013 fratris
1650 4957 1972 5032 necem'pa-

418 5047 446 5084 e
476 5046 592 5084 neos
659 5046 688 5083 e
736 5045 807 5083 en
835 5045 950 5083 em.

418 5045 592 5085 eucos
618 5045 950 5083 dementem.

424 5101 489 5171 (c)
508 5102 577 5154 Et
590 5104 786 5155 tamen
812 5101 983 5171 paulo
1003 5101 1137 5154 ante
1159 5099 1462 5155 concilium
1482 5101 1893 5157 Aurelianense
1909 5118 1970 5169 ιι,

353 5187 508 5226 anno
539 5171 743 5226 Christi
766 5174 866 5225 533
898 5171 1252 5225 celebratum
1280 5171 1357 5225 sic
1389 5171 1587 5226 statuit
1612 5190 1833 5227 canone
1868 5175 1930 5229 18
1955 5187 1969 5228 :

351 5242 758 5325 flacutt‘etiam
785 5247 847 5297 ut
877 5243 1021 5325 nulli"
1056 5244 1392 5325 postmodum
1428 5245 1647 5325 feminae
1672 5245 1974 5325 diagonalis

353 5314 643 5393 benedictio
671 5328 775 5382 pro
794 5314 1130 5393 conditionis
1168 5314 1323 5383 hujus
1348 5316 1658 5393 fragilitate
1680 5316 1933 5393 credatur
1952 5334 1969 5369 :

352 5385 453 5457 qui
471 5383 609 5439 licet
625 5400 693 5457 ex
712 5384 1081 5457 antiquorum
1099 5400 1386 5457 canonum
1413 5383 1766 5457 praescripto,
1796 5402 1973 5441 anno-

350 5454 481 5511 rum
497 5454 879 5536 quadraginta
891 5454 1295 5537 probationem
1316 5454 1583 5511 revocare
1601 5454 1879 5538 duntaxat
1896 5457 1973 5511 vi-

353 5527 557 5582 deatur
572 5528 781 5581 Joanm
798 5527 1037 5585 Monno.
1061 5533 1289 5582 exerat.
1316 5531 1400 5585 10.
1421 5528 1491 5583 de
1510 5530 1665 5585 Sacr.
1686 5528 1969 5585 Ordinat..

1024 5569 1037 5594 ,
1062 5569 1184 5581 νων..
1197 5569 1289 5582 νιν.
1319 5569 1400 5594 ιν,
1423 5569 1491 5583 Ἇυ
1510 5569 1638 5585 υυιυι
1654 5570 1665 5583 I
1689 5569 1753 5583 ν...
1767 5569 1969 5596 uluuvo’

351 5616 476 5671 cap.
501 5601 553 5666 3,
572 5614 761 5669 neque
783 5598 862 5652 sic
882 5601 1081 5652 tamen
1102 5598 1161 5651 in
1179 5598 1534 5669 Radegunde
1548 5600 1735 5655 locum
1748 5599 1967 5654 habuit.

354 5669 711 5742 Diaconissas
733 5669 973 5742 omnino
985 5667 1222 5742 desiisse
1237 5674 1369 5742 ante
1393 5672 1664 5742 saeculum
1687 5675 1974 5742 xapparet

354 5757 421 5819 ex
443 5740 667 5795 Attonis
685 5739 933 5819 episcopi
956 5739 1328 5819 Vtere-ellensis
1352 5740 1593 5819 epistola
1614 5742 1695 5819 ad
1723 5739 1967 5819 Ambro-

355 5809 882 5890 sium_sac_erdo_tem
902 5810 961 5862 in
982 5811 1023 5861 t.
1038 5809 1450 5890 VlllSpicilpgii
1472 5812 1753 5890 Yet._Scr.,
1773 5829 1827 5882 p.
1848 5816 1966 5890 I23.

424 5879 500 5953 (ἀ)
515 5881 574 5931 In
586 5879 723 5934 Cod.
737 5877 1227 5951 Sangermanensi
1240 5877 1717 5952 legiturstapione,
1738 5877 1795 5935 in
1812 5886 1968 5938 sexto

2071 4677 2693 4752 deinadesisnandum:
2724 4671 3179 4752 Nareﬁsﬁaanis
3208 4671 3711 4752 ᾉρίὲἓείῖιιεὶβοερ-

2069 4750 2163 4820 pel
2204 4748 2346 4803 vitta
2384 4741 2486 4803 seu
2526 4747 2723 4820 capitis
2764 4743 3165 4820 redimiculum
3207 4741 3433 4820 dicitur:
3468 4741 3526 4796 Si
3562 4741 3716 4820 vero

2070 4811 2196 4890 quis
2218 4821 2529 4896 stapzfonemq
2544 4811 2904 4896 retinendum
2928 4816 3083 4896 velit,
3125 4831 3231 4896 vo;
3258 4811 3459 4896 istane
3485 4812 3718 4893 pedum

2073 4885 2419 4945 ornamentis
2452 4888 2889 4960 interpretanda~
2905 4886 3032 4953 erit,
3060 4885 3246 4957 qualia
3288 4885 3457 4960 Isaias
3490 4885 3715 4956 incap.

2071 4976 2131 5017 III
2144 4965 2570 5035 commemorat.
2591 4953 2734 5035 Nam
2746 4958 2953 5035 stapio,
2971 4953 3712 5035 equestrensupped‘aneum.

2143 5032 2206 5102 (e)
2233 5033 2315 5087 Ita
2344 5048 2478 5087 mss.
2506 5031 2676 5085 Codd.
2705 5034 2760 5102 et
2784 5024 2975 5102 tamen
3000 5024 3189 5085 nullus
3214 5024 3478 5102 Gundulfi
3506 5025 3567 5102 in
3592 5042 3717 5102 np-

2072 5095 2224 5158 mine
2252 5102 2461 5174 legitur
2489 5101 2772 5174 Mettensis
2801 5099 3303 5174 episcopususque
3339 5096 3410 5174 ad
3434 5095 3722 5174 Ludovici

2070 5175 2153 5229 Pii
2183 5166 2427 5229 aetatém.
2458 5175 2544 5227 An
2572 5172 2715 5227 forte
2740 5166 2855 5229 prd
2868 5166 3135 5224 Gundulli
3159 5166 3468 5229 legendum
3493 5166 3716 5224 Gosce-

2072 5244 2193 5313 lini,
2222 5245 2323 5313 qui
2351 5245 2555 5299 saeculo
2585 5260 2639 5297 v1
2667 5238 2785 5297 sedi
2810 5240 3060 5313 Mettensi
3088 5238 3359 5313 praefuit?

2144 5308 2207 5387 (Γ)
2222 5308 2589 5387 Synergium,
2606 5314 2761 5368 locus
2772 5313 2831 5366 in
2846 5328 2960 5383 quo
2976 5308 3166 5382 plures
3182 5308 3351 5387 simul
3370 5314 3719 5387 operantur,

2070 5379 2171 5444 hic
2194 5379 2461 5458 usurpari
2505 5379 2727 5441 videtur
2763 5379 2883 5455 pro_
2902 5379 3263 5458 monasterio,
3283 5379 3461 5458 __quod
3501 5379 3723 5435 eadem

2070 5459 2287 5515 ratione
2316 5452 2432 5512 non
2454 5471 2750 5527 nunquam
2764 5452 3107 5527 'asceterium
3138 5452 3475 5527 appellatur.

2144 5530 2214 5600 (g)
2242 5529 2329 5584 Sic
2350 5522 2653 5600 legendum
2678 5526 2918 5600 probant
2942 5528 3157 5579 veteres
3174 5522 3562 5600 membrana,
3585 5538 3725 5600 non

2144 5563 2214 5600 \g)
2242 5563 2329 5584 υιυ
2350 5563 2653 5600 ιῡδῠιιυιιω
2678 5563 2918 5598 γιυναμυ
2952 5563 3156 5579 νυνυιυυ
3185 5563 3535 5578 ιιινιμυιυμυυ
3586 5563 3725 5579 ,ινμ

2071 5618 2202 5675 vero
2226 5603 2383 5675 misso
2408 5603 2674 5675 reqocato,
2701 5597 2787 5651 vel
2821 5598 3041 5675 missore
3067 5599 3274 5661 vocato,
3314 5598 3377 5675 ut
3414 5563 3567 5675 apud
3594 5593 3727 5649 Sn-

2069 5672 2244 5727 rium.
2272 5671 2458 5726 Codex
2483 5671 2544 5723 D.
2574 5667 2903 5725 d’Heromral
2927 5683 2997 5721 ex
3025 5667 3388 5720 amanuensis
3413 5667 3726 5735 interpre-

2069 5743 2277 5798 tatione
2306 5742 2476 5796 habet
2500 5743 2665 5796 missa
2699 5739 2986 5801 celebrata,
3022 5737 3117 5791 sed
3145 5751 3457 5807 perperam,
3472 5739 3537 5789 ut
3560 5750 3727 5793 con-

2069 5818 2218 5868 stare
2243 5812 2464 5868 videtur
2492 5828 2561 5867 ex
2586 5810 2863 5866 adnotatis
2890 5808 2949 5863 in
2993 5806 3177 5862 Vitam
3216 5806 3391 5862 sancti
3433 5806 3726 5870 Germani

2069 5883 2313 5958 episcOpi
2338 5882 2681 5955 Parisiensis,
2711 5896 2873 5937 num.
2907 5883 2994 5935 59.
