4058 6190
295 259 403 328 ’857

1593 267 1766 326 VITA.
1806 261 2006 323 LIBER
2042 265 2310 323 PRIMUS.

3559 259 3661 328 658

301 373 477 451 gessit
504 390 608 450 per
635 371 880 450 singula,
913 372 1040 451 quis
1071 377 1378 434 enumerat
1406 377 1634 434 inﬁnita
1651 376 1681 432 *Ι
1708 391 1837 450 qua
1869 375 1931 431 in
1951 383 2012 459 Α
2029 391 2255 444 manus,
2276 375 2402 446 jam
2426 373 2577 430 bene
2596 373 2748 430 culto
2775 369 3032 431 convivio
3058 376 3182 434 tota
3210 373 3660 450 gratiﬁcabatur.

297 487 500 527 mensa
513 471 617 526 sub
635 470 868 528 ﬂadone
884 470 956 543 (a)
981 471 1322 543 segalatium
1335 469 1706 544 [siligineum]
1719 485 1931 542 panem

296 565 642 621 absconsum
667 567 727 620 et
744 565 1132 622 hordeaceum
1158 565 1542 621 manducabat
1583 565 1822 632 occulte,
1853 562 1932 618 sic

294 662 361 715 ut
389 675 566 715 nemo
592 659 936 732 perciperet.
949 661 1094 714 Nam
1111 675 1178 716 ex
1205 658 1304 715 illo
1317 645 1602 730 tempore,
1627 675 1742 730 quo
1760 657 1931 713 beato

293 753 568 809 Medardo
595 757 965 808 consecrante
988 753 1179 808 velata
1205 756 1310 822 est,
1333 768 1513 824 usque
1536 752 1610 808 ad
1635 751 1934 806 inﬁrmita-

293 849 420 902 tem
439 850 650 919 prater
679 849 949 918 legumen
977 849 1038 902 et
1064 848 1242 916 olera,
1274 863 1392 903 non
1413 862 1674 918 pomum,
1692 845 1928 918 piscem,

295 942 388 995 vel
426 957 599 996 ovum
627 957 733 996 nec
755 941 894 1013 quid
913 941 1070 997 aliud
1098 941 1252 996 edit:
1302 944 1506 1012 potum
1540 956 1680 995 vero
1723 942 1934 1011 praeter

295 1049 516 1105 aquam
545 1034 792 1090 mulsam
833 1037 1003 1106 atque
1051 1034 1320 1106 piratium
1349 1051 1466 1089 non
1489 1032 1660 1100 bibit;
1695 1032 1815 1086 vini
1861 1032 1933 1104 (b)

294 1142 436 1182 vero
467 1126 777 1200 puritatem
811 1130 911 1183 aut
938 1127 1097 1182 medi
1123 1127 1301 1199 [potio
1323 1143 1388 1182 ex
1416 1125 1608 1200 melle]
1649 1123 1933 1181 decoctio-

297 1236 456 1288 nem,
486 1218 851 1292 cervisiaque
867 1219 1221 1275 turbidinem
1248 1237 1366 1276 non
1388 1219 1648 1291 contigit.

373 1316 460 1368 16.
497 1313 643 1368 Tum
688 1329 855 1368 more
888 1313 1072 1368 sancti
1106 1312 1372 1368 Germani
1395 1313 1563 1384 jubet
1591 1311 1697 1367 sibi
1719 1312 1936 1367 molam

295 1405 681 1462 secretissime
711 1405 944 1474 deferri,
995 1405 1071 1461 ad
1109 1422 1284 1478 quam
1323 1408 1448 1462 tota
1489 1404 1937 1478 quadragesima

293 1503 527 1556 tantum
569 1499 864 1569 laboravit,
907 1503 1187 1571 quantum
1247 1499 1634 1572 quatriduana
1695 1498 1935 1554 refectio

299 1593 625 1665 postulavit.
665 1591 994 1649 Oblationes
1030 1592 1208 1648 etiam
1239 1593 1354 1648 suis
1387 1592 1652 1648 manibus
1701 1592 1935 1660 faciens,

305 1687 446 1742 locis
480 1686 903 1742 venerabilibus
939 1685 1354 1742 incessabiliter
1387 1685 1752 1758 dispensavit.
1785 1687 1936 1758 Ergo

2032 468 2092 524 Si
2117 469 2258 540 quid
2283 467 2508 524 audiret
2527 467 2600 524 de
2621 467 2878 536 fremitu,
2903 469 3146 540 jubebat
3172 474 3370 528 tamen
3399 477 3466 530 ut
3495 473 3664 530 sede-

2029 564 2180 629 rent,
2207 561 2392 617 donec
2418 562 2634 617 vellent
2651 557 2988 634 adsurgere.

2106 659 2192 711 18.
2215 655 2541 711 Venerabili
2565 673 2702 712 vero
2725 659 2884 713 omni
2911 658 3211 716 Dominico
3243 659 3335 715 die
3359 660 3468 717 hoc
3492 661 3667 718 habe-v'

2030 748 2132 804 bat
2149 748 2212 803 in
2241 748 2462 804 canone
2486 750 2576 804 vel
2603 752 2802 806 astate
2831 752 2922 807 vel
2957 752 3174 820 hieme,
3220 756 3284 808 ut
3312 755 3663 826 pauperibus

2033 841 2284 897 collectis
2301 841 2490 913 primo
2508 858 2737 898 merum
2765 861 2867 900 sua
2885 861 3066 901 manu
3091 845 3164 901 de
3189 849 3330 918 potu
3351 847 3503 904 dulci
3535 865 3668 920 por-

2032 933 2266 1007 rigeret,
2296 935 2497 1007 puella
2521 940 2722 1007 postea
2747 938 3136 1007 committens,
3176 943 3238 994 ut
3262 940 3530 996 omnibus
3565 941 3666 997 illa

2032 1027 2369 1100 propinaret
2395 1045 2408 1084 :
2433 1029 2570 1100 quia
2593 1029 2719 1101 ipsa
2733 1030 3044 1087 festinabat
3067 1031 3314 1088 orationi
3341 1050 3664 1104 occurrere,

2035 1137 2149 1193 quo
2171 1124 2231 1176 et
2239 1137 2466 1177 cursum
2483 1127 2927 1192 consummaret,
2943 1129 3002 1180 et
3013 1125 3402 1182 sacerdotibus
3411 1127 3487 1182 ad
3496 1144 3662 1184 men-

2036 1230 2158 1269 sam
2182 1214 2434 1270 invitatis
2463 1220 2806 1286 occurreret,
2835 1234 2978 1289 quos
2998 1219 3184 1274 adhuc
3199 1220 3383 1292 regali
3401 1237 3565 1278 more
3589 1221 3667 1278 ad

2035 1307 2269 1380 propria
2293 1324 2426 1363 cum
2452 1308 2730 1379 redirent,
2761 1309 2885 1365 sine
2906 1327 3148 1366 munere
3175 1329 3294 1368 non
3320 1314 3555 1370 laxaret.

2109 1404 2195 1456 19.
2222 1402 2380 1456 Hanc
2418 1417 2646 1475 quoque
2664 1411 2796 1458 rem
2816 1403 3326 1461 intremiscendam
3354 1423 3468 1478 qua
3495 1424 3667 1479 pera-

2039 1493 2212 1566 gebat
2241 1494 2572 1551 dulcedinei
2606 1496 2749 1551 Cum
2778 1497 2990 1568 leprosi
3013 1498 3308 1555 venientes
3328 1499 3494 1571 signo
3515 1501 3666 1557 facto

2037 1605 2096 1644 se
2107 1589 2444 1660 proderent,
2454 1589 2698 1660 jubebat
2709 1590 3092 1661 adminicula,
3105 1595 3168 1647 ut
3184 1593 3452 1662 unde,vel
3464 1595 3672 1666 quanti

2039 1687 2228 1738 essent
2253 1683 2349 1755 pia
2373 1699 2511 1738 cura
2529 1682 2866 1755 requireret.
2896 1686 3019 1750 Qua
3043 1684 3147 1741 sibi
3159 1687 3548 1756 renuntiante,
3566 1705 3672 1760 pa-

303 1780 459 1852 apud
489 1783 750 1835 sanctam
782 1796 900 1836 non
935 1779 1126 1835 minus
1172 1797 1308 1836 usus
1331 1778 1742 1836 misericordia
1763 1795 1940 1851 quam
1959 1756 2014 1830 B
2038 1779 2164 1832 rata
2183 1775 2744 1845 mensa,miss'orium
2768 1777 2866 1849 (ά),
2889 1779 3236 1849 cochleares,
3253 1781 3531 1850 cultellos,
3545 1798 3675 1838 can-

301 1878 428 1930 erat
454 1889 762 1930 concursus
783 1873 853 1928 de
881 1873 1069 1945 plebe,
1099 1875 1162 1928 ut
1187 1890 1294 1929 nec
1311 1874 1539 1929 deesset
1566 1873 1664 1945 qui
1692 1875 1938 1946 peteret,

303 1983 412 2024 nec
449 1967 724 2022 deficeret
761 1967 916 2038 quod
943 1967 1275 2022 donaretur.
1306 1966 1630 2024 Mirandum
1658 1971 1724 2022 ut
1751 1965 1936 2023 omni-

300 2061 410 2116 bus
451 2061 825 2128 satisfaceret,
867 2059 1022 2115 unde
1051 2060 1308 2115 thesauri
1346 2061 1434 2116 tot
1467 2059 1636 2129 exuli,
1665 2060 1821 2116 unde
1855 2063 1944 2116 tot

301 2153 516 2210 divitia
544 2153 890 2226 peregrina.

377 2251 464 2302 17.
497 2246 786 2312 Quantum
824 2243 1187 2318 expendebat
1215 2245 1422 2300 diurna
1449 2245 1794 2318 redemptio,
1821 2246 1942 2300 sola

302 2340 521 2396 sciebat
538 2356 666 2411 qua
690 2339 1018 2410 petentibus
1040 2339 1401 2411 deportabat.
1416 2340 1560 2394 Nam
1579 2342 1788 2410 prater
1807 2355 1943 2411 quo-

299 2433 586 2488 tidianam
627 2449 892 2488 mensam
942 2449 1054 2503 quo
1108 2432 1405 2488 refovebat
1451 2431 1819 2488 matriculam
1873 2431 1939 2503 (c)

304 2527 530 2582 duobus
554 2542 786 2598 semper
801 2525 1004 2580 diebus
1020 2525 1239 2580 sabbati
1259 2524 1460 2597 quinta
1482 2528 1540 2580 et
1558 2525 1798 2580 sabbato
1815 2524 1944 2580 vici-

301 2620 410 2674 bus
437 2619 648 2674 balneo
677 2621 880 2690 parato
906 2617 1030 2690 ipsa
1055 2619 1343 2674 succincta
1369 2618 1441 2672 de
1473 2619 1688 2674 sabano
1717 2617 1934 2692 [linteo]

303 2713 496 2784 capita
523 2714 719 2767 lavans
759 2728 1100 2784 egenorum,
1149 2711 1437 2767 defricans
1470 2710 1752 2783 quidquid
1794 2715 1938 2778 erat,

305 2809 580 2873 crustam,
628 2805 899 2874 scabiem,
938 2805 1156 2860 tineam
1193 2822 1298 2860 nec
1347 2806 1716 2876 purulentam
1778 2803 1939 2860 fasti-

306 2899 492 2968 diens,
520 2898 813 2955 interdum
835 2903 893 2953 et
915 2914 1136 2954 vermes
1158 2899 1483 2967 extrahens,
1513 2914 1770 2970 purgans
1795 2897 1940 2954 cutis

303 2992 666 3064 putredines,
689 2991 982 3064 sigillatim
1007 2991 1196 3064 capita
1234 2992 1502 3064 pectebat
1531 2991 1654 3063 ipsa
1687 3009 1816 3063 qua
1855 2993 1936 3046 la-

303 3089 485 3141 verat.
518 3087 720 3141 Ulcera
753 3101 888 3140 vero
915 3085 1268 3154 cicatricum,
1311 3101 1439 3157 qua
1479 3085 1622 3141 cutis
1649 3086 1794 3154 laxa,
1837 3085 1936 3140 de-
1957 3123 2013 3198 Ο

304 3183 321 3198 .
341 3181 529 3198 ψη-.
748 3195 876 3198 μ---
909 3195 994 3198 ___
1013 3195 1064 3198 ω
1403 3195 1452 3198 __
1473 3195 1556 3198 η,
1740 3177 1907 3198 μη--

302 3181 534 3234 texerat
545 3181 643 3234 aut
655 3195 880 3250 ungues
900 3181 1563 3250 exasperaverant,more
1583 3177 1936 3250 evangelico,

305 3274 436 3330 oleo
449 3273 750 3344 superfuso
768 3272 1061 3328 mulcebat
1071 3271 1258 3326 morbi
1277 3271 1940 3343 contagium.Mulierum

302 3383 439 3422 vero
464 3365 936 3422 descendentium
947 3365 1006 3420 in
1019 3365 1201 3421 tinam
1221 3363 1516 3438 [doliolum
1525 3367 1694 3436 vulgo
1707 3363 1910 3438 tinette]
1923 3405 1937 3432 ,

302 3459 428 3532 ipsa
447 3475 581 3514 cum
598 3476 813 3530 sapone
832 3477 866 3515 a
892 3459 1078 3532 capite
1095 3475 1275 3530 usque
1296 3459 1372 3513 ad
1399 3459 1660 3530 plantam
1675 3457 1941 3513 membra

303 3553 533 3623 singula
572 3551 857 3618 diluebat;
887 3551 1314 3622 egredientibus
1357 3551 1564 3606 exinde
1593 3551 1640 3605 si
1674 3550 1766 3606 cui
1795 3552 1942 3605 vete-

302 3643 789 3701 rataindumenta
819 3645 1194 3716 conspiceret,
1225 3645 1435 3700 tollens
1464 3660 1614 3711 rasa,
1641 3659 1790 3699 nova
1814 3643 1942 3698 red-

303 3737 448 3793 dens
487 3755 502 3793 :
571 3741 704 3792 ante
773 3753 1066 3809 pannosos
1113 3738 1363 3793 faciebat
1397 3736 1594 3792 venire
1637 3737 1818 3792 cultos
1867 3737 1940 3792 ad

305 3831 648 3903 prandium;
696 3827 902 3902 quibus
931 3831 1317 3902 congregatis,
1361 3829 1682 3886 ministerio
1717 3834 1939 3902 parato,

303 3924 429 3996 ipsa
451 3941 664 3995 aquam
693 3925 808 3980 sive
834 3941 1110 3996 mappam
1131 3924 1368 3996 singulis
1391 3925 1744 3996 porrigebat,
1775 3928 1833 3980 et
1852 3925 1940 3979 in-

300 4017 507 4072 validis
530 4017 654 4090 ipsa
681 4017 896 4090 pariter
925 4035 988 4074 os
1006 4022 1063 4074 et
1085 4035 1290 4073 manus
1314 4018 1597 4090 tergebat.
1612 4017 1752 4073 Hinc
1763 4018 1943 4073 tribus

299 4111 535 4166 ferculis
565 4109 756 4180 illatis,
779 4111 994 4166 farcitis
1014 4111 1249 4178 deliciis,
1266 4115 1423 4166 stans
1443 4116 1576 4167 ante
1592 4097 1944 4182 prandentes

294 4204 522 4275 jejuna,
547 4221 799 4276 prasens
826 4203 1095 4275 convivis,
1119 4205 1244 4276 ipsa
1258 4205 1552 4260 incidebat
1564 4221 1799 4276 panem,
1825 4221 1943 4259 car-

298 4313 456 4365 nem,
470 4297 560 4352 vel
573 4296 853 4369 quidquid
865 4302 1200 4369 apponeret.
1217 4297 1530 4368 Languidis
1551 4302 1746 4353 autem
1768 4301 1826 4352 et
1839 4313 1942 4352 ca-

297 4389 378 4445 cis
404 4405 524 4445 non
551 4391 810 4446 cessabat
829 4391 953 4462 ipsa
982 4389 1137 4446 cibos
1168 4407 1298 4445 cum
1315 4389 1598 4446 cochleari
1622 4390 1938 4461 porrigere,

2039 1886 2143 1925 nas
2175 1869 2263 1941 (e),
2289 1873 2492 1942 potum
2517 1875 2574 1926 et
2599 1870 2805 1926 calices
2825 1871 2947 1926 sola
2969 1871 3354 1944 subsequente
3381 1873 3674 1932 intromit-

2038 1963 2198 2018 tebat
2230 1963 2448 2030 furtim,
2486 1980 2600 2036 quo
2642 1980 2703 2018 se
2743 1980 2915 2020 nemo
2954 1965 3298 2038 perciperet.
3363 1969 3492 2038 Ipsa
3547 1971 3674 2024 tum

2039 2057 2310 2112 mulieres
2333 2056 2506 2112 variis
2529 2059 2702 2129 lepra
2725 2058 2965 2113 maculis
2997 2059 3257 2131 perfusas
3289 2061 3673 2133 comprehen-

2040 2151 2184 2206 dens
2195 2149 2255 2204 in
2283 2151 2569 2222 amplexu,
2585 2151 2951 2207 osculabatur
2962 2153 3403 2222 etvultum,toto
3427 2153 3674 2228 diligens

2041 2243 2255 2299 animo.
2271 2243 2513 2312 Deinde,
2527 2243 2714 2314 posita
2733 2260 2953 2313 mensa,
2975 2246 3170 2302 ferens
3179 2263 3393 2319 aquam
3405 2247 3673 2317 calidam,

2038 2335 2218 2391 facies
2233 2336 2476 2405 lavabat,
2494 2353 2722 2405 manus,
2737 2353 2962 2409 ungues
2978 2343 3037 2395 et
3055 2340 3267 2408 ulcera,
3282 2344 3340 2395 et
3353 2356 3549 2396 rursus
3569 2341 3675 2396 ad-

2041 2429 2406 2485 ministrabat
2434 2429 2560 2501 ipsa
2574 2447 2815 2502 pascens
2839 2448 2944 2503 per
2979 2431 3224 2504 singula.
3255 2433 3676 2490 Recedentibus

2041 2522 2336 2594 praebebat
2355 2539 2559 2578 aurum
2578 2525 2667 2578 vel
2691 2523 3051 2594 vestimenta,
3078 2525 3166 2580 vix
3192 2542 3307 2582 una
3323 2530 3470 2582 teste
3490 2527 3678 2583 muni-

2039 2615 2166 2670 fica.
2197 2615 2450 2671 Ministra
2472 2621 2670 2672 tamen
2697 2619 3084 2689 prasumebat
3113 2636 3242 2675 eam
3265 2619 3676 2676 blandimentis

2039 2708 2119 2764 sic
2144 2710 2468 2780 appellare:
2498 2709 2874 2766 Sanctissima
2891 2711 3146 2780 domina,
3180 2712 3308 2784 quis
3322 2718 3378 2768 te
3393 2715 3678 2769 osculetur

2041 2819 2171 2874 qua
2199 2797 2278 2856 sic
2309 2802 2568 2874 leprosos
2597 2804 3004 2874 amplecteris?
3033 2805 3137 2860 Illa
3179 2807 3481 2876 respondit
3502 2807 3678 2863 bene-

2038 2896 2164 2951 vole
2197 2911 2211 2950 :
2241 2896 2386 2950 Vere
2414 2895 2461 2950 si
2489 2913 2584 2952 me
2615 2913 2734 2952 non
2761 2897 3054 2966 osculeris,
3087 2897 3222 2953 hinc
3241 2898 3385 2954 mihi
3405 2915 3544 2956 cura
3569 2916 3676 2956 nec

2039 2990 2156 3044 ulla
2179 2992 2284 3044 est.

2110 3086 2198 3140 20.
2217 3084 2356 3148 Qua
2375 3085 2591 3151 tamen,
2605 3085 2915 3156 prastante
2931 3085 3068 3152 Deo,
3082 3083 3306 3140 diverso
3325 3085 3484 3142 fulsit
3492 3086 3678 3144 mira-‘

2037 3178 2184 3233 culo.
2213 3177 2472 3250 Denique
2491 3177 2538 3232 si
2558 3176 2683 3248 quis
2707 3179 2950 3249 pustula
2969 3178 3302 3250 desperaret
3319 3179 3392 3235 de
3412 3183 3670 3251 vulnere,

2039 3270 2320 3326 offerebat
2335 3270 2600 3326 ministra
2612 3274 2824 3326 sancta
2840 3271 3042 3326 folium
3063 3273 3343 3344 pampini,
3365 3275 3672 3344 mentiens,

2039 3363 2146 3419 sibi
2165 3380 2308 3435 opus
2328 3364 2437 3428 hoc
2458 3380 2600 3418 esse.
2634 3363 2840 3435 Sicque
2868 3364 2960 3418 vix
2976 3365 3212 3420 obtento
3225 3365 3519 3437 signaculo
3538 3384 3672 3438 por-

2039 3461 2168 3512 tans
2218 3457 2293 3511 ad
2324 3457 2710 3527 desperatum,
2755 3457 2979 3511 vulneri
3026 3459 3383 3530 superposito
3423 3475 3555 3515 mox
3585 3478 3676 3516 oc-

2040 3549 2302 3604 currebat
2328 3535 2675 3604 remedium.
2706 3549 2911 3604 ltidem
2936 3549 3287 3622 frigoriticus
3302 3553 3402 3624 qui
3424 3533 3676 3610 venisset

2042 3646 2142 3698 aut
2166 3642 2494 3714 languidus,
2519 3641 2716 3697 dicens
2744 3643 2804 3698 in
2827 3643 3047 3698 somnis
3064 3662 3122 3700 se
3142 3645 3345 3701 vidisse
3371 3649 3434 3701 ut
3445 3663 3551 3718 pro
3572 3664 3674 3702 sua

2041 3737 2221 3792 salute
2243 3735 2476 3791 femina
2499 3741 2711 3793 sancta
2736 3741 3080 3808 occurreret,
3097 3739 3346 3794 offerens
3371 3741 3674 3797 candelam

2042 3830 2209 3885 alicui
2231 3847 2300 3885 ex
2325 3829 2634 3898 ministris;
2665 3847 2778 3902 qua
2805 3848 3046 3888 accensa
3067 3849 3170 3905 per
3190 3837 3418 3890 noctem
3437 3835 3674 3890 morbus

2041 3923 2359 3995 accipiebat
2399 3927 2685 3992 mortem.
2723 3925 3022 3981 morbidus
3069 3927 3398 3983 sanitatem.
3439 3928 3674 3994 Quoties

2043 4019 2236 4073 autem
2261 4033 2392 4072 cum
2421 4017 2786 4090 cognovisset
2810 4011 3195 4076 decubantem
3225 4021 3288 4076 in
3314 4023 3522 4078 lectulo
3537 4039 3673 4094 por-

2042 4114 2172 4167 tans
2199 4127 2377 4183 poma
2405 4111 2732 4183 peregrina,
2763 4111 2928 4168 dulce
2953 4113 3123 4168 simul
3153 4117 3212 4168 et
3239 4115 3510 4183 calidum,
3537 4117 3670 4171 reﬂ-

2041 4205 2230 4260 ciebat
2254 4208 2539 4277 agrotum
2573 4222 2586 4261 :
2623 4209 2684 4260 et
2711 4205 2811 4277 qui
2843 4222 2952 4261 nec
2994 4205 3218 4261 decimo
3241 4207 3366 4277 jam
3403 4207 3495 4262 die
3533 4208 3673 4279 quid

2041 4297 2406 4370 percepisset,
2431 4297 2646 4354 cibaria
2665 4298 2790 4370 ipsa
2808 4315 2940 4353 mox
2959 4298 3419 4368 administrante,
3444 4300 3669 4372 langui-

2043 4391 2149 4446 dus
2173 4390 2493 4462 accipiebat
2511 4391 2703 4446 cibum
2727 4390 2945 4462 pariter
2973 4394 3032 4445 et
3065 4391 3347 4458 salutem;
3394 4391 3550 4463 quod
3591 4395 3672 4448 ta-

297 4483 408 4538 hoc
450 4483 829 4554 prasentibus
863 4483 1104 4553 duabus,
1147 4484 1247 4538 sed
1277 4500 1338 4538 se
1378 4484 1498 4538 sola
1532 4483 1846 4552 serviente,
1879 4488 2018 4566 utD
2039 4499 2176 4540 men
2207 4484 2330 4555 ipsa
2358 4483 2702 4554 imperabat,
2737 4499 2809 4538 ne
2837 4482 2964 4554 quis
2988 4483 3276 4555 proferret
3296 4484 3357 4540 in
3382 4485 3598 4542 fabula.

301 4593 450 4633 nova
461 4577 682 4650 Martha
695 4580 1002 4648 satageret,
1017 4577 1202 4633 donec
1221 4577 1504 4648 potulenti
1518 4577 1634 4648 [AL
1649 4577 1942 4648 purulenti

301 4671 498 4726 lectum
521 4687 642 4726 cum
670 4673 730 4725 in
758 4673 890 4726 Mss.
922 4672 997 4726 sit
1018 4671 1318 4742 potolenti]
1347 4670 1554 4726 fratres
1586 4670 1704 4725 lati
1735 4671 1945 4727 ﬁerent

302 4763 594 4819 conviviis.
645 4765 801 4819 Tunc
842 4764 938 4819 illa
969 4781 1276 4820 removens
1313 4781 1373 4819 se
1410 4765 1536 4820 loco
1585 4767 1649 4819 ut
1685 4764 1945 4820 ablueret

376 4879 672 4951 (a)Eadem
684 4895 820 4936 voce
836 4879 1044 4935 iterum
1061 4880 1236 4936 utitur
1247 4881 1588 4936 Fortunatus
1601 4879 1938 4948 infra,num.

307 4954 398 5016 21,
442 4967 557 5021 quo
590 4951 649 5005 in
685 4953 810 5007 loco
844 4952 1033 5008 Codex
1062 4951 1410 5007 Conchensis
1454 4951 1666 5019 scribit,
1691 4953 1789 5008 sub
1813 4953 1938 5022 pla-

307 5024 500 5084 centis,
546 5037 676 5076 cum
711 5022 774 5076 in
819 5023 944 5077 aliis
972 5023 1274 5092 habeatur,
1310 5023 1410 5078 sub
1443 5024 1676 5092 ﬂadone.
1719 5023 1797 5076 Ex
1827 5039 1940 5092 quo

304 5092 597 5164 intelligas
639 5091 898 5149 ﬂadones
931 5111 1054 5150 esse
1094 5096 1405 5166 placentas,
1444 5091 1594 5166 quas
1638 5091 1940 5166 vernacula

304 5166 478 5246 [tuens
510 5166 808 5246 nostrates
834 5165 1146 5246 appellant.
1168 5165 1332 5246 Apud
1358 5165 1701 5246 liquandum
1723 5167 1872 5246 tom.
1896 5165 1940 5217 II

306 5234 494 5307 Febr.,
535 5251 668 5307 pag.
713 5239 832 5304 105,
864 5234 930 5290 in
966 5237 1174 5307 scripto
1215 5234 1446 5290 Henrici
1481 5235 1701 5307 abbatis
1738 5235 1941 5290 Centu-

303 5305 507 5360 lensis:
541 5305 682 5361 Sunt
712 5308 790 5360 ibi
811 5308 1030 5362 clibana
1056 5305 1327 5370 tredecim,
1359 5321 1480 5376 qua
1506 5306 1747 5360 reddunt
1769 5322 1941 5362 unum

305 5377 558 5447 quodque
576 5393 680 5446 per
703 5394 911 5432 annum
937 5379 1114 5432 decem
1138 5379 1338 5432 solidos
1367 5382 1416 5432 et
1443 5376 1628 5448 panes
1660 5381 1939 5448 trecentos,

303 5451 528 5516 ﬂatones
569 5449 630 5502 in
671 5449 880 5503 litantis
926 5449 1346 5518 unumquodque
1402 5447 1650 5518 triginta.
1697 5447 1804 5502 Ubi
1857 5448 1944 5502 vir

305 5519 672 5592 doctissimus
690 5519 954 5592 ﬂatones,
971 5520 1262 5592 placentas
1282 5519 1710 5592 interpretatur.
1726 5519 1944 5592 Udalri-

306 5607 423 5657 cus,
459 5589 521 5661 in
543 5589 655 5661 lib.
686 5607 726 5646 ιι
752 5589 1102 5661 Consuetud.
1132 5591 1410 5658 Cluniae,
1436 5589 1570 5661 ’cap.
1598 5589 1633 5644 4
1671 5606 1684 5645 :
1726 5591 1834 5645 Pro
1875 5591 1944 5645 si-

307 5676 422 5732 gno
444 5659 762 5730 ﬂadonum,
779 5660 986 5732 inquit,
997 5664 1277 5732 praemisso
1289 5659 1532 5728 generali
1533 5663 1701 5732 panis
1717 5666 1766 5718 et
1777 5665 1939 5724 casei,

308 5732 373 5787 de
396 5747 512 5786 una.
535 5748 705 5788 manu
731 5749 908 5788 omnes
931 5733 1128 5803 digitos
1149 5735 1376 5803 inﬂecte,
1399 5735 1450 5789 et
1469 5734 1550 5788 ita
1564 5749 1786 5790 manum
1811 5748 1942 5789 cava

309 5805 439 5859 etin
465 5807 800 5876 superﬁciem
830 5805 1056 5862 alterius
1079 5819 1242 5876 pone.

2109 4579 2199 4632 21.
2217 4577 2440 4640 Quanta
2455 4591 2589 4629 vero
2607 4575 2936 4646 congressio
2948 4576 3243 4648 popularis
3255 4577 3438 4633 exittit
3449 4577 3544 4634 die
3557 4595 3674 4651 qua

2041 4686 2101 4725 se
2121 4672 2319 4724 sancta
2343 4667 2681 4724 deliberavit
2695 4668 3023 4725 recludere!
3050 4673 3112 4726 ut
3137 4687 3280 4743 quos
3309 4672 3514 4744 platea
3552 4689 3672 4728 non

2041 4765 2333 4836 caperent,
2347 4761 2725 4817 ascendentes
2740 4765 2892 4818 tecta
2908 4765 3284 4837 complerent.
3301 4765 3450 4830 Quid
3477 4772 3674 4823 autem

2112 4879 2186 4951 (b)
2211 4880 2404 4951 Exstat
2423 4877 2576 4950 apud
2597 4879 2994 4949 Fortunatum,
3035 4881 3095 4936 in
3114 4880 3210 4936 lib.
3229 4897 3290 4949 ιι,
3323 4897 3501 4936 carm.
3519 4885 3570 4949 3,
3599 4883 3675 4939 ad

2041 4950 2602 5022 Radegundem,quo
2614 4967 2752 5022 eam
2765 4951 2840 5006 ad
2851 4952 3166 5006 bibendum
3178 4953 3376 5008 vinum
3388 4953 3670 5010 hortatur.

2042 5021 2438 5077 ldem’auctor
2479 5021 2537 5075 in
2568 5021 2817 5093 lib.v1n,
2853 5039 3028 5078 carm.
3059 5027 3090 5078 7
3127 5040 3192 5079 ac
3239 5028 3323 5093 11,
3361 5023 3432 5080 de
3471 5025 3676 5083 mundi

2041 5095 2376 5169 contemptu
2402 5094 2460 5169 et
2486 5092 2806 5169 reclusione
2831 5093 3017 5148 beata
3039 5093 3254 5169 regina
3275 5092 3618 5169 gratulatur.

2113 5163 2177 5242 (ς)
2203 5163 2760 5242 Μείῐινίοιιὶᾶξμωίῑῃι*
2777 5168 3014 5242 tumpro
3040 5163 3254 5242 libello,
3279 5163 3372 5224 cui
3393 5187 3675 5242 pauperes

2043 5235 2294 5314 ecclesia
2328 5235 2647 5314 sumptibus
2676 5235 3543 5314 alendiinscribebantur,:cutn
3566 5258 3671 5314 pro

2042 5306 2176 5378 ipsis
2203 5307 2421 5378 egenis,
2455 5309 2519 5378 ut
2541 5306 2650 5361 hoc
2678 5307 2824 5378 loco.
2847 5307 2993 5378 Vide
3014 5306 3674 5378 Gregorium'Turon‘en-

2043 5376 2182 5446 sem,
2214 5376 2312 5432 lib.
2346 5395 2385 5433 ιι
2410 5377 2597 5433 Mirac.
2633 5377 2812 5432 sancti
2838 5376 3083 5446 Martini,
3117 5376 3164 5434 ὁ.
3189 5383 3276 5435 22.

2115 5447 2529 5531 ςάῌίίεεοιςίιιῐη
2557 5464 2978 5534 nonnunquam
3018 5448 3284 5534 designat
3313 5451 3617 5534 donarium
3640 5468 3674 5506 a

2041 5520 2299 5644 princige
2331 5520 2591 5586 missum,
2622 5520 2760 5574 alias
2791 5520 3071 5576 concham
3113 5520 3421 5590 modicam,
3461 5523 3520 5577 in
3558 5538 3671 5592 qua

2044 5591 2234 5715 aliiqu
2237 5677 2267 5714 Γ
2286 5589 2525 5661 liquoris
2553 5591 2870 5663 reponitur.
2901 5592 3026 5658 Quo
3061 5610 3231 5650 sensu
3279 5593 3372 5649 hic
3411 5590 3672 5664 usurpari

2041 5676 2093 5715 vi
2140 5678 2169 5714 e
2272 5701 2284 5714 .

2041 5676 2284 5715 videtur.

2115 5729 2182 5803 (e)
2211 5731 2421 5788 Canna
2447 5736 2579 5790 sunt
2602 5733 2828 5791 ﬁscella
2852 5751 2952 5790 seu
2978 5751 3113 5792 vasa
3139 5731 3405 5790 viminea.
