4058 6190
341 269 442 321 659

1319 258 1572 313 SANCTA
1609 251 2054 319 RADEGUNDIS,
2093 250 2342 308 REGINA
2378 250 2704 308 FRANCUE.

3605 251 3710 304 660

345 372 704 429 sanctissima
716 371 796 444 jej
805 339 941 436 unii,
965 365 1244 438 obsequii,
1273 361 1630 430 humilitatis,
1653 361 1968 430 charitatis,
1993 371 2052 446 Α
2072 359 2312 416 sarcina.
2334 361 2560 431 Aquam
2578 359 2650 414 de
2671 361 2846 430 puteo
2863 357 3134 414 trahebat
3153 359 3212 414 et
3225 355 3712 430 dispensabatper

345 468 556 524 laboris
567 471 625 524 et
635 467 912 523 cruciatus
925 459 1460 530 ferventerindepta
1471 458 1560 526 sit,
1569 457 1616 512 si
1627 456 1756 528 quis
1770 459 1976 532 cuncta

343 560 915 635 percurreret,ipsam
929 554 1268 628 praedicaret
1278 553 1972 622 tamconfessoremquam

346 660 682 728 martyrem.
703 653 850 722 Ergo
871 648 1260 705 venerabilem
1293 649 1504 718 praeter
1527 645 1682 700 diem
1713 645 1970 700 Domini-

344 767 476 807 cum
493 749 600 804 fuit
617 743 1012 802 sacratissima;
1037 742 1226 798 omnis
1251 741 1373 796 dies
1401 739 1534 813 [Al.,
1559 740 1827 796 omnibus
1858 739 1974 794 die-

345 844 468 914 bus]
475 841 762 914 jejunium
787 837 1100 892 :lenticulce
1111 837 1198 890 vel
1215 833 1386 890 oleris
1398 851 1579 906 prope
1600 835 1804 906 jejuna
1828 834 1974 888 refe-

343 937 484 1002 ctio;
507 951 624 990 non
643 949 828 1000 avem,
851 932 1066 1003 piscem
1085 932 1172 985 vel
1193 945 1454 1001 pomum,
1467 929 1554 983 vel
1569 944 1740 984 ovum
1753 927 1972 983 habens

341 1029 614 1086 edulium.
651 1025 819 1082 Panis
845 1041 980 1079 vero
1004 1023 1340 1079 deliciarum
1373 1021 1716 1095 segalatium
1737 1022 1846 1076 fuit
1874 1023 1975 1077 aut

341 1123 749 1188 hordeaceum,
765 1136 940 1192 quem
952 1119 1294 1173 absconsum
1317 1117 1420 1172 sub
1433 1115 1664 1172 ﬂadone
1686 1115 1969 1183 sumebat,

341 1233 414 1272 ne
441 1215 567 1288 quis
593 1215 930 1287 perciperet.
946 1215 1072 1268 Haec
1099 1211 1204 1268 fuit
1225 1210 1398 1266 etiam
1411 1209 1570 1282 potio
1593 1226 1743 1280 aqua
1763 1210 1969 1277 mulsa,

338 1311 638 1382 piracium,
673 1308 774 1362 sed
799 1306 1024 1362 modice
1053 1306 1232 1362 libata
1262 1304 1553 1360 sitibunda
1582 1303 1826 1375 potatio.

2073 455 2317 510 vascula.
2349 453 2483 510 Olus
2503 469 2778 526 purgans,
2807 453 3080 524 legumen
3106 453 3322 520 lavans,
3347 451 3490 508 ﬂatu
3513 452 3710 508 focum

2071 548 2394 616 vivificaris;
2443 550 2501 602 et
2533 550 2598 602 ut
2629 547 2978 618 decoqueret
3005 563 3184 614 escas,
3221 545 3524 618 satagebat
3559 562 3708 602 exae-

2074 645 2288 698 stuans.
2317 643 2463 697 Vasa
2493 641 2564 698 de
2591 643 2719 697 foco
2743 641 2869 713 ipsa
2885 642 3098 710 levans,
3121 640 3308 696 discos
3327 641 3524 696 levans
3551 643 3614 696 et
3627 641 3712 696 in-

2073 738 2286 792 ferens.
2315 736 2456 792 Hinc
2486 735 2904 792 consummatis
2937 733 3210 792 conviviis
3233 734 3358 806 ipsa
3385 734 3710 790 vasculadi-

2073 833 2256 899 luens,
2279 846 2533 902 purgans
2564 829 2742 886 nitide
2757 828 3088 900 coquinam,
3113 828 3393 900 quidquid
3411 831 3538 884 erat
3555 829 3708 884 lutu-

2073 927 2295 982 lentum
2315 925 2540 980 ferebat
2555 925 2710 979 foras
2730 922 2788 978 in
2811 924 3001 978 locum
3023 922 3390 994 designatum
3416 923 3558 993 [Al.,
3589 921 3712 978 ima

2073 1018 2436 1092 purgamina]
2449 1059 2462 1073 .
2485 1018 2620 1073 Inde
2632 1034 2736 1090 per
2745 1019 3092 1089 aegrotantes
3113 1016 3370 1070 inferens
3385 1015 3712 1072 necessaria

2071 1113 2192 1168 ibat
2209 1129 2328 1168 non
2356 1111 2556 1183 tepida
2583 1113 2642 1165 et
2657 1111 2994 1182 priusquam
3009 1109 3296 1180 exciperet
3313 1111 3711 1164 Arelatensem

2072 1207 2352 1276 regulam,
2391 1204 2761 1260 hebdomade
2795 1203 3194 1258 subtransacta
3225 1202 3582 1258 sufﬁcienter
3637 1201 3712 1258 ad

2074 1315 2279 1356 omnes
2292 1298 2536 1354 calidam
2548 1296 3146 1364 faciebat,humilitate
3159 1295 3518 1352 sanctissima
3529 1295 3710 1368 pedes

409 1407 498 1459 22.
524 1402 716 1458 Prima
737 1418 966 1472 quoque
997 1399 1472 1470 Quadragesima,
1509 1414 1622 1468 qua
1649 1413 1708 1452 se
1741 1395 1974 1452 reclusit
2071 1400 2268 1453 lavans
2293 1399 2350 1452 et
2369 1397 2630 1452 osculans
2663 1398 2720 1450 et
2738 1395 2926 1450 adhuc
2951 1410 3156 1449 omnes
3183 1395 3470 1465 prostrata
3499 1393 3706 1464 depres

339 1499 400 1554 in
423 1497 646 1564 cellula,
667 1496 852 1550 donec
867 1494 1069 1549 fuisset
1087 1495 1400 1560 transacta,
1423 1491 1589 1563 panis
1600 1508 1716 1545 non
1732 1491 1974 1562 sumpsit
2071 1493 2311 1547 cabatur
2329 1489 2556 1546 veniam
2578 1488 2933 1560 negligentia
2955 1504 3060 1560 pro
3090 1487 3416 1544 commissa.

341 1588 575 1656 cibaria,
607 1588 714 1643 nisi
743 1587 834 1643 die
864 1587 1185 1654 Dominica,
1217 1586 1319 1640 sed
1339 1587 1568 1639 tantum
1592 1583 1814 1638 radices
1839 1583 1970 1637 her-
2144 1589 2232 1640 25.
2263 1587 2460 1656 Itaque
2485 1587 2615 1655 post
2637 1585 2726 1638 tot
2748 1583 2973 1638 labores
2999 1598 3140 1652 quas
3171 1581 3280 1636 sibi
3320 1598 3516 1652 pmnas
3549 1582 3707 1637 intu-

337 1685 562 1751 barum,
600 1685 700 1737 aut
731 1683 887 1736 olera
917 1681 987 1734 de
1035 1679 1240 1734 malvis
1287 1679 1410 1733 sine
1459 1677 1570 1733 olei
1629 1681 1809 1749 gutta,
1851 1677 1972 1732 sine
1993 1743 2040 1751 _
2074 1678 2223 1746 lerit,
2260 1681 2317 1733 et
2343 1678 2469 1750 ipsa
2499 1693 2626 1750 qum
2647 1693 2784 1732 voce
2804 1677 2984 1731 refert
3007 1675 3412 1747 perhorrescit.
3441 1675 3712 1740 Quadam

341 1779 455 1833 sale
479 1775 816 1847 composita.
839 1776 1048 1828 Verum
1062 1789 1227 1844 aquae
1249 1775 1370 1828 toto
1389 1771 1612 1842 jejunio
1627 1787 1730 1826 nec
1743 1787 1975 1824 sumens
1993 1743 2049 1815 B
2073 1773 2195 1828 vice
2227 1772 2364 1827 dum
2385 1771 2492 1826 sibi
2517 1773 2664 1826 latos
2691 1773 2808 1825 tres
2837 1770 3078 1825 circulos
3097 1770 3316 1824 ferreos
3344 1769 3546 1824 diebus
3565 1770 3712 1834 Qua-

337 1872 454 1927 duo
485 1869 746 1937 sextaria,
777 1867 908 1922 hinc
937 1870 1100 1922 tanta
1124 1866 1214 1920 siti
1241 1865 1562 1932 laborabat,
1611 1868 1672 1918 ut
1717 1865 1976 1919 faucibus
2075 1865 2414 1937 dragesimaa
2442 1866 2588 1920 collo
2617 1866 2704 1919 vel
2723 1863 2971 1918 brachiis
2997 1863 3212 1930 nexuit,
3239 1867 3296 1918 et
3325 1865 3440 1918 tres
3471 1867 3712 1918 catenas

339 1963 664 2030 desiccatis,
721 1961 810 2016 vix
855 1962 1139 2033 psalmum
1192 1960 1410 2014 diceret
1455 1957 1636 2012 arida.
1713 1957 1972 2014 Cilicium

335 2057 512 2114 etiam
539 2056 760 2112 habens
785 2055 858 2110 ad
887 2071 1092 2126 corpus
1115 2070 1219 2124 pro
1251 2053 1428 2107 linteo
1461 2051 1710 2122 jugiter:
1743 2067 1972 2106 cursum

335 2152 652 2207 decantans
701 2148 1018 2220 peragebat
1061 2146 1320 2218 vigilias:
1397 2149 1530 2200 ante
1593 2161 1652 2199 se
1715 2145 1972 2199 cinerem

335 2247 582 2299 stratum
623 2242 945 2314 superjecto
991 2239 1192 2308 cilicio,
1224 2241 1334 2295 hoc
1359 2239 1627 2294 utebatur
1653 2254 1758 2309 pro
1795 2239 1973 2292 lectu-

332 2339 388 2392 lo
413 2353 427 2392 :
455 2337 580 2408 ipsa
600 2335 828 2406 requies
857 2335 1160 2406 fatigabat,
1189 2333 1280 2388 cui
1309 2349 1515 2405 parum
1537 2331 1840 2386 videbatur
1863 2331 1972 2386 hoc

335 2429 614 2485 sustinere
647 2430 1046 2500 corpusculum
1073 2427 1168 2500 (α).

401 2527 490 2579 23.
524 2523 724 2578 Adhuc
745 2521 1137 2576 monachabus
1157 2519 1424 2576 omnibus
1443 2518 1848 2591 soporantibus
1865 2519 1972 2573 cal-

331 2619 637 2673 ceamenta
678 2617 914 2687 tergens
951 2617 1010 2669 et
1049 2630 1292 2685 ungens,
1339 2612 1838 2668 retransmittebat
1867 2628 1974 2682 per

331 2711 604 2782 singulas.
633 2708 772 2764 Aliis
800 2707 1258 2780 quadragesimis
1293 2707 1365 2778 (b)
1411 2706 1628 2778 aliquid
1662 2705 1972 2760 relaxatius

331 2804 734 2876 [ALrelaxans]
750 2803 952 2874 quinta
973 2801 1116 2856 feria
1136 2799 1636 2868 sumebat,deinde
1651 2798 1967 2854 Dominica.

333 2899 476 2952 Nam
491 2900 548 2952 et
557 2897 778 2968 reliquo
793 2900 1051 2966 tempore
1065 2897 1278 2966 praeter
1289 2894 1410 2949 dies
1427 2894 1724 2965 paschales
1737 2909 1802 2947 ac
1814 2907 1967 2947 sum-

2073 1961 2335 2014 inserens
2363 1959 2513 2014 circa
2543 1975 2708 2013 suum
2739 1973 2944 2030 corpus
2973 1957 3110 2012 dum
3139 1957 3432 2028 alligasset
3449 1957 3708 2024 astricte,

2073 2053 2299 2110 inclusit
2333 2053 2543 2108 durum
2585 2053 2803 2106 ferrum
2843 2067 2976 2106 caro
3015 2054 3218 2106 tenera
3247 2067 3706 2122 supercrescens.

2073 2149 2142 2202 Et
2179 2149 2466 2202 transacto
2495 2145 2718 2217 jejunio
2744 2161 2875 2199 cum
2895 2144 3165 2199 voluisset
3186 2145 3418 2199 catenas
3443 2144 3548 2198 sub
3575 2145 3710 2200 cute

2073 2242 2294 2296 clausas
2327 2239 2626 2294 extrahere
2665 2255 2770 2293 nec
2798 2239 3033 2306 valeret,
3063 2254 3196 2293 caro
3223 2254 3328 2308 per
3351 2237 3587 2293 dorsum
3615 2241 3708 2293 at-

2073 2351 2185 2406 que
2208 2337 2407 2406 pectus
2437 2349 2607 2404 super
2640 2333 2860 2387 ferrum
2891 2335 3228 2386 catenarum
3262 2333 3350 2386 est
3381 2331 3562 2386 incisa
3599 2349 3712 2404 per

2071 2428 2346 2482 circulum
2379 2429 2445 2480 ut
2471 2425 2703 2496 sanguis
2727 2425 2885 2480 fusus
2928 2424 3002 2479 ad
3031 2427 3350 2479 extremum
3384 2424 3712 2479 exinaniret

2071 2520 2491 2592 corpusculum.

2142 2617 2230 2669 26.
2271 2613 2409 2668 Inde
2443 2611 2562 2666 vice
2603 2611 2706 2666 sub
2739 2612 2939 2678 altera,
2955 2611 3126 2682 jussit
3149 2611 3278 2666 ﬁeri
3322 2611 3602 2668 laminam
3637 2613 3708 2668 in

2071 2706 2236 2779 signo
2256 2705 2460 2762 Christi
2483 2705 2888 2774 aurichalcam,
2903 2721 3078 2776 quam
3091 2721 3390 2760 accensam
3413 2706 3476 2760 in
3499 2705 3712 2762 cellula

2071 2801 2208 2857 locis
2235 2799 2458 2855 duobus
2477 2799 2733 2871 corporis
2754 2797 2924 2853 altius
2943 2799 3370 2871 sibiimpressit,
3386 2803 3508 2855 tota
3527 2816 3709 2855 carne

2073 2895 2325 2949 decocta.
2354 2893 2444 2949 Sic
2475 2893 2678 2964 spiritu
2699 2891 3038 2948 flammante
3060 2894 3328 2948 membra
3347 2893 3596 2950 faciebat
3613 2909 3710 2948 ar-

333 3007 445 3044 ma:
471 2991 812 3056 festivitatis,
846 2990 1030 3043 donec
1055 2987 1362 3042 inﬁrmitas
1385 2986 1666 3058 permisit,
1691 2986 1746 3039 in
1777 2986 1970 3040 cinere
2071 2987 2228 3042 dere.
2255 2987 2456 3042 Adhuc
2495 2986 2714 3056 aliquid
2733 2985 2959 3058 gravius
2995 2986 3055 3041 in
3077 3003 3138 3041 se
3163 2986 3286 3058 ipsa
3313 2987 3510 3043 tortrix
3533 3003 3710 3042 exco-

331 3087 390 3136 et
403 3082 582 3136 cilicio
601 3098 832 3152 semper
845 3081 1022 3136 vitam
1039 3081 1198 3135 duxit
1213 3079 1688 3134 austeram.Prius
1704 3095 1763 3134 se
1777 3080 1971 3134 levans
1991 3115 2042 3152 ρ
2071 3081 2280 3152 gitans,
2308 3097 2426 3134 una
2447 3079 3044 3150 quadragesimarum,
3063 3097 3236 3152 super
3254 3085 3542 3136 austerum
3552 3081 3712 3152 jeju-

335 3179 395 3230 ut
425 3177 695 3246 psalleret
725 3191 898 3245 quam
930 3173 1307 3245 congregatio
1335 3172 1688 3227 surrexisset.
1722 3173 1866 3226 Nam
1898 3172 1970 3226 de
1997 3172 2044 3188 ν
2073 3175 2235 3229 nium
2261 3177 2320 3228 et
2339 3173 2460 3227 sitis
2495 3173 2727 3228 torridas
2765 3173 3097 3241 cruciatum,
3139 3173 3326 3228 adhuc
3359 3173 3498 3229 lima
3530 3175 3710 3230 cilicii

333 3268 536 3324 officiis
559 3267 1081 3334 monasterialibus,
1107 3266 1248 3320 nihil
1275 3265 1378 3320 sibi
1401 3265 1632 3337 placuit,
1656 3265 1762 3319 nisi
1780 3265 1970 3336 prima
2070 3267 2334 3322 membra
2363 3271 2566 3321 tenera
2585 3267 2719 3321 setis
2731 3267 2944 3338 asperis
2957 3267 3290 3338 dissipante,
3306 3267 3472 3339 jubet
3483 3268 3710 3340 portari

331 3361 588 3428 serviret,
614 3365 671 3416 et
695 3362 819 3436 ipsa
841 3378 900 3415 se
930 3360 1247 3432 castigabat
1267 3360 1312 3413 si
1341 3359 1559 3414 bonum
1580 3361 1709 3430 post
1729 3359 1970 3414 alteram
2071 3360 2438 3432 aquamanile
2460 3359 2536 3432 (ἀ)
2568 3361 2902 3416 ardentibus
2923 3363 3156 3432 plenum
3175 3361 3535 3417 carbonibus.
3559 3361 3708 3416 Hinc

331 3458 550 3528 ageret.
574 3457 723 3526 Ergo
747 3455 860 3510 suis
879 3454 1096 3509 vicibus
1118 3470 1362 3525 scopans
1383 3451 1721 3508 monasterii
1749 3453 1971 3523 plateas
2071 3453 2494 3510 discedentibus
2521 3453 2759 3526 reliquis
2791 3455 3066 3509 membris
3091 3455 3534 3527 trepidantibus,
3573 3456 3702 3511 ani-

333 3549 502 3604 simul
533 3553 590 3603 et
613 3551 874 3620 angulos,
907 3547 1187 3620 quidquid
1209 3550 1334 3601 erat
1359 3546 1578 3602 foedum
1607 3563 1879 3617 purgans,
1915 3549 1974 3600 et
2073 3565 2202 3602 mus
2236 3549 2496 3601 armatur
2525 3547 2598 3602 ad
2627 3563 2879 3618 poenam,
2913 3551 3162 3603 tractans
3200 3549 3335 3620 quia
3363 3565 3482 3604 non
3509 3553 3709 3604 essent

331 3642 583 3698 sarcinas
622 3659 763 3712 quas
791 3642 885 3696 alii
928 3643 1168 3696 horrent
1203 3639 1417 3708 videre,
1461 3657 1578 3694 non
1625 3639 1973 3694 abhorrebat

331 3735 594 3790 evehere.
612 3735 911 3789 Secretum
935 3735 1110 3788 etiam
1129 3751 1380 3804 purgare
1403 3750 1548 3804 opus
1571 3749 1688 3788 non
1711 3733 1966 3801 tardans,

329 3828 738 3898 sedoccupans
767 3826 903 3898 [Αι.,
918 3827 1204 3900 scopans];
1229 3828 1419 3881 ferens
1437 3827 1668 3881 fmtores
1681 3827 1966 3895 stercoris,

327 3920 599 3974 credebat
628 3937 687 3974 se
719 3920 1006 3974 minorem
1032 3919 1157 3988 sibi,
1187 3920 1234 3973 si
1261 3937 1322 3974 se
1354 3937 1472 3974 non
1511 3920 1845 3975 nobilitaret
1883 3921 1967 3975 vi-

333 4013 492 4068 litate
520 4012 751 4067 servitii.
783 4013 964 4085 Ligna
989 4015 1334 4085 supportans
1353 4012 1620 4082 brachiis,
1649 4014 1840 4070 focum
1872 4013 1972 4069 ﬂa-

335 4107 484 4161 tibus
510 4109 567 4160 et
587 4106 896 4178 forcipibus
925 4107 1258 4174 admovens,
1284 4107 1476 4160 calens
1501 4123 1607 4160 nec
1635 4107 1770 4161 laesa
1795 4123 1854 4160 se
1875 4124 1967 4162 re-

333 4201 586 4268 trahens,
611 4204 770 4256 extra
791 4217 954 4256 suam
966 4199 1396 4255 hebdomadam
1411 4199 1836 4255 infirmantibus
1855 4217 1969 4256 ser-

331 4295 507 4350 viens.
533 4298 658 4366 Ipsa
675 4295 832 4351 cibos
854 4295 1203 4366 decoquens,
1227 4293 1458 4366 aegrotis
1503 4294 1678 4349 facies
1705 4295 1964 4364 abluens,

328 4387 450 4460 ipsa
472 4389 722 4445 calidum
754 4389 1077 4461 porrigens,
1105 4387 1374 4444 visitabat
1403 4405 1546 4460 quos
1591 4387 1839 4456 fovebat,
1875 4387 1964 4460 je-

322 4482 470 4552 juna
497 4483 730 4538 rediens
755 4485 1041 4538 cellulam.

401 4577 488 4630 24.
513 4577 657 4630 Illud
679 4593 908 4649 quoque
939 4577 1067 4649 quis
1104 4577 1366 4649 explicet,
1391 4577 1605 4648 quanto
1628 4575 1852 4630 fervore
1881 4592 1968 4630 ex-

329 4669 503 4723 citata
525 4671 598 4724 ad
621 4671 928 4740 coquinam
947 4671 1372 4726 concursitabat
1389 4687 1554 4726 suam
1565 4669 1782 4725 faciens
1802 4668 1970 4740 septi-

329 4779 564 4828 manam
581 4763 608 4818 ?
627 4764 884 4835 Denique
901 4765 1486 4820 nullamonacharum
1500 4764 1609 4818 nisi
1623 4764 1745 4836 ipsa
1757 4764 1828 4819 de
1844 4780 1970 4836 pos-

329 4856 462 4912 ticio
496 4857 584 4930 (ο),
629 4861 910 4930 quautum
946 4857 1090 4929 ligni
1119 4875 1262 4928 opus
1295 4861 1438 4926 erat,
1485 4859 1607 4913 sola
1645 4857 1869 4913 ferebat
1907 4857 1966 4912 in

398 4977 471 5046 (α)
485 4979 650 5048 Apud
664 4979 894 5034 Surium
909 4977 1019 5032 ista
1037 4977 1348 5032 adduntur:
1366 4981 1485 5036 Non
1501 4979 1653 5032 illam
1668 4978 1966 5048 aliquando
2007 5015 2009 5018 ι

324 5049 500 5102 mollis
513 5052 706 5118 pluma
725 5052 964 5118 fulcivit,
985 5065 1156 5120 neque
1187 5051 1516 5104 linteaminis
1536 5051 1680 5103 nitor
1702 5051 1968 5104 instruxit

329 5120 600 5190 Manicam
629 5138 738 5190 qua
780 5123 1056 5176 brachium
1093 5121 1362 5182 indueret,
1409 5136 1518 5174 non
1559 5121 1808 5180 habebat,
1859 5123 1968 5175 nisi

327 5189 474 5257 quod
499 5191 564 5242 de
603 5189 780 5258 caliga
806 5209 906 5248 sua
934 5195 1041 5248 sibi
1066 5195 1203 5248 duas
1227 5194 1356 5261 fecit
1387 5193 1649 5246 manicas.
1675 5192 1782 5248 Sed
1809 5193 1887 5244 ita
1911 5207 1966 5246 se

327 5261 622 5323 tractabat,
669 5269 729 5316 ut
762 5264 870 5318 haec
895 5281 990 5319 nec
1015 5265 1292 5320 abbatissa
1317 5265 1561 5319 sent-iret.
1588 5261 1726 5326 Quae
1751 5261 1961 5316 desunt

331 5332 386 5384 in
411 5331 594 5385 Dodd.
625 5349 760 5386 mss.
794 5337 852 5388 et
871 5351 937 5388 ex
957 5335 1053 5389 lib.
1079 5353 1136 5402 n,
1167 5352 1324 5390 num.
1360 5338 1412 5402 8,
1453 5334 1850 5388 desumuntur.

398 5402 470 5472 (b)
483 5402 1050 5476 Aliasquadragesim
1059 5423 1118 5460 as
1139 5407 1208 5460 de
1225 5405 1672 5476 quadragesima
1683 5403 1960 5458 adventus

328 5472 818 5548 Dominialiisque
839 5472 1192 5548 explicarunt
1213 5472 1308 5548 (fui
1324 5473 1554 5533 Surium
1579 5491 1922 5548 recensuere
1945 5492 1958 5530 :

328 5548 386 5599 at
408 5545 477 5599 de
505 5537 630 5618 aliis
653 5537 1111 5618 qu-adrag'esirmis
1129 5537 1268 5618 quas
1291 5553 1422 5603 ante
1443 5549 1658 5604 Pascha
1685 5549 1816 5618 post
1841 5545 1952 5617 pri-

327 5633 480 5671 mam
503 5617 563 5672 in
585 5618 830 5673 claustro
851 5617 1436 5688 exegitRadegundis,
1461 5617 1813 5674 hunclocum
1837 5633 1960 5672 esse

325 5689 824 5760 interpretandum
861 5693 1043 5744 textus
1070 5690 1394 5760 consecutio
1428 5691 1612 5745 docet.

393 5759 809 5826 (c)"Porticium,
857 5761 1046 5834 inquit
1081 5759 1286 5834 Papias
1327 5761 1383 5815 in
1429 5761 1719 5828 Vocabul.,
1752 5762 1960 5834 estta-

323 5834 438 5884 tens
471 5833 665 5890 ostium
705 5836 783 5892 sic
811 5833 1010 5892 dictum
1053 5833 1202 5906 quod
1243 5835 1503 5889 remotum
1535 5834 1608 5888 sit
1649 5847 1684 5887 a
1713 5833 1955 5904 publico,

2069 3640 2485 3712 persecutionis
2521 3643 2802 3712 tempora,
2843 3658 2880 3696 a
2923 3658 2980 3696 se
3004 3645 3068 3696 ut
3089 3643 3257 3696 ﬁeret
3280 3646 3516 3714 martyr.
3545 3645 3708 3698 Inter

2070 3735 2192 3789 haec
2231 3737 2292 3788 ut
2334 3733 2708 3804 refrigeraret
2755 3737 2876 3790 tam
2917 3736 3236 3790 ferventem
3280 3736 3558 3802 animum,
3609 3737 3702 3790 in-

2071 3829 2316 3884 cendere
2347 3844 2552 3900 corpus
2587 3828 2884 3896 deliberat,
2937 3829 3174 3900 apponit
3211 3845 3327 3884 tera
3368 3829 3704 3900 candentia,

2070 3922 2328 3978 Strident
2371 3922 2634 3976 membra
2681 3922 3016 3990 cremantia,
3057 3923 3412 3978 consumitur
3457 3924 3620 3990 cutis,
3643 3929 3710 3980 et

2067 4016 2292 4084 intima,
2326 4033 2439 4087 quo
2471 4015 2662 4086 attigit
2685 4016 2878 4083 ardor,
2901 4016 2966 4070 ﬁt
2989 4015 3162 4070 fossa.
3189 4017 3406 4071 Tacens
3433 4017 3576 4088 tegit
3609 4018 3704 4073 fo-

2067 4109 2320 4164 ramina:
2359 4109 2461 4164 sed
2503 4111 2970 4180 computresccns
3007 4109 3240 4180 sanguis
3289 4110 3708 4165 manifestabat

2068 4203 2222 4275 quod
2271 4220 2374 4258 vox
2427 4219 2544 4258 non
2593 4203 2876 4275 prodebat
2905 4203 2962 4257 in
2993 4219 3184 4274 paena.
3219 4203 3310 4259 Sic
3342 4203 3560 4258 femina
3591 4220 3704 4275 pro

2065 4297 2272 4354 Christi
2299 4297 2622 4364 dulcedine,
2645 4299 2733 4351 tot
2767 4313 2966 4351 amara
2999 4297 3249 4351 libenter
3281 4297 3518 4369 accepit.
3555 4297 3706 4352 Hinc

2067 4393 2258 4446 actum
2287 4394 2390 4460 est,
2421 4395 2483 4446 ut
2503 4389 2657 4463 quod
2673 4389 2796 4462 ipsa
2815 4390 3120 4458 abdiderit,
3147 4391 3256 4446 hoc
3279 4391 3558 4446 miracula
3577 4407 3702 4446 non

1983 4484 2042 4558 D
2067 4487 2343 4542 tacerent.
3524 4525 3526 4527 ,

2141 4581 2432 4650 27.1taque
2447 4581 2712 4633 matrona
2730 4575 2976 4633 Gislaadi
2994 4576 3509 4649 proceris,nomine
3523 4577 3706 4646 Bella,

2069 4671 2170 4727 sed
2195 4674 2370 4744 longa
2391 4673 2643 4727 caecitate
2665 4671 3008 4740 miserrima,
3037 4671 3260 4743 rogavit
3280 4687 3338 4726 se
3365 4671 3438 4727 de
3463 4671 3712 4728 Francia

2067 4765 2308 4820 Pictavis
2334 4766 2407 4820 ad
2438 4768 2648 4821 sanctae
2681 4766 2810 4820 duci
2841 4765 3044 4820 devote
3071 4765 3459 4836 praesentiam.
3489 4766 3704 4834 Quam,

2067 4860 2202 4914 licet
2225 4859 2388 4914 tarde
2407 4863 2658 4928 exorata,
2683 4859 2792 4915 sibi
2813 4859 2948 4914 fecit
2969 4858 3189 4914 occurri
3208 4875 3314 4930 per
3329 4861 3494 4914 tetra;
3515 4859 3706 4915 noctis

2069 4975 2288 5048 Saepius
2314 4976 2372 5030 in
2395 4975 2710 5048 posteriore
2727 4975 2947 5048 aedium
2963 4978 3125 5048 parte
3141 4977 3421 5048 locatum.
3435 4977 3710 5034 Porticia-

2067 5047 2265 5118 ria'est
2285 5047 2412 5118 quae
2432 5064 2628 5102 curam
2651 5049 2826 5102 habet
2841 5047 3153 5118 recipiendi
3174 5065 3244 5101 ea
3264 5063 3390 5118 quae
3411 5047 3468 5102 in
3492 5063 3704 5104 mona-

2066 5117 2723 5190 sterium’deportantur,
2749 5123 2806 5173 et
2817 5117 3248 5190 transmittendi
3268 5117 3396 5189 quin
3413 5119 3710 5176 transmit-

2065 5193 2281 5262 tuntur,
2317 5189 2486 5262 vulgo
2517 5191 2571 5244 la
2587 5193 2820 5245 tourié-re
2848 5193 2913 5244 ut
2941 5189 3242 5262 Menardus
3268 5193 3464 5245 nOster
3491 5191 3706 5262 probat

2065 5261 2122 5314 in
2147 5261 2432 5332 Concord.
2469 5261 2692 5332 Regul.,
2717 5260 2996 5332 cap.6l,r§
3030 5261 3112 5332 14.

2135 5331 2212 5404 (d)
2242 5332 2388 5404 Quid
2413 5331 2896 5404 sitaquamanile,
2931 5331 3202 5404 discimus
3233 5347 3300 5385 ex
3339 5331 3540 5404 ordine
3580 5333 3702 5390 Bo-

2063 5401 2259 5474 mano,
2290 5401 2388 5457 ubi
2413 5401 2578 5474 agit;
2597 5403 2846 5474 qualiter
2883 5403 3294 5457 celebrandum
3335 5403 3407 5457 sit
3436 5403 3700 5460 officium

2062 5473 2280 5529 missae:
2311 5473 2679 5544 aquamanile,
2711 5477 2806 5529 hoc
2837 5479 2915 5530 est
2948 5489 3046 5529 vas
3075 5476 3347 5538 manuale,
3396 5475 3574 5545 pelvis
3603 5477 3692 5531 ni-

2063 5545 2274 5618 mirum
2306 5547 2471 5618 aptus
2503 5545 2853 5618 excipiendis
2881 5545 3040 5618 aquis
3063 5562 3130 5618 ex
3151 5561 3430 5618 manuum
3451 5546 3696 5603 lotione.

2063 5615 2453 5689 lsidorus,lib.
2485 5633 2524 5671 II
2553 5615 2727 5684 ofﬁc.,
2756 5633 2878 5689 cap.
2911 5615 3011 5672 f0:
3043 5617 3131 5672 Ab
3171 5617 3548 5672 archidiacono
3581 5635 3704 5688 scy-

2055 5688 2408 5759 phumaquz
2446 5705 2563 5743 cum
2587 5688 2930 5759 aquamanili
2959 5694 3010 5743 et
3050 5689 3449 5758 manutergium
3489 5693 3696 5759 accipi-

2059 5707 2225 5758 pnum
2251 5707 2408 5757 aqua
2446 5707 2563 5743 cum
2587 5707 2929 5759 aqua-manui
2959 5707 3010 5743 ϐε
3050 5707 3449 5758 τηαηῑιῑσνρηιῖη
3489 5707 3604 5745 CCCI
3649 5709 3696 5744 ῑ-

2059 5773 2197 5884 νηπιεὲ
2225 5758 2528 5886 Μὲἒῗαῗτεο
2553 5760 2920 5832 aquamanile
2945 5775 3075 5816 cmn
3095 5759 3324 5818 urceolo
3341 5777 3374 5816 a
3401 5707 3701 5820 nonnuﬁis

2061 5845 2168 5885 con
2195 5845 2272 5885 un
2434 5870 2447 5886 .

2061 5845 2188 5885 00m
2195 5845 2447 5886 unaitur.
