4058 6190
249 281 346 332 661

1567 271 1734 326 V'lTA.
1779 271 1975 329 LIBER
2022 271 2286 328 PRIMUS.

3499 275 3599 326 662

238 379 481 441 silentia.
508 380 789 439 Prostrata
806 377 968 453 cuius
993 377 1064 436 ad
1092 393 1279 452 genua
1299 381 1363 436 ut
1389 377 1720 451 dignaretur
1747 395 1876 435 ocu-
1897 389 1956 464 Α
2045 384 2132 438 32.
2164 380 2314 436 Goda
2344 377 2530 452 puella
2558 377 2856 450 saecularis,
2881 382 3005 452 post
3032 379 3145 436 Deo
3173 378 3452 436 monacha
3479 396 3598 438 ser-

236 479 324 534 los
353 478 472 550 ejus
495 477 740 550 signare,
778 475 872 531 vix
901 475 1188 547 impetrat.
1235 475 1372 540 Quae
1407 490 1540 529 mox
1586 478 1648 528 ut
1681 474 1738 529 in
1763 491 1868 529 no-

237 573 396 628 mine
421 571 627 627 Christi
652 571 880 643 signum
906 569 1086 625 crucis
1116 569 1419 641 impressit,
1446 568 1664 624 czecitas
1702 569 1868 640 fugit,

234 668 338 722 lux
364 665 569 733 rediit,
598 669 654 720 et
693 669 970 720 nocturno
998 664 1102 718 sub
1139 668 1395 736 tempore
1431 663 1586 718 orbae
1628 663 1726 717 diu
1753 663 1872 717 dies

233 759 454 816 illuxit:
483 761 564 816 ita
587 765 652 815 ut
670 763 848 814 tracta
873 775 1005 814 cum
1031 757 1295 829 venisset,
1327 757 1484 812 nullo
1512 757 1750 812 ducente
1777 773 1869 812 re-

230 853 483 910 cederet.

301 951 397 1003 28.
453 949 595 1002 Item
639 947 829 1018 puella
859 945 1192 1016 Fraiﬂedis,
1245 944 1477 1000 inimico
1528 944 1866 1015 instigante,

229 1043 375 1097 dum
403 1044 764 1114 torqueretur
789 1045 906 1096 tam
934 1041 1200 1112 nequiter
1223 1056 1405 1094 sacras
1443 1038 1576 1111 [Al.,
1611 1037 1864 1110 Suaedas]

231 1137 390 1190 inter
415 1152 615 1190 manus
649 1139 876 1204 sanctae,
909 1151 1012 1189 nec
1043 1135 1172 1188 data
1208 1133 1494 1202 dilatione,
1527 1133 1710 1188 curari
1736 1148 1869 1203 pro-

229 1229 470 1284 meruit.
513 1231 620 1284 Nec
645 1229 778 1284 illuc
819 1232 1210 1299 praetereatur,
1251 1231 1475 1298 tempus
1512 1227 1693 1282 beatae
1719 1226 1871 1297 quod

227 1323 520 1394 praestitit.
538 1323 662 1393 (Sic)
673 1365 685 1377 .
703 1321 933 1377 Femina
946 1322 1209 1393 quaedam
1223 1321 1467 1376 Leubilis
1483 1321 1620 1376 dum
1640 1335 1868 1374 vexare-

230 1421 330 1470 tur
350 1417 415 1470 in
432 1431 567 1470 rure
580 1415 649 1470 ab
672 1415 990 1470 adversario
1005 1415 1271 1486 graviter,
1288 1415 1544 1486 sequenti
1567 1414 1657 1469 die
1677 1416 1866 1467 sancta

230 1512 457 1577 orante,
496 1526 636 1564 nova
673 1509 879 1564 Christi
916 1509 1206 1564 curatione
1245 1509 1304 1563 in
1343 1509 1571 1580 scapula
1607 1510 1871 1578 crepante

227 1607 361 1658 cute
387 1644 403 1669 ,
464 1608 521 1658 et
568 1619 760 1658 verme
812 1603 961 1658 foras
1012 1606 1283 1672 exeunte,
1334 1619 1469 1657 sana
1516 1606 1601 1657 est
1653 1600 1872 1656 reddita

228 1696 464 1768 publice
487 1715 504 1766 ;
545 1702 602 1752 et
623 1697 812 1770 ipsum
839 1713 1090 1752 vermem
1132 1697 1350 1752 calcans
1381 1697 1523 1768 pede
1549 1695 1787 1750 liberata
1811 1709 1870 1748 se

233 1791 455 1847 retulit.

295 1888 394 1940 29.
438 1886 581 1941 Illud
621 1886 771 1957 quod
817 1885 990 1956 gessit
1031 1886 1089 1939 in
1143 1887 1356 1941 secreto
1379 1927 1394 1952 ,
1433 1883 1754 1956 proferatur
1807 1883 1868 1937 in

225 1980 536 2050 populum.
558 1980 829 2034 Monacha
849 1979 1110 2050 quaedam
1137 1984 1256 2034 toto
1282 1995 1452 2048 anno,
1484 1978 1542 2034 in
1569 1978 1658 2032 die
1687 1977 1870 2049 gelata

225 2072 472 2145 frigore,
521 2090 625 2145 per
668 2077 892 2128 noctem
936 2076 1180 2128 cremata
1229 2072 1369 2143 igni,
1425 2088 1522 2127 sex
1576 2071 1869 2127 mensibus

225 2183 331 2221 nec
361 2183 620 2238 gressum
645 2184 898 2236 movens,
930 2184 1067 2221 cum
1088 2167 1302 2238 jaceret
1327 2166 1618 2233 exanimis,
1653 2167 1868 2221 Sanctae

225 2260 294 2316 de
337 2261 466 2331 ejus
503 2260 831 2316 inﬁmitate
870 2277 1034 2315 soror
1069 2261 1243 2315 altera
1285 2260 1579 2315 nuntiavit.
1632 2261 1698 2314 Et
1735 2259 1869 2330 quia

223 2354 524 2426 perinanis
584 2360 765 2423 esset,
835 2354 1086 2426 tepidam
1145 2353 1267 2408 ﬁeri
1333 2353 1629 2424 praecipit,
1684 2353 1866 2424 ipsam

226 2453 513 2519 mgrotam
538 2449 608 2504 ad
633 2465 692 2504 se
716 2449 848 2504 facit
872 2449 930 2502 in
957 2448 1156 2503 cellula
1191 2448 1476 2520 deportari
1511 2452 1566 2502 et
1593 2447 1652 2501 in
1679 2449 1868 2519 tepida

225 2542 465 2612 deponi.
521 2542 657 2597 Hinc
699 2542 864 2613 jubet
917 2557 1113 2596 omnes
1165 2541 1482 2608 removeri,
1533 2546 1866 2597 remanente

223 2639 460 2690 tantum
509 2637 624 2690 sola
677 2635 846 2690 simul
893 2640 1108 2707 aegrota
1162 2651 1292 2689 cum
1339 2634 1556 2689 medica
1598 2635 1714 2689 fere
1761 2652 1865 2706 per

224 2729 405 2784 horas
454 2729 614 2785 duas.
657 2731 944 2794 Quantum
979 2734 1060 2783 est
1097 2729 1344 2800 corporis
1387 2728 1571 2782 forma
1608 2745 1640 2781 a
1684 2729 1866 2799 capite

223 2839 415 2894 usque
465 2824 537 2877 ad
586 2824 837 2894 plantam
867 2865 880 2891 ,
930 2823 1156 2876 inﬁrma
1198 2822 1453 2877 membra
1500 2822 1862 2892 combajulat.

224 2917 453 2972 Dehinc
499 2933 856 2988 quomanus
894 2917 1242 2988 attingebat,
1301 2917 1553 2989 fugiebat
1595 2917 1752 2971 dolor
1795 2917 1864 2972 de

221 3009 539 3082 languida;
568 3015 624 3065 et
651 3027 820 3082 quam
865 3011 992 3065 duae
1021 3011 1426 3082 deposuerant,
1459 3009 1596 3066 exiit
1628 3010 1865 3064 salubris

1969 476 2159 544 viens,
2192 475 2328 530 dum
2367 474 2538 545 longo
2564 474 2666 527 sub
2697 479 2988 544 tempore,
3022 474 3166 530 lecto
3205 473 3404 530 ﬂebilis
3427 475 3598 530 decu—

1971 572 2150 639 baret,
2175 574 2230 624 et
2256 569 2511 640 impenso
2534 568 2712 622 multo
2739 568 3112 623 medicamine
3135 570 3260 640 plus
3283 572 3596 641 langueret,

1972 666 2118 720 facta
2159 662 2390 718 candela
2429 663 2499 716 ad
2535 678 2861 717 mensuram
2906 679 3024 716 suae
3067 668 3315 734 staturae,
3363 665 3599 719 Domino

1971 758 2278 814 miserante
2325 757 2384 810 in
2442 757 2671 811 nomine
2721 761 2930 811 sanctae
2979 757 3244 826 feminze,
3301 775 3411 830 qua
3461 760 3600 814 hora

1971 853 2149 925 frigus
2199 851 2469 922 spiraret,
2527 852 2719 906 lumen
2775 851 3029 906 accendit
3070 855 3126 906 et
3168 852 3380 921 tenuit,
3439 854 3600 924 cujus

1969 945 2240 1002 beneﬁcio
2266 949 2396 1000 ante
2426 946 2619 1017 fugata
2661 948 2794 999 sunt
2816 945 3064 1016 frigora,
3092 962 3264 1017 quam
3289 951 3434 1002 esset
3459 964 3594 1001 can-

1970 1041 2092 1096 dela
2123 1044 2478 1110 consumpta.

2041 1137 2128 1190 33.
2168 1135 2224 1189 Si
2255 1138 2481 1204 propter
2515 1133 2847 1190 brevitatem
2888 1134 3066 1189 multa
3113 1134 3597 1205 prxetermittimus

1967 1229 2098 1300 plus
2142 1245 2456 1298 peccamus.
2508 1227 2682 1299 Igitur
2730 1228 2986 1299 purgatis
3035 1228 3300 1284 velociter
3345 1230 3597 1300 reliquis,

1971 1323 2144 1377 dilato
2187 1322 2477 1388 remedio,
2530 1322 2866 1392 carpentarii
2921 1323 3214 1393 cujusdam
3267 1340 3408 1378 uxor
3460 1324 3598 1378 dum

1970 1415 2230 1487 plurimis
2246 1415 2443 1470 diebus
2456 1431 2847 1486 energumeno
2861 1415 2966 1487 (sic)
2984 1420 3359 1487 torqueretur,
3373 1434 3601 1472 venera-

1970 1510 2094 1564 bilis
2122 1510 2244 1580 ejus
2273 1509 2553 1563 abbatissa
2585 1510 2656 1580 (a)
2683 1510 3012 1580 joculariter
3042 1511 3174 1565 dicit
3203 1511 3272 1564 ad
3301 1517 3552 1565 sanctam
3577 1531 3591 1568 :

1969 1603 2162 1670 Crede,
2193 1607 2394 1672 mater,
2419 1603 2846 1657 excommunico
2870 1608 2946 1673 te,
2970 1605 3014 1656 si
3043 1605 3190 1658 intra
3215 1605 3319 1659 hoc
3345 1606 3599 1660 triduum

1971 1697 2174 1750 mulier
2217 1697 2336 1750 haec
2380 1696 2449 1750 ab
2498 1696 2656 1751 hoste
2696 1701 2937 1768 purgata
2980 1714 3097 1751 non
3138 1698 3411 1754 redditur.
3454 1700 3603 1754 Dixit

1887 1776 1942 1846 B
1967 1791 2155 1861 plane,
2177 1790 2272 1844 sed
2296 1789 2427 1845 fecit
2446 1795 2698 1844 sanctam
2729 1789 3028 1845 mulierem
3058 1792 3273 1846 occulte
3301 1792 3594 1848 reﬁciendi

1970 1887 2222 1954 tempore
2248 1883 2636 1954 ptenitentem.
2655 1884 2813 1948 Quod
2839 1901 2910 1939 ne
2938 1901 3230 1939 moremur
3247 1887 3384 1957 quid
3406 1891 3598 1942 actum

1969 1977 2060 2047 sit,
2101 1979 2275 2032 altera
2315 1977 2405 2032 die
2447 1981 2638 2031 sancta
2677 1982 2942 2048 precante
2983 1978 3337 2033 adversarius
3367 1981 3600 2051 rugiens

1971 2087 2071 2142 per
2120 2087 2315 2125 aurem
2365 2070 2683 2143 egrediens,
2731 2070 2991 2124 invasum
3028 2072 3318 2126 vasculum
3369 2073 3596 2142 deserit,

1970 2164 2176 2218 mulier
2221 2182 2352 2219 cum
2400 2165 2605 2219 marito
2657 2181 2848 2236 sospes
2902 2164 3049 2220 redit
3100 2165 3435 2236 hospitium.
3489 2169 3600 2223 Nec

1968 2259 2101 2312 illud
2134 2263 2504 2329 praetereatur
2528 2259 2679 2330 quod
2707 2262 3002 2314 estactum
3022 2259 3396 2314 simillimum.
3419 2262 3602 2331 Rogat

1966 2352 2290 2407 beatissima
2319 2353 2388 2407 de
2413 2353 2534 2407 loco
2561 2369 2665 2407 suo
2693 2352 2853 2408 evelli
2877 2352 3139 2407 arborem
3161 2353 3406 2408 validam
3431 2356 3596 2425 lauri,

1967 2451 2022 2500 et
2047 2447 2116 2500 ad
2142 2463 2304 2500 suam
2332 2446 2594 2502 cellulam
2629 2463 2731 2518 pro
2750 2445 3106 2517 jucunditate
3137 2447 3447 2503 transferri.
3479 2451 3600 2514 Quo

1965 2539 2130 2607 facto,
2171 2541 2604 2611 transplantata,
2646 2557 2762 2595 non
2801 2541 3125 2597 adhaerente
3155 2542 3359 2612 radice,
3395 2542 3459 2598 ﬁt
3484 2547 3600 2598 tota

1966 2633 2111 2688 foliis
2141 2634 2316 2688 arida.
2357 2635 2458 2689 Cui
2498 2635 2774 2689 abbatissa
2804 2636 3133 2705 joculariter
3171 2636 3433 2707 imputat,
3488 2637 3599 2692 nisi

1966 2731 2319 2800 exoraret'ut
2354 2727 2521 2782 arbor
2550 2731 2716 2782 terra;
2753 2729 3088 2798 adhaereret,
3122 2746 3180 2784 se
3217 2730 3286 2785 de
3317 2729 3439 2784 cibo
3469 2746 3594 2784 sus-

1965 2821 2258 2892 penderet.
2291 2822 2447 2885 Quod
2478 2838 2593 2875 non
2629 2821 2872 2877 inaniter
2903 2823 3115 2878 dictum
3141 2827 3262 2877 est:
3293 2825 3432 2878 Nam
3461 2840 3594 2878 san-

1965 2919 2054 2969 cta
2077 2915 2479 2986 intercedente,
2517 2915 2684 2986 foliis,
2729 2916 2923 2984 ramis,
2955 2917 3141 2972 radice
3180 2918 3372 2971 laurus
3397 2917 3596 2973 siccata

1967 3009 2217 3063 reviruit.

222 3105 294 3158 de
328 3103 540 3174 tepida.
570 3105 706 3168 Quae
741 3103 939 3159 vinum
975 3121 1079 3158 nec
1115 3104 1402 3172 odorabat,
1441 3104 1672 3175 accepit,
1701 3104 1862 3171 bibit,
1885 3144 1940 3218 Ο
2039 3105 2219 3158 34.οθ
2239 3103 2625 3158 monachabus
2645 3104 2910 3174 quiedam
2932 3103 3038 3158 sibi
3059 3103 3408 3172 familiarior,
3436 3105 3597 3176 cujus

222 3202 278 3252 et
313 3197 527 3252 refecta
569 3202 671 3252 est.
710 3197 854 3262 Quid
893 3198 1100 3269 plura?
1130 3197 1398 3270 Sequenti
1440 3198 1528 3252 die
1571 3214 1702 3252 cum
1739 3198 1862 3268 jam

223 3295 554 3363 speraretur
594 3289 710 3363 [pro
730 3291 1073 3362 crederetur]
1098 3291 1345 3364 migrare
1366 3292 1434 3346 de
1455 3292 1656 3346 saeculo
1681 3334 1694 3362 ,
1719 3292 1865 3346 salva

224 3385 506 3456 processit
533 3385 594 3439 in
621 3385 932 3456 publicum.

295 3480 393 3532 30.
445 3477 755 3548 Adjiciatur
804 3479 956 3533 laudi
1006 3479 1155 3549 quod
1210 3495 1322 3532 non
1368 3478 1588 3549 deperit
1635 3477 1862 3533 merito.

224 3569 433 3624 Mulier
456 3571 719 3641 qutedam
741 3571 879 3625 dum
898 3571 1116 3626 inimici
1139 3571 1426 3626 invasione
1448 3571 1693 3642 graviter
1712 3571 1865 3625 labo-

225 3667 403 3730 raret,
434 3668 488 3717 et
515 3663 605 3718 vix
631 3664 700 3718 ad
728 3669 981 3719 sanctam
1008 3665 1318 3735 potuissent
1345 3665 1565 3719 hostem
1592 3665 1864 3720 rebellem

225 3756 551 3825 adducere;
612 3757 860 3828 imperat
919 3758 1276 3826 adversario,
1333 3763 1396 3813 ut
1451 3775 1510 3813 se
1569 3775 1670 3812 suo
1733 3776 1864 3814 cum

226 3851 438 3904 timore
463 3849 785 3920 pavimento
821 3855 1221 3922 prosterneret.
1261 3853 1382 3906 Mox
1423 3852 1493 3906 ad
1531 3852 1708 3907 beatas
1744 3870 1861 3907 ser-

225 3959 465 3997 monem
513 3943 569 3997 in
622 3949 832 3998 terram
887 3961 945 4000 se
995 3945 1299 4015 dejiciens,
1356 3945 1453 4015 qui
1516 3945 1860 4016 timebatur,

223 4036 518 4091 extimuit.
563 4037 666 4092 Cui
707 4043 893 4093 sancta
943 4039 1112 4109 plena
1154 4038 1264 4093 ﬁde
1315 4054 1446 4092 cum
1494 4039 1762 4093 calcasset
1803 4040 1862 4092 in

224 4130 480 4198 cervice,
512 4130 669 4184 ﬂuxu
705 4132 914 4186 ventris
955 4149 1212 4204 egressus
1251 4136 1354 4187 est.
1395 4133 1489 4186 Est
1527 4136 1582 4186 et
1609 4132 1668 4185 in
1695 4133 1864 4186 rebus

226 4224 488 4278 minimis
532 4241 742 4296 magna
787 4225 969 4296 gloria
1016 4227 1296 4282 creatoris.
1355 4228 1504 4297 Ergo
1554 4244 1685 4280 casu
1733 4243 1865 4282 cum

228 4317 459 4388 glomus
499 4333 667 4388 quem
707 4323 899 4374 sancta
937 4319 1208 4389 ﬁlaverat,
1251 4320 1629 4390 perpenderet
1668 4321 1736 4374 de
1773 4338 1860 4374 ca-

228 4426 410 4477 mera,
451 4411 684 4465 veniens
727 4428 889 4466 sorex
930 4415 995 4466 ut
1039 4417 1316 4484 tangeret,
1359 4418 1664 4485 antequam
1702 4415 1863 4469 ﬁlum

227 4503 529 4570 incideret,
556 4508 812 4558 mortuus
841 4504 898 4558 in
927 4521 1118 4560 morsu
1146 4505 1433 4576 pependit.

304 4600 392 4651 3t.
424 4598 712 4652 lnseratur
749 4598 904 4669 operi
943 4615 1028 4654 res
1055 4603 1172 4654 tam
1202 4600 1378 4671 digna
1411 4599 1707 4654 miraculo.
1739 4599 1859 4654 Flo-

231 4690 382 4745 reius
419 4690 648 4762 quidam
697 4692 946 4762 nomine,
983 4693 1154 4746 homo
1201 4693 1456 4763 ejusdem
1493 4699 1719 4762 sanctae,
1762 4711 1863 4764 pro

233 4783 540 4854 piscatione
571 4785 706 4839 dum
733 4785 792 4839 in
823 4803 976 4840 mare
1003 4791 1303 4858 satageret,
1345 4787 1538 4842 oborto
1565 4791 1863 4842 ventorum

232 4877 502 4946 turbine,
548 4877 824 4934 ﬂuctuum
871 4883 1141 4952 surgente
1186 4880 1333 4935 mole
1359 4923 1372 4948 ,
1414 4897 1517 4935 nec
1554 4885 1667 4935 tam
1697 4887 1867 4936 nauta

232 4968 556 5028 sentinante
585 4972 888 5042 [sentinam
927 4973 1204 5046 ejiciente]
1240 5016 1252 5043 ,
1282 4990 1453 5045 quam
1479 4975 1635 5027 unda
1666 4991 1864 5046 super-

232 5069 524 5136 vergente,
567 5081 698 5120 cum
747 5066 902 5120 navis
941 5068 1108 5138 plena
1154 5067 1636 5138 submergeretur,
1677 5067 1735 5121 in
1777 5085 1869 5122 ex-

237 5157 522 5213 tremitate
573 5159 820 5214 clamat:
881 5160 1084 5215 Sancta
1139 5161 1527 5232 Radegundis,
1583 5162 1718 5216 dum
1767 5161 1868 5216 tibi

236 5251 572 5321 obedimus,
616 5270 728 5306 non
778 5253 1131 5308 subsidamus
1174 5255 1490 5325 naufragio,
1546 5255 1643 5309 sed
1680 5255 1868 5310 obtine

234 5345 387 5414 apud
415 5346 592 5400 Deum
627 5352 686 5401 ut
710 5347 1017 5402 liberemur
1043 5348 1110 5402 de
1137 5348 1355 5419 pelago.
1381 5349 1500 5412 Quo
1528 5348 1694 5417 dicto,
1735 5365 1869 5403 mox

240 5439 434 5510 fugata
462 5439 632 5510 nube,
657 5441 873 5496 reddita
898 5441 1217 5511 serenitate,
1245 5443 1395 5497 unda
1421 5443 1672 5509 cadente,
1702 5459 1871 5514 prora

241 5533 506 5588 surrexit.

315 5677 386 5746 (a)
415 5680 547 5761 Non
559 5695 695 5761 ergo
715 5680 1104 5761 Radegundis,
1128 5684 1200 5761 ut
1214 5679 1448 5761 quidam
1465 5684 1751 5761 asserunt,
1775 5683 1872 5761 sed

248 5751 432 5823 Agnes
459 5750 737 5806 abbatissa
774 5750 914 5819 erat,
958 5753 1108 5823 quod
1154 5752 1325 5807 etiam
1355 5769 1424 5806 ex
1465 5753 1766 5808 Fortunato
1811 5753 1870 5808 in

247 5819 342 5875 lib.
363 5837 482 5890 vm,
501 5838 624 5893 cap.
645 5826 698 5894 8,
721 5823 789 5880 de
813 5819 1164 5895 Virginitate,
1193 5823 1486 5880 manifeste
1502 5830 1736 5896 apparet
1749 5829 1872 5881 tum

1965 3219 2031 3258 ex
2066 3203 2305 3257 humore
2343 3202 2573 3273 sanguis
2598 3207 2923 3257 contexerat
2952 3203 3213 3271 oculum,
3242 3204 3597 3275 apprehensa

1964 3297 2140 3353 herba
2165 3296 2484 3366 absynthio,
2512 3313 2686 3367 quam
2715 3301 2906 3350 sancta
2945 3296 3090 3351 circa
3118 3301 3312 3367 pectus
3342 3301 3404 3351 ut
3429 3297 3596 3351 refri-

1965 3394 2186 3463 geraret
2204 3390 2496 3457 habuerat,
2525 3406 2658 3442 cum
2676 3406 2845 3460 super
2864 3390 3092 3443 oculum
3114 3389 3322 3460 posuit,
3350 3391 3511 3446 dolor
3537 3395 3597 3445 et

1965 3501 2130 3537 cruor
2168 3501 2299 3537 mox
2340 3482 2579 3553 effugit;
2621 3487 2676 3536 et
2715 3483 2784 3537 de
2825 3483 3100 3538 viriditate
3143 3483 3336 3538 herbae
3375 3483 3592 3553 puritas

1963 3578 2101 3631 lucis
2118 3577 2368 3631 emicuit.
2392 3578 2704 3631 Revocetur
2721 3576 2999 3630 memoria
3021 3577 3172 3647 quod
3193 3576 3426 3631 tacitum
3445 3593 3593 3648 pene

1965 3673 2254 3744 praeteriit.
2312 3671 2640 3726 Anderedus
2696 3689 2871 3743 agens
2929 3672 3184 3742 ejusdem
3250 3673 3592 3729 beatissima

1963 3784 2084 3821 cam
2137 3765 2239 3820 sibi
2282 3765 2379 3819 filii
2421 3770 2826 3834 nascerentur,
2883 3782 3024 3836 quos
3075 3768 3140 3820 ut
3191 3765 3405 3821 videret
3454 3785 3590 3822 mox

1963 3861 2240 3931 perderet,
2293 3864 2348 3914 et
2397 3859 2669 3929 cogitaret
2712 3858 2949 3930 sepelire
2996 3864 3180 3914 mater
3232 3859 3406 3914 tristis
3453 3861 3592 3916 dum

1964 3957 2204 4024 pareret,
2251 3953 2552 4009 exanimen
2597 3953 2944 4008 infantulum
2985 3955 3282 4026 lacrymosi
3333 3961 3592 4026 parentes

1955 4047 2171 4117 jactant
2220 4047 2279 4100 in
2322 4051 2528 4101 sanctae
2582 4047 2848 4102 cilicium.
2901 4048 3007 4111 Qui
3048 4053 3113 4102 ut
3163 4049 3590 4104 saluberrimam

1963 4144 2172 4195 vestem
2199 4157 2332 4196 mox
2360 4141 2533 4212 panni
2561 4141 2763 4196 nobilis
2795 4141 3016 4211 attigit,
3045 4142 3114 4195 ad
3143 4141 3392 4196 ofﬁcium
3423 4144 3591 4198 vitale

1964 4235 2108 4289 redit
2125 4234 2308 4289 infans
2329 4235 2397 4289 de
2417 4234 2637 4304 funere,
2665 4240 2722 4290 et
2746 4234 2954 4289 rubens
2979 4235 3121 4290 levat
3137 4235 3203 4289 de
3223 4235 3389 4306 pallio
3412 4237 3591 4306 pallor

1964 4328 2182 4382 vicinus
2209 4328 2279 4381 ad
2308 4329 2613 4383 tumulum.

2032 4424 2121 4475 35.
2154 4421 2286 4484 Quis
2312 4426 2576 4475 numeret
2595 4419 2876 4474 mirabilia
2895 4436 3022 4491 quae
3049 4419 3255 4474 Christi
3276 4421 3594 4477 misericors

1884 4515 1942 4586 D
1966 4518 2232 4585 operatur
2263 4513 2561 4568 clementia
2580 4514 2607 4567 ?
2635 4512 2858 4566 Animia
2895 4513 3179 4567 monacha
3206 4513 3344 4568 dum
3373 4520 3593 4572 tantum

1961 4607 2229 4679 hydropis
2255 4607 2452 4662 morbo
2482 4607 2784 4660 tumefacta
2805 4606 3152 4674 tenderetur,
3181 4611 3247 4662 ut
3272 4610 3420 4664 salus
3446 4616 3592 4666 esset

1965 4701 2020 4755 in
2050 4701 2272 4767 ultimo,
2312 4705 2368 4755 et
2405 4701 2688 4771 deputatae
2733 4716 2950 4754 sorores
2979 4704 3302 4772 spectarent
3330 4720 3442 4774 quo
3469 4722 3592 4759 mo-

1965 4799 2155 4849 mento
2183 4795 2471 4849 exhalaret
2505 4793 2790 4865 spiritum,
2828 4794 2946 4848 visa
2972 4799 3056 4848 est
3085 4794 3166 4848 illi
3203 4812 3304 4866 per
3334 4813 3596 4868 50porem

1965 4905 2096 4943 cum
2123 4888 2437 4943 veneranda
2463 4888 2738 4943 abbatissa
2767 4889 2933 4942 beata
2968 4889 3352 4960 Radegundis,
3389 4892 3447 4945 in
3475 4891 3594 4947 bal-

1969 4999 2074 5037 neo
2116 4983 2234 5037 sine
2265 4981 2485 5053 liquore
2519 4983 2729 5037 nudam
2749 4982 2951 5053 jubere
2979 4982 3338 5037 descendere.
3385 4985 3596 5042 Deinde

1967 5093 2171 5130 manus
2215 5077 2398 5132 Beata:
2441 5075 2559 5130 visa
2599 5082 2682 5132 est
2724 5077 2911 5130 oleum
2957 5080 3186 5147 aegrota:
3231 5093 3401 5149 super
3430 5085 3602 5153 caput

1970 5164 2278 5232 effundere,
2332 5170 2388 5221 et
2439 5183 2582 5220 nova
2631 5170 2783 5221 veste
2833 5170 3154 5237 contegere.
3203 5169 3321 5232 Quo
3373 5177 3595 5240 peracto

1971 5261 2259 5331 mysterio,
2291 5259 2575 5332 evigilanti
2603 5260 2670 5315 de
2696 5277 2894 5330 sopore
2923 5260 2991 5314 de
3023 5262 3220 5316 morbo
3249 5264 3392 5318 nihil
3418 5283 3592 5337 appa-

1971 5354 2102 5424 ruit,
2133 5355 2209 5410 ita
2238 5359 2300 5409 ut
2339 5371 2443 5409 nec
2470 5354 2845 5423 subsudasset,
2891 5358 2949 5410 et
2978 5355 3131 5410 intus
3160 5375 3307 5429 aqua
3332 5375 3596 5414 consum-

1971 5452 2069 5520 pta
2095 5449 2184 5504 sit.
2213 5450 2332 5512 Quo
2354 5464 2499 5501 novo
2527 5447 2629 5501 sub
2653 5447 2930 5502 miraculo
2959 5466 3074 5504 non
3097 5451 3329 5523 reliquit
3353 5452 3411 5506 in
3436 5456 3598 5506 utero

1972 5559 2075 5598 nec
2109 5542 2294 5597 morbi
2323 5541 2640 5614 vestigium.
2684 5543 2824 5596 Nam
2863 5560 2991 5614 quze
3028 5545 3364 5602 credebatur
3391 5545 3597 5599 deferri

1972 5683 2142 5738 etiam
2187 5700 2255 5738 ex
2294 5684 2391 5739 lib.
2433 5701 2470 5739 n
2511 5685 2672 5754 Vitae,
2717 5685 2883 5751 infra,
2925 5703 3088 5741 num.
3127 5691 3178 5741 5.
3219 5686 3363 5754 Lege
3404 5701 3598 5742 rursus

1975 5757 2362 5826 Fortunatum,
2397 5757 2455 5811 in
2482 5757 2578 5812 lib.
2615 5775 2731 5825 vni,
2756 5773 2931 5811 carm.
2962 5759 3014 5823 4,
3044 5755 3143 5826 qui
3174 5754 3420 5810 carmine
3444 5760 3496 5827 3,
3527 5758 3595 5815 de

1971 5827 2203 5898 Agnetis
2231 5829 2480 5887 natalitio
2510 5828 2843 5902 Radegundi
2873 5827 3207 5897 gratulatur.
