4058 6190
406 222 506 274 663

1389 220 1642 275 SANCTA
1683 221 2122 289 RADEGUNDIS,
2165 222 2414 280 REGINA
2451 225 2777 282 ΡΗΑΝΟΙΑΞ.

3659 237 3768 293 864

405 342 658 400 praeceps
681 328 752 384 ad
779 327 1086 396 tumulum,
1115 327 1260 382 levat
1279 327 1349 382 ad
1375 343 1604 382 cursum
1628 327 1698 382 de
1723 328 1949 396 lectulo,
1972 334 2034 384 ut
2053 342 2112 416 Α
2206 333 2293 386 38.
2341 332 2827 390 Commemoratur
2873 337 2930 391 et
2977 335 3116 392 illud
3165 339 3356 396 nobile
3399 341 3615 399 factum
3665 361 3772 417 per

407 421 518 476 olei
574 421 960 476 testimonium
1021 421 1159 475 odor
1213 420 1422 476 inesset
1469 421 1668 492 capitis
1719 425 1776 476 et
1823 423 2034 478 ventris

409 515 566 572 nulla
589 514 880 588 pernicies.

477 613 568 666 36.
619 608 942 664 Proferatur
989 607 1048 662 in
1097 607 1284 663 medio
1328 623 1442 679 quo
1489 610 1802 681 gratuletur
1853 611 2029 682 regio.

409 703 660 769 Quadem
705 703 824 756 vice
868 701 1243 758 obumbrante
1283 703 1406 774 jam
1457 705 1639 760 noctis
1680 705 2030 777 crepusculo,

409 799 555 854 inter
589 796 879 851 choraulas
915 795 986 868 (a)
1017 800 1073 852 et
1105 796 1350 853 citharas
1388 798 1524 853 dum
1563 798 1708 854 circa
1743 803 2030 855 monaste-

405 891 558 946 rium
615 907 649 945 a
695 891 1056 948 smcularibus
1101 892 1282 946 multo
1321 891 1550 948 fremitu
1591 897 1934 964 cantaretur,
1978 897 2034 949 et

405 985 604 1041 Sancta
631 984 847 1040 duabus
872 985 1108 1040 testibus
1127 990 1440 1057 perorasset
1459 986 1692 1055 diutius,
1715 987 1854 1042 dicit
1871 1003 2030 1059 quas-

404 1079 536 1134 dam
565 1079 842 1135 monacha
861 1095 1121 1135 sermone
1132 1080 1372 1152 joculari
1398 1097 1412 1135 :
1446 1080 1702 1148 Domina,
1731 1081 2032 1153 recognovi

403 1189 580 1228 unam
631 1173 698 1229 de
746 1173 888 1228 meis
926 1173 1156 1228 canticis
1195 1173 1526 1229 saltantibus
1571 1173 1886 1246 praedicari.
1930 1174 2032 1230 Cui

405 1267 732 1339 respondit:
781 1267 1002 1324 Grande
1045 1271 1131 1324 est
1178 1268 1222 1322 si
1278 1271 1334 1324 te
1381 1269 1618 1323 delectat
1673 1267 2032 1339 conjunctam

403 1361 666 1434 religioni
684 1361 878 1417 audire
895 1361 1126 1417 odorem
1145 1361 1356 1417 saeculi.
1379 1362 1578 1417 Adhuc
1599 1379 1763 1418 soror
1783 1377 2034 1433 pronun-

403 1455 538 1512 tiat:
573 1458 712 1511 Vere
736 1498 750 1526 ,
799 1455 1072 1525 Domina,
1115 1456 1254 1511 duas
1297 1459 1354 1512 et
1383 1461 1498 1512 tres
1536 1456 1628 1512 hic
1671 1457 1838 1510 modo
1875 1471 2032 1511 meas

405 1550 648 1606 canticas
681 1549 870 1604 audivi
898 1566 1038 1621 quas
1067 1550 1242 1606 tenui.
1278 1550 1482 1606 Sancta
1511 1551 1838 1621 respondit:
1872 1551 2030 1604 Teste

403 1645 517 1700 Deo
553 1642 638 1715 [Id
661 1647 768 1707 est,
809 1647 983 1714 testor
1019 1643 1258 1716 Deum],
1293 1659 1388 1698 me
1429 1643 1570 1698 nihil
1603 1643 1823 1698 audisse
1865 1643 2030 1698 modo

2133 424 2438 482 somnium.
2472 427 2750 484 Tribunus
2781 428 2931 499 ﬁsci,
2971 437 3348 502 cognomento
3379 435 3764 508 Domolenus,

2133 518 2223 574 die
2236 535 2348 592 qua
2367 521 2715 577 sanctissima
2733 522 2998 595 migravit
3012 525 3081 580 de
3103 527 3329 598 saeculo,
3355 529 3492 584 dum
3519 534 3770 602 graviter

2133 613 2511 670 suﬂ‘ocationis
2535 617 2812 687 languore
2838 621 2991 672 totus
3011 619 3293 688 deﬁceret,
3321 623 3618 680 videbatur
3645 626 3768 698 ipse

2133 708 2282 779 quod
2311 713 2506 764 sancta
2535 710 2594 764 in
2635 710 2824 766 vicum
2868 712 2988 783 ejus
3019 715 3388 786 dignabiliter
3415 718 3764 776 accessisset.

2133 802 2338 872 Currit,
2362 803 2588 868 salutat,
2605 805 3066 880 interrogat'quid
3076 809 3238 865 beata
3255 812 3588 883 requireret.
3607 815 3770 870 Tunc

2133 895 2252 966 ipsa
2281 896 2415 952 dicit
2443 897 2592 969 quod
2623 899 2694 954 ad
2713 916 2846 956 eum
2865 899 2975 956 illic
2995 901 3304 958 videndum
3323 906 3667 976 pervenerit.
3695 909 3762 963 Et

2131 989 2265 1062 quia
2291 993 2486 1046 votum
2523 991 2700 1062 plebis
2739 997 2863 1049 erat
2889 998 2955 1048 ut
2995 993 3144 1050 beati
3187 997 3410 1052 Martini
3451 1000 3766 1056 oratorium

2131 1083 2468 1154 conderent;
2502 1086 2878 1156 apprehendit
2907 1088 3124 1143 tribuni
3161 1105 3396 1146 manum
3439 1091 3766 1148 beatissima

2132 1177 2340 1232 dicens:
2361 1179 2472 1232 Hoc
2491 1178 2612 1233 loco
2633 1179 2746 1236 sint
2761 1181 3092 1237 confessoris
3111 1185 3448 1240 veneranda
3463 1185 3724 1258 reliquiae
3741 1207 3758 1256 ;

2133 1285 2234 1342 per
2261 1271 2366 1326 hoc
2398 1271 2666 1328 mdiﬁcate
2695 1275 2974 1345 templum
3003 1277 3156 1347 quod
3185 1276 3290 1331 sibi
3322 1277 3471 1335 dicat
3503 1279 3766 1351 dignissi-

2131 1381 2313 1420 mum.
2345 1365 2520 1430 Quale
2549 1365 2648 1421 Dei
2665 1367 3032 1438 mysterium!
3065 1369 3504 1427 fundamentum
3529 1377 3586 1428 et
3613 1373 3766 1445 pavi-

2131 1461 2388 1514 mentum
2415 1463 2706 1530 repertum
2734 1465 2836 1530 est,
2859 1477 2972 1532 quo
3003 1461 3228 1517 basilica
3255 1463 3400 1519 facta
3431 1469 3534 1520 est.
3557 1467 3764 1522 Adhuc

2131 1551 2188 1606 in
2233 1551 2354 1622 ipso
2399 1569 2596 1624 sopore
2641 1569 2876 1609 manum
2925 1555 3100 1612 trahit
3137 1573 3239 1628 per
3281 1558 3468 1614 fauces
3511 1559 3656 1630 ejus,
3709 1563 3768 1616 et

2133 1645 2324 1717 gulam
2355 1646 2452 1700 diu
2485 1647 2780 1716 deliniens,
2811 1647 3041 1720 insuper
3060 1653 3116 1705 et
3143 1651 3250 1706 hoc
3269 1651 3497 1707 dicens:
3527 1655 3670 1708 Veni
3701 1657 3768 1710 ut

403 1711 659 1798 saeculari
687 1742 756 1796 de
786 1711 1028 1796 cantico.
1053 1711 1596 1796 Unde-manifestum
1631 1745 1736 1808 est,
1771 1745 1834 1796 ut
1861 1711 2106 1796 carneB
2130 1711 2230 1793 tibi
2275 1740 2476 1794 melior
2513 1757 2546 1794 a
2583 1741 2696 1796 Dee
2739 1711 2958 1796 sanitas.
2981 1743 3322 1800 conferatur.
3361 1747 3430 1800 Et
3463 1745 3768 1803 videbatur

401 1835 534 1891 licet
561 1835 620 1890 in
651 1835 880 1904 saeculo,
912 1839 1104 1890 mente
1133 1837 1322 1889 tamen
1357 1839 1500 1890 esset
1529 1835 1590 1890 in
1621 1835 1776 1890 caelo.

471 1933 560 1986 37.
591 1927 932 1984 Prasdicetur
959 1929 1018 1983 in
1050 1928 1214 1983 laude
1255 1927 1479 1996 Christi,
1511 1945 1668 1984 more
1706 1929 1856 1984 beati
1885 1931 2028 1984 Mar-

401 2021 526 2093 tini,
543 2027 798 2094 tempore
819 2021 1105 2094 praesenti,
1129 2021 1346 2094 antiqui
1369 2039 1570 2076 norma
1587 2023 1866 2078 miraculi.
1887 2023 2030 2078 Cum

399 2117 717 2173 beatissima
761 2116 974 2171 femina
1011 2117 1228 2172 reclusa
1269 2120 1412 2172 esset
1449 2116 1508 2170 in
1552 2115 1783 2186 cellula,
1817 2116 2032 2172 audivit

403 2211 600 2268 ﬂetum
630 2211 698 2266 de
730 2211 1006 2266 monacha
1025 2252 1039 2280 ,
1075 2215 1131 2265 et
1160 2210 1308 2281 signi
1347 2213 1500 2265 tactu
1541 2209 1862 2266 venientem
1892 2210 2030 2282 quid

401 2305 542 2362 illud
571 2309 716 2360 esset
743 2305 1075 2376 interrogat.
1116 2305 1252 2368 Quae
1281 2307 1566 2358 mortuam
1597 2320 1844 2358 sororem
1875 2321 2026 2358 nun-

403 2399 558 2454 tiavit
571 2398 730 2454 infan
737 2398 912 2452 tulam
921 2439 935 2466 ,
953 2401 1009 2453 et
1021 2397 1288 2469 frigidam
1304 2414 1416 2469 qua
1429 2398 1732 2466 lavaretur,
1749 2415 1816 2469 pa
1823 2403 2002 2453 ratam
2012 2441 2025 2468 ,

403 2509 522 2549 esse
545 2493 667 2564 jam
699 2491 957 2547 calidam.
980 2491 1294 2546 Condolens
1315 2495 1510 2546 sancta
1529 2495 1666 2546 tunc
1698 2491 1940 2562 imperat
1969 2497 2030 2546 ut

401 2587 636 2643 cadaver
663 2585 840 2656 ipsius
871 2601 1030 2640 suam
1078 2584 1322 2639 deferret
1359 2584 1418 2638 in
1449 2585 1732 2640 cellulam.
1773 2587 1892 2650 Quo
1923 2585 2030 2639 sibi

401 2681 728 2753 deportato,
763 2679 984 2750 excepit
1025 2694 1196 2733 manu
1235 2677 1496 2750 propria,
1531 2679 1777 2734 reclausa
1815 2681 1942 2750 post
1970 2693 2030 2733 se

401 2793 532 2832 mox
556 2775 752 2847 janua,
779 2773 987 2845 jubens
1007 2773 1178 2845 longe
1209 2772 1513 2842 discedere,
1551 2789 1620 2826 ne
1642 2773 1768 2844 quis
1797 2772 2030 2830 sentiret

399 2869 536 2942 quid
564 2871 791 2942 ageret:
825 2867 922 2922 sed
952 2867 1106 2938 quod
1126 2867 1341 2922 occulte
1375 2865 1562 2938 gessit,
1595 2866 1762 2922 celari
1783 2867 1880 2920 diu
1913 2882 2026 2920 non

401 2961 606 3034 potuit.
631 2964 780 3016 Inter
795 2961 918 3014 haec
939 2961 1076 3014 dum
1098 2961 1376 3016 defunctae
1400 2959 1678 3031 exsequias
1709 2976 2032 3031 praeparan-

2131 1834 2209 1887 sic
2239 1849 2480 1906 rogare:
2511 1835 2617 1889 Per
2647 1851 2836 1890 meam
2865 1837 3039 1891 vitam
3077 1841 3138 1892 ut
3163 1841 3397 1910 propter
3425 1856 3516 1894 me
3543 1841 3768 1897 relaxes

2131 1927 2250 1982 illos
2303 1944 2444 1999 quos
2489 1927 2661 1984 habes
2717 1929 2776 1983 in
2841 1947 3088 1986 carcere.
3143 1931 3428 2004 Evigilans
3479 1935 3766 1990 Tribunus

2129 2021 2302 2076 refert
2324 2021 2474 2092 quod
2499 2021 2716 2076 viderat
2745 2023 2972 2094 conjugi
2997 2023 3222 2079 dicens:
3259 2027 3398 2080 Vere
3420 2027 3588 2082 credo
3605 2029 3766 2099 quod

2129 2115 2236 2168 hac
2260 2115 2402 2170 hora
2427 2115 2562 2171 exiit
2579 2118 2772 2170 sancta
2785 2116 2854 2171 de
2879 2118 3106 2172 saeculo.
3139 2117 3344 2190 Dirigit
3369 2120 3438 2174 ad
3470 2119 3762 2176 civitatem

2127 2211 2194 2263 ut
2223 2224 2326 2279 per
2353 2208 2460 2263 hoc
2501 2225 2629 2263 vera
2659 2215 3022 2280 cognosceret
3047 2230 3060 2265 :
3095 2211 3428 2266 transmittit
3464 2213 3536 2268 ad
3565 2230 3764 2268 carce-

2129 2319 2272 2370 rem,
2301 2302 2400 2374 qui
2419 2307 2634 2374 septem
2657 2319 2784 2357 reos
2802 2303 2880 2357 ibi
2903 2303 3156 2358 detentus
3175 2304 3514 2376 admonitus,
3545 2307 3766 2362 relaxa-

2129 2399 2254 2464 ret;
2301 2395 2573 2450 redeunte
2609 2397 2936 2452 transmisso
2979 2398 3155 2453 refert
3199 2415 3264 2454 ea
3307 2399 3446 2453 hora
3483 2401 3766 2472 migrasse

2121 2489 2336 2560 justam
2373 2489 2442 2544 de
2475 2489 2710 2558 sasculo;
2757 2494 2814 2545 et
2855 2490 3060 2561 triplici
3105 2493 3372 2564 mysterio
3399 2509 3626 2548 carcere
3663 2510 3762 2549 re-

2128 2584 2314 2638 laxato
2335 2627 2350 2652 ,
2409 2584 2638 2638 tribuno
2683 2599 2820 2638 sano
2871 2585 3130 2656 reddito,
3182 2587 3458 2642 aedificato
3503 2589 3726 2660 templo
3747 2631 3764 2658 ,

2129 2681 2332 2732 sanctae
2359 2677 2618 2749 probavit
2644 2677 2954 2732 oraculum.

2199 2775 2286 2826 39.
2321 2771 2428 2826 Sed
2453 2772 2520 2826 de
2544 2771 2722 2826 beatae
2751 2771 3054 2826 virtutibus
3085 2771 3328 2828 sufﬁciat
3351 2774 3652 2846 exiguitas,
3683 2793 3766 2832 ne

2129 2865 2443 2920 fastidiatur
2469 2865 2722 2934 ubertas;
2755 2881 2859 2920 nec
2877 2869 3175 2937 reputatur
3205 2867 3624 2938 brevissimum,
3655 2869 3768 2924 ubi

2128 2960 2196 3014 de
2241 2958 2432 3031 paucis
2469 2959 2794 3030 agnoscitur
2835 2959 2895 3014 in
2935 2959 3221 3015 miraculis
3257 2961 3588 3033 amplitudo.
3635 2964 3768 3028 Qua

401 3061 513 3124 tur,
545 3055 661 3110 fere
693 3070 794 3125 per
811 3055 978 3108 horas
1003 3057 1218 3124 septem
1237 3057 1478 3108 morture
1503 3057 1704 3108 tractat
1722 3070 2025 3124 corpuscu-
2049 3083 2104 3158 Ο
2127 3054 2356 3126 pietate,
2385 3053 2675 3124 parcitate,
2715 3053 3033 3123 dilectione,
3067 3055 3382 3126 dulcedine,
3417 3055 3762 3128 humilitate,

399 3150 544 3204 lum.
591 3149 700 3204 Sed
747 3146 966 3204 Christo
1013 3146 1235 3201 vidente
1277 3147 1448 3200 ﬁdem
1474 3187 1488 3216 ,
1530 3145 1621 3200 cui
1665 3163 1873 3218 negare
1913 3165 2028 3204 non
2057 3145 2103 3158 “
2128 3149 2437 3216 honestate,
2469 3147 2600 3216 fide,
2629 3147 2846 3202 fervore
2883 3147 2960 3202 sic
2996 3148 3220 3218 vixerit,
3251 3153 3314 3204 ut
3339 3153 3395 3204 et
3421 3149 3602 3222 ipsam
3629 3157 3768 3222 post

399 3243 602 3315 potuit,
625 3241 842 3298 reddita
861 3256 1090 3312 prorsus
1109 3241 1307 3307 salute,
1327 3239 1508 3311 surgit
1527 3239 1646 3294 haec
1663 3241 1731 3294 ab
1753 3241 2023 3311 oratione,

401 3336 646 3408 resurgit
677 3336 772 3390 illa
801 3335 869 3390 de
900 3335 1098 3389 funere
1123 3350 1136 3388 :
1172 3337 1230 3388 et
1256 3349 1314 3387 se
1359 3337 1492 3388 tunc
1535 3334 1786 3390 sublevat
1817 3335 2024 3406 vetula,

400 3449 531 3488 cum
561 3429 854 3486 revixisset
885 3428 1182 3484 infantula.
1215 3429 1394 3492 Quam
1423 3431 1578 3483 tactu
1609 3427 1817 3483 iterum
1851 3429 2022 3501 signi,

399 3526 686 3582 laetificata
715 3523 898 3581 reddit
927 3523 1112 3578 vivam
1159 3537 1334 3593 quam
1365 3521 1506 3578 ﬂens
1549 3527 1839 3593 acceperat
1869 3539 2022 3578 mor-

399 3625 576 3676 tuam.

473 3746 544 3816 (a)
577 3745 901 3816 Choraules,
944 3741 1350 3813 symphoniaci,
1394 3747 1450 3797 et
1491 3742 1536 3796 si
1567 3743 1790 3816 vossius
1816 3745 1898 3816 Ade
1933 3745 2024 3798 Vi-

401 3817 492 3871 tiis
521 3814 692 3872 Serm.
713 3857 726 3882 ,
761 3815 906 3869 hanc
931 3829 1124 3868 vocem
1155 3830 1270 3867 non
1311 3830 1413 3884 pro
1443 3814 1856 3884 symphoniacis
1881 3857 1894 3882 ,
1930 3817 2028 3870 sed

401 3903 504 3957 pro
535 3887 602 3940 iis
631 3886 728 3958 qui
749 3885 946 3940 tibiam
967 3884 1168 3938 inﬂant
1197 3901 1259 3938 ac
1289 3884 1459 3938 choro
1479 3889 1738 3955 praeeunt
1765 3887 2026 3958 usurpari

2126 3242 2344 3296 obitum
2391 3239 2616 3312 gloriosi
2655 3241 2946 3309 transitus,
3001 3241 3277 3296 mirabilia
3317 3247 3760 3314 prosequantur,

2125 3337 2392 3390 humana}
2410 3334 2750 3406 eloquentiae
2773 3335 2976 3390 modus
2991 3335 3322 3390 admirando
3339 3337 3610 3392 attonitus
3628 3337 3764 3392 viri-

2125 3431 2230 3484 bus
2271 3429 2552 3500 explicare
2587 3427 2821 3482 minime
2859 3429 3024 3484 valet.
3067 3429 3148 3484 Sit
3187 3433 3374 3484 tamen
3415 3430 3494 3484 illi
3533 3431 3632 3502 qui
3657 3431 3758 3486 de-

2125 3524 2226 3593 dit,
2263 3523 2458 3595 gloria,
2489 3523 2608 3576 laus
2643 3525 2700 3576 et
2725 3521 3032 3594 imperium
3069 3522 3128 3578 in
3161 3523 3366 3578 saecula
3391 3523 3762 3581 saeculorum.

2125 3619 2326 3673 Amen.

2127 3743 2326 3815 probat
2385 3741 2492 3815 hoc
2553 3740 2888 3812 proverbio:
2944 3741 3116 3798 Malus
3185 3741 3510 3812 choraules,
3573 3743 3763 3799 bonus

2128 3812 2584 3885 symphoniacus.

1324 4097 1820 4198 LIBER
1959 4097 2238 4203 SEC
2275 4097 2585 4202 UND
2616 4095 2818 4200 US.

1419 4275 1699 4320 AUCTOBE
1742 4277 2118 4324 BAUDONIVIA
2163 4279 2423 4324 MONIALI
2465 4277 2726 4331 .EQUALI.

437 4371 548 4434 Ad
575 4387 725 4434 mss.
765 4367 924 4435 Cod.
961 4365 1195 4431 Sancti
1223 4363 1543 4432 Germani
1565 4365 1898 4430 Pratensz's
1927 4376 1988 4431 et
2017 4369 2251 4434 Sancti
2281 4367 2661 4431 Theodorz'cz'
2685 4365 3060 4430 Rhemensis
3089 4373 3150 4430 et
3177 4367 3258 4432 D.
3289 4367 3712 4432 d’Herouval.

971 4585 1536 4662 PROLOGUS
1621 4581 1769 4663 AD
1851 4590 2394 4662 DEDIMIAM
2477 4585 3179 4662 ABBATISSAM.

469 4731 515 4782 l.
551 4724 888 4781 Dominabus
913 4722 1122 4777 sanctis
1149 4722 1485 4778 meritorum
1513 4723 1692 4794 gratia
1733 4723 2008 4778 decoratis
2045 4723 2317 4779 Dedimize
2357 4723 2675 4791 abbatissae,
2715 4721 2802 4778 vel
2841 4721 2998 4776 omni
3039 4721 3464 4794 congregationi
3497 4721 3766 4794 gloriosas

390 4817 638 4874 dominas
669 4811 1032 4886 Radegundis
1061 4811 1402 4867 Baudonivia
1435 4813 1562 4884 [A1.,
1598 4815 1959 4884 Bandonivia,
1995 4814 2361 4888 Bandomina]
2397 4813 2628 4868 humilis
2660 4813 2939 4868 omnium.

463 4905 764 4978 Injungitis
787 4903 930 4959 mihi
951 4917 1092 4974 opus
1113 4917 1282 4974 agere
1301 4919 1418 4956 non
1445 4903 1636 4958 minus
1663 4904 2030 4976 impossibile,
2060 4923 2234 4978 quam
2255 4904 2326 4960 sit
2350 4905 2528 4976 digito
2555 4903 2758 4960 coelum
2785 4908 3038 4974 tangere,
3057 4902 3265 4958 scilicet
3281 4905 3348 4958 ut
3373 4903 3440 4958 de
3459 4901 3574 4957 vita
3593 4919 3760 4958 sanc-

387 5003 462 5055 tae
481 4998 725 5054 dominae
753 4994 1134 5068 Radegundis,
1158 5009 1332 5064 quam
1357 4993 1571 5066 optime
1599 4999 1794 5068 nostis,
1817 4999 2030 5070 aliquid
2060 4999 2244 5054 dicere
2269 5014 2702 5070 praesumamus.
2724 4998 2828 5053 Sed
2855 4997 3004 5052 istud
3035 4997 3144 5051 illis
3175 4998 3342 5053 debet
3369 4997 3614 5070 injungi,
3653 4999 3756 5069 qui

389 5087 657 5141 habentes
683 5087 830 5141 intra
855 5103 914 5141 se
937 5085 1154 5140 fontem
1185 5083 1544 5155 eloquentiae,
1573 5085 1702 5141 inde
1733 5089 1752 5110 ⁴
1781 5089 2054 5160 quidquid
2083 5089 2190 5143 illis
2221 5088 2560 5160 injungitur,
2596 5088 2844 5142 carmine
2867 5087 3084 5158 irriguo
3111 5087 3386 5158 copiosius
3413 5087 3754 5159 explicatur.

389 5177 598 5229 Verum
629 5179 857 5230 econtra
886 5175 1212 5248 quicunque
1240 5177 1494 5246 angustae
1525 5173 1918 5247 intelligentia:
1947 5183 2097 5247 sunt,
2127 5195 2230 5233 nec
2257 5179 2468 5234 habent
2498 5177 2850 5233 affluentiam
2889 5177 3118 5248 eloquii,
3165 5193 3266 5247 per
3295 5193 3464 5248 quam
3495 5177 3582 5231 vel
3611 5178 3760 5234 alios

389 5263 620 5318 reﬁcere
649 5264 736 5318 vel
761 5281 877 5319 sua:
905 5265 1167 5320 siccitatis
1205 5264 1424 5336 possint
1459 5265 1714 5337 inopiam
1749 5271 2082 5338 temperare,
2113 5269 2250 5323 tales
2279 5284 2394 5323 non
2426 5269 2610 5322 solum
2642 5285 2744 5339 per
2769 5283 2827 5322 se
2857 5266 3066 5338 aliquid
3099 5266 3284 5321 dicere
3311 5283 3427 5320 non
3451 5273 3754 5338 appetunt,

385 5369 584 5408 verum
611 5353 802 5418 etiam,
835 5354 880 5406 si
908 5354 1044 5424 quid
1069 5355 1148 5408 eis
1167 5353 1486 5426 injunctum
1505 5355 1694 5422 fuerit,
1725 5357 2152 5426 pertimescunt.
2181 5359 2339 5422 Quod
2367 5358 2428 5412 in
2454 5374 2548 5412 me
2566 5374 2671 5429 ego
2687 5373 3028 5428 recognosco
3053 5373 3180 5427 quae
3200 5373 3326 5410 sum
3347 5356 3752 5426 pusillanimis,

385 5459 624 5517 parvum
653 5441 865 5497 habens
893 5441 1283 5514 intelligentiae
1315 5444 1625 5516 eloquium,
1655 5447 1926 5518 quoniam
1957 5451 2234 5518 quantum
2265 5447 2441 5503 doctis
2470 5448 2750 5520 proloqui,
2773 5451 2996 5502 tantum
3017 5445 3258 5500 indoctis
3287 5445 3424 5500 utile
3453 5445 3518 5498 fit
3539 5449 3750 5500 tacere.

385 5535 526 5589 Nam
557 5532 638 5588 illi
668 5532 737 5588 de
767 5531 952 5604 parvis
981 5531 1167 5586 sciunt
1205 5549 1411 5606 magna
1447 5535 1714 5592 disserere
1737 5578 1750 5603 ,
1780 5535 1870 5591 isti
1902 5536 1970 5591 de
2010 5553 2219 5608 magna
2251 5539 2513 5594 nesciunt
2549 5554 2719 5610 parva
2757 5536 3008 5609 proferre
3037 5552 3050 5590 :
3085 5537 3143 5590 et
3181 5535 3305 5592 ideo
3345 5533 3494 5608 quod
3527 5534 3598 5589 ab
3629 5535 3754 5590 aliis

383 5624 679 5695 quieritur,
713 5621 782 5678 ab
811 5621 934 5678 aliis
963 5619 1317 5676 formidatur.

447 5767 467 5788 ‘
493 5768 643 5820 Forte
670 5768 973 5834 legendum,
999 5767 1097 5834 qui
1122 5766 1374 5820 habent...
1403 5767 1597 5832 fontem
1622 5770 1928 5836 eloquentia
1955 5772 2107 5824 unde.
2135 5771 2278 5826 Emr.
