3940 6178
188 300 273 351 665
1461 299 1626 354 VITA.
1669 300 1868 356 LIBER
1906 300 2266 357 SECUNDUS.

243 424 295 477 ‘2.
331 419 472 474 Cum
503 418 609 474 sim
638 419 815 493 igitur
843 419 1083 477 minima
1108 423 1368 478 omnium
1410 423 1808 496 minimarum,
1843 442 2015 498 quam
2043 428 2113 482 ab
2141 427 2276 499 ipsis
2307 430 2602 485 cunabulis
2634 434 2762 486 ante
2793 449 2895 487 sua
2925 433 3156 506 vestigia
3187 436 3532 507 peculiarem

183 509 467 564 vernulam
496 509 853 566 familiariter
881 512 1166 580 enutrivit,
1196 517 1263 569 ut
1293 513 1478 570 officio
1501 514 1744 587 impensi
1772 516 2024 572 muneris
2051 517 2120 573 de
2148 517 2268 589 ejus
2287 519 2436 574 claro
2468 536 2658 590 opere,
2689 520 2790 575 etsi
2814 538 2931 576 non
2953 522 3137 594 plene,
3166 525 3252 580 vel
3283 542 3350 580 ex
3373 531 3532 596 parte

184 600 474 670 complexa
499 601 943 672 perstringerem
968 619 984 672 ;
1006 607 1283 674 quatenus
1306 605 1445 659 dum
1465 605 1551 659 sui
1573 606 1761 678 gregis
1785 606 2017 662 auribus
2043 608 2162 678 ejus
2185 609 2445 679 gloriosae
2471 609 2602 663 vita:
2630 611 2914 680 praeconia
2928 613 3270 684 pandentur,
3293 615 3396 669 etsi
3413 631 3533 671 non

177 688 365 760 digno,
400 689 603 744 devoto
630 693 820 746 tamen
845 691 1092 765 eloquio,
1120 693 1540 766 benignissimae
1569 701 1768 752 vestrae
1803 696 2083 752 voluntati
2113 697 2380 753 obediens
2413 715 2622 770 pareo;
2651 704 2833 755 vestra
2866 717 2960 755 me
2989 702 3241 757 oratione
3281 707 3408 774 peto
3432 705 3530 775 ju-

175 779 314 847 vari,
347 796 474 851 quas
505 796 632 834 sum
668 781 856 835 minus
893 781 1074 852 docta,
1102 783 1230 854 plus
1262 785 1476 841 devota.
1520 787 1641 844 Non
1677 803 1742 842 ea
1777 803 1908 859 quae
1943 787 2029 841 vir
2063 788 2399 859 apostolicus
2438 790 2775 844 Fortunatus
2815 790 3106 862 episcopus
3145 792 3216 862 (α)
3257 792 3325 847 de
3353 793 3532 848 beatas

176 868 287 924 vita
313 869 632 941 composuit
657 869 950 941 iteramus,
981 873 1074 928 sed
1103 889 1170 928 ea
1200 891 1326 945 quae
1351 875 1668 946 prolixitate
1695 877 1780 931 sui
1805 877 2187 948 praetermisit,
2219 877 2362 932 sicut
2386 878 2506 950 ipse
2533 878 2594 933 in
2628 878 2773 934 libro
2798 897 2898 934 suo
2933 881 3196 936 disseruit
3223 897 3354 936 cum
3378 881 3531 938 dice-

176 962 264 1013 ret
289 959 359 1014 de
386 960 566 1014 Beata:
592 960 898 1015 virtutibus
926 961 1003 1033 (in
1037 965 1157 1034 ﬁne)
1194 981 1206 1018 :
1245 985 1272 1013 «
1303 965 1555 1021 Sufficiat
1589 966 1884 1038 exiguitas,
1917 982 1989 1021 ne
2013 966 2335 1022 fastidiatur
2361 968 2609 1036 ubertas,
2643 985 2748 1024 nec
2782 974 3072 1040 reputetur
3107 969 3530 1041 brevissimum,

175 1048 276 1103 ubi
302 1048 372 1102 de
398 1049 590 1119 paucis
616 1050 940 1121 agnoscitur
965 1053 1301 1124 amplitudo.
1330 1076 1357 1104 »
1389 1057 1535 1127 Ergo
1564 1055 1872 1128 inspirante
1899 1056 2090 1112 divina
2111 1057 2378 1128 potentia,
2401 1057 2492 1112 cui
2516 1058 2679 1112 beata
2701 1058 3060 1130 Radegundis
3082 1061 3301 1132 placere
3321 1059 3536 1114 studuit

175 1138 234 1194 in
268 1139 472 1194 saeculo
503 1144 558 1195 et
586 1157 715 1197 cum
745 1159 859 1214 quo
899 1147 1101 1215 regnat
1134 1149 1261 1216 post
1293 1147 1586 1216 sarculum,
1623 1163 1739 1202 non
1764 1147 1963 1219 polito,
1996 1148 2093 1204 sed
2122 1147 2331 1204 rustico
2368 1151 2654 1205 tentamus
2689 1149 2757 1206 de
2797 1149 2885 1206 his
2922 1166 3050 1223 quae
3076 1151 3248 1224 gessit
3271 1165 3532 1208 sermone

175 1230 442 1300 appetere
469 1233 525 1286 et
551 1229 619 1286 de
646 1232 839 1288 multis
867 1233 988 1304 ejus
1010 1235 1295 1293 miraculis
1321 1253 1502 1310 pauca
1527 1237 1840 1312 complecti.

1039 1413 1403 1511 LIBER
1483 1415 2113 1512 SECUNDUS
2192 1416 2675 1513 INCIPIT.

254 1584 301 1634 t.
332 1579 512 1650 Igitur
535 1581 603 1635 de
629 1581 808 1638 beatae
837 1586 1198 1658 Radegundis
1228 1591 1337 1645 vita
1367 1591 1427 1646 in
1452 1592 1635 1663 primo
1663 1593 1808 1648 libro
1831 1602 1889 1676 Α
1908 1595 2053 1647 rent.
2096 1593 2216 1657 Quo
2260 1596 2488 1665 peracto
2528 1593 2797 1648 virtutem
2846 1598 2903 1648 et
2944 1592 3310 1647 constantiam
3355 1593 3532 1647 beatae

176 1672 323 1728 sicut
355 1675 673 1730 continetur
696 1677 817 1749 ejus
843 1682 1047 1751 regalis
1077 1683 1236 1754 origo
1267 1685 1352 1739 vel
1377 1685 1639 1757 dignitas,
1661 1688 1806 1742 nulli

176 1766 424 1822 habetur
447 1767 821 1842 incognitum,
852 1774 1032 1844 qualis
1055 1776 1165 1832 fuit
1194 1777 1316 1849 ejus
1342 1779 1487 1834 actio
1512 1781 1649 1835 dum
1675 1798 1807 1836 cum

176 1865 407 1915 terreno
445 1861 699 1934 principe
739 1865 979 1938 conjuge
1014 1885 1148 1940 rege
1184 1874 1447 1942 praecelso
1480 1874 1808 1931 Chlothario

177 1959 627 2011 conversaretur.
675 1958 750 2012 De
798 1961 976 2031 regali
1019 1965 1290 2035 progenie
1335 1967 1522 2021 nobile
1575 1984 1808 2039 germen

177 2047 400 2118 erupit,
437 2053 494 2103 et
518 2051 674 2120 quod
700 2054 938 2124 sumpsit
974 2071 1043 2110 ex
1070 2073 1276 2128 genere
1295 2101 1308 2128 ,
1338 2061 1466 2130 plus
1494 2062 1715 2116 ornavit
1741 2078 1808 2118 ex

175 2139 307 2194 ﬁde.
349 2141 662 2212 Conjuncta
687 2149 911 2201 terreno
939 2149 1184 2221 principi
1215 2153 1418 2207 nobilis
1443 2155 1668 2225 regina,
1699 2173 1806 2210 cm-

175 2233 332 2288 lestis
356 2233 467 2289 fuit
489 2235 794 2308 plusquam
819 2244 1064 2309 terrena,
1098 2245 1194 2298 sed
1224 2245 1282 2299 in
1308 2247 1432 2317 ipso
1460 2249 1808 2320 conjunctio-

176 2326 269 2381 nis
306 2326 467 2382 brevi
501 2333 755 2400 tempore
788 2333 865 2388 ita
889 2351 948 2390 se
987 2337 1089 2391 sub
1124 2339 1381 2410 conjugis
1415 2341 1598 2412 specie
1635 2346 1812 2414 nupta

177 2421 460 2488 tractavit,
491 2428 554 2476 ut
580 2424 800 2481 Christo
827 2427 951 2498 plus
969 2429 1163 2485 devota
1186 2433 1436 2504 serviret,
1469 2439 1526 2490 et
1553 2436 1660 2490 hoc
1685 2452 1813 2506 age-

176 2517 266 2568 ret
290 2513 354 2567 in
377 2513 554 2569 laicali
590 2520 896 2590 proposito,
940 2523 1096 2594 quod
1129 2523 1252 2596 ipsa
1298 2527 1640 2584 desideraret
1680 2531 1810 2585 imi-

179 2606 286 2660 tari
312 2606 517 2678 religio
555 2610 624 2681 (ὁ)
647 2628 663 2679 ;
685 2612 809 2682 jam
845 2617 1182 2673 antecedens
1216 2620 1405 2675 animo
1445 2623 1651 2677 futurae
1677 2640 1811 2679 con-

179 2700 508 2755 versationis
536 2703 862 2776 adventum,
891 2708 1029 2763 dum
1049 2713 1304 2767 saeculari
1334 2715 1436 2769 sub
1462 2715 1660 2771 habitu
1689 2717 1816 2772 reli-

181 2792 367 2864 gionis
390 2793 742 2852 formabatur
768 2802 1113 2872 exemplum.
1141 2807 1204 2859 In
1230 2807 1387 2861 nullo
1417 2809 1587 2879 hujus
1615 2811 1814 2865 mundi

181 2887 456 2958 compede
485 2894 758 2959 catenata,
796 2892 856 2948 in
889 2910 1180 2952 servorum
1201 2900 1300 2954 Dei
1316 2901 1584 2973 obsequio
1604 2904 1816 2958 succin-

1907 1685 2118 1755 reginaa
2142 1701 2337 1742 omnes
2362 1686 2705 1742 admirantes
2733 1686 3036 1740 Dominum
3065 1685 3498 1740 benedixerunt.

1978 1782 2028 1832 5.
2056 1781 2358 1850 Postquam
2391 1784 2661 1850 operante
2688 1779 2876 1833 divina
2903 1779 3160 1850 potentia
3197 1796 3229 1833 a
3254 1794 3387 1850 rege
3417 1781 3532 1832 ter-

1906 1888 2045 1927 reno
2087 1872 2357 1938 discessit,
2395 1873 2542 1943 quod
2580 1889 2679 1926 sua
2707 1877 2833 1926 vota
2864 1873 3184 1942 poscebant,
3212 1873 3349 1926 dum
3379 1872 3535 1927 Suae-

1908 1966 2006 2020 das
2039 1963 2198 2037 [Sais,
2224 1983 2394 2035 supra
2422 1982 2582 2019 num.
2616 1966 2696 2038 t5]
2729 1965 2788 2020 in
2815 1966 2946 2021 villa
2973 1981 3145 2037 quem
3172 1965 3223 2020 ei
3249 1982 3345 2020 rex
3373 1966 3536 2020 dede-

1909 2062 2017 2125 rat,
2049 2059 2340 2128 resideret,
2361 2059 2417 2112 in
2443 2059 2628 2130 primo
2649 2075 2799 2114 anno
2828 2059 3206 2113 conversionis
3231 2075 3367 2127 suae,
3397 2058 3536 2113 vidit

1908 2152 1968 2206 in
1994 2152 2117 2205 visu
2153 2168 2315 2206 avem
2361 2149 2498 2223 [Al.,
2525 2152 2746 2224 navem]
2787 2152 2846 2206 in
2876 2152 3119 2207 hominis
3153 2153 3334 2223 specie
3355 2194 3368 2221 ,
3400 2156 3455 2207 et
3476 2151 3536 2207 in

1911 2244 2039 2299 totis
2064 2245 2333 2299 membris
2353 2245 2474 2315 ejus
2501 2247 2756 2300 sedentes
2777 2246 3056 2316 homines,
3086 2262 3143 2301 se
3169 2262 3299 2300 vero
3325 2245 3384 2299 in
3413 2245 3533 2316 eius

1915 2354 2064 2409 genu
2089 2339 2396 2394 sedentem.
2441 2339 2546 2404 Qui
2573 2339 2717 2394 dixit
2756 2340 2840 2394 ei:
2883 2341 3040 2394 Modo
3075 2341 3133 2394 in
3173 2357 3321 2411 genu
3357 2339 3534 2409 sedes,

1912 2432 2097 2486 adhuc
2141 2431 2199 2485 in
2248 2437 2442 2502 pectus
2493 2448 2687 2486 meum
2739 2433 3046 2489 sessionem
3097 2432 3347 2486 habebis.
3400 2431 3541 2486 Hinc

1913 2524 2313 2579 ostendebatur
2337 2524 2388 2579 ei
2404 2526 2606 2594 gratia,
2630 2543 2742 2597 qua
2753 2527 3000 2581 fruitura
3021 2531 3158 2581 erat.
3184 2528 3342 2580 Hunc
3361 2526 3542 2580 visum

1915 2635 2043 2672 cum
2074 2617 2474 2673 contestatione
2501 2621 2765 2674 secretius
2795 2621 2909 2675 suis
2938 2620 3192 2674 fidelibus
3226 2619 3452 2688 retulit,
3481 2623 3545 2673 ut

1916 2727 1982 2766 ea
2008 2711 2307 2781 superstite
2337 2711 2442 2765 hoc
2469 2728 2540 2766 ne
2571 2713 2698 2782 quis
2725 2710 2910 2767 sciret.
2940 2714 3119 2776 Quam
3146 2716 3308 2766 cauta
3337 2712 3397 2765 in
3425 2710 3541 2765 col-

1914 2804 2214 2870 locutione,
2247 2820 2419 2874 quam
2448 2805 2645 2859 devota
2668 2805 2729 2859 in
2757 2805 2912 2859 omni
2938 2805 3186 2860 actione!
3216 2806 3275 2857 In
3306 2819 3539 2874 prospe-

1915 2897 1992 2952 ris
2021 2902 2077 2952 et
2102 2897 2162 2951 in
2189 2897 2454 2967 adversis,
2483 2898 2542 2951 in
2568 2898 2764 2952 laetitia
2790 2903 2846 2954 et
2865 2897 3088 2953 tristitia
3114 2913 3337 2968 semper
3358 2913 3546 2968 mqua-

180 2984 291 3046 cta,
321 2980 382 3034 in
423 2982 808 3055 redemptione
834 2989 1187 3060 captivorum
1216 2994 1466 3063 sollicita,
1506 2996 1565 3050 in
1603 3013 1813 3068 egeno-
1835 2968 1891 3041 Β
1915 2991 1981 3046 lis
2008 3009 2023 3060 ;
2053 3007 2157 3066 nec
2173 2990 2234 3044 in
2254 2990 2499 3045 adversis
2519 3007 2576 3046 se
2596 2991 2787 3062 fregit,
2818 3008 2920 3046 nec
2941 2992 3000 3046 in
3019 2991 3301 3062 prosperis
3321 2990 3539 3045 extulit.

178 3088 311 3127 rum
342 3076 668 3145 erogatione
682 3081 928 3149 profusa,
957 3085 1513 3162 proprium‘credidit
1539 3089 1814 3161 quidquid

182 3165 252 3220 de
279 3183 339 3220 se
369 3184 585 3239 pauper
609 3174 846 3244 accepit.

253 3263 309 3314 2.
343 3261 488 3315 Dum
515 3268 660 3319 esset
685 3283 814 3321 cum
839 3285 974 3341 rege
1000 3272 1183 3327 adhuc
1205 3274 1265 3327 in
1295 3275 1570 3330 mundiali
1596 3277 1814 3345 habitu,

184 3369 348 3409 mens
375 3355 595 3411 intenta
618 3359 688 3413 ad
716 3361 1003 3418 Christum
1028 3365 1187 3434 (teste
1217 3368 1454 3422 Domino
1479 3370 1696 3442 loquor,
1728 3372 1819 3426 cui

187 3463 283 3502 ore
312 3453 532 3504 tacente
569 3457 796 3521 pectora
823 3458 1198 3513 conﬁtentur:
1229 3461 1318 3514 cui
1358 3466 1414 3516 et
1438 3462 1484 3517 si
1511 3463 1706 3535 lingua
1731 3469 1816 3519 ta-

187 3546 324 3610 ceat,
357 3544 695 3600 conscientia
716 3547 857 3603 nihil
882 3552 1140 3620 occultat,
1169 3554 1300 3625 quia
1326 3556 1476 3626 quod
1504 3557 1820 3612 audivimus

186 3635 464 3703 dicimus,
514 3641 571 3692 et
617 3642 768 3710 quod
811 3643 1051 3700 vidimus
1094 3650 1418 3718 testamur),
1463 3649 1696 3706 invitata
1749 3652 1820 3706 ad

185 3729 500 3799 prandium
533 3748 566 3785 a
602 3732 801 3790 Sifride
846 3735 983 3808 [Al.,
1018 3740 1328 3797 Ansifredae
1362 3744 1656 3816 matronae]
1699 3762 1818 3799 ma-

186 3826 370 3904 trona,
399 3823 537 3878 dum
561 3824 880 3902 iterageret
908 3834 1163 3888 saeculari
1187 3852 1394 3906 pompa
1412 3854 1469 3891 se
1495 3838 1817 3909 comitante,

189 3914 355 3986 intte
365 3921 486 3970 ecta
512 3917 931 3994 longinquitate
947 3931 1111 3982 terra:
1132 3945 1196 3982 ac
1220 3929 1420 3999 spatio,
1451 3931 1649 3985 fanum
1671 3933 1820 4002 quod

188 4025 218 4062 a
248 4009 479 4064 Francis
505 4013 813 4085 colebatur,
845 4019 905 4073 in
936 4019 1138 4076 itinere
1165 4022 1342 4077 beata
1370 4024 1606 4096 reginas,
1637 4042 1819 4097 quan-

193 4107 316 4157 tum
350 4103 598 4161 miliario
630 4124 744 4164 uno
778 4113 1102 4182 proximum
1133 4120 1273 4171 erat.
1300 4119 1411 4172 Hoc
1444 4119 1537 4172 illa
1565 4119 1818 4189 audiens,

181 4194 353 4264 jussit
377 4197 604 4254 famulis
630 4200 826 4258 fanum
846 4206 964 4277 igni
988 4209 1262 4279 comburi,
1285 4210 1549 4282 iniquum
1561 4212 1823 4282 judicans

190 4288 371 4343 Deum
397 4292 520 4346 caeli
550 4298 835 4352 contemni
864 4304 918 4354 et
943 4300 1213 4355 diabolica
1239 4304 1701 4359 machinamenta
1725 4322 1819 4360 ve-
1843 4334 1898 4408 Ο

194 4383 380 4408 ..Α-...κζ
439 4386 548 4408 11,-
580 4405 641 4408 --γ
666 4389 732 4408 1‘,
791 4396 800 4408 ι
901 4394 939 4408 n
1081 4394 1091 4405 ο
1206 4395 1215 4405 ι
1621 4397 1698 4408 ι...
1765 4399 1780 4408 -

193 4383 403 4438 nerari.
436 4386 550 4441 Hoc
575 4389 868 4446 audientes
901 4394 1094 4448 Franci
1119 4395 1491 4468 universaque
1517 4397 1821 4454 multitudo

197 4491 323 4534 cum
353 4481 554 4552 gladiis
594 4490 650 4540 et
683 4486 923 4542 fustibus
958 4489 1045 4543 vel
1085 4489 1238 4543 omni
1277 4490 1510 4544 fremitu
1553 4490 1825 4546 diabolico

199 4578 550 4633 conabantur
576 4579 896 4648 defendere,
921 4586 1109 4636 sancta
1136 4599 1268 4637 vero
1297 4583 1495 4655 regina
1522 4583 1826 4639 immobilis

199 4689 580 4744 perseverans,
611 4678 667 4729 et
693 4674 976 4729 Christum
997 4674 1054 4729 in
1082 4681 1306 4746 pectore
1338 4681 1582 4747 gestans,
1616 4695 1826 4750 equum

198 4786 366 4840 quem
388 4769 618 4824 sedebat
636 4768 861 4824 inantea
880 4786 994 4824 non
1009 4771 1206 4838 movit,
1224 4775 1527 4843 antequam
1550 4777 1603 4827 et
1622 4772 1826 4827 funum

196 4880 463 4934 perurere
471 4868 582 4932 tur,
597 4869 653 4919 et
662 4864 782 4935 ipsa
795 4869 988 4918 orante
1001 4865 1149 4919 inter
1159 4881 1216 4918 se
1229 4865 1423 4937 populi
1433 4882 1629 4937 pacem
1641 4865 1827 4922 ﬁrma-

264 5055 336 5124 (α)
366 5052 655 5108 Notandus
682 5051 775 5124 hic
804 5051 961 5124 locus
985 5051 1386 5124 adversuseos
1418 5051 1514 5122 qui
1550 5053 1822 5107 Fortuna-

195 5121 328 5180 turn'
361 5142 428 5179 ex
471 5124 598 5177 albo
640 5123 1047 5177 Pictavensium
1094 5121 1822 5193 pontiﬁcum’expungunt,

194 5199 396 5267 quibus
422 5195 467 5249 si
490 5211 608 5248 non
627 5193 830 5267 sufficit
857 5193 1013 5267 Pauli
1033 5193 1252 5267 diaconi
1279 5194 1598 5267 auctoritas,
1629 5195 1745 5267 lib.‘
1763 5211 1822 5263 II,

193 5265 310 5339 cap.
363 5272 415 5335 9,
469 5272 618 5339 certe
659 5265 1000 5320 Baudonivia
1050 5265 1353 5320 Fortunato
1393 5266 1621 5336 aequalis
1661 5265 1826 5321 debet

195 5338 375 5393 facere
408 5338 563 5392 satis.

260 5413 330 5480 (ὁ)
365 5411 564 5464 Videas
599 5424 713 5480 non
741 5423 861 5461 esse
889 5424 1011 5461 rem
1027 5406 1586 5480 inovam,_religionis
1615 5423 1825 5462 nomen

190 5497 288 5550 pro
310 5478 468 5536 Statu
493 5479 754 5550 religioso
777 5479 1060 5550 usurpari,
1086 5484 1148 5532 ut
1173 5478 1509 5549 quibusdam
1528 5495 1825 5548 perperam

191 5553 434 5608 videtur.
467 5551 605 5604 Vide
634 5550 800 5615 infra,
829 5566 988 5603 num.
1023 5553 1074 5618 8,
1103 5552 1158 5602 et
1181 5566 1370 5620 supra,
1402 5566 1562 5603 num.
1594 5552 1678 5604 36.

256 5627 321 5694 (cr)
364 5624 537 5690 Felte,
575 5621 921 5694 seufeltum,
955 5620 1190 5687 ﬁltrum,
1218 5637 1438 5694 pannus
1463 5624 1554 5694 est
1575 5637 1672 5675 seu
1693 5636 1822 5694 Aves-

192 5691 358 5750 tis’ex
383 5695 516 5748 lana
544 5697 598 5748 et
617 5693 743 5766 pilis
770 5696 980 5761 coacta,
1009 5708 1124 5746 non
1147 5697 1303 5766 texta
1327 5709 1339 5746 :
1374 5691 1820 5766 adcujussimi-

187 5767 492 5823 litudinem
519 5763 685 5820 vestis
718 5780 858 5818 auro
889 5781 952 5817 ac
978 5764 1223 5836 gemmis
1250 5764 1412 5836 fusa,
1433 5764 1562 5836 felte
1602 5763 1711 5818 dici
1737 5764 1820 5818 vi-

188 5840 375 5895 detur.
407 5841 468 5894 In
488 5854 596 5894 ms.
629 5836 756 5894 cod.
786 5834 1235 5910 d’Héroiwal'pro
1254 5836 1383 5905 feltc
1400 5834 1609 5908 legitur
1629 5838 1818 5905 cirum,

1986 3085 2038 3138 4.
2075 3085 2220 3138 Dum
2256 3084 2315 3137 in
2354 3084 2480 3138 villa
2520 3084 2641 3155 ipsa
2677 3086 2862 3139 adhuc
2899 3090 3060 3151 esset,
3093 3084 3155 3138 fit
3184 3101 3352 3138 sonus
3381 3084 3544 3154 quasi

1917 3194 2045 3233 eam
2094 3194 2194 3232 rex
2245 3177 2454 3232 iterum
2498 3179 2662 3232 vellet
2705 3179 2978 3249 accipere,
3026 3195 3084 3233 se
3132 3179 3327 3232 dolens
3376 3193 3543 3248 grave

1917 3272 2191 3326 damnum
2216 3271 2353 3341 pati,
2383 3271 2482 3342 qui
2508 3267 2678 3326 talem
2707 3276 2762 3326 et
2789 3276 3004 3326 tantam
3040 3271 3298 3342 reginam
3327 3271 3543 3341 permi-

1919 3364 2079 3419 sisset
2102 3381 2134 3418 a
2163 3365 2334 3418 latere
2369 3381 2468 3417 suo
2501 3364 2821 3418 discedere:
2859 3369 2915 3418 et
2952 3364 3057 3417 nisi
3091 3381 3219 3419 eam
3248 3363 3541 3433 reciperet,

1919 3457 2143 3529 penitus
2168 3458 2355 3511 vivere
2384 3473 2499 3510 non
2528 3461 2765 3528 optaret.
2797 3459 2923 3510 Htcc
2955 3457 3189 3511 audiens
3223 3457 3547 3511 beatissima

1919 3551 2097 3605 nimio
2150 3555 2363 3605 terrore
2413 3550 2748 3621 praeterrita,
2795 3566 2851 3603 se
2903 3550 3142 3620 amplius
3187 3549 3546 3604 cruciandam

1921 3644 2154 3699 tradidit
2182 3642 2363 3697 cilicio
2393 3642 2726 3714 asperrimo,
2760 3659 2823 3696 ac
2849 3645 3041 3697 tenero
3061 3643 3282 3714 corpori
3304 3643 3542 3714 aptavit;

1921 3738 2154 3808 insuper
2177 3741 2233 3792 et
2252 3736 2458 3808 jejunii
2495 3736 2897 3790 cruciationem
2923 3736 3148 3806 indixit,
3177 3736 3384 3807 vigiliis
3410 3752 3544 3807 per-

1919 3835 2151 3886 noctans
2166 3829 2226 3885 in
2247 3830 2499 3885 oratione
2519 3846 2575 3884 se
2597 3834 2774 3884 totam
2797 3829 3038 3898 diffudit,
3068 3830 3323 3901 despexit
3353 3830 3546 3884 sedem

1920 3924 2140 3997 patriae,
2168 3924 2300 3978 vicit
2337 3923 2691 3979 dulcedinem
2717 3924 2991 3995 conjugii,
3029 3924 3266 3979 exclusit
3301 3923 3546 3978 Charita-

1921 4023 2035 4073 tem
2063 4017 2435 4086 mundialem,
2468 4017 2639 4088 elegit
2665 4017 2822 4071 exsul
2845 4017 2966 4072 fieri
2995 4034 3065 4072 ne
3092 4017 3550 4089 peregrinaretur

1921 4129 1954 4166 a
1981 4111 2219 4166 Christo.
2243 4112 2437 4166 Adhuc
2463 4111 2531 4166 de
2562 4110 2737 4181 regali
2763 4127 2952 4166 secum
2982 4111 3192 4165 habens
3217 4113 3550 4164 ornamento

1922 4205 2054 4260 felte
2094 4205 2156 4276 (c)
2193 4205 2381 4259 fusum
2403 4247 2416 4271 ,
2461 4221 2528 4259 ex
2566 4221 2704 4259 auro
2738 4209 2793 4260 et
2833 4205 3072 4276 gemmis
3108 4203 3193 4257 vel
3230 4201 3549 4272 margaritis

1923 4299 2132 4353 factum
2161 4298 2466 4352 habentem
2491 4297 2552 4352 in
2578 4314 2635 4351 se
2663 4297 2786 4352 auri
2813 4298 3016 4351 solidos
3045 4295 3220 4364 mille,
3248 4311 3423 4366 quam
3447 4309 3550 4364 per

1923 4407 2172 4445 nonnam
2191 4407 2354 4444 suam
2369 4389 2599 4444 nomine
2614 4389 3022 4460 Fredovigiam,
3046 4404 3214 4459 quam
3235 4386 3551 4458 proximam

1924 4484 2200 4550 habebat,
2228 4500 2361 4538 cum
2399 4483 2512 4537 suis
2541 4483 2800 4536 fidelibus
2837 4481 3146 4536 transmisit
3171 4481 3288 4534 viro
3313 4495 3547 4534 venera-

1925 4582 2046 4651 bili,
2075 4582 2286 4636 domno
2310 4581 2507 4635 Joanni
2540 4580 2613 4649 (ίῖ)
2642 4580 2892 4634 reclauso
2924 4580 2983 4634 in
3013 4579 3247 4635 Castello
3283 4577 3547 4646 Cainone,

1928 4680 1989 4730 ut
2018 4692 2121 4747 pro
2149 4691 2214 4729 ea
2239 4678 2456 4742 oraret,
2497 4690 2568 4728 ne
2601 4673 2809 4728 iterum
2847 4674 2915 4729 ad
2942 4674 3214 4728 saaculum
3242 4677 3548 4728 revertere-

1927 4773 2046 4838 tur,
2107 4773 2163 4824 et
2210 4772 2421 4823 vestem
2473 4767 2524 4821 ei
2577 4767 2856 4822 cilicinam
2908 4767 3342 4834 transmitteret,
3401 4765 3552 4819 unde

1925 4879 2130 4936 corpus
2157 4879 2322 4917 suum
2354 4861 2597 4917 limaret.
2628 4862 2954 4918 Transmisit
2967 4862 3035 4917 ‘ei
3062 4866 3118 4916 et
3164 4859 3454 4914 rachinam
3486 4857 3550 4930 (e)

1926 5070 1998 5106 an
2024 5053 2283 5120 scyphum
2304 5054 2331 5105 ?

1998 5119 2182 5193 (d)’De
2227 5123 2478 5177 Johanne
2515 5123 2732 5176 recluso
2773 5121 2923 5191 apud
2963 5120 3289 5193 Cainonem,
3323 5119 3554 5193 Chinon,

1924 5190 2269 5249 inccnﬁnio
2305 5195 2600 5248 Pictonum
2648 5199 2702 5247 et
2743 5190 3054 5258 Turonum,
3099 5192 3170 5246 ad
3208 5190 3554 5245 conﬂuentes

1927 5265 2191 5335 Vigennae
2217 5270 2273 5320 et
2300 5265 2533 5336 Ligeris,
2569 5264 2839 5334 legendus
2866 5262 3170 5334 Gregorius
3189 5260 3548 5336 Turonensis,

1926 5332 2002 5392 de
2025 5339 2174 5392 Glor.
2203 5336 2348 5392 conf.
2360 5332 2392 5402 ,⁷
2405 5353 2524 5405 cap.
2563 5332 2652 5388 23—.
2686 5336 2894 5388 Praeter
2924 5332 3053 5388 eum
3081 5334 3352 5388 Junianus
3380 5332 3551 5386 abbas

1925 5409 2275 5462 Mariacensis
2312 5405 2646 5474 Radegundi
2688 5405 2860 5459 etiam
2905 5407 3107 5460 charus
3150 5405 3458 5460 admodum
3497 5406 3553 5454 et

1925 5478 2210 5533 familiaris
2240 5477 2364 5541 fuit,
2390 5477 2506 5548 qui
2532 5477 2860 5531 caracallam
2896 5477 2966 5531 ab
2993 5494 3058 5532 ea
3082 5478 3355 5548 accepisse
3381 5486 3551 5541 supra

1927 5550 1984 5604 in
2013 5549 2258 5620 propriis
2283 5547 2432 5601 Actis
2459 5548 2688 5618 legitur.

1997 5612 2058 5690 (ὲ)
2088 5612 2339 5674 Rachina
2365 5634 2462 5672 seu
2495 5612 2742 5673 rachana
2771 5619 3034 5674 Menardo
3063 5622 3275 5690 nostro,
3316 5615 3374 5690 in
3403 5612 3546 5665 Con-

1925 5688 2076 5745 cord.
2106 5691 2314 5762 regul.,
2347 5706 2476 5762 pag.
2521 5693 2644 5761 922,
2678 5695 2762 5746 est
2797 5691 3214 5761 operimentum
3249 5688 3546 5740 lectorum.

1924 5763 2112 5834 Vrossio
2143 5763 2206 5817 de
2240 5763 2400 5818 Viti-is
2440 5777 2622 5827 serm.,
2659 5767 2742 5834 est
2774 5762 2937 5816 vestis
2974 5777 3004 5815 e
3044 5773 3229 5834 panno
3269 5769 3450 5834 crasso
3481 5770 3544 5808 ac

1924 5833 2018 5892 vili
2046 5851 2077 5890 a
2107 5851 2289 5907 graeco
2329 5844 2479 5911 ράχω.
2512 5835 2659 5908 Lege
2685 5833 2868 5890 Vitam
2895 5831 3072 5887 sancti
3100 5830 3380 5885 Germani.
