4058 6190
425 291 528 346 667

1383 291 1639 349 SANCTA
1675 291 2120 360 RADEGUNDIS,
2160 292 2408 354 REGINA
2445 291 2771 352 FRANCIE.

3674 297 3780 354 668

423 397 721 468 cilicinam,
743 399 894 456 unde
923 403 980 456 et
997 395 1230 456 interius
1248 403 1306 456 et
1329 401 1587 472 superius
1607 402 1714 459 sibi
1727 402 1860 460 fecit
1885 405 2048 460 indu-
2067 413 2126 488 Α
2145 403 2304 460 niam
2333 407 2551 476 peteret
2563 404 2742 460 beatae
2757 401 3114 477 Radegundi,
3139 403 3206 460 ut
3221 400 3274 460 ei
3291 400 3612 478 indulgeret
3625 405 3782 479 quod

421 499 700 561 mentum,
730 499 786 549 et
809 494 856 548 si
879 493 1014 565 quid
1035 493 1104 548 de
1131 509 1319 565 causa,
1353 512 1527 568 quam
1557 496 1810 568 timebat,
1843 517 2042 572 supra-

422 587 602 646 dictus
628 587 714 642 vir
749 589 808 644 in
836 586 1044 658 Spiritu
1083 591 1274 642 sancto
1315 589 1564 660 sentiret,
1593 607 1716 648 eam
1747 594 2044 652 certiorem

420 684 696 741 redderet.
737 683 897 749 Quod
936 682 984 737 si
1018 682 1122 738 hoc
1149 699 1246 739 rex
1273 685 1469 757 vellet,
1511 687 1633 758 ipsa
1661 690 1790 744 ante
1827 695 2046 762 optaret

420 778 593 834 vitam
628 777 810 846 ﬁnire,
837 794 1010 850 quam
1045 779 1170 850 regi
1207 783 1430 836 terreno
1457 783 1665 838 iterum
1685 785 1874 856 jungi,
1906 788 2044 858 quia

411 871 531 942 jam
565 869 716 943 regis
742 873 978 929 caelestis
1018 876 1390 948 copulabatur
1427 879 1800 950 amplexibus.
1843 879 1930 937 Sic
1958 882 2044 939 vir

416 964 516 1020 Dei
545 969 660 1020 tota
691 971 853 1023 nocte
889 967 966 1024 in'
986 970 1189 1042 vigiliis
1213 976 1269 1028 et
1305 971 1652 1030 orationibus
1681 981 2039 1048 pernoctans,

415 1057 724 1130 inspirante
763 1061 868 1117 sibi
897 1063 1084 1121 divina
1113 1067 1365 1138 potentia
1389 1067 1448 1124 in
1468 1069 1730 1138 crastino,
1753 1071 2043 1129 mandavit

415 1151 464 1207 ei
494 1153 603 1208 hoc
629 1155 778 1227 regis
803 1173 922 1212 esse
947 1159 1297 1216 voluntatem
1321 1203 1334 1232 ,
1361 1163 1458 1218 sed
1487 1163 1584 1218 Dei
1615 1181 1731 1220 non
1757 1181 1876 1222 esse
1905 1183 2040 1238 per-

414 1245 684 1304 missum:
717 1255 846 1305 ante
875 1267 976 1306 rex
999 1253 1096 1308 Dei
1114 1254 1328 1324 judicio
1353 1255 1672 1328 puniretur,
1711 1275 1886 1330 quam
1911 1276 2040 1316 eam

410 1339 472 1394 in
499 1341 828 1414 conjugium
856 1345 1150 1417 acciperet.

483 1437 536 1490 5.
573 1437 701 1491 Post
733 1437 840 1492 hoc
870 1438 1084 1494 dictum
1114 1442 1434 1512 supradicta
1470 1443 1700 1500 domina
1733 1445 2036 1518 Radegun-

411 1525 496 1582 dis
521 1533 711 1585 mente
737 1532 855 1586 tota
885 1531 1102 1588 intenta
1141 1535 1212 1590 ad
1238 1536 1548 1606 Christum,
1578 1538 1830 1610 Pictavis,
1857 1541 2036 1612 inspi-

410 1623 570 1676 rante
597 1626 654 1679 et
684 1629 1016 1697 c00perante
1047 1629 1158 1683 Deo
1178 1671 1192 1698 ,
1223 1631 1636 1686 monasterium
1675 1632 1780 1688 sibi
1807 1651 1912 1705 per
1939 1652 2034 1691 or-

409 1714 756 1773 dinationem
813 1721 1067 1791 pracelsi
1119 1724 1272 1795 regis
1327 1724 1634 1780 Chlotharii
1687 1727 2032 1800 construxit,

408 1831 580 1886 quam
619 1816 892 1873 fabricam
927 1820 1012 1874 vir
1036 1822 1372 1892 apostolicus
1410 1822 1658 1880 Pientius
1705 1825 2034 1898 [Pictavien-

408 1907 504 1980 sis]
547 1909 837 1983 episcopus
872 1917 929 1968 et
961 1915 1295 1988 Austrapius
1331 1917 1448 1971 dux
1483 1933 1587 1988 per
1617 1919 2036 1978 ordinationem

406 2002 751 2060 dominicam
797 2007 933 2078 [Al.,
985 2008 1102 2082 Dei]
1160 2009 1416 2065 celeriter
1453 2011 1746 2068 fecerunt:
1785 2013 1844 2068 in
1884 2016 2036 2086 quod

405 2099 812 2155 monasterium
836 2105 1026 2156 sancta
1043 2103 1260 2174 regina,
1283 2104 1492 2160 mundi-
1502 2105 1638 2160 falsa
1651 2105 2035 2164 blandimenta

403 2208 700 2262 respuens,
733 2194 1094 2266 gaudensque
1118 2197 1372 2269 ingressa
1401 2201 1516 2266 est,
1547 2197 1647 2254 ubi
1677 2199 2034 2270 perfectionis

403 2289 735 2341 ornamenta
753 2289 1128 2360 conquireret,
1154 2295 1211 2346 et
1235 2308 1502 2364 magnam
1529 2295 2032 2364 congregationem

403 2377 718 2448 puellarum
743 2380 962 2436 Christo
990 2399 1284 2455 nunquam
1309 2385 1584 2440 morituro
1613 2402 1816 2456 sponso
1841 2388 2028 2444 trade-

403 2475 507 2527 ret.
549 2474 668 2536 Quo
707 2473 886 2529 electa
923 2475 1202 2532 abbatissa
1246 2478 1416 2534 etiam
1455 2480 1774 2551 constituta,
1815 2484 1934 2536 tam
1971 2499 2030 2538 se

401 2581 571 2636 quam
591 2583 692 2621 sua
717 2568 908 2622 omnia
929 2569 1050 2639 ejus
1076 2571 1305 2626 tradidit
1331 2572 1555 2628 subdita
1579 2573 1863 2645 potestati,
1887 2579 1942 2630 et
1961 2591 2030 2631 ex

401 2659 628 2730 proprio
646 2661 778 2732 jure
821 2661 963 2716 nihil
999 2663 1104 2718 sibi
1131 2681 1439 2732 reservans,
1472 2671 1537 2722 ut
1573 2672 1825 2723 curreret
1854 2684 2028 2740 expe-

398 2756 516 2812 dita
543 2761 672 2828 post
694 2759 898 2814 Christi
915 2761 1164 2833 vestigia,
1188 2766 1244 2818 et
1267 2767 1490 2819 tantum
1515 2764 1620 2819 sibi
1647 2765 1773 2836 plus
1793 2771 2032 2837 augeret

397 2849 456 2904 in
495 2851 631 2906 caelo
667 2857 878 2924 quanto
905 2855 1092 2926 magis
1125 2856 1493 2913 subtraxisset
1530 2859 1599 2913 de
1637 2858 1862 2913 saeculo.
1905 2861 2030 2914 Mox

398 2943 570 2998 etiam
601 2945 722 3016 ejus
761 2951 954 3001 sancta
984 2950 1331 3005 conversatio
1377 2951 1544 3021 coepit
1583 2951 1798 3006 fervere
1824 2951 1884 3006 in
1913 2953 2024 3008 hu-

397 3035 651 3092 militatis
709 3041 1146 3110 conversatione,
1197 3043 1258 3098 in
1307 3043 1595 3098 charitatis
1649 3045 1926 3113 ubertate,
1966 3046 2027 3100 in

397 3129 660 3184 castitatis
689 3131 924 3202 lumine,
965 3134 1024 3188 in
1049 3135 1401 3205 jejuniorum
1439 3137 1827 3208 pinguedine:
1867 3143 1924 3192 et
1951 3139 2026 3194 ita
2047 3152 2102 3226 ρ

397 3237 453 3276 se
467 3225 583 3278 toto
596 3240 786 3279 amore
803 3227 1014 3282 ccelesti
1029 3228 1260 3284 tradidit
1278 3246 1482 3300 sponso
1499 3273 1512 3298 ,
1533 3233 1598 3283 ut
1615 3231 1794 3286 Deum
1813 3233 2027 3288 mundo

395 3316 558 3372 corde
577 3319 977 3390 complectens,
1000 3321 1286 3377 Christum
1317 3322 1376 3378 in
1411 3339 1470 3378 se
1497 3322 1876 3380 habitatorem
1906 3341 2026 3382 esse

395 3408 644 3464 sentiret.

463 3509 513 3561 6.
543 3507 648 3564 Sed
675 3508 898 3565 invidus
923 3510 1202 3566 bonorum
1229 3511 1470 3568 humani
1491 3513 1717 3586 generis
1735 3513 2022 3585 inimicus,

390 3600 550 3670 cujus
579 3602 944 3672 voluntatem,
976 3605 1146 3660 etiam
1173 3607 1311 3661 dum
1329 3606 1390 3662 in
1417 3608 1625 3662 saeculo
1647 3612 1812 3676 esset,
1837 3608 2024 3664 facere

390 3693 680 3750 abhorruit
703 3737 716 3762 ,
746 3713 872 3752 eam
908 3699 1173 3770 persequi
1217 3716 1349 3754 non'
1376 3701 1630 3756 cessavit.
1670 3701 1824 3757 Sicut
1867 3701 2022 3756 enim

383 3785 505 3854 jam
553 3801 656 3855 per
699 3787 1078 3846 internuntios
1121 3798 1458 3863 cognoverat
1505 3794 1699 3865 (quod
1747 3794 2022 3866 timebat)

393 3878 693 3948 praecelsus
727 3895 828 3936 rex
859 3883 1217 3938 Chlotharius
1251 3902 1382 3940 cum
1413 3885 1528 3942 ﬁlio
1560 3904 1661 3942 suo
1691 3888 2021 3959 praecellen-

393 3969 608 4024 tissimo
646 3972 924 4043 Sigiberto
965 3977 1216 4031 Turones
1251 3979 1478 4034 advenit
1513 3980 1672 4052 quasi
1711 3981 2024 4036 devotionis

390 4079 578 4132 causa,
613 4081 726 4136 quo
755 4066 971 4123 facilius
1000 4069 1233 4124 Pictavis
1259 4072 1564 4142 accederet,
1586 4077 1652 4127 ut
1679 4091 1842 4128 suam
1867 4074 2021 4146 regi-

387 4172 520 4210 nam
548 4157 844 4229 acciperet.
867 4163 987 4226 Quo
1007 4163 1231 4234 cognito
1261 4163 1425 4219 beata
1455 4165 1816 4237 Radegundis
1836 4183 2018 4221 sacra-

387 4251 659 4305 mentales
691 4251 824 4308 fecit
864 4253 1076 4310 litteras
1123 4256 1227 4312 sub
1253 4258 1658 4314 contestatione
1689 4257 1877 4314 divina
1900 4259 2021 4316 viro

386 4343 692 4414 apostolico
724 4345 932 4402 domno
958 4349 1235 4405 Germano
1268 4350 1612 4407 Parisiorum
1633 4351 1871 4407 civitatis
1897 4353 2018 4424 epi-

387 4452 558 4506 scopo
587 4437 688 4509 qui
713 4442 850 4494 tunc
881 4457 1012 4496 cum
1043 4459 1178 4515 rege
1212 4447 1353 4513 erat,
1394 4461 1533 4516 quas
1577 4462 1682 4518 per
1719 4445 2020 4500 Proculum

2144 498 2204 554 in
2234 515 2298 554 ea
2337 515 2440 570 per
2466 498 2644 554 malos
2683 497 3021 554 consiliarios
3057 503 3406 570 peccaverat.
3449 501 3607 556 Unde
3635 501 3780 558 ultio

2144 592 2332 648 divina
2375 593 2445 648 de
2498 593 2766 665 praesenti
2811 592 2872 648 in
2913 609 3007 649 eos
3053 593 3377 648 vindicavit.
3427 593 3580 650 Sicut
3621 597 3781 652 enim

2143 686 2330 756 Arius,
2367 686 2466 758 qui
2501 692 2695 742 contra
2725 686 2894 742 ﬁdem
2933 687 3267 742 catholicam
3310 691 3545 754 certans,
3585 689 3782 744 omnia

2149 779 2285 853 [Al.,
2319 797 2552 836 omnem
2587 780 2931 854 intestinam]
2977 782 3247 837 intestina
3277 798 3378 836 sua
3402 782 3462 838 in
3493 799 3780 839 secessum

2141 874 2396 944 dimisit;
2425 873 2502 930 ita
2520 877 2578 930 et
2595 874 2664 930 de
2685 874 2804 930 istis
2834 876 3019 931 evenit
3043 875 3140 948 qui
3159 879 3353 932 contra
3371 877 3596 933 beatam
3621 877 3778 950 regi-

2141 985 2275 1024 nam
2301 973 2561 1039 egerunt.

2211 1068 2265 1119 7.
2307 1063 2463 1118 Tunc
2500 1079 2601 1118 rex
2647 1061 2855 1119 timens
2911 1063 3008 1118 Dei
3049 1061 3350 1136 judicium,
3395 1063 3530 1136 quia
3577 1063 3774 1136 regina

2140 1156 2321 1230 magis
2351 1157 2448 1212 Dei
2477 1157 2822 1212 voluntatem
2846 1155 3055 1213 fecerat
3079 1173 3253 1230 quam
3283 1173 3446 1213 suam
3471 1158 3612 1212 dum
3645 1175 3774 1213 cum

2141 1268 2206 1306 eo
2237 1255 2586 1306 commorata
2610 1249 2812 1320 fuerat,
2841 1253 3006 1322 rogat
3029 1251 3256 1306 beatum
3283 1252 3491 1318 virum,
3523 1251 3662 1306 illuc
3691 1267 3776 1306 ce-

2137 1344 2331 1400 leriter
2371 1344 2472 1399 ire.
2524 1344 2610 1400 Sic
2657 1344 2744 1399 vir
2795 1344 3128 1416 apostolicus
3174 1344 3414 1400 domnus
3456 1345 3776 1400 Germanus

2135 1437 2368 1492 Pictavis
2392 1437 2642 1507 veniens,
2669 1437 2956 1509 ingressus
2979 1438 3404 1506 monasterium,
3437 1438 3498 1492 in
3528 1438 3772 1494 oratorio

2136 1531 2359 1586 domnae
2385 1531 2571 1586 Mariae
2595 1530 2818 1586 nomini
2842 1529 3094 1586 dedicato
3123 1531 3430 1602 prosternit
3453 1548 3512 1586 se
3539 1531 3614 1586 ad
3641 1549 3770 1586 san-

2135 1629 2238 1680 cta:
2265 1625 2478 1697 reginae
2497 1625 2668 1696 pedes
2697 1642 2799 1695 pro
2827 1640 2962 1696 rege
2989 1623 3208 1679 veniam
3235 1641 3488 1696 poscens.
3515 1626 3616 1680 Illa
3643 1643 3774 1682 vero

2139 1713 2388 1790 gaudens
2432 1735 2491 1774 se
2538 1718 2608 1774 de
2661 1717 2854 1773 saeculi
2897 1717 3150 1772 faucibus
3194 1723 3480 1790 ereptam,
3521 1719 3776 1792 benigne

2057 1787 2112 1858 B
2135 1787 2410 1883 indulget,
2457 1815 2513 1866 et
2540 1827 2599 1866 se
2644 1811 2714 1866 ad
2751 1811 2848 1866 Dei
2889 1811 3098 1884 aptavit
3134 1787 3424 1867 servitium
3447 1787 3474 1869 ε’
3507 1787 3778 1886 expedita

2128 1906 2250 1977 jam
2288 1905 2449 1976 sequi
2485 1905 2770 1960 Christum
2812 1922 3150 1978 quocunque
3191 1907 3302 1962 iret
3335 1923 3507 1979 quem
3545 1923 3776 1979 semper

2135 1999 2348 2066 dilexit,
2383 2003 2440 2053 et
2472 2001 2661 2054 animo
2697 1999 2895 2054 devoto
2932 1997 3002 2054 ad
3033 2015 3167 2054 eum
3201 2000 3503 2072 percurrit.
3539 2001 3770 2056 Talibus

2135 2108 2270 2162 ergo
2300 2091 2469 2147 rebus
2497 2091 2732 2160 intenta,
2766 2091 2956 2146 addito
2997 2091 3320 2164 vigiliarum
3356 2093 3572 2162 ordine,
3609 2093 3772 2165 quasi

2134 2183 2368 2240 carceris
2395 2201 2454 2240 se
2483 2185 2570 2239 sui
2600 2185 2851 2257 corporis
2879 2185 3010 2240 fecit
3037 2187 3420 2258 pernoctando
3447 2187 3770 2242 custodem.

2133 2279 2199 2332 Et
2231 2295 2362 2332 cum
2392 2282 2536 2333 esset
2559 2277 2682 2332 aliis
2711 2277 3053 2349 misericors,
3089 2279 3195 2333 sibi
3227 2279 3406 2351 judex
3433 2279 3632 2334 effecta
3661 2283 3768 2350 est,

2131 2371 2362 2444 reliquis
2389 2370 2503 2443 pia,
2525 2369 2585 2426 in
2617 2388 2674 2427 se
2691 2371 3022 2428 abstinendo
3055 2388 3266 2442 severa,
3292 2373 3556 2428 omnibus
3577 2374 3768 2444 larga,

2131 2465 2238 2520 sibi
2286 2464 2572 2535 restricta,
2619 2468 2684 2521 ut
2723 2466 2975 2520 confecta
3019 2466 3254 2538 jejuniis
3319 2483 3436 2522 non
3481 2466 3772 2522 sufﬁceret

2131 2558 2238 2614 nisi
2263 2564 2320 2614 et
2348 2559 2417 2615 de
2449 2575 2550 2614 suo
2579 2575 2812 2630 corpore
2841 2559 3240 2632 triumpharet.

2201 2657 2252 2708 8.
2281 2653 2374 2708 His
2403 2653 2580 2725 igitur
2595 2653 2793 2708 studiis
2822 2658 3088 2725 occupata
3117 2670 3220 2725 per
3239 2669 3467 2708 omnem
3495 2654 3758 2725 modum,

2129 2746 2270 2802 sicut
2297 2752 2381 2802 est
2409 2747 2468 2802 in
2499 2747 2642 2802 libro
2671 2747 2856 2820 primo
2893 2747 3236 2819 intimatum,
3271 2748 3482 2802 meruit
3511 2748 3614 2802 soli
3647 2749 3768 2804 Deo

2127 2845 2388 2912 prompte
2414 2857 2628 2896 vacare.
2661 2842 2781 2906 Quo
2802 2845 2993 2897 tamen
3023 2845 3279 2913 tempore
3305 2841 3629 2896 fortioribus
3665 2859 3764 2898 ar-

2129 2935 2237 2988 mis
2294 2934 2511 3002 induta,
2567 2935 2687 2990 sine
2751 2935 3054 2991 cessatione
3111 2935 3476 3006 orationibus,
3525 2935 3764 3007 vigiliis,

2127 3027 2366 3083 lectione
2404 3044 2703 3100 propensa,
2749 3029 3066 3102 peregrinis
3097 3029 3215 3101 ipsa
3245 3029 3394 3084 cibos
3422 3029 3770 3085 ministravit

2127 3126 2198 3181 ad
2227 3143 2482 3181 mensam
2508 3169 2522 3196 ,
2561 3128 2684 3198 ipsa
2714 3127 2828 3182 suis
2871 3128 3134 3182 manibus
3162 3127 3300 3183 lavit
3329 3133 3384 3182 et
3411 3129 3569 3182 tersit
3593 3128 3762 3183 infir-

2125 3225 2384 3275 mantum
2413 3220 2667 3292 vestigia.
2700 3221 2824 3276 Non
2860 3221 3090 3277 famula:
3116 3221 3374 3293 permisit
3397 3221 3502 3276 sibi
3521 3223 3656 3278 dare
3675 3239 3766 3278 so-

2125 3313 2344 3384 latium,
2377 3329 2507 3386 quae
2537 3314 2735 3369 devota
2753 3315 3058 3370 cursitabat
3080 3315 3316 3387 implere
3347 3315 3634 3371 servitium
3661 3335 3674 3372 :
3699 3335 3764 3374 se

2125 3411 2318 3462 autem
2347 3407 2405 3462 in
2423 3411 2539 3462 tam
2554 3407 2733 3461 ardua
2757 3407 3116 3463 abstinentiae
3135 3408 3484 3464 districtione
3509 3410 3760 3480 reclusit,

2124 3517 2304 3572 usque
2332 3517 2445 3572 quo
2472 3499 2770 3556 infirmitas
2797 3501 3084 3572 permisit,
3115 3509 3181 3556 ut
3205 3517 3366 3557 mens
3391 3502 3608 3558 intenta
3641 3504 3760 3560 Deo

2125 3597 2415 3650 terrenum
2439 3594 2561 3666 jam
2586 3611 2692 3649 nec
2719 3595 3032 3666 requireret
3059 3595 3268 3650 cibum.
3302 3596 3594 3652 Lectulum
3624 3614 3762 3654 vero

2125 3687 2400 3759 poenalem
2431 3687 2536 3742 sibi
2563 3689 2894 3756 construxit,
2918 3693 3216 3760 postquam
3250 3689 3540 3761 religionis
3569 3691 3762 3747 induit

2123 3781 2419 3851 habitum;
2444 3798 2562 3836 non
2588 3781 2889 3853 aliquando
2915 3784 3069 3838 illam
3087 3783 3272 3838 mollis
3297 3785 3492 3856 pluma
3515 3785 3758 3856 fulcivit,

2123 3891 2308 3947 neque
2329 3875 2674 3930 linteaminis
2698 3876 2848 3930 nitor
2865 3876 3150 3946 instruxit,
3179 3893 3306 3950 quas
3321 3895 3424 3949 pro
3451 3879 3758 3936 indumen-

2125 3968 2194 4023 tis
2211 3968 2488 4023 universis
2509 3968 2696 4024 cinere
2715 3973 2771 4024 et
2791 3969 2970 4024 cilicio
2991 3975 3184 4025 tenera
3202 3972 3457 4027 membra
3475 3973 3752 4030 domavit.

2121 4061 2200 4116 De
2212 4061 2563 4117 abstinentiae
2579 4062 2768 4134 rigore
2799 4063 2884 4118 vel
2907 4063 3116 4118 servitii
3135 4065 3384 4120 anterior
3399 4066 3544 4121 liber
3569 4068 3756 4124 multa

2121 4155 2328 4211 docuit.
2359 4157 2420 4210 In
2447 4159 2668 4210 tantum
2699 4155 2854 4231 enim
2882 4173 2938 4212 se
2965 4161 3197 4229 propter
3225 4160 3406 4214 Deum
3433 4176 3752 4231 pauperem

2118 4249 2270 4318 fecit,
2327 4251 2388 4303 ut
2437 4248 2652 4304 caeteris
2706 4227 2986 4320 praeberet
3040 4253 3388 4323 exemplum.
3433 4227 3756 4310 lianicham

2120 4358 2290 4414 quam
2319 4342 2552 4397 brachio
2581 4341 2839 4398 indueret
2868 4360 2985 4398 non
3021 4343 3284 4413 habebat,
3317 4345 3428 4401 nisi
3457 4347 3528 4400 de
3569 4347 3756 4420 caliga
3793 4387 3806 4399 .

2120 4451 2220 4490 sua
2259 4435 2362 4490 sibi
2403 4437 2540 4491 duas
2578 4435 2709 4490 fecit
2745 4436 3031 4492 manicas:
3080 4437 3177 4492 sed
3217 4438 3294 4493 ita
3335 4455 3394 4493 se
3437 4455 3754 4511 pauperem

385 4545 554 4583 suum
581 4537 845 4601 agentem
875 4535 1140 4592 secretius
1169 4537 1374 4594 direxit
1411 4555 1542 4593 cum
1571 4541 1771 4595 exenio
1796 4540 1884 4595 vel
1917 4556 2016 4596 eu—
2039 4523 2097 4595 Ι)
2121 4529 2428 4598 tractabat,
2472 4533 2540 4584 ut
2577 4530 2684 4584 1100
2719 4546 2824 4585 nec
2865 4530 3142 4586 abbatissa
3189 4531 3262 4602 (δ)
3313 4533 3566 4589 sentiret
3618 4535 3754 4599 01115

385 4621 546 4692 logiis
590 4623 681 4694 (α).
721 4627 793 4680 At
828 4627 926 4682 ubi
961 4645 1052 4683 eas
1088 4631 1296 4703 relegit
1325 4631 1410 4686 vir
1449 4633 1564 4688 Deo
1601 4633 1802 4704 plenus
1841 4633 2022 4705 lacry-

383 4729 563 4782 mans,
601 4719 909 4786 prosternit
954 4738 1012 4776 se
1049 4724 1288 4792 pedibus
1331 4725 1480 4796 regis
1519 4730 1650 4782 ante
1694 4726 2018 4798 sepulcrum

383 4807 530 4864 beati
562 4809 784 4866 Martini
814 4829 944 4868 cum
974 4818 1379 4873 contestatione
1410 4819 1618 4886 divina,
1659 4819 1803 4876 sicut
1840 4819 1892 4876 ei
1920 4819 2016 4876 lit-

385 4903 519 4956 teris
557 4903 745 4959 fuerat
787 4905 1132 4977 intimatum,
1172 4915 1237 4965 ut
1275 4911 1512 4967 Pictavis
1551 4929 1668 4968 non
1707 4913 2012 4970 accederet.

383 4993 468 5047 Sic
497 5012 596 5050 rex
631 4999 1011 5058 amaritudine
1059 5004 1260 5074 plenus
1279 5005 1603 5077 intelligens
1625 5007 1768 5062 hanc
1797 5007 2016 5078 petitio-

383 5101 516 5139 nem
545 5103 662 5144 esse
683 5093 915 5164 reginae,
947 5096 1278 5166 paenitentia
1303 5097 1522 5166 ductus,
1558 5099 1721 5154 malis
1752 5099 2013 5155 consilia-

382 5175 480 5231 riis
517 5177 666 5234 istud
695 5191 979 5256 reputans,
1027 5207 1198 5263 seque
1231 5191 1536 5264 indignum
1569 5192 1833 5263 judicans
1865 5194 2016 5265 quod

379 5269 554 5326 talem
573 5271 779 5330 habere
799 5281 1058 5351 reginam
1073 5284 1284 5341 diutius
1303 5303 1421 5341 non
1438 5285 1756 5356 meruisset,
1774 5291 2018 5357 proster-

379 5363 464 5418 nit
513 5381 572 5418 se
625 5371 682 5420 et
731 5368 825 5425 ille
878 5378 1008 5429 ante
1051 5377 1248 5433 limina
1287 5380 1468 5434 sancti
1511 5379 1730 5435 Martini
1777 5379 2016 5451 pedibus

379 5457 671 5530 apostolici
711 5463 818 5518 viri
860 5466 1142 5538 Germani,
1183 5487 1388 5544 rogans
1416 5477 1480 5529 ut
1511 5473 1588 5530 sic
1633 5490 1736 5545 pro
1769 5473 1888 5545 ipso
1916 5489 2012 5529 ve-

445 5573 956 5663 (a)1Eulogiae‘non
997 5599 1354 5663 sem‘pergpro
1399 5605 1544 5660 pane
1564 5589 1814 5663 aliisque
1845 5591 2014 5645 rebus

375 5645 729 5725 benedictis;
741 5651 840 5725 se_d
871 5669 974 5724 pro
997 5645 1618 5725 quolibet‘muriusculo
1641 5679 1710 5716 ex
1720 5645 2014 5718 lcharitate

375 5715 518 5770 facto
573 5721 734 5796 A_pud
785 5715 1178 5794 Fortunatum,
1226 5728 1286 5783 in
1330 5729 1430 5784 lib.
1485 5730 1548 5796 11,
1603 5715 2014 5788 Casina

377 5801 550 5857 seqq.
595 5789 877 5872 leguntur
929 5789 1221 5872 castaneae,
1271 5799 1393 5872 lac,
1437 5789 1750 5872 prunellae,
1805 5820 1908 5858 ova
1956 5807 2014 5859 et

377 5872 576 5926 prunis
590 5865 651 5917 in
671 5865 918 5939 eulogias
937 5865 1282 5928 transmissa.
1307 5865 1389 5929 De
1410 5865 1651 5943 eulogiis
1667 5865 1793 5943 lege
1814 5873 2009 5930 Albas-

2117 4622 2271 4678 enim
2292 4623 2412 4694 ejus
2431 4623 2781 4696 patientiam,
2803 4624 2930 4697 quis
2947 4625 3300 4695 charitatem,
3319 4627 3444 4698 quis
3463 4623 3754 4685 fervorem

2117 4716 2364 4787 spiritus,
2395 4717 2519 4788 quis
2545 4717 2966 4788 discretionem,
2997 4719 3124 4791 quis
3154 4719 3586 4792 benignitatem,
3621 4724 3752 4795 quis

2117 4809 2300 4864 zelum
2323 4815 2600 4880 sanctum,
2624 4812 2749 4884 quis
2759 4813 2962 4884 jngem
2991 4812 3418 4868 meditationem
3439 4815 3528 4871 die
3553 4823 3754 4873 noctu-

2116 4919 2224 4974 que
2254 4903 2314 4958 in
2357 4905 2482 4976 lege
2517 4905 2739 4960 Domini
2775 4907 2984 4976 poterit
3021 4907 3303 4978 explicare
3324 4909 3352 4962 ?
3380 4909 3516 4972 Quae
3547 4927 3678 4966 cum
3711 4929 3750 4966 ει

2116 4997 2478 5054 meditatione
2531 5000 2878 5071 psalmorum
2933 5004 3032 5054 aut
3086 5000 3484 5072 praedicatione
3529 5021 3753 5061 cessare

2115 5091 2419 5162 videretur,
2445 5093 2644 5148 lectrix
2669 5097 2799 5149 ante
2829 5110 2956 5172 eam
2983 5110 3098 5149 una
3122 5095 3530 5151 monachamm
3555 5097 3754 5170 legere

2115 5201 2230 5240 non
2262 5185 2584 5241 desistebat.
2611 5188 2670 5242 In
2694 5192 2914 5242 tantum
2945 5188 3015 5242 de
3043 5189 3210 5243 corde
3227 5190 3314 5244 vel
3346 5205 3442 5244 ore
3467 5190 3620 5246 illius
3649 5193 3758 5247 Dei

2113 5280 2238 5334 laus
2257 5296 2370 5334 non
2391 5279 2726 5349 discedebat,
2750 5285 2816 5336 ut
2835 5298 2965 5336 cum
2990 5283 3234 5354 quadam
3252 5282 3367 5339 vice
3391 5283 3623 5340 vidisset
3641 5302 3754 5356 po-

2115 5373 2415 5428 sticiariam
2440 5375 2764 5430 monasterii
2781 5379 3170 5431 transeuntem
3189 5377 3419 5432 nomine
3451 5379 3760 5450 Eodegun-

2115 5467 2265 5534 dem,
2285 5467 2384 5522 ubi
2411 5483 2536 5523 eam
2555 5468 2734 5523 voluit
2747 5469 3050 5540 appellare,
3073 5486 3176 5542 pro
3203 5471 3324 5542 ejus
3344 5471 3574 5528 nomine
3602 5473 3762 5528 Alle-

2113 5586 2383 5656 pinaeum,
2417 5585 2516 5640 lib.
2551 5601 2588 5654 ι,
2617 5585 2892 5640 observat.
2929 5589 2982 5654 8,
3026 5591 3081 5640 et
3111 5587 3470 5656 Mcnardum,
3501 5588 3564 5644 in
3595 5589 3756 5644 Con-

2113 5657 2264 5737 cord.
2297 5657 2526 5737 Begqu
2555 5673 2675 5728 cap.
2711 5660 2799 5737 6t,
2832 5657 3034 5737 §‘l,'_et
3062 5658 3218 5737 alios.

2185 5727 2252 5798 (b)
2303 5727 2490 5783 Prima
2553 5727 2880 5784 monasterii
2939 5727 3158 5785 Sanctae
3211 5729 3401 5786 Crucis
3457 5728 3752 5790 abbatissa

2111 5799 2299 5870 Agnes
2329 5800 2419 5856 cui
2449 5801 2713 5856 successit
2741 5799 3080 5858 Leubovera.
