4058 6190
160 286 263 338 669

1429 277 1597 333 νΙΤΑ.
1640 277 1841 334 LIBER
1878 277 2238 335 SECUNDUS.

3405 283 3508 342 670

150 389 271 446 luia
305 386 584 446 clamavit.
631 388 743 442 Hoc
778 385 983 444 millies
1023 386 1191 456 fecit;
1234 400 1530 458 nunquam
1571 387 1641 444 de
1684 402 1781 443 ore
1803 400 1861 476 Α
1881 387 1986 458 cit,
2003 391 2068 444 ut
2095 387 2142 444 si
2169 385 2334 444 alicui
2373 385 2444 444 de
2487 385 2769 444 sororibus
2802 401 3029 446 merum
3064 386 3197 446 dare
3221 388 3505 463 voluisset,

153 483 310 541 illius
329 482 614 552 detractio,
638 497 932 554 nunquam
949 479 1331 550 mendacium,
1351 495 1648 553 nunquam
1666 496 1782 536 ma-

152 577 426 634 ledictum
451 581 646 633 contra
663 575 1141 647 qualemcumque
1167 590 1467 646 personam
1491 573 1779 645 processit:

151 676 201 727 et
226 688 351 726 non
377 671 560 726 solum
588 687 704 725 non
730 669 973 725 detraxit
1006 668 1290 739 cuiquam,
1329 669 1427 724 sed
1461 684 1566 724 nec
1592 668 1779 724 detra-

146 767 387 822 hentem
437 764 715 836 patienter
764 763 1005 819 audivit.
1056 763 1161 818 Pro
1207 761 1677 833 persequentibus
1724 777 1782 817 se

147 875 381 930 semper
393 857 570 913 oravit
588 861 644 912 et
653 872 811 912 orare
824 855 1035 912 docuit.
1055 853 1569 926 Congregationem
1579 896 1593 922 ,
1608 870 1781 927 quam

147 953 204 1008 in
229 951 471 1007 nomine
499 950 726 1006 Domini
764 950 933 1021 plena
962 949 1061 1005 Dei
1089 948 1366 1004 desiderio
1393 947 1778 1020 congregavit,

146 1047 204 1101 in
224 1049 459 1100 tantum
480 1044 693 1111 dilexit,
716 1047 782 1099 ut
800 1043 970 1099 etiam
985 1046 1246 1114 parentes
1265 1042 1352 1097 vel
1373 1058 1571 1114 regem
1591 1041 1781 1113 conju-

147 1156 277 1212 gem
295 1157 356 1194 se
380 1138 642 1195 habuisse
657 1153 760 1192 nec
779 1137 1252 1192 reminisceretur.
1273 1136 1434 1201 Quod
1451 1137 1781 1208 frequenter

147 1233 310 1288 nobis
341 1233 483 1288 dum
519 1231 846 1303 pmdicaret
882 1231 1134 1286 dicebat:
1162 1232 1272 1285 Vos
1308 1230 1453 1302 elegi
1493 1229 1656 1299 ﬁlias,
1684 1246 1780 1286 vos

147 1343 272 1382 mea
298 1326 543 1395 lumina,
570 1341 670 1380 vos
695 1342 825 1380 mea
849 1324 982 1394 vita,
1011 1341 1110 1380 vos
1135 1339 1260 1378 mea
1299 1323 1524 1396 requies
1550 1327 1780 1395 totaque

145 1421 407 1488 felicitas,
437 1436 533 1474 vos
558 1419 779 1474 novella
806 1418 1117 1490 plantatio;
1149 1419 1298 1489 agite
1339 1433 1562 1472 mecum
1590 1417 1649 1472 in
1674 1417 1780 1472 hoc

144 1515 376 1582 saeculo,
397 1515 545 1569 unde
563 1513 910 1585 gaudeamus
928 1511 988 1567 in
1006 1512 1220 1567 futuro.
1244 1511 1417 1567 Plena
1434 1511 1565 1579 ﬁde,
1588 1511 1782 1583 pleno-

148 1625 255 1680 que
285 1607 476 1663 cordis
507 1607 708 1662 affectu
745 1606 1052 1661 serviamus
1087 1605 1326 1661 Domino
1362 1606 1424 1660 in
1466 1605 1695 1675 timore,
1725 1608 1780 1661 et

146 1704 202 1760 in
229 1702 599 1773 simplicitate
620 1700 803 1756 cordis
819 1717 1138 1772 quaeramus
1155 1717 1309 1771 eum,
1331 1703 1398 1756 ut
1422 1717 1552 1756 cum
1577 1699 1781 1755 ﬁducia

1881 482 1950 537 de
1988 497 2090 538 suo
2133 479 2239 537 sibi
2275 481 2502 540 cellario
2539 484 2774 554 tangere
2810 499 2930 539 non
2961 484 3341 556 praesumpsit.
3385 486 3505 551 Quo

1880 575 2105 647 cognito
2124 575 2461 632 venerabilis
2477 577 2778 646 abbatissa,
2801 577 2955 633 dedit
2975 576 3024 633 ei
3042 579 3355 634 tonnellam
3381 583 3506 636 octo

1880 669 2220 740 modiorum,
2257 686 2430 742 quam
2465 670 2646 727 beatae
2687 670 2962 727 Felicitati
3005 671 3243 728 cellarius
3289 673 3361 728 ad
3403 689 3504 729 ex-

1880 778 2114 835 pensam
2139 763 2570 820 commendavit.
2601 765 2677 820 De
2712 763 2994 820 vindemia
3029 781 3209 836 usque
3237 765 3309 820 ad
3333 765 3505 822 aliam

1881 857 2143 912 omnibus
2167 857 2367 913 diebus
2390 856 2715 930 ubicunque
2742 857 2795 913 ei
2829 857 3030 914 Sancta
3056 858 3242 929 jussit,
3273 859 3503 931 dispen-

1879 951 2038 1018 savit,
2068 954 2124 1006 et
2158 967 2452 1022 nunquam
2479 951 2708 1021 minuit,
2737 951 2836 1007 sed
2862 967 3085 1024 semper
3114 951 3344 1024 aequalis
3369 969 3502 1025 pero

1880 1045 2106 1100 mansit.
2149 1043 2253 1100 Ubi
2287 1061 2499 1101 novum
2532 1045 2728 1100 vinum
2763 1046 2990 1101 advenit
3024 1047 3174 1118 quod
3211 1045 3506 1104 cellarium

1879 1138 2150 1210 implevit,
2179 1155 2238 1196 se
2257 1140 2504 1194 tonnella
2529 1139 2659 1194 satis
2690 1139 2883 1196 fecisse
2903 1139 3176 1211 credidit;
3201 1145 3331 1196 ante
3355 1158 3500 1214 pon-

1880 1238 2038 1290 tones
2062 1236 2118 1289 et
2150 1237 2341 1289 tonnae
2369 1235 2695 1290 defecerunt
2722 1251 2892 1306 quam
2927 1235 3048 1290 haec
3075 1251 3204 1306 qua:
3237 1235 3415 1292 beate
3443 1237 3505 1292 in

1878 1327 2140 1383 omnibus
2190 1327 2320 1383 fecit
2378 1329 2746 1384 voluntatem.
2808 1329 3080 1384 Dominus
3132 1329 3202 1385 de
3253 1330 3503 1402 quinque

1879 1422 2118 1493 panibus
2169 1426 2227 1477 et
2266 1421 2507 1494 geminis
2543 1422 2788 1494 piscibus
2834 1423 3088 1495 quinque
3132 1423 3286 1495 pavit
3327 1424 3503 1480 millia

1878 1515 2202 1584 hominum,
2258 1520 2314 1571 et
2356 1532 2517 1571 suam
2558 1516 2840 1583 ancillam,
2884 1516 3208 1590 ubicunque
3246 1517 3505 1587 indigere

1876 1610 2054 1680 vidit,
2118 1611 2188 1667 de
2234 1610 2341 1666 hoc
2391 1627 2564 1683 parvo
2623 1609 2829 1683 [supple
2870 1609 3112 1683 vasculo]
3182 1614 3299 1666 toto
3356 1626 3504 1666 anno

1876 1703 2090 1760 refecit.

144 1798 194 1853 ei
225 1771 424 1852 dicere
460 1795 776 1867 possimus:
815 1771 914 1864 Da,
954 1795 1209 1864 Domine,
1249 1793 1404 1868 quod
1442 1792 1777 1867 promisisti,
1798 1771 1856 1845 B
1953 1802 2037 1854 Η.
2073 1798 2304 1870 Semper
2331 1801 2398 1855 de
2423 1815 2563 1872 pace
2595 1799 2844 1868 sollicita,
2879 1798 2947 1855 de
2979 1799 3154 1854 salute
3177 1797 3378 1870 patriae
3403 1808 3503 1855 cu-

147 1891 276 1962 quia
296 1890 544 1946 fecimus
564 1889 714 1961 quod
731 1887 970 1960 jussisti.

213 1987 266 2039 9.
296 1985 608 2055 Nunquam
639 1982 910 2054 imposuit
932 1981 1138 2051 facere,
1160 1982 1311 2054 quod
1338 1981 1459 2054 ipsa
1479 1981 1638 2054 prius
1663 1997 1779 2036 non

147 2076 390 2134 fecisset.
430 2077 813 2148 Undecunque
854 2091 1046 2132 servus
1086 2076 1187 2130 Dei
1230 2075 1492 2145 venisset,
1547 2073 1779 2130 sollicite
1813 2144 1821 2158 _

146 2170 590 2244 percontabatur
635 2170 876 2242 qualiter
929 2169 1167 2224 Domino
1221 2169 1497 2225 serviret:
1546 2170 1592 2226 si
1642 2171 1778 2244 quid

147 2265 274 2322 novi
299 2265 377 2322 ab
405 2281 473 2321 eo
502 2264 816 2336 agnovisset
839 2264 990 2336 quod
1017 2263 1137 2335 ipsa
1182 2279 1297 2319 non
1334 2263 1561 2336 faceret,
1595 2267 1777 2322 conti-

147 2377 255 2416 nuo
285 2377 426 2416 cum
451 2359 608 2414 omni
636 2357 920 2414 alacritate
945 2357 1051 2412 sibi
1074 2357 1231 2430 prius
1250 2357 1520 2431 imposuit
1540 2402 1553 2430 ,
1577 2362 1634 2415 et
1651 2365 1782 2432 post

145 2453 659 2527 congregationem
691 2455 811 2507 tam
848 2451 1020 2508 verbo
1061 2451 1254 2508 docuit
1298 2468 1471 2524 quam
1517 2454 1779 2527 exemplo

145 2548 415 2604 ostendit.
458 2548 602 2602 Cum
633 2548 764 2602 ante
807 2561 932 2602 eam
964 2544 1177 2602 vicibus
1217 2546 1470 2618 psalmus
1505 2551 1776 2617 cessaret,

147 2643 309 2698 lectio
352 2657 652 2713 nunquam
687 2639 954 2710 discessit,
982 2657 1098 2695 non
1137 2640 1247 2710 die,
1293 2657 1409 2696 non
1440 2645 1624 2704 nocte,
1661 2659 1779 2698 non

145 2736 283 2791 dum
314 2736 410 2790 vel
437 2734 737 2807 paululum
766 2750 968 2805 corpus
1002 2750 1168 2788 suum
1199 2733 1412 2790 refecit.
1449 2735 1591 2789 Cum
1617 2734 1779 2790 lectio

147 2830 466 2902 legebatur,
490 2829 581 2883 illa
601 2827 971 2882 sollicitudine
995 2827 1091 2899 pia
1109 2827 1431 2882 animarum
1456 2831 1779 2884 nostrarum

147 2940 344 2978 curam
383 2938 605 2994 gerens,
645 2920 898 2976 dicebat:
930 2920 985 2975 Si
1024 2937 1140 2975 non
1176 2920 1489 2992 intelligitis
1517 2921 1670 2992 quod
1694 2922 1778 2976 le-

147 3019 319 3089 gitur,
357 3015 496 3088 quid
538 3018 623 3070 est
657 3013 808 3086 quod
840 3029 956 3068 non
980 3013 1215 3069 sollicite
1251 3013 1539 3086 requiritis
1573 3030 1778 3086 specu-

148 3111 264 3165 lum
293 3109 625 3165 animarum
654 3112 968 3163 vestrarum
985 3108 1013 3163 ?
1040 3108 1198 3172 Quod
1226 3108 1327 3162 etsi
1356 3108 1542 3163 minus
1566 3125 1669 3180 pro
1695 3125 1781 3165 re-

147 3205 404 3260 verentia
428 3203 780 3274 interrogare
800 3201 1268 3273 praesumebatur,
1291 3201 1388 3256 illa
1403 3202 1500 3273 pia
1518 3201 1780 3258 sollicitu-

149 3299 272 3354 dine
300 3303 680 3369 maternoque
707 3295 930 3364 aﬁ'ectu,
961 3296 1110 3367 quod
1139 3293 1302 3350 lectio
1331 3295 1671 3363 continebat,
1705 3297 1778 3352 ad

150 3393 359 3448 anima:
396 3391 633 3446 salutem
670 3389 982 3461 praedicare
1022 3405 1139 3443 non
1178 3388 1443 3444 cessabat.
1482 3389 1634 3444 Sicut
1658 3389 1778 3461 apis

148 3487 368 3541 diversa
398 3499 605 3556 genera
631 3483 838 3538 ﬂorum
858 3497 1210 3553 congregans
1234 3482 1386 3536 unde
1412 3483 1580 3537 mella
1608 3481 1778 3538 conﬁ-

148 3580 277 3648 ciat;
313 3577 400 3633 sic
425 3577 518 3632 illa
544 3577 614 3631 ab
639 3576 748 3645 his,
778 3591 917 3647 quos
943 3575 1234 3645 invitabat,
1271 3575 1550 3647 spiritales
1578 3576 1774 3630 stude-

147 3669 234 3723 bat
258 3683 497 3738 carpere
526 3665 803 3735 ﬂosculos,
831 3665 983 3720 unde
1011 3665 1146 3719 boni
1173 3665 1359 3736 operis
1384 3665 1634 3719 fructum
1658 3667 1778 3719 tam

148 3763 246 3816 sibi
296 3777 484 3833 quam
540 3759 656 3814 suis
698 3759 1026 3830 sequacibus
1065 3758 1379 3814 exhiberet.
1426 3760 1569 3813 Dum
1615 3761 1779 3814 nocte

149 3856 300 3926 quasi
355 3854 444 3909 vel
483 3853 653 3908 unius
695 3853 850 3907 horae
895 3852 1140 3924 spatium
1185 3853 1472 3908 videretur
1515 3868 1779 3907 somnum

149 3964 404 4020 carpere,
432 3963 656 4018 semper
673 3946 840 4001 lectio
870 3946 1182 4018 legebatur.
1201 3947 1337 4010 Quae
1365 3945 1610 4018 legebat,
1639 3947 1699 4001 in
1719 3962 1780 4004 se

150 4042 336 4097 somni
370 4056 685 4095 marcorem
717 4039 982 4107 sentiens,
1009 4039 1247 4111 putabat
1283 4056 1407 4095 eam
1425 4040 1547 4111 jam
1571 4039 1777 4112 paulu-

151 4136 262 4191 lum
290 4134 664 4205 requiescere.
684 4133 785 4189 Ubi
805 4150 839 4188 a
852 4133 1086 4188 lectione
1104 4138 1368 4190 cessasset
1384 4150 1542 4189 mens
1561 4134 1780 4190 intenta

149 4230 214 4284 ad
239 4229 556 4297 Christum,
575 4232 851 4299 tanquam
876 4227 922 4281 si
942 4227 1150 4282 diceret
1177 4243 1191 4282 :
1221 4230 1336 4298 Ego
1367 4228 1593 4292 dormio,
1616 4233 1667 4284 et
1690 4244 1780 4284 cor

151 4340 325 4378 meum
369 4323 565 4392 uigilat
599 4321 773 4391 (Cant.
806 4321 880 4390 v),
917 4320 1138 4376 aiebat:
1171 4322 1354 4386 Quare
1392 4324 1582 4378 taces?
1607 4324 1776 4394 Lege,

152 4432 222 4470 ne
236 4431 441 4471 cesses.
456 4417 524 4470 At
543 4413 921 4485 ubisurgendi
941 4414 1143 4469 horam
1163 4414 1408 4469 mediam
1423 4414 1632 4470 faceret
1642 4432 1776 4487 nox,

1879 1892 2048 1961 riosa,
2098 1893 2558 1964 quandoquidem
2603 1892 2750 1948 inter
2784 1909 2843 1947 se
2885 1909 3062 1965 regna
3109 1892 3500 1964 movebantur,

1879 1986 2013 2060 quia
2035 1992 2180 2043 totos
2207 1987 2476 2059 diligebat
2499 2003 2684 2059 reges,
2712 2003 2816 2058 pro
2848 1986 3105 2043 omnium
3141 1987 3257 2041 vita
3285 1986 3502 2057 orabat,

1880 2084 1936 2137 et
1953 2098 2056 2137 nos
2083 2081 2202 2137 sine
2229 2080 2643 2137 intermissione
2671 2097 2774 2152 pro
2795 2097 2995 2136 eorum
3015 2079 3317 2136 stabilitate
3343 2095 3504 2135 orare

1879 2175 2128 2231 docebat.
2157 2174 2260 2230 Ubi
2285 2191 2380 2230 eos
2402 2174 2552 2230 inter
2585 2190 2644 2230 se
2676 2174 3112 2230 amaritudinem
3146 2189 3370 2229 movere
3399 2189 3504 2229 au-

1878 2269 2067 2338 disset,
2096 2271 2213 2324 tota
2241 2268 2535 2336 tremebat,
2563 2273 2621 2324 et
2644 2268 2839 2340 quales
2864 2269 3078 2323 litteras
3095 2267 3218 2335 uni,
3251 2268 3390 2323 tales
3418 2267 3502 2322 a1-

1878 2363 1986 2419 teri
2013 2363 2309 2436 dirigebat,
2336 2366 2404 2418 ut
2431 2363 2580 2418 inter
2606 2379 2664 2418 se
2691 2379 2804 2418 non
2834 2362 2981 2417 bella
2999 2378 3104 2418 nec
3128 2378 3287 2416 arma
3304 2363 3506 2417 tracta-

1878 2460 2022 2526 rent,
2043 2458 2140 2512 sed
2158 2473 2355 2528 pacem
2382 2457 2678 2512 ﬁrmarent
2702 2460 2766 2512 ut
2788 2457 2971 2528 patria
2995 2471 3068 2511 ne
3091 2455 3324 2527 periret.
3346 2453 3506 2511 Simi-

1876 2549 2006 2606 liter
2034 2555 2090 2606 et
2111 2551 2181 2606 ad
2205 2567 2403 2606 eorum
2431 2567 2689 2622 proceres
2713 2550 3009 2622 dirigebat,
3031 2554 3095 2604 ut
3114 2548 3395 2621 praecelsis
3419 2563 3506 2604 re-

1881 2644 2042 2716 gibus
2067 2643 2297 2698 consilia
2322 2644 2611 2700 salutifera
2637 2644 3042 2711 ministrarent,
3075 2648 3138 2698 ut
3164 2643 3243 2699 eis
3267 2659 3506 2714 regnan-

1876 2737 2046 2806 tibus,
2073 2737 2270 2809 p0puli
2294 2741 2351 2793 et
2373 2738 2554 2809 patria
2571 2738 2849 2792 salubrior
2875 2737 3224 2793 redderetur.
3255 2738 3507 2808 Congre-

1879 2829 2088 2903 gationi
2122 2847 2239 2885 sua:
2268 2830 2520 2886 assiduas
2553 2830 2771 2902 vigilias
2819 2830 3181 2901 imponebat:
3213 2833 3269 2884 et
3295 2833 3361 2883 ut
3383 2828 3505 2884 sine

1877 2923 2290 2979 intermissione
2317 2939 2422 2995 pro
2445 2924 2526 2978 eis
2557 2928 2783 2978 orarent
2805 2909 2936 2978 eum
2960 2923 3225 2994 lacrymis
3249 2921 3504 2977 docebat.

1880 3017 1950 3072 Se
1965 3033 2097 3072 vero
2110 3016 2168 3071 in
2182 3021 2461 3088 quantum
2472 3018 2727 3072 cruciatu
2741 3017 3044 3089 afﬂigebat,
3063 3016 3188 3088 quis
3200 3016 3310 3070 hoc
3322 3014 3508 3071 verbis

1879 3110 2103 3181 explere
2131 3110 2354 3165 valeat?
2379 3115 2435 3165 et
2465 3111 2847 3166 intercedente
2871 3126 2937 3165 ea
2962 3127 3073 3181 pax
3097 3125 3321 3181 regum,
3348 3107 3505 3163 miti-

1880 3203 2031 3274 gatio
2059 3203 2212 3273 belli,
2235 3204 2383 3258 salus
2399 3204 2595 3274 patriae
2617 3204 2843 3273 aderat;
2873 3207 2936 3258 ut
2961 3204 3083 3274 ejus
3109 3203 3404 3258 obtentum
3423 3201 3506 3256 in-

1876 3297 2213 3368 telligentes,
2233 3297 2594 3352 benedictum
2614 3314 2822 3352 nomen
2850 3297 3070 3351 Domini
3096 3296 3504 3350 collaudarent.

1876 3389 2194 3454 Quamlibet
2221 3391 2289 3444 de
2327 3407 2463 3461 pace
2505 3407 2707 3461 regum
2736 3407 2866 3444 cum
2903 3405 3037 3461 rege
3068 3389 3192 3444 coeli
3216 3387 3506 3442 victoriam

1876 3483 2174 3550 obtineret,
2204 3483 2387 3554 magis
2425 3499 2482 3539 se
2519 3485 2632 3538 Deo
2659 3483 2915 3538 devotam
2955 3487 3218 3554 prompte
3255 3480 3504 3552 optabat,

1878 3581 1934 3632 et
1966 3576 2222 3632 omnium
2259 3575 2483 3631 servitio
2529 3575 2903 3647 mancipabat,
2947 3593 3063 3630 non
3098 3591 3300 3630 curans
3342 3573 3508 3646 quale

1877 3670 2213 3744 obsequium
2241 3669 2467 3740 faceret,
2496 3686 2624 3741 quae
2643 3669 2775 3724 totis
2803 3668 3108 3742 [omnibus]
3134 3668 3372 3740 implere
3393 3672 3508 3723 stu-

1877 3763 2046 3819 debat
2091 3763 2414 3819 servitium:
2455 3763 2626 3834 pedes
2661 3762 2920 3818 omnium
2963 3761 3222 3817 manibus
3266 3761 3510 3833 propriis

1875 3857 2086 3928 lavans,
2115 3857 2322 3912 sabano
2341 3861 2570 3928 tergens
2593 3860 2650 3912 et
2672 3857 2949 3924 osculans,
2982 3859 3056 3924 et,
3085 3855 3131 3910 si
3159 3855 3506 3928 permissum

1877 3951 2092 4021 fuisset,
2115 3951 2186 4006 ad
2215 3950 2646 4006 similitudinem
2671 3950 2855 4006 Mariae
2880 3949 3020 4005 fusis
3046 3949 3293 4004 crinibus
3319 3954 3506 4004 exter-

1879 4061 2012 4116 gere
2037 4062 2156 4101 non
2181 4044 2550 4101 retinebatur.
2571 4045 2726 4101 Unde
2755 4061 2858 4115 pro
2885 4048 3000 4100 tam
3027 4043 3319 4098 immensis
3339 4043 3508 4098 bene-

1878 4139 2037 4208 ﬁciis,
2066 4156 2192 4211 quae
2220 4143 2353 4194 sunt
2376 4139 2435 4193 in
2465 4155 2530 4195 ea
2569 4139 2757 4194 divino
2792 4154 3030 4194 munere
3059 4137 3278 4205 collata,
3314 4135 3507 4190 Domi-

1879 4251 1985 4288 nus
2001 4234 2278 4289 virtutum
2297 4233 2538 4305 largitor
2556 4248 2680 4288 eam
2696 4232 2754 4286 in
2775 4231 3062 4287 miraculis
3077 4229 3371 4285 clariorem
3386 4229 3508 4284 red-

1879 4327 2020 4383 didit
2058 4327 2121 4381 in
2158 4327 2426 4381 Francia:
2461 4325 2558 4380 ubi
2597 4326 2735 4380 dum
2772 4340 3013 4396 regnare
3048 4323 3354 4391 videretur,
3402 4321 3508 4377 sibi

1880 4419 2058 4490 magis
2095 4419 2316 4474 cceleste
2344 4434 2517 4490 quam
2558 4422 2852 4473 terrenum
2874 4414 3207 4488 praeparavit
3236 4429 3506 4485 regnum.

152 4507 1442 4581 quanquamanteatotumimplevissetcursum
1457 4525 1583 4580 qua
1596 4509 1857 4590 adhucD
1881 4514 2104 4568 Fecerat
2145 4511 2252 4566 sibi
2290 4511 2620 4578 oratorium,
2666 4515 2944 4582 quatenus
2997 4508 3210 4563 vicibus
3256 4508 3396 4564 dum
3449 4521 3510 4564 se

154 4619 249 4657 nec
274 4619 539 4675 saporem
578 4605 844 4670 senserat,
877 4602 999 4672 jam
1038 4605 1234 4673 parata
1268 4602 1338 4657 de
1371 4605 1544 4657 strato
1568 4603 1638 4657 ad
1665 4603 1778 4657 Do-

156 4697 288 4751 mini
318 4696 614 4751 servitium
629 4695 879 4768 gaudens
914 4695 1181 4766 surgebat
1214 4699 1280 4749 ut
1303 4712 1432 4750 cum
1459 4695 1662 4750 ﬁducia
1691 4695 1777 4751 di-

154 4795 300 4845 ceret
325 4809 338 4845 :
368 4791 552 4846 Media
573 4794 724 4845 nocte
748 4790 1030 4859 surgebam
1056 4791 1131 4844 ad
1157 4790 1511 4859 conﬁtendum
1533 4791 1651 4854 tibi,
1683 4794 1783 4846 Do-

155 4887 287 4940 mine
317 4883 486 4956 (Psal.
523 4882 725 4954 cxvm).
757 4883 898 4937 Nam
931 4883 1259 4954 frequenter
1295 4887 1351 4939 et
1383 4883 1630 4939 dormire
1661 4885 1782 4940 visa

155 4982 231 5032 est
249 4982 309 5033 et
329 4977 610 5049 psalmum
631 4977 929 5032 decantare
958 4977 1017 5031 in
1038 4977 1161 5048 ipso
1194 4993 1415 5049 sopore,
1439 4977 1518 5032 ita
1538 4981 1604 5032 ut
1631 4983 1782 5034 recte

156 5075 207 5124 et
228 5070 502 5126 veraciter
529 5071 774 5126 diceret:
814 5071 1097 5127 Meditatio
1131 5073 1306 5127 cordis
1338 5074 1442 5127 mei
1467 5074 1526 5126 in
1561 5088 1780 5142 conspe-

157 5169 237 5219 ctu
279 5170 369 5220 tuo
415 5181 618 5236 semper
663 5165 831 5237 (Psal.
879 5165 1054 5235 xvm).
1089 5165 1386 5221 Charitatis
1431 5171 1622 5221 autem
1659 5166 1783 5237 ejus

157 5259 413 5314 ardorem
452 5275 565 5330 quo
594 5275 792 5314 omnes
821 5259 1083 5314 homines
1111 5259 1328 5330 dilexit,
1361 5259 1488 5332 quis
1527 5275 1783 5330 unquam

159 5352 358 5420 poterit
383 5352 591 5407 imitari
610 5354 638 5407 Ἰ
663 5353 1158 5424 Resplenduerunt
1175 5352 1234 5407 in
1259 5370 1323 5408 ea
1350 5369 1589 5425 quaeque
1609 5353 1784 5408 virtu-

158 5448 255 5514 tes,
288 5445 564 5500 modestia
584 5461 715 5500 cum
739 5446 1096 5514 verecundia,
1121 5446 1391 5518 sapientia
1418 5462 1548 5500 cum
1575 5445 1786 5517 simpli-

64 5607 70 5620 _
158 5538 340 5607 citate,
383 5539 650 5594 severitas
688 5555 819 5594 cum
856 5541 1308 5609 mansuetudine,
1357 5539 1614 5595 doctrina
1650 5556 1781 5595 cum

158 5629 494 5703 humilitate,
529 5631 644 5688 vita
682 5633 925 5706 denique
964 5634 1348 5704 immaculata,
1386 5633 1499 5689 vita
1533 5633 1780 5706 irrepre-

159 5724 460 5795 hensibilis,
487 5726 603 5782 vita
628 5727 854 5783 sibimet
883 5744 1108 5800 semper
1133 5727 1380 5800 aequalis.

233 5823 317 5875 10.
348 5823 407 5878 In
438 5826 662 5879 tantum
691 5838 750 5880 se
775 5825 1103 5882 extraneam
1135 5823 1204 5879 de
1236 5822 1402 5879 rebus
1431 5822 1672 5898 propriis
1697 5824 1779 5881 fe-

1879 4605 2000 4678 regi
2026 4606 2382 4674 subduceret,
2415 4620 2645 4676 semper
2683 4603 2762 4658 ibi
2800 4603 3101 4659 Dominum
3136 4601 3258 4658 coeli
3283 4601 3507 4656 invoca-

1880 4703 1983 4768 ret,
2014 4699 2074 4754 in
2099 4716 2211 4770 quo
2227 4698 2502 4754 beneﬁcia
2520 4698 2621 4755 Dei
2649 4701 2989 4770 prmstantur
3007 4697 3079 4752 ad
3094 4695 3510 4752 invocationem

1879 4793 2001 4865 ejus
2024 4792 2293 4862 nominis,
2323 4793 2484 4865 cujus
2511 4793 2737 4849 assidua
2763 4792 2843 4848 ibi
2869 4791 2977 4848 fuit
2999 4791 3196 4847 oratio.

1955 4889 2039 4943 l2.
2080 4889 2382 4959 Postquam
2422 4904 2482 4943 se
2513 4888 2573 4943 in
2613 4888 2950 4943 monasterio
2989 4884 3219 4942 reclusit
3251 4885 3512 4938 matrona

1881 4982 2205 5050 Mammezo,
2240 4981 2492 5051 nomine,
2530 4983 2668 5037 dum
2709 4982 2816 5038 iter
2856 4985 3070 5052 ageret,
3115 4979 3171 5035 in
3205 4976 3367 5033 oculo
3409 4991 3510 5032 suo

1884 5074 2066 5146 gravis
2090 5078 2174 5130 est
2201 5075 2477 5131 sordicula
2506 5075 2782 5148 ingressa.
2813 5074 2916 5130 Ubi
2939 5090 3054 5128 una
3076 5090 3207 5143 vox,
3233 5087 3382 5128 unus
3407 5070 3509 5126 do-

1881 5167 1988 5238 lor,
2016 5185 2164 5224 unus
2201 5169 2430 5240 clamor,
2469 5169 2567 5224 diu
2601 5174 2884 5240 noctuque
2926 5167 3108 5222 inerat
3144 5166 3216 5235 ei,
3247 5171 3314 5222 ut
3347 5182 3512 5223 suam

1881 5260 2104 5318 ﬁdelem
2131 5264 2403 5319 Dominus
2437 5263 2763 5318 declareret.
2801 5262 3138 5332 Quanquam
3171 5259 3252 5315 ibi
3278 5277 3513 5332 corpore

1875 5355 1997 5426 jam
2027 5373 2142 5411 non
2168 5361 2330 5426 esset,
2360 5357 2429 5410 ad
2460 5355 2876 5411 invocationem
2902 5370 3128 5426 quoque
3152 5354 3398 5409 nominis
3422 5353 3511 5408 sui

1883 5448 2128 5521 benigne
2163 5449 2359 5505 adfuit.
2405 5449 2678 5504 Dominus
2725 5448 2914 5521 posuit
2949 5447 3001 5504 ei
3030 5448 3090 5503 in
3129 5465 3316 5518 sensu,
3355 5450 3420 5501 ut
3441 5446 3513 5501 ad

1884 5559 2050 5597 suum
2077 5543 2383 5598 oratorium
2407 5547 2690 5615 pergeret,
2710 5547 2764 5599 et
2790 5544 2861 5599 ad
2883 5542 3006 5614 ejus
3024 5541 3434 5598 invocationem
3451 5553 3513 5591 se

1883 5635 2082 5691 salvari
2100 5637 2369 5693 crederet.
2390 5639 2463 5692 At
2485 5636 2580 5692 ubi
2604 5637 2816 5694 femina
2836 5637 3026 5693 dolOre
3057 5635 3225 5708 plena
3249 5629 3511 5688 manibus

1884 5731 2236 5786 servulorum
2263 5748 2492 5788 suorum
2532 5735 2863 5799 sustentata,
2909 5730 3001 5785 vix
3041 5729 3111 5784 ad
3150 5725 3289 5782 illud
3322 5724 3508 5777 orato-

1884 5824 2035 5880 rium
2073 5825 2199 5881 duci
2234 5830 2471 5901 poterat,
2505 5827 2915 5886 validissimum
2947 5821 3229 5880 sustinens
3259 5816 3513 5876 dolorem
