3940 6178
451 271 548 332 671

1413 263 1664 320 SANCTA
1703 257 2142 322 RADEGUNDIS,
2183 253 2432 309 REGINA
2469 247 2794 306 FRANCL/E.

3699 239 3802 296 67'2

451 400 510 439 se
525 383 584 438 in
611 377 994 454 pavimentum
1021 374 1256 449 projecit
1275 379 1330 430 et
1347 375 1588 429 clamare
1612 370 1812 443 coepit:
1837 369 2073 424 Domina
2093 377 2152 450 Α
2173 366 2230 418 et
2255 379 2394 434 quas
2418 357 2713 432 paradisus
2741 353 2932 454 habet,
2965 351 3296 454 ipsa—devota
3312 353 3438 454 tam

453 480 834 553 Radegundis,
866 478 1032 533 credo
1059 481 1114 532 te
1139 476 1346 530 virtute
1371 474 1468 530 Dei
1495 489 1614 529 esse
1641 473 1887 543 plenam,
1915 469 2075 539 cujus

453 576 804 630 voluntatem
843 571 1024 643 magis
1053 569 1232 626 fecisti
1268 585 1439 641 quam
1479 566 1815 622 hominum:
1849 563 2077 618 domina

454 669 619 738 bona,
633 667 838 738 pietate
847 666 1034 736 plena,
1049 664 1314 720 miserere
1333 661 1465 728 mei,
1481 659 1712 716 subveni
1732 657 1959 727 infelici,
1979 672 2078 712 ora

455 778 559 834 pro
576 775 668 816 me
687 763 752 816 ut
769 759 910 814 mihi
929 759 1198 813 reddatur
1222 757 1436 825 oculus,
1469 755 1602 827 quia
1628 770 1748 825 pra:
1783 751 1939 824 gravi
1957 767 2080 806 cru-

456 855 603 909 ciatu
631 857 686 907 et
720 853 910 908 dolore
943 852 1221 923 affligitur
1257 850 1450 906 anima
1481 863 1632 903 mea.
1679 849 1765 903 Sic
1807 847 1920 914 illa,
1949 862 2080 918 quin

456 947 678 1002 dolores
703 946 960 1001 omnium
987 945 1048 1000 in
1069 962 1126 1000 se
1151 945 1266 1000 sola
1301 943 1514 1015 [solam]
1545 941 1830 997 transtulit
1854 937 2080 996 dum'in

457 1057 692 1112 corpore
721 1040 847 1108 fuit,
875 1055 1054 1112 usque
1083 1041 1221 1094 dum
1247 1038 1326 1094 eis
1353 1036 1570 1093 mederi
1598 1035 1890 1116 potuisset,
1917 1033 2079 1088 beni-

461 1151 572 1206 gne
601 1133 884 1190 exaudivit
901 1135 971 1189 ad
999 1133 1411 1188 invocationem
1435 1129 1680 1187 nominis
1707 1129 1813 1184 sui.
1849 1127 2083 1182 Domino

459 1229 764 1284 miserante
783 1245 886 1300 per
905 1228 1027 1298 ejus
1045 1227 1427 1282 interventum
1447 1225 1606 1280 dolor
1623 1223 1790 1295 fugit,
1815 1223 1964 1277 salus
1992 1223 2084 1277 ad-

459 1321 634 1392 venit,
665 1322 890 1376 oculum
915 1337 1086 1392 quem
1103 1320 1225 1390 jam
1264 1335 1320 1374 se
1345 1318 1652 1390 perdidisse
1681 1316 1962 1385 credebat,
1993 1333 2084 1370 so-

463 1416 587 1470 lum
613 1415 864 1470 dolorem
889 1415 1156 1481 sentiens,
1183 1429 1386 1468 sanum
1413 1411 1615 1482 recipit
1643 1428 1657 1464 :
1689 1427 1816 1482 quae
1847 1413 1934 1464 tot
1963 1409 2084 1464 die-

463 1507 572 1564 bus
610 1525 714 1564 nec
748 1508 937 1564 cibum
971 1509 1306 1578 sumpserat,
1337 1522 1442 1561 nec
1470 1505 1664 1559 lumen
1705 1503 1816 1558 diei
1850 1502 2085 1569 viderat,

464 1602 703 1674 pedibus
731 1602 845 1656 suis
870 1602 1025 1656 nullo
1051 1603 1394 1656 sustentante
1423 1597 1719 1654 incolumis
1753 1597 1824 1652 ad
1855 1597 2089 1651 domum

469 1713 629 1750 suam
655 1712 876 1752 reversa
894 1699 994 1762 est,
1022 1695 1260 1750 Domino
1285 1708 1464 1764 usque
1494 1692 1554 1746 in
1577 1695 1916 1763 praesentem
1938 1691 2090 1746 diem

471 1789 712 1861 gratiam
735 1805 925 1861 agens.

543 1886 628 1938 l3.
655 1883 963 1953 Adjiciatur
988 1886 1043 1937 et
1067 1881 1221 1936 aliud
1254 1880 1324 1934 ad
1352 1879 1582 1934 laudem
1606 1879 1816 1936 Christi
1845 1877 2090 1933 miracu-

469 1978 592 2032 lum
639 1977 736 2048 qui
779 1993 909 2030 suos
947 1975 1226 2048 trepidare
1265 1975 1389 2030 aliis
1432 1973 1582 2030 facit.
1621 1973 1940 2044 Vinoberga
1981 1988 2096 2026 una

473 2071 595 2141 ejus
631 2070 739 2126 fuit
772 2071 1006 2140 famula,
1043 2087 1172 2142 qua:
1197 2087 1340 2125 ausu
1377 2069 1680 2125 temerario
1721 2067 1783 2122 in
1831 2067 2097 2122 cathedra

471 2163 652 2218 beatae
687 2164 904 2235 reginae
943 2167 1071 2235 post
1105 2164 1226 2234 ejus
1253 2163 1558 2219 discessum
1591 2161 1784 2216 sedere
1821 2176 2096 2232 praesum-

473 2257 604 2327 psit.
633 2259 752 2322 Quo
778 2259 941 2325 facto,
967 2257 1179 2328 judicio
1219 2257 1318 2312 Dei
1355 2273 1620 2328 percussa
1651 2255 1730 2310 sic
1758 2254 2008 2322 arbebat,
2035 2257 2101 2308 ut

474 2351 732 2406 viderent
757 2351 1206 2406 omnesfumum
1235 2351 1302 2406 de
1329 2367 1394 2404 ea
1417 2350 1674 2404 in'altum
1698 2348 2022 2420 procedere,
2046 2351 2102 2403 et

477 2444 572 2498 illa
614 2461 802 2498 coram
847 2445 1002 2498 omni
1035 2445 1678 2515 pOpuloproclamaret,
1729 2442 2000 2496 conﬁtens
2043 2457 2100 2495 se

479 2553 771 2607 peccasse;
801 2541 856 2592 et
881 2541 1181 2608 propterea
1221 2537 1462 2602 arderet,
1497 2535 1630 2606 quia
1663 2535 1722 2588 in
1761 2535 1942 2589 beatas
1972 2533 2102 2588 sede

479 2630 828 2686 consederat.
865 2631 1064 2686 Tribus
1094 2631 1294 2685 diebus
1328 2634 1384 2684 et
1411 2629 1592 2684 tribus
1621 2628 1876 2682 noctibus
1906 2627 2101 2680 incen-

479 2724 637 2778 dium
661 2740 824 2795 passa
851 2725 1158 2778 vociferans
1184 2724 1494 2778 clamabat:
1539 2722 1777 2776 Domina
1801 2721 2101 2790 Radegun-

480 2817 586 2886 dis,
633 2817 881 2888 peccavi,
926 2818 1073 2872 male
1113 2818 1222 2888 egi,
1257 2817 1508 2887 indulge,
1543 2815 1815 2886 refrigera
1851 2813 2108 2868 membra

481 2911 623 2965 duro
649 2911 900 2965 cruciatu
926 2915 1158 2978 exusta;
1191 2909 1570 2965 misericordia
1591 2909 1768 2980 larga,
1791 2907 1953 2962 bonis
1980 2922 2107 2978 ope-

481 3003 638 3058 ribus
659 3004 917 3074 gloriosa,
941 3021 1068 3074 quae
1087 3004 1348 3058 omnibus
1365 3002 1664 3068 misereris,
1687 3001 1954 3055 miserere
1973 2999 2105 3054 mei.

483 3099 547 3150 In
573 3101 730 3150 tanta
753 3113 921 3166 poena
957 3097 1138 3166 ipsam
1169 3096 1354 3150 omnis
1390 3096 1636 3166 populus
1669 3095 1884 3160 videns,
1911 3110 2014 3164 pro
2046 3109 2108 3148 ea
2130 3109 2184 3182 ρ

484 3189 818 3260 precabatur
845 3193 1136 3259 tamquam
1162 3189 1209 3242 si
1243 3204 1491 3259 prresens
1519 3181 1677 3256 esset,
1711 3187 1902 3242 dicens
1927 3205 1939 3241 :
1971 3187 2112 3251 Quia

486 3283 810 3354 ubicunque
842 3298 910 3336 ex
945 3282 1056 3336 ﬁde
1097 3283 1412 3351 invocatur,
1451 3282 1642 3336 adest:
1685 3281 1911 3336 domina
1939 3281 2107 3349 bona,

487 3393 650 3448 parce
677 3376 728 3430 ei
753 3391 826 3430 ne
844 3379 1003 3430 tanto
1024 3376 1270 3430 cruciatu
1301 3375 1498 3429 infelix
1527 3374 1767 3429 deﬁciat.
1793 3373 1880 3428 Sic
1903 3373 2108 3429 beatis-

489 3473 629 3528 sima
645 3474 715 3527 ad
729 3489 918 3542 preces
935 3472 1190 3527 omnium
1203 3473 1451 3544 benigne
1467 3472 1726 3543 indulget
1743 3469 2080 3542 [indulgens]
2097 3511 2110 3536 ,

487 3567 680 3638 ignem
699 3566 1010 3621 ferventem
1031 3565 1588 3637 compescuit,sospes
1607 3565 1676 3620 ad
1698 3565 1932 3618 domum
1953 3579 2114 3618 suam

489 3659 692 3714 rediit:
720 3665 776 3713 et
805 3659 880 3713 sic
909 3659 1070 3714 istius
1109 3675 1275 3730 pcena
1302 3675 1498 3714 omnes
1537 3658 1668 3712 fecit
1694 3661 1883 3712 cautos
1921 3673 1983 3712 ac
2013 3657 2111 3712 de-

489 3757 665 3807 votos.

565 3846 650 3899 14.
669 3831 892 3900 Suaadas
913 3845 1074 3916 [δαίς.
1091 3846 1188 3899 lib.
1217 3864 1253 3914 ι,
1273 3862 1434 3900 num.
1457 3845 1538 3916 l5]
1571 3845 1629 3899 in
1649 3845 1778 3898 villa
1797 3845 1932 3898 dum
1951 3847 2112 3912 esset,

493 3939 692 3994 devoto
723 3955 786 3992 ac
819 3937 971 3992 ﬁdeli
1005 3939 1193 3992 animo
1217 3955 1378 3994 mens
1411 3938 1636 4010 [mente]
1665 3939 1880 3992 intenta
1900 3937 2116 3992 Christo

493 4031 756 4102 reliquias
777 4035 1102 4086 sanctorum
1121 4032 1380 4085 omnium
1405 4031 1572 4102 plena
1594 4031 1884 4086 devotione
1907 4029 2118 4084 habere

494 4125 743 4196 cupiens,
798 4125 1054 4180 exoranti
1105 4125 1331 4178 advenit
1376 4124 1463 4178 vir
1505 4124 1842 4178 venerabilis
1887 4125 2120 4194 Magnus

491 4220 788 4291 presbyter
829 4235 960 4273 cum
1001 4217 1253 4288 reliquiis
1281 4217 1478 4272 domni
1515 4217 1748 4272 Andrezr
1793 4219 1850 4271 et
1875 4216 2119 4270 aliorum

493 4330 668 4384 quam
693 4313 1097 4384 plurimorum.
1121 4311 1334 4375 Quibus
1359 4327 1529 4383 super
1549 4311 1719 4364 altare
1746 4309 1960 4381 positis,
1989 4327 2120 4364 cum

491 4411 654 4461 nocte
683 4407 880 4461 devota
902 4405 1097 4476 vigilat
1122 4421 1290 4475 super
1307 4404 1632 4470 formulam,
1665 4407 1720 4457 et
1739 4419 1796 4458 se
1817 4403 1886 4458 ad
1909 4403 2118 4457 oratio-

495 4516 628 4554 nem
655 4499 976 4569 prosternit,
1008 4515 1212 4570 parvus
1239 4515 1409 4570 sopor
1433 4497 1483 4553 ei
1513 4497 1768 4566 accessit,
1799 4496 2043 4567 qualiter
2069 4496 2121 4550 ei
2140 4476 2198 4548 D
2221 4483 2444 4570 θυωῖξλθ
2475 4466 2736 4570 ιηῇῙἮΨδ

499 4593 772 4647 Dominus
801 4593 1108 4648 declararet
1133 4599 1326 4647 votum
1369 4608 1534 4647 suum
1575 4589 1904 4662 impletum,
1933 4589 2122 4644 dicens

495 4685 564 4740 ad
601 4701 762 4740 eam:
803 4687 1106 4758 Cognosce,
1146 4687 1456 4754 benedicta,
1496 4685 1626 4756 quia
1659 4700 1772 4738 non
1811 4684 1900 4738 has
1939 4684 2122 4738 solum

495 4778 770 4850 reliquiae,
819 4796 957 4850 quas
1001 4780 1294 4850 presbyter
1337 4781 1568 4849 Magnus
1613 4777 1820 4845 attulit,
1863 4776 1954 4831 hic
1993 4779 2124 4831 sunt

497 4876 738 4941 tantum,
771 4873 866 4927 sed
886 4877 1125 4944 quantas
1145 4873 1202 4927 in
1231 4871 1430 4927 Atheia
1463 4871 1686 4944 [Athiés]
1722 4871 1852 4926 villa
1881 4887 2120 4942 congre-

501 4967 664 5038 gasti,
695 4969 826 5021 totae
851 4967 942 5021 hic
975 4969 1378 5022 convenerunt.
1410 4965 1512 5021 Ubi
1544 4965 1734 5020 oculos
1769 4964 2009 5036 aperuit,
2037 4963 2122 5018 vi-

499 5061 581 5114 dit
603 5061 790 5115 vimm
812 5060 1326 5132 splendidissimum
1352 5059 1449 5131 qui
1470 5059 1576 5112 hoc
1601 5059 1652 5112 ei
1672 5058 2046 5126 nuntiaverat,
2070 5061 2126 5112 et

503 5153 750 5224 gaudens
777 5155 1081 5210 Dominum
1103 5153 1410 5210 benedixit.
1433 5155 1738 5224 Postquam
1769 5153 1826 5205 in
1847 5156 2126 5206 monaste-

502 5246 652 5300 rium
693 5252 776 5302 est
814 5247 1088 5319 ingressa,
1133 5252 1405 5319 quantam
1441 5245 1862 5301 multitudinem
1902 5249 2123 5299 sancto-

506 5353 636 5393 rum
668 5339 1006 5396 ﬁdelissimis
1036 5341 1294 5412 precibus
1321 5339 1764 5412 congregaverit,
1793 5339 1900 5392 hoc
1927 5338 2129 5392 Oriens

502 5437 760 5500 testatur,
802 5435 1026 5505 Aquilo,
1071 5437 1289 5504 Auster,
1342 5436 1426 5489 vel
1483 5433 1753 5489 Occidens
1799 5432 2124 5503 proﬁtetur:

503 5527 638 5598 quia
663 5527 910 5599 undique
938 5528 1210 5600 pretiosas
1231 5545 1484 5600 gemmas
1515 5528 1766 5598 coeloque
1793 5524 2126 5594 reconditas,

576 5643 645 5713 (a)
684 5643 870 5698 Vitam
909 5643 1083 5698 sancti
1119 5644 1432 5709 Mamantis,
1487 5660 1586 5698 seu
1634 5641 1944 5698 Mammetis
1979 5657 2128 5694 mar-

505 5716 672 5794 tyris,
720 5715 818 5786 qui
860 5715 1011 5786 apud
1064 5715 1378 5794 Cesaraeam
1423 5714 1786 5840 Cappladocia;
1837 5713 2040 5794 urbem
2080 5727 2134 5764 IV

505 5785 687 5840 Nonas
721 5787 994 5840 sentemb.
1041 5801 1234 5840 passus
1276 5785 1498 5840 dicitur.
1593 5784 1724 5838 abes
1769 5802 1830 5838 in
1865 5782 2123 5838 biblioth.

504 5782 687 5840 Nonas
721 5782 994 5856 septemb.
1041 5801 1234 5856 passus
1276 5782 1519 5850 dicitur;
1540 5782 1724 5840 babes
1769 5785 1830 5838 in
1865 5782 2123 5838 biblioth.

2173 473 2348 530 quam
2371 454 2634 528 precibus
2653 449 2759 506 sibi
2779 447 3042 504 obtinuit.
3069 448 3212 502 Cum
3231 445 3437 518 quibus
3465 443 3810 500 incessabili-

2173 555 2261 606 ter
2277 550 2406 621 jugi
2431 546 2792 603 meditatione
2812 542 3058 615 psalmos
3085 545 3142 597 et
3157 541 3403 612 hymnos
3423 556 3482 596 se
3503 540 3812 595 decantare

2175 642 2452 698 credebat.

2251 739 2333 792 15.
2351 732 2612 790 Pervenit
2631 731 2858 786 tandem
2877 729 2946 784 ad
2958 744 3080 784 eam
3095 728 3164 782 de
3183 727 3396 782 domno
3413 727 3722 782 Mammete
3737 725 3810 797 (a)

2177 831 2447 900 martyre,
2487 825 2640 898 quod
2683 822 3084 893 Hierosolymis
3121 824 3310 876 sancta
3349 835 3450 874 sua
3485 819 3810 892 requiesce-

2180 925 2307 978 rent
2333 919 2606 976 membra.
2643 919 2771 972 Haec
2797 916 3030 971 audiens
3066 914 3228 968 avida
3255 917 3310 968 et
3335 913 3622 968 sitibunda
3649 903 3808 984 pota-

2179 1017 2276 1071 bat
2297 1015 2450 1070 velut
2471 1013 2719 1084 hydrops
2762 1010 2863 1081 qui
2905 1013 3186 1080 quantum
3209 1007 3424 1062 fontem
3453 1007 3652 1075 trahit,
3683 1011 3806 1060 tan-

2179 1113 2305 1165 tum
2342 1107 2460 1163 sitis
2493 1105 2681 1161 addita
2716 1102 2948 1171 crescit;
2981 1102 3086 1156 ista
3111 1103 3182 1156 de
3219 1116 3345 1156 rore
3385 1099 3484 1156 Dei
3521 1100 3654 1171 plus
3691 1116 3808 1154 ma-

2183 1203 2398 1258 defacta
2426 1200 2594 1256 calet.
2621 1196 2951 1253 Transmisit
2979 1195 3166 1250 virum
3191 1193 3570 1249 venerabilem
3597 1194 3813 1248 Reova-

2182 1296 2296 1350 lem
2317 1294 2741 1366 presbyterum,
2776 1290 2876 1362 qui
2903 1295 3040 1344 tunc
3074 1286 3358 1343 saecularis
3388 1291 3510 1342 erat
3547 1291 3606 1341 et
3631 1286 3816 1341 adhuc

2185 1391 2466 1460 superstes
2491 1389 2574 1442 est
2596 1399 2848 1455 corpore,
2886 1383 2956 1437 ad
2990 1381 3374 1453 patriarcham
3411 1379 3816 1451 Hierosolymi-

2185 1486 2384 1537 tanum
2413 1495 2642 1552 poscens
2669 1477 2738 1532 de
2757 1476 2908 1532 beati
2937 1473 3256 1530 Mammetis
3281 1473 3636 1546 pignoribus.
3663 1473 3818 1537 Quod

2187 1575 2273 1630 vir
2295 1573 2392 1629 Dei
2417 1573 2660 1645 benigne
2689 1569 2997 1641 suscipiens
3021 1567 3343 1640 rogationes
3359 1567 3572 1639 populo
3593 1567 3818 1635 indixit,

2189 1669 2534 1722 voluntatem
2555 1664 2959 1736 Deiinquirens
2977 1679 2990 1716 :
3009 1661 3176 1716 tertia
3193 1661 3302 1728 die,
3329 1661 3502 1715 missa
3523 1661 3820 1726 celebrata,

2111 1745 2168 1816 Β
2190 1761 2338 1818 beati
2357 1759 2618 1831 martyris
2639 1757 2958 1829 sepulcrum
2979 1771 3111 1810 cum
3129 1754 3288 1809 omni
3307 1755 3518 1826 populo
3533 1754 3696 1822 adiit,
3717 1755 3824 1808 alta

2192 1871 2344 1922 voce,
2387 1855 2556 1925 plena
2594 1852 2704 1906 ﬁde
2741 1848 3068 1920 hujusmodi
3107 1848 3290 1903 verbis
3331 1851 3687 1918 protestatur
3739 1847 3822 1901 di—

2194 1965 2324 2004 cens
2347 1965 2361 2001 :
2387 1949 2589 2002 Precor
2616 1948 2691 2014 te,
2723 1943 3007 1998 confessor
3033 1945 3089 1997 et
3119 1945 3338 2011 martyr
3361 1940 3592 2006 Christi,
3621 1941 3670 1994 si
3699 1955 3826 1994 vera

2196 2045 2278 2096 est
2295 2040 2498 2095 ancilla
2513 2038 2612 2094 Dei
2629 2037 2790 2091 beata
2807 2035 3192 2106 Radegundis,
3215 2033 3534 2088 innotescat
3553 2035 3612 2087 in
3641 2033 3824 2105 genti-

2195 2134 2302 2190 bus
2329 2131 2580 2204 potentia
2603 2135 2702 2186 tua
2721 2171 2734 2196 ,
2767 2127 3031 2200 permitte
3057 2132 3121 2183 ut
3159 2127 3228 2181 de
3267 2127 3508 2198 pignore
3535 2131 3638 2181 tuo
3671 2143 3828 2181 mens

2198 2227 2376 2283 ﬁdelis
2405 2225 2638 2296 accipiat
2675 2223 2826 2294 quod
2865 2221 3060 2293 poscit.
3094 2219 3356 2276 Oratione
3379 2219 3670 2290 completa
3691 2262 3706 2288 ,
3731 2219 3826 2274 ubi

2200 2321 2382 2376 omnis
2405 2318 2650 2391 populus
2671 2331 2839 2370 amen
2857 2313 3166 2386 respondit,
3184 2313 3338 2368 venit
3357 2314 3429 2368 ad
3453 2319 3718 2368 sanctum
3741 2329 3826 2367 se-

2199 2414 2483 2486 pulcrum,
2512 2425 2844 2481 semperque
2874 2408 3052 2463 beataa
3081 2406 3250 2462 ﬁdem
3275 2407 3679 2477 pronuntians,
3707 2411 3832 2459 tan-

2197 2507 2370 2578 gebat
2395 2504 2738 2568 membrum,
2783 2501 2950 2572 quale
2989 2498 3343 2554 beatissimus
3385 2499 3458 2552 ad
3497 2498 3836 2569 petitionem

2203 2601 2426 2656 domnae
2466 2594 2824 2668 Radegundis
2863 2595 2996 2648 dare
3026 2593 3274 2664 juberet.
3313 2591 3518 2662 Tetigit
3556 2591 3618 2646 in
3663 2609 3840 2646 manu

2205 2694 2437 2748 dextera
2450 2690 2698 2761 singulos
2723 2688 2928 2758 digitos
2951 2703 2963 2741 :
2992 2686 3090 2741 ubi
3112 2685 3184 2740 ad
3209 2685 3494 2740 minorem
3523 2685 3682 2739 venit
3703 2685 3841 2756 digi-

2204 2791 2348 2853 tum,
2381 2800 2438 2839 se
2465 2783 2620 2837 suavi
2645 2785 2798 2836 tactu
2833 2781 2903 2835 de
2930 2779 3158 2850 propria
3189 2794 3364 2832 manu
3387 2777 3539 2844 tulit,
3567 2783 3636 2832 ut
3665 2778 3843 2833 beatae

2207 2879 2422 2950 reginae
2443 2875 2718 2932 desiderio
2746 2873 3108 2939 satisfaceret,
3137 2877 3192 2926 et
3213 2872 3336 2942 ejus
3353 2871 3708 2926 voluntatem
3735 2871 3842 2926 im-

2207 2973 2590 3045 pleret.Quem
2603 2969 2844 3040 digitum
2855 2966 2940 3022 vir
2953 2965 3287 3037 apostolicus
3299 2980 3426 3019 cum
3441 2965 3618 3036 digno
3629 2965 3846 3019 honore

2208 3067 2384 3122 beatae
2398 3061 2732 3134 Radegundi
2747 3060 2951 3116 direxit
2968 3077 2980 3114 :
2999 3060 3068 3114 de
3084 3058 3462 3129 Hierosolyma
3479 3073 3658 3128 usque
3675 3059 3846 3112 Picta-

2210 3161 2291 3214 vis
2306 3160 2368 3214 in
2383 3159 2504 3229 ejus
2519 3157 2730 3210 honore
2751 3169 2973 3224 semper
2989 3153 3110 3206 laus
3123 3152 3216 3206 Dei
3233 3152 3544 3223 personuit.
3567 3151 3718 3214 Quid
3737 3167 3842 3221 pu-

2209 3259 2293 3309 tas
2315 3268 2486 3324 quam
2511 3249 2734 3304 ardenti
2756 3247 2965 3314 animo,
2995 3261 3169 3316 quam
3195 3243 3352 3300 ﬁdeli
3373 3243 3677 3299 devotione
3701 3244 3838 3298 tanti

2210 3346 2465 3418 pignoris
2493 3342 2799 3415 praemium
2831 3343 3178 3410 exspectans,
3209 3355 3268 3392 se
3294 3337 3650 3392 abstinentiae
3681 3354 3840 3391 man-

2213 3439 2454 3512 cipavit?
2487 3439 2558 3492 At
2589 3436 2688 3490 ubi
2715 3451 2774 3490 se
2804 3435 2971 3488 beata
3005 3431 3204 3503 regina
3239 3431 3347 3485 hoc
3383 3446 3594 3485 munus
3623 3431 3842 3484 cceleste

2213 3533 2489 3604 accepisse
2515 3546 2645 3586 cum
2672 3526 2824 3582 omni
2846 3525 3132 3580 alacritate
3161 3525 3451 3595 gauderet,
3481 3527 3602 3578 tota
3625 3523 3838 3578 hebdo-

2215 3627 2380 3682 mada
2397 3641 2526 3680 cum
2549 3621 2707 3677 omni
2721 3618 3158 3691 congregatione
3179 3633 3240 3672 se
3257 3617 3318 3670 in
3333 3615 3698 3687 psallentium
3717 3617 3768 3670 vi
3775 3616 3844 3686 gi-

2214 3720 2304 3775 liis
2335 3723 2390 3774 et
2411 3716 2644 3789 jejuniis
2675 3713 2914 3786 aptavit,
2947 3711 3250 3767 Dominum
3279 3708 3626 3765 benedicens
3657 3725 3718 3764 se
3743 3709 3846 3763 tale

2217 3829 2424 3868 munus
2441 3811 2694 3880 accipere
2715 3806 3004 3862 meruisse.
3024 3804 3111 3860 Sic
3127 3805 3276 3860 Deus
3295 3803 3412 3858 suis
3431 3801 3698 3857 ﬁdelibus
3725 3817 3844 3874 quae

2217 3907 2502 3978 postulant
2527 3919 2642 3958 non
2675 3902 2935 3971 abnegat.
2967 3899 3314 3969 Frequenter
3347 3901 3402 3951 et
3429 3895 3674 3951 dulciter
3694 3897 3844 3967 quasi

2217 4003 2278 4056 in
2315 4002 2519 4073 ﬁgura,
2565 4003 2630 4054 ut
2665 4013 2836 4052 nemo
2871 3993 3187 4064 intelligere
3223 3994 3430 4062 posset,
3467 3990 3722 4046 dicebat:
3752 3991 3844 4045 Cui

2218 4096 2540 4151 animarum
2567 4107 2700 4146 cura
2718 4093 2821 4158 est,
2837 4087 3056 4142 fortiter
3073 4086 3299 4140 laudem
3316 4085 3385 4138 ab
3405 4083 3742 4138 hominibus
3763 4083 3846 4136 de-

2219 4189 2314 4243 bet
2332 4189 2552 4242 timere.
2576 4185 2682 4241 Sed
2709 4181 3083 4238 nihilominus
3111 4182 3388 4250 quantum
3419 4177 3516 4230 illa
3543 4177 3652 4230 hoc
3681 4177 3848 4230 vitare

2221 4282 2456 4349 volebat,
2485 4283 2641 4334 tanto
2673 4275 2855 4347 magis
2883 4291 2946 4328 ac
2975 4272 3158 4342 magis
3187 4271 3464 4325 virtutum
3483 4269 3725 4340 largitor
3749 4267 3848 4322 sibi

2223 4377 2284 4430 in
2308 4373 2570 4428 omnibus
2599 4371 2826 4425 ﬁdelem
2853 4367 3134 4423 declarare
3165 4363 3460 4420 studebat:
3503 4364 3584 4418 ita
3623 4369 3690 4416 ut
3723 4361 3846 4416 ubi-

2781 4479 2814 4515 a
2855 4474 3192 4532 quacunque
3231 4458 3490 4512 detentus
3529 4455 3848 4510 inﬁmitate

2225 4579 2350 4618 eam
2379 4561 2708 4626 invocasset,
2743 4555 2982 4610 salutem
3015 4551 3344 4622 recipiebat.

2297 4660 2381 4712 l6.
2413 4653 2508 4708 Vir
2537 4653 2774 4718 illuster,
2803 4651 2912 4703 Leo
2942 4646 3193 4714 nomine,
3223 4643 3294 4698 ad
3328 4642 3632 4697 concilium
3663 4639 3852 4712 synodi

2223 4753 2479 4805 evocatus
2505 4763 2538 4801 a
2561 4745 2694 4800 viris
2727 4741 3047 4814 apostolicis
3081 4736 3314 4793 Leontio
3345 4733 3770 4806 [Burdegalensi]
3801 4737 3850 4786 et

2223 4841 2461 4897 Eusebio
2519 4833 2901 4910 [Sanctonensi]
2962 4830 3256 4904 episcOpis,
3311 4829 3448 4884 dum
3491 4829 3602 4882 iter
3646 4829 3852 4897 ageret.

2224 4936 2370 4991 oculi
2397 4935 2517 5004 ejus
2539 4930 2694 5004 gravi
2712 4934 2840 4984 sunt
2859 4926 3098 4997 caligine
3119 4921 3366 4990 obducti,
3391 4919 3690 4990 sanguinis
3709 4917 3854 4972 nube

2224 5027 2491 5101 c00perti,
2521 5031 2584 5080 ut
2609 5041 2724 5079 non
2751 5022 2860 5076 nisi
2885 5038 2918 5074 a
2945 5017 3174 5074 famulis
3201 5019 3546 5070 sustentatus
3575 5015 3854 5083 pergeret,

2225 5124 2452 5196 penitus
2472 5137 2578 5176 nec
2599 5119 2744 5172 viam
2767 5115 3000 5170 videret.
3021 5111 3126 5176 Qui
3144 5111 3435 5182 ingressus
3453 5105 3854 5160 monasterium

2226 5220 2426 5284 beatae,
2449 5215 2552 5270 ubi
2577 5212 2720 5266 ﬁlias
2739 5225 2866 5266 suas
2893 5207 2944 5262 ei
2972 5207 3202 5262 devotus
3229 5201 3460 5258 tradidit
3479 5199 3722 5254 Domino
3747 5213 3858 5250 ser»

2227 5312 2457 5376 vituras,
2489 5305 2741 5363 introivit
2769 5303 2829 5357 in
2854 5299 3164 5356 oratorium
3185 5297 3407 5352 domnae
3429 5293 3614 5348 Mariae
3643 5291 3858 5346 nomini

2230 5405 2546 5460 dedicatum
2579 5417 2592 5454 :
2627 5403 2753 5470 post
2778 5395 3092 5450 orationem
3118 5391 3308 5446 datam
3343 5385 3652 5459 prosternit
3677 5401 3736 5438 se
3763 5383 3864 5438 ﬁde

2228 5501 2432 5571 plenus
2455 5510 2624 5566 supra
2645 5495 2850 5547 sanctae
2879 5487 3146 5552 cilicium,
3171 5482 3406 5537 viriliter
3432 5496 3560 5534 eam
3581 5479 3862 5540 invocans,

2235 5636 2465 5691 Floriac.
2499 5632 2780 5688 Iohannes
2807 5645 2840 5682 a
2877 5627 3069 5690 Bosco,
3105 5621 3360 5691 ejusdem
3395 5617 3661 5690 martyris
3687 5623 3864 5691 trans-

2235 5689 2502 5763 lationem
2545 5700 2760 5758 brachii
2804 5689 3084 5769 Lingonas
3123 5689 3328 5769 factam
3373 5689 3566 5769 refert.
3617 5691 3682 5744 In
3727 5689 3860 5744 Mar-

2237 5761 2516 5852 tyrologio
2543 5776 2706 5832 Rom.
2741 5787 2833 5828 XVl
2859 5761 2978 5826 x51.
3007 5763 3296 5840 Septemb.
3327 5761 3552 5850 colitur.
