4058 6190
174 312 260 366 673
1410 306 1580 361 νιΤΑ.
1622 305 1822 361 LIBER

1859 304 2224 362 SECUNDUS.
3396 312 3497 366 674

164 429 212 476 et
230 419 412 474 tandiu
439 417 782 492 superjath
822 435 1116 491 quousque
1157 421 1315 476 dolor
1353 422 1625 491 discessit,
1662 438 1754 476 ca-
1779 431 1838 506 Α
1857 427 2009 477 rator
2034 421 2334 493 legatorios
2357 438 2486 477 cum
2505 422 2809 493 evangeliis
2834 439 2972 477 auro
2993 428 3050 480 et
3078 423 3316 494 gemmis
3336 439 3496 480 oma-

162 516 254 586 ligo
285 513 474 584 fugata
503 516 609 581 est,
650 514 973 585 coagulatus
1010 515 1239 585 sanguis
1283 531 1342 570 se
1383 515 1538 571 venis
1585 517 1758 571 mini-

164 611 435 666 strantibus
476 611 760 682 perduxit,
813 612 1089 684 clarisque
1133 613 1309 667 oculis
1357 613 1454 683 qui
1502 614 1762 668 manibus

161 708 472 759 sustentatus
506 710 756 775 venerat,
796 722 964 759 sanus
1013 705 1198 774 rediit,
1249 706 1316 761 de
1361 707 1539 761 cilicio
1584 707 1762 763 beatze

158 799 325 852 lumen
367 798 600 868 recepit,
643 799 802 852 laetus
829 803 998 870 atque
1039 798 1355 868 incolumis,
1389 800 1456 854 ad
1482 801 1761 870 synodum

159 892 238 947 ubi
279 897 557 962 coeperat,
597 892 920 962 ambulavit,
953 893 1102 963 quod
1141 898 1266 964 post
1322 893 1443 964 ipso
1483 894 1760 949 referente

157 985 391 1039 universa
419 986 666 1054 synodus
699 985 930 1054 audivit,
959 1002 1022 1038 ac
1070 985 1200 1041 inde
1244 987 1570 1057 regrediens
1598 987 1761 1042 nobis

158 1079 254 1132 haec
278 1094 367 1131 ore
394 1079 626 1148 proprio
655 1078 934 1133 disseruit.
964 1081 1086 1149 Ipsa
1123 1079 1174 1134 ei
1203 1080 1334 1134 fecit
1377 1080 1596 1134 devotio
1624 1081 1755 1135 fun-

157 1172 455 1225 damentum
494 1171 744 1224 basilicae
785 1173 1010 1225 domnae
1038 1173 1398 1242 Radegundis
1430 1179 1753 1243 percutere,

159 1264 235 1318 ubi
256 1269 309 1318 ct
327 1271 556 1318 centum
574 1265 729 1319 dedit
749 1265 953 1319 solidos
974 1265 1044 1318 ad
1065 1266 1333 1319 fabricam
1354 1267 1534 1336 ipsam
1558 1267 1762 1321 facien-

159 1359 282 1412 dam.
309 1358 511 1420 Quanti
540 1357 752 1411 infirmi
773 1359 851 1412 ad
895 1359 1016 1428 ejus
1044 1358 1452 1425 invocationem
1479 1364 1612 1413 sunt
1638 1360 1760 1413 sani

157 1449 331 1505 redditi
363 1450 487 1521 quis
531 1466 866 1505 enumerare
904 1451 1120 1505 valeat?
1160 1451 1293 1514 Quis
1336 1468 1461 1506 eam
1504 1469 1759 1523 unquam

157 1544 271 1597 vidit
295 1548 346 1597 et
367 1548 662 1598 terrenum
683 1544 974 1598 hominem
1004 1560 1122 1599 esse
1149 1545 1426 1599 credidit?
1456 1547 1558 1599 Per
1585 1547 1760 1599 Deum

159 1641 261 1694 coeli
282 1641 616 1695 ﬁducialiter
640 1646 696 1695 et
721 1643 991 1696 veraciter
1015 1643 1157 1708 dico,
1188 1643 1322 1713 quia
1351 1643 1430 1696 sic
1451 1659 1675 1713 semper
1703 1643 1761 1696 in

157 1732 302 1784 oculis
320 1731 578 1785 omnium
607 1733 1002 1803 resplendebat
1027 1749 1157 1786 cum
1187 1734 1375 1787 anima
1403 1735 1588 1788 vultus
1614 1734 1756 1802 ejus,

157 1827 210 1878 ut
229 1841 331 1878 non
355 1825 646 1880 immerito
672 1827 1016 1880 extrinsecus
1042 1831 1356 1898 appareret,
1388 1827 1537 1898 quod
1559 1827 1760 1882 intrin-
1779 1797 1835 1868 B

159 1935 290 1972 secus
333 1918 658 1988 gerebatur.

219 2015 290 2064 l7.
329 2012 453 2065 Post
493 2016 868 2082 congregatas
895 2017 1216 2066 sanctorum
1240 2012 1523 2083 reliquias,
1561 2013 1609 2065 si
1636 2011 1758 2067 fieri

157 2105 416 2175 potuisset,
459 2106 654 2174 ipsum
689 2105 989 2159 Dominum
1028 2105 1096 2159 de
1139 2106 1267 2160 sede
1302 2105 1610 2175 majestatis
1641 2122 1757 2159 suae

157 2196 412 2250 visibiliter
425 2197 518 2250 hic
552 2197 805 2252 habitare
825 2197 1165 2267 expetiisset.
1184 2199 1249 2252 Et
1275 2214 1600 2268 quanquam
1626 2214 1758 2252 eum

157 2290 435 2343 carnalibus
460 2290 643 2344 oculis
670 2306 784 2343 non
813 2289 1149 2359 intueretur,
1186 2290 1448 2361 spiritalis
1485 2307 1646 2344 mens
1670 2291 1755 2344 in-

154 2386 281 2436 tenta
307 2383 508 2438 sedulis
541 2383 801 2452 precibus
826 2383 1333 2454 contemplabatur.
1363 2384 1468 2438 Sed
1502 2384 1634 2455 quia
1657 2386 1760 2438 Do-

159 2476 318 2530 minus
339 2493 446 2530 non
472 2476 721 2547 privabit
745 2476 906 2530 bonis
945 2493 1037 2530 eos
1066 2477 1163 2546 pui
1189 2476 1479 2530 ambulant
1509 2477 1566 2530 in
1592 2478 1757 2531 inno-

159 2569 329 2637 centia,
359 2575 413 2623 et
434 2569 542 2640 qui
569 2586 700 2624 eum
727 2586 797 2624 ex
823 2575 940 2624 toto
966 2570 1130 2624 corde
1161 2575 1215 2624 et
1240 2586 1308 2624 ex
1332 2575 1450 2624 tota
1487 2571 1682 2625 anima
1705 2576 1762 2626 et

160 2678 213 2716 ex
238 2667 349 2716 tota
383 2668 581 2717 mente
617 2663 901 2734 quazsicrit
932 2663 1096 2733 (Psal.
1151 2665 1394 2732 Lxxxm),
1441 2663 1585 2718 sicut
1638 2665 1760 2718 haec

157 2752 292 2808 beata
314 2756 459 2823 fecit,
490 2755 686 2810 divina
728 2756 1028 2811 clementia
1053 2772 1111 2811 se
1145 2757 1452 2828 benignam
1482 2757 1756 2825 exhibuit,

158 2848 295 2918 eique
318 2850 375 2904 in
399 2867 574 2905 sensu
603 2850 810 2920 posuit,
839 2851 899 2904 in
924 2851 1084 2921 cujus
1112 2856 1337 2922 pectore
1359 2851 1449 2905 dic
1475 2855 1760 2920 noctuque

157 2943 537 3013 requiescebat,
582 2948 645 2998 ut
685 2944 829 2998 sicut
873 2944 1036 2998 beata
1071 2944 1298 3012 Helena,
1345 2943 1624 3014 sapientia
1653 2944 1759 2997 im-

158 3032 286 3102 buta,
331 3037 536 3091 timore
565 3036 662 3090 Dei
700 3037 886 3107 plena,
924 3036 1086 3090 bonis
1123 3036 1386 3106 operibus
1413 3036 1655 3106 gloriosa
1689 3036 1758 3090 li-

159 3143 310 3197 gnum
335 3130 602 3198 salutare,
628 3129 726 3184 ubi
750 3129 998 3200 pretium
1025 3130 1223 3184 mundi
1243 3146 1348 3200 pro
1375 3135 1566 3183 nostra
1585 3130 1763 3184 salute
1785 3162 1839 3235 Ο

157 3235 438 3292 appensum
476 3223 668 3277 fuerat
711 3229 770 3276 ut
804 3239 906 3276 nos
937 3223 1006 3277 de
1044 3227 1316 3293 potestate
1339 3222 1545 3276 diaboli
1575 3223 1761 3293 eripe-

159 3319 244 3381 ret,
283 3316 632 3387 perquisivit,
665 3315 743 3370 ita
784 3321 866 3383 ut,
912 3316 1159 3384 invento,
1205 3316 1474 3370 ambabus
1505 3316 1765 3370 manibus

160 3406 437 3476 plauderet,
470 3413 535 3464 et
564 3409 622 3463 in
653 3413 802 3464 terra
829 3425 982 3479 genu
999 3410 1144 3463 ﬂexo
1172 3409 1477 3463 Dominum
1510 3409 1767 3463 adoraret

163 3498 241 3553 ubi
276 3501 448 3572 ipsam
481 3504 549 3557 in
591 3507 817 3557 mortuo
856 3502 1120 3557 suscitato
1155 3502 1498 3557 dominicam
1540 3518 1765 3556 crucem

162 3608 306 3664 supra
331 3597 577 3666 positam
597 3596 826 3666 agnovit
849 3595 1041 3650 dicens
1064 3614 1076 3650 :
1111 3599 1173 3651 1n
1198 3599 1421 3651 veritate
1447 3601 1506 3651 tu
1531 3612 1584 3650 es
1621 3597 1769 3653 Chri-

163 3691 254 3740 stus
270 3689 430 3743 Filius
463 3691 582 3756 Dei,
623 3692 720 3758 qui
756 3692 812 3743 in
851 3690 988 3743 hunc
1021 3690 1280 3744 mundum
1303 3692 1515 3752 venisti,
1550 3693 1768 3758 tuosque

165 3783 373 3848 captivos
393 3798 523 3852 quos
549 3785 746 3837 creasti
769 3785 999 3852 pretioso
1017 3786 1276 3853 sanguine
1292 3784 1597 3850 redemisti;
1619 3782 1769 3853 quod

164 3870 273 3926 fecit
293 3873 383 3929 illa
409 3875 469 3930 in
496 3875 754 3930 orientali
773 3876 972 3946 patria,
1001 3876 1108 3930 hoc
1134 3876 1268 3931 fecit
1292 3875 1454 3932 beata
1475 3876 1769 3946 Radegun-

165 3963 234 4019 dis
255 3966 310 4022 in
336 3969 532 4024 Gallia.

225 4063 299 4117 t8.
325 4063 391 4117 Et
413 4063 547 4135 quia
588 4063 708 4119 sine
734 4063 966 4118 consilio
992 4064 1054 4119 in
1082 4065 1296 4120 mundo
1325 4065 1463 4120 dum
1492 4064 1652 4135 vixit,
1684 4065 1767 4119 ni-

164 4151 231 4207 hil
260 4154 433 4212 facere
473 4157 672 4224 voluit,
727 4158 1034 4214 transmisit
1069 4159 1282 4214 litteras
1322 4159 1393 4213 ad
1443 4158 1768 4229 praacellen-

163 4245 416 4304 tissimum
435 4251 715 4306 domuum
744 4251 1088 4323 Sigibertum
1108 4269 1324 4324 regem,
1349 4253 1508 4322 cujus
1533 4251 1772 4322 imperio

160 4341 317 4408 patria
340 4343 443 4398 ista
467 4345 794 4416 regebatur,
820 4349 886 4400 ut
914 4346 965 4401 ei
989 4346 1342 4417 permitteret
1362 4361 1465 4416 pro
1486 4345 1660 4400 totius
1677 4362 1775 4415 pa-

161 4434 266 4489 triae
299 4437 473 4494 salute
510 4444 568 4493 et
608 4439 729 4510 ejus
767 4441 931 4512 regni
965 4439 1286 4508 stabilitate,
1329 4439 1554 4509 lignum
1594 4439 1774 4493 crucis

1860 516 1951 571 tis.

1933 613 2019 663 l9.
2049 612 2118 664 At
2149 609 2247 664 ubi
2285 609 2526 680 lignum,
2565 611 2668 664 ubi
2709 612 2857 665 salus
2896 611 3097 665 mundi
3124 613 3488 683 pependerat,

1859 703 2096 757 Pictavis
2127 703 2198 774 (α)
2227 703 2508 758 civitatem
2538 720 2668 758 cum
2704 705 3141 775 congregatione
3172 712 3495 760 sanctorum

1859 797 2104 862 advenit,
2135 800 2191 851 et
2210 798 2461 867 pontifex
2482 797 2732 851 locicum
2754 798 2909 852 omni
2937 799 3144 868 pupulo
3173 799 3366 854 devote
3389 801 3496 854 hoc

1859 890 2027 943 vellet
2055 889 2347 960 excipere;
2381 891 2642 944 inimicus
2669 891 2903 944 humani
2927 891 3148 960 generis
3178 908 3279 962 per
3297 893 3496 946 satelli-

1860 988 1942 1037 tes
1965 1000 2094 1036 suos
2123 984 2260 1053 egit,
2303 989 2367 1037 ut
2407 985 2654 1053 pretium
2682 985 2880 1038 mundi
2911 985 3268 1053 repellerent,
3306 1001 3409 1039 nec
3437 986 3496 1039 in

1861 1076 2080 1130 civitate
2109 1076 2358 1146 recipere
2394 1076 2620 1141 vellent,
2650 1077 2890 1147 qualiter
2919 1077 3079 1131 beata
3126 1078 3496 1148 Radegundis

1861 1168 2316 1224 tribulationibus
2346 1169 2679 1239 subjaccret,
2713 1170 2871 1223 aliud
2902 1186 3002 1240 pro
3030 1170 3140 1224 alio
3157 1177 3494 1237 asserentes,

1859 1262 2086 1316 Judaico
2127 1262 2358 1329 ordine;
2407 1263 2562 1332 quod
2605 1268 2862 1316 nostrum
2902 1279 3017 1316 non
3078 1268 3160 1317 est
3200 1264 3492 1335 disserere,

1860 1358 1968 1428 ipsi
2005 1359 2248 1432 viderint
2282 1377 2294 1412 :
2338 1362 2592 1413 Dominus
2630 1362 2780 1413 novit
2821 1363 2918 1428 qui
2940 1366 3066 1414 sunt
3105 1360 3237 1427 ejus.
3270 1361 3376 1414 Sed
3405 1361 3497 1414 illa

1860 1452 2060 1522 spiritu
2074 1452 2537 1520 fervente,animo
2552 1453 2872 1518 dimicante,
2890 1452 3097 1506 iterum
3122 1453 3192 1506 ad
3208 1453 3495 1524 benignis-

1860 1545 2069 1599 simum
2097 1562 2292 1615 regem
2319 1545 2536 1617 dirigit,
2568 1547 2699 1617 quia
2743 1547 2801 1600 in
2829 1546 3109 1600 civitatem
3141 1546 3379 1600 salutem
3407 1563 3494 1600 re-

1859 1638 2044 1709 cipere
2081 1640 2410 1694 noluerunt.
2455 1640 2685 1693 [nterim
2731 1656 3024 1710 quousque
3071 1640 3231 1694 missi
3289 1640 3374 1693 sui
3427 1641 3496 1694 de

1861 1732 2068 1786 domno
2104 1749 2238 1801 rege
2281 1738 2720 1799 reverterentur,
2763 1733 2819 1786 in
2859 1733 3136 1785 Turonico
3172 1749 3272 1786 suo
3299 1750 3493 1786 mona-

1859 1825 2026 1879 sterio
2054 1825 2304 1879 virorum
2333 1826 2484 1896 quod
2513 1826 2779 1894 condidit,
2810 1831 2871 1878 ut
2895 1826 3086 1895 iipsam
3117 1826 3387 1894 salvaret,
3419 1826 3496 1879 ibi

1858 1935 1988 1972 cum
2024 1919 2316 1989 psallentio
2346 1919 2698 1972 sacerdotum
2743 1934 2968 1972 crucem
3011 1919 3233 1972 Domini
3270 1920 3355 1972 vel
3400 1919 3491 1989 pi-

1859 2027 2037 2081 gnora
2063 2015 2388 2065 sanctorum
2417 2011 2851 2065 commendavit.
2881 2011 3000 2064 Non
3031 2011 3310 2064 minorem
3337 2012 3487 2080 inju-

1857 2105 2000 2158 riam
2032 2109 2116 2159 est
2142 2121 2298 2175 passa
2324 2109 2512 2158 sancta
2539 2121 2677 2157 crux
2719 2121 2822 2174 per
2847 2103 3115 2158 invidiam
3139 2147 3152 2172 ,
3181 2121 3355 2175 quam
3385 2105 3490 2157 Do-

1859 2197 2047 2250 minus
2075 2197 2172 2267 qui
2203 2213 2304 2267 per
2333 2213 2619 2251 cursorem
2660 2196 2794 2268 [Al.,
2822 2197 3226 2268 percussorem]
3272 2197 3492 2251 ﬁdelem

1858 2294 2088 2344 vocatus
2117 2295 2172 2345 et
2200 2295 2490 2344 revocatus
2517 2295 2646 2344 ante
2675 2290 2926 2360 presides
2952 2295 3008 2345 et
3020 2290 3236 2360 judices
3259 2307 3491 2345 omnem

1860 2384 2134 2438 malitiam
2189 2385 2470 2455 patienter
2535 2383 2820 2451 sustinuit,
2871 2389 2935 2437 ut
2987 2385 3139 2454 quod
3210 2389 3495 2439 creaverat

1859 2494 1977 2532 non
2003 2477 2230 2548 periret.
2260 2479 2318 2530 ln
2345 2483 2556 2548 quanto
2583 2494 2640 2532 se
2662 2478 2912 2531 cruciatu
2929 2478 3133 2548 posuit,
3163 2477 3220 2530 in
3236 2477 3490 2547 jejuniis,

1860 2571 1920 2625 in
1947 2571 2172 2641 vigiliis,
2205 2571 2263 2624 in
2301 2571 2628 2641 profusione
2676 2571 3050 2641 lacrymarum
3092 2575 3208 2624 tota
3254 2587 3491 2640 congre-

1862 2665 2011 2735 gatio
2039 2681 2158 2733 sua,
2201 2665 2257 2717 in
2306 2665 2462 2718 luctu
2511 2669 2566 2719 et
2591 2666 2728 2718 fletu
2772 2665 3036 2718 omnibus
3070 2664 3266 2718 diebus
3314 2679 3492 2734 usque

1860 2775 1972 2828 quo
1999 2757 2241 2827 respexit
2270 2757 2539 2810 Dominus
2566 2757 2948 2811 humilitatem
2981 2757 3202 2812 ancillae
3235 2773 3368 2824 suae,
3393 2757 3493 2826 qui

1860 2851 2014 2906 dedit
2037 2851 2096 2904 in
2123 2850 2287 2904 corde
2318 2850 2467 2919 regis
2497 2855 2558 2904 ut
2597 2852 2802 2904 faceret
2823 2850 3106 2920 judicium
3137 2855 3194 2904 et
3212 2851 3492 2920 justitiam

1860 2944 1919 2998 in
1947 2945 2132 2998 medio
2160 2943 2352 3014 p0pu1i
2371 2945 2398 2997 ?
2419 2945 2557 2997 Nam
2577 2944 2808 2998 devotus
2829 2960 2928 2997 rex
2956 2960 3057 3014 per
3075 2944 3296 2997 ﬁdelem
3327 2960 3494 2998 suum

1860 3037 2046 3092 virum
2091 3037 2369 3092 illustrem
2415 3037 2698 3091 Justinum
2757 3037 3020 3091 comitem
3070 3037 3378 3092 transmisit
3425 3037 3496 3092 ad

1863 3135 2053 3189 virum
2089 3134 2458 3205 apostolicum
2502 3136 2779 3190 domuum
2824 3136 3176 3190 Eufromium
3221 3137 3288 3206 (ὁ)
3319 3137 3496 3190 Turo-

1863 3233 2002 3286 nicaz
2029 3232 2266 3286 civitatis
2291 3233 2636 3303 episcopum,
2666 3239 2730 3287 ut
2757 3250 2889 3287 cum
2915 3235 3132 3288 honore
3172 3234 3345 3304 digno
3378 3234 3493 3304 glo-

1864 3325 2073 3379 riosam
2120 3342 2346 3380 crucem
2375 3326 2595 3379 Domini
2638 3327 2724 3379 vel
2768 3333 3092 3380 sanctorum
3136 3327 3401 3396 reliquias
3440 3327 3498 3380 in

1865 3419 2206 3472 monasterio
2241 3419 2464 3472 domnae
2496 3419 2856 3489 Badegundis
2883 3419 3276 3488 introponeret
3295 3436 3310 3486 ;
3345 3419 3500 3489 quod

1866 3517 1922 3566 et
1949 3512 2161 3566 factum
2199 3516 2304 3566 est.
2340 3511 2618 3565 Exultavit
2658 3511 2717 3564 in
2749 3512 2952 3582 gaudio
2997 3512 3158 3566 beata
3187 3528 3316 3564 cum
3344 3512 3500 3564 omni

1867 3605 2009 3660 cella
2038 3621 2155 3671 sua,
2189 3621 2359 3675 seque
2393 3605 2497 3658 hoc
2525 3606 2593 3660 de
2631 3605 2784 3660 caelis
2811 3606 3023 3660 donum
3072 3606 3286 3659 bonum
3315 3609 3370 3659 et
3395 3605 3496 3658 da-

1866 3703 1990 3754 tum
2026 3698 2339 3769 perfectum
2369 3714 2483 3752 sua:
2508 3698 2953 3770 congregationi,
2975 3715 3146 3769 quam
3175 3699 3247 3752 ad
3280 3697 3500 3752 Domini

1869 3791 2162 3846 servitium
2189 3791 2573 3862 congregavit,
2617 3792 2891 3858 contulit,
2923 3792 2983 3846 in
3028 3792 3230 3862 spiritu
3257 3791 3503 3846 sentiens

1869 3886 2020 3957 quod
2070 3889 2196 3955 post
2243 3884 2364 3954 ejus
2419 3886 2721 3940 transitum
2773 3901 2977 3957 parum
3039 3885 3247 3941 habere
3298 3890 3502 3957 posset.

1869 3981 2222 4049 Quamquam
2249 3977 2342 4032 illa
2378 3995 2509 4034 cum
2537 3996 2670 4050 rege
2695 3979 2817 4034 caeli
2859 3978 3220 4049 gloriaretur,
3250 3980 3398 4035 unde
3423 3978 3503 4034 eis

1870 4071 2167 4127 subvenire
2197 4077 2386 4142 posset
2415 4089 2428 4127 :
2473 4073 2578 4127 hoc
2608 4073 2820 4128 donum
2847 4073 3068 4129 caeleste
3097 4073 3371 4144 provitrix
3411 4089 3507 4143 op-

1873 4167 2030 4237 tima,
2063 4166 2431 4239 gubernatrix
2461 4167 2608 4220 bona
2633 4208 2646 4233 ,
2675 4171 2742 4222 ut
2785 4183 2915 4222 oves
2945 4183 3062 4221 non
3099 4182 3506 4237 usquequaque

1872 4261 2235 4332 relinqueret,
2255 4260 2502 4332 pretium
2529 4260 2729 4315 mundi
2751 4261 2818 4315 de
2844 4260 3080 4331 pignore
3098 4259 3325 4327 Christi,
3349 4259 3501 4329 quod

1873 4351 1942 4405 de
1971 4351 2286 4421 longinqua
2311 4350 2543 4420 regione
2582 4349 2834 4420 expetiit,
2877 4349 2948 4402 ad
2993 4349 3267 4402 honorem
3312 4347 3421 4401 loci
3448 4353 3505 4402 et

1874 4443 2238 4498 salvationem
2281 4443 2476 4514 populi
2520 4459 2622 4497 suo
2658 4443 2718 4496 in
2765 4441 3103 4496 monasterio
3131 4440 3373 4509 dimisit;
3407 4440 3503 4496 ubi

165 4525 359 4584 Domini
396 4532 465 4586 ab
493 4532 836 4603 imperatore
868 4531 1120 4605 [Justino]
1157 4537 1420 4604 expetere
1449 4549 1462 4586 :
1492 4532 1643 4603 quod
1674 4533 1768 4587 ille
1787 4531 1846 4604 D
1869 4533 2075 4588 virtute
2121 4533 2219 4588 Dei
2269 4535 2625 4604 cooperante,
2659 4529 2910 4602 potentia
2954 4529 3077 4585 cali
3122 4530 3501 4601 ministrante,

165 4616 539 4693 benignissime
571 4625 640 4680 ad
665 4625 994 4696 petitionem
1022 4630 1225 4682 sanctae
1243 4625 1457 4697 reginae
1475 4642 1769 4680 assensum

164 4718 400 4785 praabuit.
444 4723 543 4777 Illa
584 4723 878 4778 devotione
912 4725 1099 4794 plena,
1141 4723 1418 4779 desiderio
1446 4740 1675 4780 accensa
1699 4723 1769 4778 ad

165 4811 540 4886 imperatorem
579 4837 693 4875 non
741 4837 980 4877 munera
1019 4821 1232 4893 dirigit,
1275 4838 1404 4894 qua;
1437 4839 1496 4877 se
1537 4827 1770 4893 propter

166 4906 322 4965 Deum
345 4929 655 4986 pauperem
691 4915 821 4970 fecit
830 4932 848 4985 ;
889 4915 985 4970 sed
1014 4915 1265 4970 oratione
1296 4915 1606 4986 obtinente,
1640 4932 1770 4970 cum

168 5005 411 5062 comitatu
454 5013 781 5064 sanctorum
823 5024 963 5080 quos
1005 5009 1410 5065 incessabiliter
1454 5009 1766 5080 invocabat,

167 5097 342 5153 missos
375 5117 504 5156 suos
547 5102 770 5158 direxit.
819 5103 928 5158 Sed
964 5103 1114 5174 quod
1157 5120 1256 5158 sua
1298 5108 1428 5158 vota
1467 5103 1772 5174 poscebant

169 5189 407 5264 obtinuit,
451 5200 516 5250 ut
545 5196 774 5251 beatum
810 5196 1032 5268 lignum
1068 5197 1248 5251 crucis
1289 5197 1516 5252 Domini
1555 5213 1692 5252 auro
1718 5202 1773 5250 et

170 5283 386 5346 gemmis
437 5290 718 5353 ornatum,
765 5291 820 5340 et
872 5286 1079 5340 multas
1126 5291 1448 5342 sanctorum
1483 5286 1769 5357 reliquias,

169 5385 285 5440 quas
323 5375 515 5432 Oriens
556 5379 850 5447 retinebat,
893 5395 1008 5433 uno
1042 5380 1292 5436 residens
1328 5380 1450 5434 loco
1478 5397 1534 5434 se
1563 5378 1773 5434 habere

170 5463 381 5532 gloriata
409 5476 511 5526 est.
540 5473 620 5527 Ad
640 5473 971 5544 petitionem
1013 5479 1218 5528 sanctae
1243 5473 1555 5529 transmisit
1591 5473 1771 5543 impe-

229 5623 292 5705 (t1)
309 5625 604 5705 Gregorius
621 5630 980 5705 Turonensis,
999 5631 1096 5686 lib.
1127 5634 1178 5699 9,
1202 5648 1249 5685 c.
1280 5632 1348 5685 40
1384 5633 1619 5685 :Delatis
1646 5631 1770 5705 reti--

167 5697 310 5815 aliis,
337 5697 535 5769 inquit,
555 5703 712 5770 petiit
737 5705 926 5771 regina
953 5697 1251 5772 episcopum
1265 5707 1324 5756 ut
1344 5719 1462 5756 cum
1480 5705 1671 5756 honore
1689 5703 1775 5756 de-

217 5771 262 5815 to
276 5772 566 5815 arandimm
580 5773 785 5815 neallpn
793 5776 866 5815 t-in
883 5776 939 5815 in
959 5776 1337 5815 mnnncfpm'um
1353 5775 1740 5815 nnllnrmvmtnr
1760 5792 1774 5815 2

217 5771 262 5843 ιρ
276 5772 566 5843 grandique
576 5773 866 5843 psallentio
883 5776 940 5828 in
959 5771 1337 5829 monasterium
1353 5775 1740 5828 collocarentur
1758 5792 1774 5826 :

168 5835 248 5890 sed
279 5839 366 5895 ille
401 5835 686 5916 despiciam
721 5847 1108 5917 suggestionem
1151 5845 1282 5916 ejus,
1319 5848 1548 5902 ascensis
1575 5847 1773 5915 equiti-

1868 4643 2152 4682 coecorum
2201 4625 2349 4680 oculi
2384 4626 2578 4680 lumen
2605 4623 2906 4696 recipiunt,
2933 4641 3098 4680 aures
3134 4625 3318 4679 surdae
3352 4630 3503 4696 pate-

1868 4721 2034 4786 ﬁunt,
2062 4725 2356 4775 mutorum
2380 4720 2579 4790 lingua
2601 4719 2671 4773 ad
2693 4735 2863 4774 suum
2888 4719 3033 4775 redit
3053 4719 3331 4789 officium;
3354 4719 3506 4775 clau-

1869 4815 1926 4870 di
1951 4815 2263 4885 ambulant,
2292 4814 2574 4869 daemones
2589 4813 2932 4885 eifugantur.
2949 4812 3093 4878 Quid
3111 4813 3274 4885 plura
3293 4814 3321 4868 ‘i
3347 4813 3502 4878 Quis-

1871 4909 1995 4980 quis
2022 4926 2055 4963 a
2079 4925 2435 4981 quacumque
2461 4907 2786 4964 infirmitate
2813 4908 3075 4964 detentus
3109 4924 3177 4962 ex
3204 4907 3314 4962 ﬁde
3339 4923 3504 4963 vene-

1870 5003 1964 5071 rit,
2009 5019 2113 5074 per
2161 5003 2427 5058 virtutem
2471 5007 2680 5058 sanctae
2725 5002 2904 5057 crucis
2947 5017 3117 5056 sanus
3157 5001 3322 5057 redit.
3370 5003 3504 5067 Quis

1871 5101 2041 5168 queat
2059 5097 2245 5152 dicere
2266 5102 2543 5169 quantum
2569 5101 2625 5152 et
2643 5097 2806 5168 quale
2828 5096 3040 5150 donum
3057 5096 3188 5151 huic
3221 5095 3347 5151 urbi
3378 5096 3504 5152 beaa

1871 5195 1929 5246 ta
1957 5191 2193 5246 contulit
2210 5191 2237 5245 τ
2267 5192 2422 5246 Unde
2451 5190 2706 5262 quisquis
2736 5206 2805 5244 ex
2830 5189 2938 5244 ﬁde
2964 5190 3116 5259 vivit,
3141 5190 3262 5262 ejus
3288 5190 3508 5248 nomini

1872 5285 2172 5341 benedicit.
2204 5283 2738 5340 Przecellentissimis
2763 5283 2916 5337 enim
2941 5283 3184 5339 dominis
3204 5285 3433 5357 regibus
3450 5289 3505 5342 et

1875 5379 2245 5434 serenissima:
2272 5378 2494 5433 domum
2535 5376 2918 5448 Brunighildae
2953 5379 3183 5450 reginae,
3212 5396 3353 5452 quos
3379 5397 3505 5435 caro

1875 5473 2072 5528 dilexit
2112 5473 2336 5538 affectu,
2383 5477 2439 5526 et
2475 5470 2836 5526 sacrosanctis
2876 5473 3122 5529 ecclesiis
3160 5475 3246 5530 vel
3286 5474 3503 5544 pontifi-

1877 5630 1972 5684 bus
1995 5630 2140 5684 villze
2166 5645 2219 5684 se
2244 5631 2488 5684 contulit.
2511 5631 2797 5684 Maroveus
2819 5634 2951 5685 tunc
2973 5631 3222 5686 Pictavos
3249 5629 3498 5697 regebat.

1948 5702 2015 5772 (ὁ)
2063 5703 2313 5755 Mortuus
2356 5719 2504 5757 anno
2537 5704 2636 5757 573
2678 5701 3016 5775 Gregorium
3061 5701 3256 5756 habuit
3291 5714 3502 5753 succes-

1877 5789 2060 5828 sorem
2069 5813 2080 5827 .
