4058 6190
579 307 683 362 675

1548 305 1800 362 SANCTA
1839 301 2306 374 RADEGUNDUS,
2349 303 2596 363 REGINA
2633 305 2961 362 FRANCIIE.
3791 313 3870 366 676

578 415 738 470 cibus
774 431 970 471 earum
1007 429 1139 468 cum
1178 412 1578 468 contestatione
1619 414 1806 470 divina
1837 431 2006 470 suum
2049 432 2204 471 com-
2231 429 2290 501 Α
2308 417 2448 473 illud
2474 418 2742 489 signaret,
2775 416 2963 488 aliqua
2997 415 3066 470 de
3103 414 3389 470 sororibus
3424 416 3556 472 vidit
3587 434 3738 490 supra
3765 437 3868 476 mu-

579 509 868 563 mendavit
893 506 1326 562 monasterium.

650 606 739 658 20.
773 603 899 655 Post
935 601 1040 654 hoc
1075 600 1289 654 donum
1323 598 1542 656 caeleste
1579 605 1874 672 acceptum
1899 601 2208 658 transmisit

578 695 741 752 beata
781 694 978 748 missos
1021 709 1172 759 suos,
1220 693 1608 764 supradictum
1633 697 2047 768 presbyterum,
2077 712 2208 750 cum

580 789 722 856 aliis,
753 787 824 840 ad
853 788 1260 858 imperatorem
1287 803 1419 841 cum
1445 787 1688 859 simplici
1709 789 2044 844 vestimento
2076 806 2205 860 gra-

579 881 686 934 tias
701 895 884 950 agere.
913 881 974 934 ln
995 879 1287 934 redeundo
1314 880 1484 952 cmpit
1505 897 1664 936 mare
1691 883 1957 938 ﬂuctibus
1971 883 2083 954 agi,
2110 883 2209 937 ubi

578 977 711 1028 sunt
743 973 920 1028 multa
962 973 1210 1044 pericula
1235 974 1404 1044 passi,
1436 976 1712 1045 procellas
1740 976 1950 1031 scilicet
1979 981 2037 1031 et
2059 981 2206 1031 tem-

575 1071 837 1137 pestates,
867 1068 1034 1138 quale
1056 1083 1114 1121 se
1133 1083 1432 1138 nunquam
1457 1068 1663 1124 vidisse
1685 1069 2041 1138 fatebantur;
2075 1086 2210 1141 qua-

577 1159 840 1230 draginta
885 1161 1084 1215 diebus
1122 1166 1178 1215 et
1214 1161 1590 1232 quadraginta
1626 1162 1884 1218 noctibus
1923 1163 1986 1218 in
2023 1163 2210 1218 medio

577 1254 723 1308 mari
753 1253 909 1308 navis
937 1270 1134 1308 eorum
1161 1254 1410 1324 periculo
1456 1255 1802 1326 subjacebat.
1840 1258 1964 1312 Jam
1993 1256 2062 1312 de
2095 1257 2212 1312 vita

579 1348 936 1418 desperantes
980 1352 1224 1401 mortem
1267 1364 1386 1418 prae
1424 1349 1599 1402 oculis
1645 1349 1938 1419 habentes,
1969 1349 2118 1404 inter
2153 1366 2210 1405 se

577 1457 775 1512 pacem
793 1440 1076 1508 facientes,
1099 1440 1364 1511 quiajam
1385 1457 1482 1496 eos
1507 1458 1664 1496 mare
1690 1442 1988 1498 absorbere
2013 1443 2208 1514 cupie-

577 1534 694 1602 bat,
726 1550 784 1588 se
809 1533 1060 1588 videntes
1097 1534 1156 1588 in
1193 1537 1348 1588 tanto
1388 1535 1664 1606 periculo,
1709 1552 1870 1590 voces
1895 1536 1966 1590 ad
2009 1537 2212 1591 caelum

579 1627 790 1682 dabant
814 1628 1119 1682 clamantes
1141 1644 1206 1681 ac
1233 1627 1481 1683 dicentes
1514 1645 1528 1682 :
1555 1629 1790 1682 Domina
1824 1629 2208 1700 Badegundis,

581 1720 816 1775 subveni
859 1720 1030 1774 servis
1062 1721 1174 1774 tuis
1211 1737 1225 1774 :
1261 1721 1398 1776 dum
1431 1721 1532 1776 tibi
1570 1722 1883 1792 obedimus,
1933 1723 2212 1778 submersi

2306 527 2437 565 rum
2473 511 2648 565 millia
2689 509 2934 564 millium
2972 509 3296 564 daemonum
3333 509 3393 564 in
3423 511 3598 582 specie
3621 529 3872 584 caprarum

2305 609 2486 659 astare
2525 621 2539 659 :
2582 604 2680 659 ubi
2730 608 2922 662 sancta
2975 603 3266 658 dexteram
3315 603 3534 658 beatam
3585 622 3702 660 cum
3741 608 3873 679 signo

2307 698 2486 754 crucis
2513 697 2766 764 elevavit,
2800 696 2984 752 omnis
3014 696 3108 751 illa
3149 695 3454 752 multitudo
3482 698 3774 756 daemonum
3794 703 3867 756 fu-

2309 797 2436 864 gata
2463 807 2744 861 nusquam
2769 790 3108 862 comparuit.

2377 888 2466 940 23.
2487 883 2668 940 Simili
2693 884 2860 938 modo
2885 885 3024 938 dum
3047 887 3178 938 ante
3209 899 3372 938 suam
3393 882 3584 938 cellam
3601 891 3740 942 nocte
3757 893 3866 942 asta-

2307 985 2413 1048 ret,
2443 993 2666 1048 semper
2691 978 2857 1032 corde
2882 982 2938 1032 et
2964 977 3024 1032 in
3050 993 3147 1032 ore
3173 993 3404 1031 cursum
3429 977 3721 1046 decantans,
3751 980 3866 1034 intra

2307 1088 2511 1127 arcana
2537 1072 2721 1126 cordis
2750 1071 2838 1126 sui
2867 1075 3077 1126 secrete
3100 1071 3258 1142 jugis
3286 1070 3411 1124 laus
3450 1069 3541 1125 Dei
3565 1072 3862 1142 personabat,

2307 1169 2582 1221 nocturna
2618 1166 2752 1234 avis,
2784 1180 2913 1235 quas
2955 1164 3283 1218 hominibus
3317 1167 3406 1218 est
3437 1163 3662 1234 ingrata,
3697 1165 3856 1220 vocife-

2309 1276 2440 1314 rans
2481 1259 2538 1313 in
2574 1259 2761 1314 medio
2805 1258 3148 1312 monasterio
3191 1257 3251 1312 in
3277 1257 3478 1312 arbore
3516 1273 3570 1311 se
3605 1257 3860 1314 infestabat.

2309 1352 2452 1407 Dicit
2473 1353 2544 1407 ad
2570 1369 2696 1408 eam
2723 1369 2837 1406 una
2879 1351 2947 1406 de
2997 1350 3351 1406 astantibus:
3397 1349 3618 1404 Domina
3647 1350 3792 1420 beata,
3829 1353 3864 1406 si

2303 1444 2490 1516 jubes,
2533 1445 2594 1500 in
2637 1445 2807 1500 verbo
2849 1450 2948 1499 tuo
2988 1443 3149 1514 ejicio
3191 1459 3377 1497 avem.
3423 1443 3553 1505 Qua:
3593 1442 3706 1498 dicit
3727 1443 3864 1498 ei:Si

2309 1543 2492 1608 nocet,
2519 1538 2578 1592 in
2603 1538 2832 1593 nomine
2861 1537 3088 1592 Domini
3113 1537 3276 1605 vade,
3305 1535 3659 1590 nihilominus
3687 1535 3864 1606 signum

2311 1631 2488 1686 crucis
2511 1648 2682 1703 super
2709 1647 2839 1687 eam
2884 1630 3112 1685 faciens.
3153 1628 3478 1684 Ambulavit
3511 1628 3730 1700 dixitque
3763 1630 3860 1684 avi:

2315 1726 2374 1779 In
2401 1725 2632 1779 nomine
2668 1723 2888 1780 Domini
2912 1723 3092 1778 nostri
3119 1724 3250 1778 Jesu
3297 1721 3502 1778 Christi
3523 1721 3668 1792 jubet
3689 1721 3866 1776 domina

581 1828 696 1867 non
721 1829 1058 1883 pereamus;
1089 1813 1266 1868 libera
1304 1831 1406 1868 nos
1445 1813 1514 1868 de
1557 1815 1753 1870 mortis
1789 1815 2040 1886 periculo
2083 1816 2214 1887 quia
2233 1797 2290 1868 B
2311 1817 2694 1889 Radegundis,
2739 1818 2788 1872 si
2833 1834 2949 1872 non
2981 1833 3052 1872 ex
3076 1816 3173 1870 Dei
3201 1820 3365 1888 parte
3403 1814 3610 1884 venisti,
3635 1819 3692 1869 ut
3712 1814 3864 1870 abhoc

574 1907 694 1976 jam
723 1921 878 1960 mare
913 1908 1177 1976 paratum
1208 1911 1292 1961 est
1315 1911 1380 1962 ut
1417 1923 1519 1964 nos
1548 1908 1699 1962 vivos
1727 1907 2042 1964 absorbeat.
2077 1909 2212 1964 Ubi-

583 2015 806 2070 cunque
832 1999 1089 2054 invocata
1115 1999 1274 2054 fuisti
1305 1999 1535 2056 miserta
1561 2017 1641 2064 es,
1671 2018 1822 2056 nunc
1863 2004 2064 2074 adjuva
2087 2007 2214 2058 tuos

580 2104 653 2143 ne
674 2093 927 2158 pereant.
954 2089 1038 2144 Ad
1062 2089 1162 2142 has
1186 2105 1349 2144 voces
1377 2089 1437 2144 in
1462 2091 1648 2145 medio
1673 2091 1820 2146 mari
1854 2093 2080 2148 advenit
2117 2109 2211 2146 co-

577 2181 790 2250 lumba,
820 2198 944 2252 quae
971 2183 1276 2254 terjnavem
1303 2199 1502 2238 eorum
1518 2184 1872 2255 circumiens,
1895 2187 2072 2256 itertia
2095 2187 2214 2242 vice

579 2274 642 2328 in
671 2275 903 2330 nomine
933 2275 1215 2330 Trinitatis
1248 2293 1422 2347 quam
1450 2277 1614 2332 beata
1651 2294 1872 2349 semper
1911 2280 2078 2334 corde
2123 2280 2210 2334 di-

581 2367 742 2434 lexit,
773 2385 904 2422 cum
929 2369 1155 2434 volaret,
1185 2385 1376 2424 servus
1399 2370 1580 2425 beata:
1605 2371 1819 2442 reginae
1851 2373 2080 2428 nomine
2117 2374 2214 2427 Ba-

584 2460 790 2515 nisaios
825 2462 1076 2516 extendit
1118 2479 1372 2532 manum,
1413 2463 1482 2519 de
1529 2465 1706 2519 cauda
1759 2466 1879 2536 ejus
1925 2471 2038 2521 tres
2086 2467 2216 2521 tulit

585 2569 819 2625 pennas,
848 2571 986 2626 quas
1015 2555 1158 2610 mari
1187 2556 1518 2628 intinguens
1542 2549 1936 2628 tempestatem
1957 2576 2212 2630 compes-

583 2647 700 2702 cuit
729 2655 786 2704 et
811 2649 881 2703 ad
919 2649 1328 2704 invocationem
1374 2651 1622 2706 nominis
1646 2651 1827 2707 beatae
1853 2653 2214 2725 Radegundis

585 2741 848 2797 columba
872 2759 1000 2814 quae
1029 2744 1315 2814 apparuit,
1345 2745 1468 2814 ejus
1501 2745 1745 2800 famulos
1789 2746 1859 2801 de
1903 2748 2102 2802 mortis
2121 2749 2210 2818 ja-

583 2853 698 2892 nua
721 2837 852 2892 vita:
883 2837 1144 2904 reddidit,
1168 2840 1225 2890 et
1243 2837 1390 2893 facta
1417 2855 1476 2893 es
1519 2840 1898 2912 tranquillitas
1929 2857 2136 2912 magna
2156 2841 2216 2896 in

583 2930 769 2986 medio
797 2930 962 2985 mari.
994 2931 1078 2984 llli
1103 2947 1234 2986 vero
1260 2932 1369 2986 alta
1411 2949 1546 2988 voce
1581 2934 1883 2988 clamantes
1908 2934 2168 2991 dicebant
2195 2953 2210 2991 ε

583 3023 890 3092 Advenisti,
921 3023 1070 3078 bona
1095 3024 1342 3092 domina,
1371 3025 1576 3096 pietate
1601 3027 1786 3096 plena,
1815 3031 1942 3082 tuos
1967 3029 2216 3100 captivos

587 3116 806 3188 eripere
835 3133 907 3171 ne
948 3117 1212 3174 ﬂuctibus
1251 3123 1666 3190 mergerentur.
1698 3120 1782 3174 Ad
1827 3121 1950 3192 ejus
1989 3122 2214 3177 invoca-

583 3210 801 3266 tionem
833 3227 948 3280 non
977 3215 1201 3267 tantum
1225 3212 1332 3282 sui,
1363 3213 1462 3268 sed
1489 3229 1686 3268 omnes
1713 3217 1846 3270 sunt
1863 3215 2082 3270 liberati
2111 3233 2216 3288 per

584 3304 855 3360 virtutem
867 3303 1043 3376 ipsius
1062 3307 1286 3360 domnae
1305 3307 1683 3378 Radegundis.
1706 3309 1856 3379 Ipsas
1874 3325 2092 3380 pennas
2103 3311 2214 3366 huc

584 3399 909 3470 attulerant,
937 3403 994 3454 et
1019 3400 1316 3455 fabricatas
1329 3399 1436 3470 ipsi
1466 3401 1566 3472 qui
1592 3401 1660 3456 de
1697 3407 1882 3457 morte
1907 3409 2040 3458 sunt
2074 3403 2214 3460 libe-

583 3493 710 3560 rati,
753 3509 857 3564 per
895 3493 1014 3548 loca
1049 3499 1242 3549 sancta
1293 3494 1479 3549 devoti
1520 3495 1818 3551 dederunt.
1867 3496 2216 3570 Ubicumque

584 3585 841 3642 invocata
867 3587 1058 3657 fuerit,
1087 3587 1333 3658 benigne
1361 3589 1620 3658 exaudit;
1659 3589 1706 3644 si
1737 3589 2088 3658 febricitans,
2118 3596 2217 3648 aut

583 3679 872 3751 pustulam
897 3681 1131 3750 habens,
1161 3687 1260 3737 aut
1281 3698 1316 3736 a
1341 3698 1678 3754 quacunque
1703 3687 1894 3738 tentus
1911 3683 2212 3740 infirmita-

585 3777 660 3842 te,
683 3789 788 3844 pro
813 3773 1111 3844 interjecto
1135 3775 1561 3846 longinquitatis
1587 3781 1750 3832 terra:
1777 3777 1958 3849 spatio
1986 3777 2056 3832 ad
2091 3794 2216 3834 eam

585 3865 778 3920 venire
811 3882 928 3922 non
973 3867 1268 3938 potuisset,
1316 3869 1548 3924 candela
1587 3870 1646 3924 in
1695 3871 1816 3942 ejus
1859 3871 2092 3928 nomine
2120 3889 2212 3926 ac-

586 3973 750 4014 censa
775 3975 1002 4014 omnem
1027 3960 1242 4016 febrem
1263 3961 1500 4033 depulit.

655 4055 746 4108 21.
780 4053 1067 4116 Quantum
1096 4071 1254 4109 suam
1281 4055 1782 4127 congregationem
1808 4058 2067 4114 dilexerit
2090 4059 2217 4131 quis

585 4151 745 4208 effari
770 4151 990 4208 valeat?
1017 4169 1120 4209 nec
1149 4153 1196 4208 si
1219 4157 1457 4209 centeno
1483 4153 1670 4210 sonitu
1694 4155 1907 4228 linguas
1935 4157 2216 4229 plectrum

584 4252 809 4303 moveat
841 4248 947 4302 hoc
987 4249 1213 4318 explere
1251 4247 1422 4304 valet.
1449 4249 1699 4304 Instituit
1733 4255 1814 4318 ut,
1857 4251 1992 4306 dum
2017 4251 2212 4307 reﬁce-

583 4347 728 4412 rent,
759 4357 984 4413 semper
1007 4341 1170 4396 lectio
1209 4342 1513 4414 legeretur,
1551 4346 1616 4398 ut
1659 4361 1774 4399 non
1805 4344 1988 4400 solum
2029 4345 2216 4401 fauces

582 4435 859 4506 accipiant
905 4435 1118 4506 cibum,
1153 4437 1248 4492 sed
1297 4442 1352 4492 et
1374 4454 1540 4492 aures
1569 4438 1805 4494 audiant
1833 4439 1930 4494 Dei
1957 4440 2212 4495 verbum.

2235 3166 2290 3240 C

2311 1911 2432 1966 loco
2457 1911 2723 1978 discedas,
2751 1915 2807 1966 et
2835 1910 3059 1981 penitus
3085 1909 3179 1964 hic
3207 1913 3438 1964 cantare
3465 1925 3572 1962 non
3597 1923 3860 1978 praesumat.

2311 2007 2604 2076 Tanquam
2635 2004 2682 2058 si
2731 2020 2802 2060 ex
2832 2021 2929 2059 ore
2959 2003 3060 2059 Dei
3085 2004 3374 2074 prolatum
3415 2001 3644 2056 audisset
3667 2000 3859 2068 verbum,

2314 2097 2467 2152 dedit
2493 2097 2742 2152 volatum
2766 2100 2823 2152 et
2847 2113 3128 2168 nusquam
3154 2095 3492 2166 comparuit.
3517 2095 3690 2149 Merito
3711 2093 3754 2148 ei
3771 2109 3863 2146 aves

2314 2195 2374 2245 et
2401 2191 2594 2246 bestiae
2621 2189 2912 2258 obediunt,
2940 2191 3074 2262 quia
3104 2189 3200 2244 illa
3228 2203 3524 2260 nunquam
3545 2187 3862 2260 praeteriitDe

2313 2283 2452 2338 mini
2485 2283 2716 2340 obedire
2742 2286 3047 2354 praecepto.

2383 2377 2473 2431 24.
2503 2378 2570 2431 Et
2595 2377 2640 2430 si
2659 2393 2762 2448 pro
2789 2376 3116 2432 inﬁrmitate
3143 2375 3444 2448 aliquoties
3469 2373 3774 2446 requiescere
3795 2389 3862 2426 vo-

2313 2469 2528 2540 luisset,
2552 2469 2752 2542 spiritu
2778 2469 3038 2541 vigilanti
3063 2470 3308 2538 dicebat,
3339 2475 3599 2540 tanquam
3622 2467 3864 2521 admonens

2313 2579 2440 2620 eam
2478 2580 2606 2636 quae
2631 2563 2916 2635 psalmum
2941 2562 3159 2618 dicebat
3186 2581 3199 2617 :
3236 2565 3378 2634 Age,
3400 2563 3506 2618 dic.
3533 2561 3668 2616 Nulli
3683 2559 3864 2614 dubium

2314 2662 2399 2713 est
2417 2658 2570 2729 quod
2596 2657 2926 2728 spiritaliter
2949 2673 3082 2712 cum
3111 2657 3322 2711 sanctis
3359 2655 3634 2728 psallebat,
3653 2659 3734 2707 aut
3751 2657 3862 2706 certe

2316 2767 2420 2806 nec
2443 2767 2609 2822 50por
2633 2767 2760 2806 eam
2787 2749 3104 2822 superabat.
3133 2751 3290 2804 Mens
3315 2747 3528 2804 intenta
3550 2747 3616 2802 ad
3641 2745 3864 2801 Christum

2315 2845 2642 2916 frequenter
2663 2845 2837 2899 etiam
2861 2843 2924 2898 in
2949 2859 3150 2915 sopore
3175 2839 3378 2914 posita,
3415 2843 3483 2897 de
3511 2843 3682 2896 futuro
3701 2837 3866 2909 judicio

2317 2943 2372 2994 et
2397 2939 2466 2993 de
2502 2941 2714 2993 reterno
2739 2936 2979 3010 praamio
3003 2936 3343 3009 praedicans,
3373 2935 3728 3007 expergefacta
3745 2929 3868 2985 nobis

2315 3032 2534 3088 dicebat
2551 3049 2564 3088 :
2581 3032 2854 3104 Colligite,
2875 3030 3121 3103 colligite
3142 3031 3398 3086 triticum
3420 3028 3750 3095 dominicum,
3767 3023 3869 3096 quia

2314 3141 2443 3182 vere
2462 3125 2586 3181 dico
2613 3126 2766 3181 vobis
2784 3142 2900 3180 non
2932 3125 3032 3180 diu
3051 3125 3160 3180 erit
3181 3129 3252 3180 ut
3270 3124 3556 3196 colligatis.
3578 3121 3740 3177 Videte
3755 3115 3866 3190 quod

2313 3219 2456 3289 dico,
2511 3219 2753 3291 colligite
2810 3219 2944 3290 quia
3017 3233 3148 3274 vere
3210 3218 3534 3290 quaesituras
3592 3214 3708 3269 estis
3755 3208 3868 3265 istud

2311 3317 2564 3384 tempus;
2611 3329 2762 3382 vere,
2811 3329 2940 3368 vere
2989 3311 3315 3385 quaesituras
3368 3311 3496 3366 estis
3530 3310 3652 3364 istos
3695 3305 3789 3360 dies
3827 3305 3867 3355 et

2313 3407 2474 3462 valde
2513 3407 2934 3462 desideraturae.
2969 3406 3130 3471 Quod
3177 3406 3286 3461 etsi
3317 3411 3456 3461 tunc
3488 3401 3692 3476 ignavia
3725 3401 3866 3453 nostra

2313 3499 2421 3555 hoc
2455 3500 2640 3572 tepide
2668 3500 2993 3572 accipiebat,
3019 3500 3141 3570 jam
3167 3501 3362 3555 tamen
3387 3514 3535 3554 nunc
3561 3495 3746 3551 venisse
3767 3505 3864 3562 pro'

2313 3593 2514 3649 bemus
2549 3593 2702 3666 quod
2739 3593 2899 3650 dixit.
2944 3594 3086 3650 Illud
3129 3593 3526 3665 propheticum
3561 3591 3618 3646 in
3638 3587 3772 3644 nobis
3793 3585 3867 3637 im-

2313 3687 2530 3759 pletum
2556 3692 2641 3743 est
2672 3705 2685 3742 :
2731 3691 2948 3745 Mittam
2973 3689 3120 3744 vobis
3143 3690 3349 3756 famem
3373 3690 3432 3742 in
3457 3691 3595 3742 terra
3616 3685 3766 3754 (Amos
3787 3679 3864 3746 v1);

2313 3781 2544 3852 famem,
2556 3781 2882 3854 inquit,non
2893 3782 3055 3853 panis
3073 3787 3129 3838 et
3139 3798 3306 3854 aqua:
3323 3782 3420 3837 sed
3433 3777 3679 3836 audiendi
3689 3774 3866 3830 verbum

2315 3875 2432 3931 Dei.
2477 3875 2628 3931 Licet
2671 3875 3097 3946 preedicationes
3137 3891 3280 3948 quas
3323 3873 3561 3930 instituit
3590 3870 3864 3931 recitentur;

2315 3973 2506 4024 tamen
2549 3969 2785 4024 cessavit
2841 3969 2934 4024 illa
2981 3969 3327 4024 incessabilis
3374 3985 3508 4037 vox,
3559 3957 3868 4020 desiderabilis

2315 4063 2642 4130 admonitio,
2657 4063 2836 4118 dulcis
2856 4063 3105 4118 affectus.
3133 4064 3274 4117 Nam
3291 4062 3517 4135 qualem
3533 4059 3744 4122 vultum,
3761 4053 3866 4107 Deus

2314 4157 2618 4228 plasmator
2643 4156 2826 4212 bone!
2857 4158 3085 4229 qualem
3109 4156 3336 4227 faciem,
3380 4155 3596 4228 qualem
3631 4157 3866 4223 personam

2315 4251 2536 4322 habuit,
2564 4251 2689 4322 quis
2731 4253 2915 4322 potest
2957 4267 3213 4324 unquam
3255 4249 3576 4322 exponere?
3600 4245 3696 4301 Sed
3715 4245 3762 4296 et
3791 4239 3868 4292 hoc

2315 4344 2598 4400 reminisci
2623 4345 2963 4417 supplicium
2988 4351 3090 4401 est.
3123 4347 3231 4400 Nos
3269 4359 3404 4400 vero
3446 4340 3676 4398 humiles
3708 4333 3868 4391 deside-

2315 4453 2506 4492 ramus
2533 4438 2594 4493 in
2615 4455 2680 4493 ea
2705 4438 3036 4508 doctrinam,
3069 4439 3333 4509 formam,
3361 4437 3592 4501 vultum,
3611 4439 3865 4505 personam;

581 4529 864 4600 Quidquid
907 4534 1005 4586 aut
1039 4531 1163 4585 aliis
1195 4533 1468 4604 prmcepit
1505 4537 1605 4588 aut
1653 4533 1776 4604 ipsa
1812 4533 1967 4602 fecit,
2022 4533 2290 4614 omniaD
2313 4531 2623 4600 scientiam,
2652 4531 2942 4604 pietatem,
2977 4531 3308 4602 bonitatem,
3341 4529 3678 4586 dulcedinem
3703 4541 3714 4578 :
3739 4531 3866 4614 quam

583 4627 816 4693 propter
843 4624 1017 4678 Deum
1046 4641 1271 4696 semper
1294 4625 1574 4698 implevit.
1589 4627 1876 4699 Quidquid
1900 4631 2000 4682 aut
2018 4627 2212 4698 prohi-

581 4715 708 4771 buit
729 4715 872 4787 fieri,
898 4723 997 4772 aut
1019 4717 1142 4788 ipsa
1169 4719 1363 4774 vitavit
1405 4720 1606 4792 ﬁicere,
1645 4721 1836 4776 omnia
1885 4721 1946 4776 in
1973 4723 2089 4776 zelo
2118 4721 2215 4776 Dei

581 4811 640 4862 et
665 4805 810 4861 nihil
841 4806 1140 4862 carnaliter
1165 4810 1266 4862 aut
1289 4808 1426 4880 egit,
1457 4813 1556 4864 aut
1584 4811 1792 4883 sapuit.
1825 4812 1892 4866 Et
1921 4811 2054 4882 quia
2072 4828 2216 4866 nun-

580 4917 754 4972 quam
779 4900 956 4956 otiosa
980 4899 1050 4955 ab
1077 4917 1249 4972 Opere
1288 4902 1390 4956 Dei
1423 4917 1541 4957 esse
1566 4904 1759 4973 voluit,
1789 4904 2080 4960 insistebat
2109 4905 2216 4958 uti-

581 5010 692 5066 que
717 4993 975 5066 orationi,
1006 4995 1232 5050 lectioni
1259 4999 1316 5050 et
1347 4995 1735 5068 _cleemosynis
1772 5015 1836 5053 ac
1873 4997 2216 5069 praedicatio-

581 5087 746 5143 nibus
779 5089 1146 5161 incessanter,
1197 5089 1462 5145 omnibus
1505 5090 1727 5161 diebus,
1781 5095 1842 5146 ut
1877 5093 2030 5146 nulla
2069 5095 2214 5148 esset

581 5195 710 5250 quae
730 5199 787 5237 se
814 5183 883 5238 de
911 5184 1230 5255 ignorantia
1254 5187 1568 5241 excusaret.

654 5277 743 5329 22.
768 5275 1010 5332 Tantum
1037 5278 1280 5350 denique
1309 5279 1524 5334 donum
1551 5279 1612 5332 in
1637 5293 1695 5332 se
1727 5277 2004 5350 largiente
2023 5277 2213 5334 divina

583 5367 764 5438 gratia
789 5368 1006 5440 habuit,
1037 5377 1100 5427 ut
1129 5373 1460 5428 humilitatis
1507 5371 1844 5446 magistrum
1867 5373 1966 5445 qui
1994 5373 2063 5429 de
2087 5373 2214 5428 coeli

582 5461 718 5517 solio
743 5461 812 5518 ad
837 5466 1016 5517 terras
1045 5465 1333 5521 descendit
1357 5467 1654 5537 imitando,
1685 5467 1990 5523 Dominum
2009 5483 2204 5540 seque-

581 5561 740 5612 retur
757 5556 818 5611 in
839 5555 1060 5628 spiritu,
1085 5575 1422 5631 quocunque
1437 5563 1562 5618 iret.
1585 5565 1888 5635 Postquam
1904 5579 2214 5634 congrega—

579 5650 658 5706 tio
685 5668 743 5706 se
769 5651 1108 5708 recondebat
1142 5652 1266 5724 jam
1299 5654 1368 5708 ad
1408 5655 1819 5728 pausationem,
1849 5658 1964 5727 illa,
1991 5661 2056 5712 ut
2079 5673 2208 5730 per-

578 5750 808 5801 noctans
835 5745 895 5801 in
927 5746 1201 5816 oratione,
1223 5763 1323 5801 sua
1341 5753 1528 5803 sancta
1549 5749 1779 5805 dextera
1799 5751 2210 5818 monasterium

579 5853 684 5910 per
709 5839 938 5912 signum
967 5842 1146 5900 crucis
1175 5841 1438 5899 salvabat.
1461 5841 1712 5908 Quadam
1737 5843 1856 5898 vice
1882 5845 2016 5899 dum
2047 5845 2211 5900 beata

2315 4626 2616 4698 specialem
2643 4643 2676 4680 a
2715 4626 2948 4680 Domino
2973 4625 3124 4680 inter
3163 4631 3396 4680 caeteros
3432 4622 3673 4678 homines
3701 4611 3864 4670 habuit-

2383 4723 2473 4775 25.
2501 4721 2681 4784 Quam
2705 4725 2898 4774 sancta
2923 4719 3032 4774 fuit
3053 4720 3172 4774 vita
3192 4719 3334 4790 ejus,
3355 4723 3472 4774 tam
3489 4729 3654 4788 purus
3667 4714 3716 4764 et
3733 4701 3866 4762 dulcis

2312 4818 2586 4884 aspectus.
2619 4816 2762 4869 Ante
2789 4829 3005 4868 annum
3029 4813 3300 4868 transitus
3330 4811 3438 4882 sui,
3467 4809 3600 4864 vidit
3624 4807 3676 4860 in
3693 4803 3790 4858 visu
3809 4796 3866 4849 Ιο-

2314 4923 2446 4961 cum
2471 4907 2576 4962 sibi
2603 4912 2884 4978 paratum,
2907 4907 3170 4979 venitque
3191 4907 3264 4961 ad
3279 4922 3408 4962 eam
3421 4901 3634 4976 juvenis
3651 4890 3866 4970 praedives

2312 5001 2752 5072 pulcherrimus,
2799 5006 2856 5056 et
2889 5001 3052 5073 quasi
3088 5001 3404 5072 juvenilem
3445 4997 3646 5054 habens
3678 4991 3868 5044 aetatem,

2313 5095 2410 5167 qui
2440 5095 2600 5150 suavi
2623 5099 2774 5150 tactu
2801 5089 3125 5167 blandoque
3150 5094 3430 5166 colloquio
3455 5092 3586 5148 dum
3611 5100 3722 5142 cum
3744 5077 3868 5174 calo:

2313 5195 2602 5261 queretur,
2626 5189 2724 5244 illa
2751 5190 2820 5245 de
2841 5205 2899 5244 se
2915 5189 3121 5257 zelans,
3143 5187 3474 5243 blanditiam
3493 5178 3770 5254 respuebat.
3787 5171 3868 5233 Qui

2313 5282 2454 5338 dixit
2477 5284 2530 5338 ei
2555 5301 2568 5337 :
2591 5283 2737 5348 Quid
2756 5299 2850 5338 me
2875 5283 3153 5339 desiderio
3173 5298 3402 5338 accensa
3427 5294 3552 5335 cum
3571 5273 3720 5332 tantis
3733 5269 3867 5334 lacry-

2311 5377 2420 5431 mis
2436 5393 2620 5448 rogas,
2647 5393 2878 5448 gemens
2899 5377 3161 5450 requiris,
3189 5375 3324 5431 fusis
3343 5373 3594 5447 precibus
3603 5363 3772 5441 poscis;
3785 5369 3866 5450 Pr?

2311 5487 2403 5526 me
2429 5445 2584 5526 tanto
2693 5471 2944 5526 cruciatu
2967 5445 3172 5542 afﬂigis
3195 5469 3291 5542 qui
3317 5445 3535 5539 semper
3557 5460 3648 5518 tibi
3669 5445 3864 5552 ad“???

2309 5565 2410 5633 Tu,
2443 5581 2672 5636 gemma
2695 5565 2959 5636 pretiosa,
2991 5563 3211 5619 noveris
3235 5569 3290 5619 te
3319 5563 3380 5616 in
3405 5557 3691 5616 diademate
3711 5547 3863 5646 capitis

2310 5657 2423 5712 mei
2450 5658 2698 5730 primam
2727 5675 2846 5714 esse
2873 5675 3180 5732 gemmam.
3210 5655 3356 5712 Nulli
3382 5652 3602 5710 dubium
3619 5640 3745 5720 quod
3767 5640 3858 5736 ipse

2310 5767 2435 5807 eam
2462 5752 2703 5809 visitavit
2727 5753 2823 5809 cui
2850 5770 2910 5809 se
2935 5757 3052 5810 tota
3076 5752 3366 5808 devotione
3399 5743 3612 5806 tradidit
3637 5737 3795 5794 vivens
3815 5741 3858 5780 In

2309 5861 2542 5920 corpore
2567 5853 2624 5904 et
2649 5847 2892 5920 gloriam
2917 5865 3025 5921 qua
3056 5847 3298 5904 fruitura
3315 5849 3432 5900 erat
3465 5841 3514 5897 ei
3533 5827 3755 5894 ostendit.
3778 5819 3855 5880 5θά
