3940 6178
188 287 269 339 677
1402 274 1574 331 VITA.
1614 272 1815 331 LIBER
1851 271 2212 330 SECUNDUS.
2727 305 2736 310 -
3232 332 3235 336 ,
3389 279 3488 332 678

181 393 308 446 hunc
341 387 508 441 visum
538 383 807 441 secretius
837 399 968 439 cum
991 382 1407 439 contestatione
1441 383 1662 439 duabus
1683 400 1767 440 sa-
1787 396 1846 469 Α
1867 383 2078 438 Flenda
2100 398 2238 454 ergo
2265 380 2430 436 nobis
2457 379 2582 436 talis
2604 397 2718 436 non
2753 383 2854 449 est,
2881 381 2982 436 sed
2996 382 3318 439 tremenda.
3341 384 3494 438 Ami-

179 481 483 539 tisfidelibus
501 480 786 546 disseruit,
809 482 872 534 ut
886 495 943 534 se
957 478 1258 550 superstite
1279 477 1419 533 nulli
1437 482 1762 534 narrarent.
1867 477 2041 532 simus
2074 475 2308 548 quidem
2337 475 2394 529 in
2417 475 2686 546 praesenti
2715 476 2922 530 saeculo
2954 475 3250 531 dominam
3280 478 3337 530 et
3367 493 3488 532 ma-

233 579 294 631 Et
316 575 438 646 quia
463 575 644 629 multa
671 576 802 628 sunt
820 573 1006 628 adhuc
1028 573 1165 627 satis
1185 575 1242 628 et
1257 588 1471 643 magna
1492 589 1619 643 quae
1637 589 1766 643 pro-
1863 574 2011 625 trem
2047 587 2060 624 :
2091 569 2191 624 sed
2215 569 2275 624 in
2297 585 2541 640 regnum
2570 567 2777 626 Christi
2817 569 3198 640 praemisimus
3235 570 3480 625 interce-

175 669 283 738 pter
309 664 678 736 prolixitatem
706 662 1089 734 praeterimus,
1120 679 1193 716 ne
1227 661 1519 733 prolixitas
1567 665 1765 717 nostra
1865 663 2116 718 dentem.
2146 663 2493 718 Admirabile
2518 663 2750 734 quidem
2785 662 3060 734 gaudium
3079 663 3215 717 fecit
3234 663 3291 717 in
3315 664 3486 734 caelis,

174 758 502 813 audientibus
531 757 721 828 potius
743 756 1032 810 fastidium
1057 759 1500 828 generet,quam
1513 755 1762 810 nitorem
1862 755 1919 810 in
1953 757 2119 812 terris
2148 773 2284 811 vero
2311 755 2736 811 intolerabilem
2762 757 2975 810 luctum
3002 757 3253 827 reliquit.

174 851 424 906 sermonis
449 851 583 924 [Αι.,
607 850 816 919 sermo]
842 850 1430 914 ostendat.Quantum
1455 849 1760 918 deamore,
1935 855 2020 904 27.
2079 851 2322 915 Quando
2365 850 2488 920 ejus
2533 851 2729 904 sancta
2778 849 2971 903 anima
3018 850 3089 903 de
3139 851 3247 904 hoc
3284 853 3488 906 saeculo

171 945 229 1000 de
257 944 625 1011 nutrimentis,
659 944 730 998 de
763 943 1060 1009 charitate,
1101 943 1171 997 de
1211 942 1646 1014 praedicatione,
1689 942 1760 996 de
1861 943 2131 1015 migravit
2160 943 2232 997 ad
2277 943 2586 1009 Christum,
2621 959 2735 998 non
2783 946 2907 997 erat
2945 941 3020 996 ibi
3066 942 3319 1012 pontifex
3357 944 3484 998 loci.

171 1037 307 1092 omni
332 1037 563 1092 omnino
585 1043 781 1091 sancta
804 1037 926 1106 ejus
956 1035 1388 1090 conversatione
1437 1034 1759 1090 reminisci-
1860 1036 2183 1092 Ambulavit
2211 1035 2445 1090 nuntius
2474 1035 2547 1090 ad
2572 1036 2758 1090 virum
2795 1036 3169 1106 apostolicum
3211 1036 3488 1090 domnum

167 1148 295 1200 mur,
323 1131 640 1186 cruciamur
665 1134 722 1186 et
751 1130 1011 1184 dolentes
1031 1129 1208 1184 oculis
1228 1128 1493 1182 distensis
1517 1127 1761 1199 requiri-
1861 1132 2200 1202 Gregorium
2225 1130 2519 1185 Turonicaa
2553 1129 2792 1184 civitatis
2823 1129 3174 1200 episcopum,
3222 1132 3280 1183 et
3317 1130 3484 1184 adve-

168 1241 274 1279 mus
307 1227 523 1278 tantam
559 1223 854 1294 pietatem,
913 1223 1014 1276 sed
1067 1239 1172 1276 nec
1228 1222 1552 1276 invenimus
1605 1221 1761 1292 quod
1860 1224 1963 1278 nit.
2010 1224 2123 1280 Sed
2169 1228 2452 1294 quantum
2488 1240 2742 1294 praesens
2780 1222 2921 1276 vidit
2963 1224 3140 1277 oculis
3178 1227 3485 1294 antequam

165 1317 509 1390 perdidimus.
541 1317 584 1371 Ο
610 1320 728 1371 tam
753 1316 896 1370 dura
921 1315 1173 1370 conditio
1201 1332 1329 1386 quae
1360 1315 1526 1369 nobis
1567 1313 1756 1368 infeli-
1860 1333 1990 1372 eam
2019 1317 2304 1388 sepeliret,
2329 1317 2398 1371 de
2426 1317 2549 1386 ejus
2575 1315 2877 1370 virtutibus
2906 1316 2963 1368 in
2999 1315 3145 1369 libro
3184 1315 3484 1370 miraculo-

165 1411 298 1465 cibus
325 1410 539 1464 evenit!
570 1427 602 1464 ο
633 1410 863 1480 piisima
889 1409 1146 1477 domina,
1171 1409 1392 1463 utinam
1415 1407 1758 1463 obtinuisses
1856 1427 1986 1464 rum
2017 1410 2195 1481 (Greg.
2230 1413 2425 1465 Turon.
2450 1411 2516 1464 de
2546 1409 2630 1464 Gl.
2657 1411 2864 1475 Con/'93.
2916 1409 3056 1478 106),
3105 1425 3277 1479 quem
3334 1425 3486 1462 com-

163 1520 271 1559 cum
294 1504 405 1559 caeli
431 1504 700 1570 Domino,
729 1506 789 1558 ut
815 1506 950 1558 ante
978 1506 1034 1557 te
1080 1519 1212 1557 oves
1259 1519 1402 1573 quas
1446 1517 1760 1572 congrega-
1857 1503 2065 1575 posuit,
2117 1503 2374 1557 inseruit.
2419 1506 2561 1558 Cum
2608 1505 2802 1556 autem
2838 1501 2995 1555 venit
3037 1501 3108 1554 ad
3149 1502 3338 1556 locum
3389 1501 3484 1554 ubi

163 1613 300 1652 veras
348 1597 673 1651 direxissesl
728 1597 826 1663 Tu,
871 1599 1163 1666 pastorem
1217 1596 1434 1650 bonum
1489 1611 1756 1666 sequens,
1856 1599 2118 1651 sanctum
2146 1613 2351 1668 corpus
2369 1596 2601 1666 jacebat
2628 1595 2805 1666 (quod
2833 1595 2952 1665 ipse
2970 1599 3169 1665 postea
3219 1611 3348 1648 cum
3397 1610 3484 1647 sa-

165 1706 368 1761 gregern
397 1690 646 1744 Domino
675 1689 1025 1744 tradidisses.
1859 1694 2152 1744 cramento
2187 1692 2513 1760 lacrymans
2553 1689 2800 1754 dicebat,
2845 1688 2999 1759 quod
3051 1689 3105 1741 in
3155 1688 3340 1758 specie
3381 1688 3485 1741 ho-

221 1786 441 1838 26.1am
476 1784 552 1838 ad
595 1783 908 1855 gloriosum
960 1783 1086 1852 ejus
1127 1782 1392 1837 venimus
1431 1781 1754 1849 transitum,
1779 1769 1835 1841 Β
1859 1783 2029 1838 minis
2051 1783 2375 1854 angelicum
2407 1784 2624 1837 vultum
2659 1781 2899 1851 viderat)
2944 1781 3119 1836 facies
3155 1781 3303 1834 illius
3337 1782 3490 1835 velut

162 1893 308 1948 quem
329 1877 442 1932 sine
457 1877 793 1948 profusione
816 1878 1201 1948 lacrymarum
1218 1876 1408 1931 dicere
1425 1893 1541 1930 non
1559 1893 1756 1947 possu-
1858 1894 1988 1932 rosa
2011 1881 2068 1931 et
2088 1876 2268 1931 lilium
2299 1876 2586 1947 fulgebat;
2613 1875 2693 1929 ita
2721 1874 3091 1928 tremefactus
3118 1877 3203 1928 est
3227 1890 3291 1928 ac
3330 1877 3488 1927 metu

161 1986 282 2025 mus.
303 1972 806 2041 Fluuntlacrymse,
832 1971 902 2024 de
921 1970 1051 2024 imis
1067 1969 1334 2024 medullis
1356 1969 1606 2040 gemitus
1622 1985 1756 2040 pro-
1859 1987 2184 2037 concussus,
2228 1973 2506 2040 tanquam
2540 1968 2584 2022 si
2616 1971 2747 2022 ante
2781 1967 3148 2038 praesentiam
3174 1967 3358 2021 beatae
3387 1983 3483 2037 ge-

159 2068 419 2135 rumpunt,
439 2064 617 2118 sedin
638 2063 1419 2118 nulloconsolationislocum
1439 2063 1755 2130 inveniunt,
1859 2064 2079 2118 nitricis
2124 2063 2350 2118 Domini
2390 2062 2645 2116 adstaret
2691 2061 2928 2115 devotus
2976 2060 3060 2114 vir
3101 2061 3218 2114 Deo
3261 2061 3484 2130 plenus.

160 2157 272 2211 dum
289 2159 645 2229 plangimus;
666 2158 798 2212 side
823 2158 946 2228 ejus
965 2157 1122 2211 ﬁdeli
1145 2157 1452 2212 devotione
1469 2156 1662 2211 minus
1679 2155 1759 2210 di-
1857 2157 2274 2229 Expectabatur
2299 2155 2554 2227 pontifex
2580 2155 2692 2210 loci
2722 2158 2784 2209 ut
2809 2171 2938 2208 eam
2964 2171 3095 2209 cum
3120 2154 3296 2223 digno
3324 2170 3483 2224 sepe-

159 2251 331 2318 cimus,
356 2253 485 2322 plus
511 2268 834 2322 peccamus.
865 2252 1055 2321 Usque
1078 2250 1151 2304 ad
1177 2249 1333 2304 diem
1368 2247 1639 2305 transitus
1672 2250 1758 2304 sui
1858 2251 1988 2304 liret
2007 2245 2247 2305 honore.
2263 2251 2402 2304 Tota
2425 2249 2798 2320 congregatio
2813 2248 2960 2302 circa
2982 2248 3104 2318 ejus
3123 2250 3314 2302 torum
3331 2251 3487 2301 stans

161 2360 439 2414 numquam
472 2344 688 2398 minuit
706 2361 934 2398 cursum
967 2344 1242 2414 implere;
1286 2346 1343 2397 et
1380 2343 1536 2414 quod
1565 2342 1754 2413 coepit,
1857 2344 2164 2416 psallebat;
2191 2343 2286 2397 ubi
2315 2343 2680 2414 psallentium
2708 2343 2795 2396 vel
2818 2343 3115 2413 paululum
3138 2339 3484 2412 quiescebat,

158 2437 300 2491 corde
318 2437 592 2492 retinuit:
625 2437 761 2508 quia
785 2454 901 2492 non
925 2436 1021 2507 qui
1042 2436 1292 2508 cmperit,
1327 2436 1429 2490 sed
1444 2435 1540 2507 qui
1561 2451 1754 2507 perse-
1857 2437 2232 2492 intolerabilis
2253 2437 2517 2508 planctus
2537 2437 2756 2491 aderat.
2780 2436 2989 2490 Triduo
3037 2437 3364 2506 expectatus
3404 2437 3488 2488 est

159 2531 401 2585 veraverit
428 2547 614 2602 usque
641 2531 699 2584 in
729 2531 929 2599 ﬁnem,
959 2531 1079 2601 ipse
1108 2530 1293 2585 salvus
1323 2529 1448 2583 erit.
1487 2529 1591 2582 Ubi
1632 2529 1756 2600 jam
1855 2531 2134 2603 pontifex,
2163 2529 2302 2601 quia
2325 2531 2479 2585 vicos
2510 2530 2916 2595 circumiebat;
2947 2529 3046 2583 sed
3071 2529 3202 2600 quia
3241 2545 3356 2584 non
3399 2543 3489 2581 ve-

159 2622 391 2679 adﬁnem
413 2625 551 2680 vitae
579 2624 736 2679 venit
755 2627 1016 2678 sanctum
1047 2623 1170 2694 ejus
1190 2623 1609 2694 corpusculum,
1637 2623 1756 2676 lon-
1859 2624 1960 2691 nit,
1992 2623 2349 2695 supradictus
2374 2623 2458 2678 vir
2477 2624 2822 2695 apostolicus
2848 2623 2918 2677 de
2943 2623 3178 2677 caritate
3199 2623 3334 2675 ﬁsus
3353 2620 3487 2692 quia

157 2732 269 2786 gum
296 2719 534 2773 trahens
553 2718 895 2790 martyrium
926 2733 1031 2788 pro
1058 2733 1256 2772 amore
1299 2715 1562 2782 Domini;
1602 2715 1758 2768 beati
1849 2720 2094 2789 perfecta
2119 2719 2320 2773 caritas
2343 2720 2496 2785 ferus
2537 2720 2709 2771 mittit
2742 2720 2983 2771 timorem
3023 2716 3073 2786 (Ι
3099 2719 3254 2770 Joan.
3294 2715 3390 2785 Iv),
3427 2714 3485 2767 in

157 2809 335 2880 [forsan
354 2812 546 2868 beatae
569 2813 630 2868 id
657 2818 734 2868 est
751 2812 1043 2881 Moniales]
1069 2828 1271 2866 omnes
1291 2808 1757 2881 congregatiluc-
1857 2811 2094 2866 Basilica
2125 2815 2333 2865 sancta:
2361 2811 2547 2866 Mariae
2582 2810 2644 2881 (ο)
2687 2810 2924 2865 nomine
2966 2808 3216 2875 condita,
3258 2807 3355 2861 ubi
3393 2824 3481 2861 sa-

155 2905 289 2960 tuose
309 2906 452 2961 circa
477 2906 604 2977 ejus
625 2907 856 2960 thorum
878 2906 1081 2959 ﬂentes
1101 2907 1161 2960 et
1189 2905 1489 2976 ejulantes,
1521 2906 1755 2974 pectora
1856 2922 1951 2960 cra
1970 2905 2257 2976 virginum
2284 2921 2525 2976 corpora
2547 2904 2616 2959 de
2639 2903 2989 2960 monasterio
3017 2919 3116 2957 suo
3136 2901 3480 2967 conduntur,

155 2997 284 3052 duris
310 3001 522 3071 pugnis
549 3003 606 3055 et
631 2999 912 3071 lapidibus
933 2999 1227 3066 ferientes,
1249 3013 1415 3053 voces
1450 2996 1523 3051 ad
1554 2997 1753 3051 caelum
1857 3017 1984 3054 eam
2013 3017 2141 3054 cum
2165 2999 2340 3070 digno
2373 2997 2630 3070 sepelivit
2659 2999 2900 3053 honore.

153 3091 337 3148 dabant
353 3095 675 3149 clamantes
691 3110 755 3148 ac
778 3092 1063 3148 dicentes:
1095 3091 1437 3160 Domine,ne
1456 3089 1753 3162 permittas
1778 3141 1827 3164 η
1927 3097 2014 3148 28.
2050 3095 2198 3147 Dum
2231 3093 2335 3147 sub
2375 3109 2542 3147 muro
2573 3109 2702 3146 cum
2729 3089 3033 3164 psallentio
3066 3093 3328 3144 sanctum
3364 3089 3487 3160 ejus

159 3141 672 3149 _____---_..._..--_
692 3141 754 3148 __
781 3141 1030 3148 ___-_-_-_
1051 3141 1063 3147 -
1095 3141 1432 3160 --πω-Ἴ---
1456 3141 1485 3162 Γ
1928 3141 2014 3148 η,
2050 3141 2198 3147 ____-
2232 3141 2331 3147 ηη
2377 3141 2495 3146 --__-
2514 3141 2538 3147 ,
2578 3141 2702 3146 ,__
2730 3141 3026 3164 Γηηηη,
3067 3141 3195 3144 η---
3372 3141 3479 3160 ,υ

157 3201 242 3240 nos
259 3190 366 3242 tam
388 3204 564 3260 grave
582 3188 859 3242 damnum
874 3185 1014 3258 pati;
1034 3188 1229 3240 lumen
1243 3188 1503 3240 nostrum
1523 3183 1750 3254 recipis,
1776 3141 1829 3215 Ο
1855 3204 2060 3260 corpus
2097 3189 2443 3259 portaretur,
2475 3185 2606 3258 quia
2637 3184 2962 3240 instituerat
2993 3187 3053 3239 ut
3097 3184 3252 3238 nulla
3294 3183 3488 3238 vivens

157 3295 242 3334 nos
269 3298 360 3336 cur
382 3282 440 3336 in
471 3280 730 3337 tenebris
755 3279 1032 3352 relinquis
1051 3279 1079 3334 ‘I
1105 3281 1175 3334 Et
1191 3279 1321 3351 quia
1345 3278 1445 3333 illa
1475 3276 1750 3349 quidquid
1855 3282 2008 3336 foras
2047 3281 2380 3336 monasterii
2397 3281 2641 3350 januam
2673 3279 3048 3350 egrederetur
3073 3278 3171 3349 (d),
3205 3280 3325 3332 tota
3348 3293 3482 3332 con-

156 3373 483 3442 potissimum
506 3377 700 3430 facere
721 3373 918 3442 voluit,
944 3390 1173 3446 semper
1193 3373 1287 3428 die
1302 3372 1508 3427 natalis
1527 3369 1752 3427 Domini
1856 3375 2117 3446 gregatio
2149 3390 2320 3445 supra
2347 3391 2579 3428 murum
2613 3375 2957 3439 lamentans,
3010 3372 3090 3426 ita
3121 3373 3182 3425 ut
3227 3371 3484 3441 planctus

157 3466 316 3523 facere
351 3470 546 3541 elegit,
581 3468 862 3540 gloriosus
899 3467 1174 3523 transitus
1212 3467 1334 3538 ejus
1369 3466 1446 3520 sic
1490 3463 1750 3536 contigit,
1855 3484 2054 3522 earum
2090 3469 2387 3539 superaret
2431 3467 2617 3537 ipsum
2672 3465 3060 3537 psallentium,
3121 3479 3225 3534 pro
3263 3463 3484 3533 psalmo

154 3559 274 3615 Nam
300 3568 499 3634 quarta
523 3563 673 3617 feria
692 3579 867 3617 mane
894 3561 1083 3633 primo
1103 3561 1229 3616 idus
1253 3562 1557 3631 Augustas,
1599 3557 1753 3629 quod
1853 3563 2158 3633 lacrymas,
2181 3577 2285 3632 pro
2312 3560 2533 3614 cantico
2555 3559 2862 3629 mugitum,
2887 3561 2944 3613 et
2965 3557 3247 3629 gemitum
3274 3573 3378 3628 pro
3402 3557 3483 3610 al-

155 3653 267 3709 fecit
283 3655 429 3711 idem
442 3656 662 3711 mensis
676 3656 797 3709 dies
812 3672 910 3710 x111
926 3655 1021 3727 (a),
1041 3654 1359 3710 clausisunt
1373 3653 1493 3724 ejus
1520 3651 1752 3723 oculi(b)
1854 3655 2026 3710 leluia
2047 3655 2108 3726 (θ)
2123 3653 2463 3708 reddebant.
2490 3654 2857 3723 Rogaverunt
2886 3652 3184 3706 desursum
3205 3653 3271 3705 ut
3290 3649 3488 3704 subtus
3528 3651 3537 3657 ’

154 3750 202 3800 et
221 3748 492 3806 obscurati
513 3752 650 3804 sunt
672 3749 870 3804 nostri.
900 3750 994 3803 Va:
1022 3748 1187 3803 nobis
1218 3747 1354 3820 quia
1372 3745 1751 3819 peccavimus,
1856 3751 2072 3802 turrem
2097 3750 2502 3820 repausaretur
2522 3747 2802 3800 feretrum
2821 3744 2880 3799 in
2906 3762 3018 3816 quo
3030 3744 3201 3798 beata
3216 3742 3484 3814 portaba-

155 3840 396 3898 afﬂictum
424 3848 511 3899 est
533 3843 734 3898 dolore
761 3859 859 3897 cor
876 3844 1157 3910 nostrum,
1186 3840 1445 3896 ﬁevimus
1492 3843 1549 3896 et
1588 3840 1750 3912 plan-
1857 3849 1966 3915 tur,
2004 3847 2253 3918 graviter
2297 3845 2645 3902 sustinentes
2697 3845 2820 3915 ejus
2871 3842 3208 3898 absentiam.
3265 3841 3380 3897 Sed
3429 3845 3490 3895 ut

153 3935 332 4005 SimIIS,
371 3937 527 4008 quod
561 3935 773 3991 diutius
802 3953 915 3990 una
944 3952 1048 3990 n05
1076 3939 1133 3990 te
1159 3936 1372 3991 habere
1396 3954 1514 3992 non
1539 3935 1750 3992 merui-
1856 3958 2020 3997 suam
2051 3941 2281 3995 ﬁdelem
2311 3939 2588 3994 Dominus
2617 3939 2939 3994 declararet
2961 3939 3020 3992 in
3044 3936 3233 3992 medio
3268 3935 3484 4008 populi,

152 4043 274 4085 mus.
291 4031 475 4102 Ipsum
505 4048 681 4086 mane
704 4030 802 4084 ubi
824 4030 989 4084 nobis
1011 4033 1236 4084 tantum
1253 4032 1471 4086 malum
1491 4030 1751 4102 contigit,
1855 4036 1934 4090 ibi
1955 4035 2094 4090 dum
2124 4038 2467 4106 pausaretur
2493 4035 2757 4089 sanctum
2789 4049 3014 4104 corpus,
3043 4047 3257 4086 caseum
3277 4029 3484 4084 illumi-

155 4122 233 4176 ubi
257 4140 361 4180 una
380 4142 505 4194 vox,
530 4141 680 4178 unus
693 4125 974 4195 planctus,
993 4141 1139 4178 unus
1153 4125 1372 4180 clamor
1393 4127 1560 4180 caelos
1572 4142 1749 4196 pene-
1857 4129 2034 4184 navit:
2055 4129 2153 4200 qui
2173 4128 2366 4183 multis
2390 4127 2556 4182 annis
2571 4128 2756 4182 lucem
2771 4126 2883 4180 diei
2907 4143 3022 4181 non
3037 4125 3277 4191 viderat,
3291 4125 3486 4177 lumen

153 4216 346 4286 trahat;
371 4218 646 4292 lapidarii
668 4217 761 4288 qui
785 4217 842 4271 in
866 4221 1067 4272 monte
1096 4219 1505 4290 operabantur,
1534 4219 1592 4272 in
1621 4235 1752 4273 aere
1855 4223 2100 4295 recepit;
2130 4223 2228 4295 qui
2251 4223 2550 4298 ad'manus
2570 4223 2785 4276 tractus
2801 4221 3193 4289 venerat,post
3213 4217 3488 4271 feretrum

152 4314 429 4369 audierunt
458 4316 736 4385 angelum
761 4314 864 4369 Dei
893 4315 1261 4385 loquentem;
1307 4332 1452 4368 unus
1494 4315 1638 4370 dixit
1683 4315 1754 4368 ad
1857 4319 2011 4371 nullo
2049 4320 2404 4371 sustentante
2452 4315 2671 4382 videns,
2713 4319 2993 4384 tanquam
3041 4311 3085 4364 si
3133 4311 3350 4364 nullum
3394 4310 3491 4363 ha-

151 4404 292 4463 alios:
321 4410 456 4480 quid
483 4408 718 4464 facitis?
751 4407 1023 4462 dimittite
1055 4425 1184 4462 eam
1221 4408 1445 4476 adhuc;
1499 4409 1632 4479 quia
1667 4409 1756 4462 has
1855 4411 2069 4465 buisset
2096 4410 2353 4464 laborem
2382 4410 2698 4474 oculorum,
2743 4406 2814 4460 ad
2863 4408 3123 4460 sanctum
3164 4404 3486 4475 sepulcrum

153 4513 291 4555 voces
324 4503 394 4557 ad
439 4503 673 4558 Domini
711 4504 1098 4572 pervenerunt
1151 4518 1336 4556 aures.
1383 4501 1610 4572 Angeli,
1664 4502 1759 4577 qui
1780 4515 1839 4588 D
1863 4505 2021 4572 abiit,
2053 4506 2109 4557 et
2135 4521 2312 4573 usque
2339 4502 2512 4556 hodie
2540 4503 2691 4555 clare
2719 4499 2891 4554 videt.

154 4607 259 4649 eam
285 4597 572 4663 ferebant,
595 4597 1008 4667 respondentes
1037 4595 1302 4650 dixerunt
1332 4612 1344 4649 :
1381 4597 1507 4650 Jam
1542 4596 1758 4650 factum
1929 4601 2015 4652 29.
2047 4599 2126 4652 Ne
2164 4595 2640 4667 praetermittatur
2684 4597 2741 4648 et
2787 4592 2940 4647 aliud
2990 4591 3352 4648 miraculum.
3387 4588 3491 4647 Ubi

154 4691 238 4741 est.
265 4689 404 4753 Quid
427 4689 747 4745 faciemus?
772 4691 928 4744 Illam
951 4689 1167 4760 recepit
1188 4688 1506 4760 paradisus,
1530 4690 1625 4744 ubi
1640 4691 1758 4760 glo-
1859 4709 1984 4746 eam
2026 4690 2284 4762 sepelivit
2312 4689 2672 4760 supradictus
2715 4687 3032 4759 episcopus,
3069 4685 3491 4758 coopertorium

153 4779 308 4836 riatur
330 4800 461 4839 cum
490 4785 756 4838 Domino.
785 4783 1082 4840 Credimus
1126 4783 1280 4854 quod
1311 4800 1416 4838 nos
1441 4800 1558 4838 non
1586 4784 1657 4839 de
1696 4803 1755 4840 se
1858 4803 1974 4840 non
2003 4784 2211 4857 posuit,
2241 4788 2554 4854 antequam
2575 4782 2834 4854 pontifex
2864 4782 2970 4837 loci
3006 4781 3244 4835 veniret.
3273 4779 3488 4834 Liberee

151 4881 372 4946 separat,
405 4894 535 4950 qua
557 4895 614 4932 se
647 4877 698 4932 ei
727 4878 952 4949 placere
985 4878 1165 4933 voluit
1199 4894 1328 4932 cum
1378 4894 1492 4949 quo
1528 4884 1750 4950 regnat.
1861 4897 1985 4954 quae
2011 4883 2142 4934 ante
2173 4895 2302 4933 eam
2328 4894 2526 4932 cereos
2555 4880 2948 4949 portaverunt,
2979 4879 3113 4930 totae
3141 4875 3199 4928 in
3231 4890 3372 4945 gyro
3403 4891 3487 4927 se-

208 5036 274 5120 (ᾳ)
304 5038 702 5120 Quart_a__feria
728 5039 1027 5120 Christum
1046 5040 1357 5094 Dominum
1390 5043 1592 5120 natum
1631 5059 1752 5097 esse
1930 5041 2010 5120 (d)_
2035 5041 2248 5120 Nempe
2266 5039 2428 5112 juxta
2443 5039 2718 5120 regulam
2747 5053 2920 5108 quam
2961 5038 3186 5120 sanctus
3218 5035 3493 5120 Caesari-us

150 5106 416 5183 Cedrenus
435 5111 784 5183 etMaximus
813 5110 1120 5183 Monachus
1147 5128 1309 5182 aeque
1337 5112 1750 5180 existimarunt,
1855 5106 2200 5168 monialibus
2230 5106 2594 5183 praescripsit.
2622 5106 2782 5163 Nam
2802 5106 3286 5183 recapitulationis
3318 5107 3488 5183 Artic.

151 5181 200 5230 ut
215 5178 465 5254 Scaliger
493 5182 591 5254 lib.
616 5198 671 5238 vi
702 5181 771 5235 de
815 5182 1104 5237 emendat.
1146 5178 1323 5254 temp.
1359 5183 1454 5236 ubi
1493 5183 1562 5238 de
1599 5178 1752 5239 anno
1857 5203 1874 5239 ι
1917 5184 2114 5238 statuit
2149 5189 2211 5238 ut
2227 5178 2385 5238 nulla
2412 5178 2479 5237 ea?
2508 5182 2656 5254 vobis
2684 5195 2848 5254 usque
2875 5178 2953 5254 ad
2974 5185 3193 5254 mortem
3232 5194 3387 5254 suam
3429 5179 3494 5234 de

153 5251 605 5326 “altilissbomini,
630 5254 966 5326 φὸεθπνδνίι.
1270 5251 1286 5254 ’
1854 5258 2177 5310 monasterio
2205 5255 2406 5325 egredi,
2437 5254 2522 5306 vel
2545 5253 2610 5307 de
2639 5254 2759 5322 ipsa
2793 5251 3016 5326 bas-ilice
3042 5253 3099 5304 in
3137 5267 3246 5321 qua
3261 5251 3490 5320 januam

207 5323 286 5397 (ὑλ
311 5323 618 5397 Gregorius
640 5325 984 5397 Turonensis
1009 5323 1106 5397 lib.
1136 5343 1187 5380 1x
1213 5328 1348 5397 c.72,
1380 5325 1600 5380 obitum
1630 5344 1754 5382 san-
1856 5329 2085 5392 habetis,
2117 5332 2214 5382 aut
2238 5323 2620 5397 permittatur,
2651 5327 2748 5378 aut
2782 5338 2884 5393 per
2919 5325 3149 5392 seipsam
3195 5327 3490 5394 praesumat

149 5395 234 5467 qtae
260 5394 631 5467 Radegundis
650 5395 833 5465 illigat
859 5413 1012 5452 anno
1042 5395 1386 5452 duodecimo
1419 5397 1572 5467 regis
1599 5399 1751 5454 Chil-
1855 5401 2020 5454 exire.

150 5459 366 5543 deberti,
400 5459 844 5543 (fuiqresppn'det
878 5485 1031 5543 anno
1074 5469 1280 5524 Christi
1321 5486 1372 5524 D.
1406 5459 1607 5537 fovn,
1639 5487 1751 5541 quo
1929 5469 1992 5541 (θ)
2022 5470 2176 5523 Hanc
2203 5467 2416 5543 laetitias
2445 5482 2643 5543 vocem
2665 5465 3055 5543 qfleluz'aplim
3097 5465 3155 5543 in
3198 5460 3488 5543 Exsequiis

149 5529 690 5611 ἀοῐῐᾎίζιὶὸᾷῖέίιῑθτᾷε
709 5539 1000 5611 currebat.
1594 5529 1604 5537 ’
1654 5529 1676 5541 ⁵
1855 5529 2192 5611 usurpatam
2208 5540 2332 5608 jam
2355 5537 2653 5593 annotavit
2677 5537 2978 5611 Menardus
2995 5529 3491 5611 nosterinlibr-um

208 5605 281 5684 (ο),
299 5609 358 5684 11}
395 5609 560 5684 ﬂiam
601 5602 892 5684 basilicam
932 5611 1106 5666 modo
1147 5616 1356 5684 sancta
1383 5611 1754 5684 Radegundis
1857 5601 2580 5684 sacramentovrumzquam
2596 5625 2790 5684 vocem
2806 5609 3090 5684 praecipue
3112 5605 3169 5684 in
3196 5601 3490 5684 funeribus

149 5678 346 5759 119mm
378 5679 630 5759 dicatam
661 5683 966 5759 collegium
997 5683 1407 5759 canonicorum
1437 5676 1704 5759 sucdessit
1736 5704 1749 5742 :
1855 5683 2216 5759 sacerdotum
2244 5676 2433 5740 Graeci
2449 5682 2656 5754 saepius
2674 5676 3064 5754 ingeminant,
3090 5679 3152 5732 ut
3176 5676 3398 5731 constat
3423 5689 3488 5728 ex

153 5746 249 5803 alia
267 5766 396 5832 vero
422 5751 589 5832 titulo
620 5746 838 5832 sanctae
863 5756 1045 5832 erucis
1073 5754 1347 5832 insignita
1395 5755 1683 5831 hodieque
1721 5775 1754 5813 a
1859 5754 2231 5827 Euchologio.

154 5823 664 5883 sanctimonialibus
697 5825 1078 5883 Benedictinis
1100 5823 1428 5900 occupatur.
