3940 6178
345 245 448 299 6'79

1313 240 1568 296 SANCTA
1603 203 2066 310 RADEGUNDUS,
2106 241 2354 299 REGINA
2393 240 2722 298 FBANCUE.

3601 245 3714 298 680

343 349 524 422 pulcri
546 349 867 417 adstabant;
890 364 1252 420 unaquaeque
1272 347 1332 404 in
1354 366 1455 404 suo
1474 365 1641 406 cereo
1673 366 1838 406 suum
1861 366 1964 407 no-
1989 351 2128 438 Ain
2165 351 2320 407 beati
2361 351 2644 407 Antistitis
2678 347 2916 406 Basilica
2942 348 3342 421 vigilaverunt,
3377 353 3501 406 tota
3539 353 3715 406 nocte

345 460 484 500 men
513 444 688 500 dabat
707 444 1140 514 scriptum,totaz
1157 441 1257 496 uni
1279 459 1346 497 ex
1365 443 1595 498 famulis
1612 445 1969 516 cereosipsos

341 538 506 610 juxta
527 536 948 593 ordinationem
978 535 1302 590 tradebant.
1337 536 1422 591 Fit
1449 537 1740 593 contentio
1777 538 1836 592 in
1874 555 1972 610 po-

348 633 486 704 pulo
511 630 638 698 ;alii
667 629 936 684 dicebant
957 645 1152 684 cereos
1171 629 1324 700 ipsos
1341 629 1403 684 in
1435 631 1558 700 ejus
1587 635 1848 686 sanctum
1881 647 1970 685 se-

348 727 608 798 pulcrum
626 721 776 776 mitti
792 721 1002 776 debere
1027 764 1041 789 ,
1071 721 1166 777 alii
1188 722 1472 792 dicebant,
1502 741 1639 779 non.
1662 725 1808 780 Dum
1821 724 1974 779 istud

351 819 638 889 ageretur,
691 815 762 869 de
786 815 950 886 pueri
975 815 1210 871 brachio
1239 816 1339 888 qui
1365 819 1515 872 totos
1538 817 1796 873 tenebat.
1828 834 1976 871 unus

352 908 561 964 exilivit
585 909 645 962 in
691 909 871 962 altum
907 925 1079 980 super
1119 925 1354 964 omnem
1385 911 1684 982 populum,
1727 915 1785 965 et
1817 927 1878 964 se
1916 909 1975 964 in

353 1005 548 1058 sancto
572 1003 833 1074 sepulcro
861 1001 935 1056 ad
959 1001 1333 1074 pedesbeatae
1348 1005 1560 1074 posuit,
1575 1005 1632 1058 et
1651 1003 1804 1074 quod
1817 1001 1980 1058 haesi.

353 1095 601 1163 tabatur,
642 1093 968 1150 declaravit.
1008 1095 1398 1166 Respicientes
1440 1096 1514 1151 ad
1553 1113 1787 1164 nomen,
1821 1097 1980 1167 cujus

355 1206 498 1258 esse,
523 1205 740 1255 cereus,
763 1187 1062 1242 inventum
1085 1191 1171 1242 est
1189 1189 1372 1244 Calvae
1389 1206 1625 1245 nomen.
1650 1191 1766 1245 Hoc
1780 1190 1982 1244 videns

357 1283 656 1355 episcopus
680 1283 768 1335 vel
797 1281 985 1335 omnis
1004 1282 1267 1352 populus,
1315 1283 1670 1338 admirantes
1713 1283 1984 1338 virtutem

355 1377 540 1432 beatae
571 1374 960 1445 Radegundis,
1000 1375 1244 1430 Domino
1279 1375 1715 1431 benedixerunt.
1745 1376 1984 1441 Quantae

357 1474 488 1542 post
507 1469 630 1540 ejus
659 1468 964 1523 transitum
992 1467 1070 1522 ibi
1106 1471 1237 1522 sunt
1277 1469 1444 1524 factae
1486 1469 1740 1536 virtutes,
1785 1469 1986 1540 quanti

272 1551 274 1553 b
361 1561 701 1618 daemoniaci
738 1561 984 1628 liberati,
1024 1561 1224 1632 quanti
1262 1561 1655 1618 febricitantes
1691 1566 1823 1616 sunt
1854 1562 1986 1616 red-

362 1655 466 1710 diti
489 1655 740 1722 sanitati,
769 1654 895 1725 quis
923 1670 1268 1736 enumerare
1298 1654 1528 1708 valeat?

2069 445 2448 516 energumeni
2478 446 2898 510 clamaverunt;
2928 441 3079 499 inter
3103 459 3249 515 quos
3274 443 3545 500 mulieres
3569 444 3718 499 duas

2070 538 2320 610 graviter
2356 537 2667 593 infestabat
2695 536 2979 605 inimicus,
3010 537 3294 609 praecipue
3329 555 3446 593 una
3479 541 3716 592 tantum

2069 631 2476 698 bacchabatur,
2491 633 2556 685 ut
2568 631 2629 685 in
2647 630 2696 702 ej
2704 648 2770 685 us
2785 631 3018 685 fremitu
3029 634 3150 686 tota
3161 633 3441 686 tremeret
3454 631 3716 685 basilica.

2071 726 2382 796 Postquam
2396 724 2531 778 inde
2551 723 2637 778 vir
2654 723 2995 779 venerabilis
3006 723 3360 796 Arnegisilus
3373 724 3556 780 abbas
3569 724 3722 778 basi-

2074 817 2196 872 licae
2211 817 2396 872 beatae
2413 817 2630 888 reginae
2643 833 2773 872 cum
2791 817 2906 871 suis
2919 817 3208 872 Monachis
3226 817 3414 886 exivit,
3446 817 3524 872 ad
3548 833 3720 872 suam

2076 911 2293 965 vadens
2334 910 2628 966 basilicam
2656 927 2884 966 cursum
2921 911 3184 982 implere,
3227 927 3404 982 quam
3438 911 3539 965 illa
3582 911 3724 965 satis

2080 1005 2375 1075 dilexerat,
2411 1005 2564 1076 ipsas
2582 1008 2712 1076 post
2739 1022 2798 1058 se
2825 1003 3096 1058 mulieres
3123 1003 3432 1059 audierunt
3460 1004 3718 1060 claman-

2080 1101 2186 1168 tes,
2235 1097 2454 1153 Venite.
2511 1097 2648 1162 Qum
2697 1098 2972 1168 ingressae
3011 1096 3304 1152 basilicam
3338 1097 3724 1152 vociferantes

2083 1191 2359 1246 domnam
2384 1189 2799 1261 Radegundem
2833 1194 2896 1256 ut
2918 1189 3001 1244 eis
3019 1194 3281 1262 parceret
3299 1189 3722 1262 supplicabant.

2083 1285 2209 1339 Una
2228 1302 2294 1339 ex
2323 1283 2452 1351 illis,
2480 1299 2609 1355 quae
2637 1282 2863 1354 gravius
2889 1283 3289 1352 tribulabatur,
3314 1283 3440 1354 jam
3461 1287 3553 1336 ter
3592 1283 3724 1354 qui-

2085 1394 2192 1432 nos
2216 1377 2435 1432 habens
2461 1393 2646 1432 annos
2675 1393 2743 1430 ex
2766 1393 2880 1448 quo
2908 1393 3038 1431 eam
3065 1376 3294 1448 spiritus
3327 1392 3578 1447 nequam
3619 1375 3725 1428 ﬂa-

2087 1471 2358 1542 gellabat,
2383 1487 2514 1524 cum
2539 1469 2828 1525 matutina
2855 1469 3170 1538 dicebatur,
3200 1468 3437 1524 saviens
3455 1467 3728 1523 inimicus

2086 1580 2186 1618 vas
2215 1563 2370 1636 quod
2391 1563 2696 1630 invaserat,
2718 1562 2971 1634 reliquit.
2991 1563 3090 1616 Illa
3118 1562 3233 1618 alia
3249 1562 3322 1618 ad
3343 1562 3574 1617 tertiam
3589 1564 3730 1616 ante

2092 1657 2302 1712 ostium
2323 1656 2498 1728 ipsius
2520 1656 2766 1711 basilicae
2782 1659 2868 1710 est
2890 1654 3152 1723 liberata,
3185 1659 3242 1710 et
3271 1656 3421 1710 ultra
3442 1654 3731 1726 nequissi-

435 1751 521 1804 30.
548 1751 624 1803 De
651 1746 982 1818 Burgundia
1015 1763 1146 1802 cum
1163 1727 1284 1801 viro
1311 1747 1622 1818 apostolico
1644 1747 1890 1803 Leifasto
1915 1747 1992 1820 (α)
2011 1727 2070 1801 Β
2091 1766 2219 1806 mus
2243 1727 2421 1804 hostis
2442 1749 2524 1804 eis
2555 1765 2762 1804 nocere
2799 1765 2917 1804 non
2939 1749 3132 1804 valuit.
3157 1749 3342 1812 Quam
3367 1749 3531 1820 larga
3559 1752 3650 1802 est
3677 1750 3738 1803 et

364 1841 630 1914 episcopo
653 1841 889 1894 veniens
911 1840 1033 1910 ejus
1055 1840 1205 1895 abba
1219 1839 1453 1895 nomine
1473 1841 1654 1909 Abbo,
1683 1841 1820 1896 dum
1849 1844 1997 1896 esset

364 1935 602 1992 Pictavis
616 1935 674 1988 in
695 1934 942 2002 civitate,
961 1933 1401 1989 dentisincurrit
1429 1934 1683 1989 validum
1715 1935 1992 1990 dolorem.

367 2029 465 2086 Die
487 2031 776 2100 noctuque
797 2043 910 2082 una
930 2043 1055 2095 vox,
1079 2045 1227 2082 unus
1247 2027 1412 2082 dolor
1431 2026 1621 2082 inerat
1641 2029 1713 2096 ei,
1746 2032 1998 2084 mortem

367 2122 597 2178 evenire
625 2120 731 2176 sibi
757 2123 962 2192 optans
997 2123 1060 2175 ut
1081 2123 1240 2176 tanto
1263 2123 1487 2176 careret
1517 2121 1736 2176 dolore.
1767 2121 1874 2186 Qui
1916 2121 2000 2176 in-

369 2217 620 2288 spirante
649 2215 755 2269 sibi
785 2214 979 2270 divina
1003 2213 1399 2270 misericordia
1419 2215 1644 2286 rogavit
1671 2231 1729 2269 se
1757 2214 1888 2270 duci
1928 2215 2003 2269 ad

366 2312 576 2365 sanctae
601 2308 896 2362 basilicam
923 2324 937 2362 :
977 2307 1074 2362 ubi
1103 2307 1414 2378 ingressus,
1451 2324 1581 2362 cum
1611 2307 1726 2362 fide
1766 2324 1826 2362 se
1869 2310 2002 2362 ante

369 2405 632 2458 sanctum
657 2402 980 2472 sepulcrum
1003 2403 1172 2456 terrae
1191 2401 1452 2472 projecit,
1474 2403 1722 2456 mortem
1739 2417 1858 2472 prae
1878 2417 2006 2456 ocu-

369 2495 439 2552 lis
486 2495 727 2562 habens,
775 2495 990 2565 pallam
1043 2489 1402 2566 corporalem
1452 2495 1699 2566 desuper
1745 2497 2007 2548 sanctum

371 2589 661 2643 tumulum
688 2587 979 2642 mordicus
1006 2587 1408 2658 apprehendit.
1432 2586 1540 2651 Qui
1561 2590 1780 2658 septem
1807 2586 2008 2641 diebus

374 2699 480 2736 nec
505 2682 695 2737 cibum
720 2683 1058 2751 sumpserat,
1091 2697 1197 2735 nec
1223 2697 1424 2736 somno
1459 2679 1616 2736 reﬁci
1657 2682 1905 2752 poterat,
1947 2679 2008 2733 in

373 2775 484 2832 hoc
510 2792 703 2831 morsu
729 2791 903 2846 sopor
929 2775 1197 2842 accessit;
1238 2775 1404 2830 dolor
1434 2773 1712 2842 discessit,
1740 2790 1913 2828 sanus
1940 2773 2011 2827 ad

375 2869 689 2942 hospitium
730 2868 920 2924 rediit.
963 2867 1131 2932 Quod
1167 2871 1298 2940 post
1341 2867 1464 2939 ipso
1497 2869 1785 2922 referente
1821 2868 2014 2938 plures

377 2965 789 3034 cognoverunt,
829 2961 926 3015 ubi
954 2977 1014 3014 se
1037 2961 1330 3016 fatebatur
1355 2961 1428 3016 de
1465 2961 1668 3016 mortis
1699 2961 1880 3032 janua
1911 2977 2016 3031 per

377 3057 649 3110 virtutem
675 3055 902 3109 domna:
919 3053 1286 3124 Badegundis
1312 3071 1432 3108 esse
1453 3057 1801 3110 revocatum.

453 3153 541 3206 31.
569 3151 639 3204 Et
657 3149 794 3221 quia
817 3165 944 3203 mos
965 3151 1050 3202 est
1066 3147 1124 3201 in
1147 3146 1451 3202 festivitate
1473 3147 1627 3202 beati
1655 3147 1850 3203 Hilarii
1889 3147 2019 3203 reli-

384 3243 510 3316 quis
525 3241 879 3300 Monasteriis
897 3241 1263 3296 circumcirca
1293 3240 1584 3312 proximis,
1608 3258 1736 3313 quae
1762 3244 1896 3296 sunt
1917 3241 2014 3309 ibi,

385 3353 566 3410 usque
583 3337 643 3392 in
663 3336 918 3392 mediam
930 3338 1159 3390 noctem
1179 3333 1400 3406 vigilias
1415 3335 1727 3412 celebrare;
1742 3335 1814 3390 de
1824 3335 2018 3390 media

384 3436 554 3488 nocte
571 3431 966 3502 unusquisque
983 3428 1157 3484 abbas
1171 3444 1300 3484 cum
1314 3429 1430 3483 suis
1450 3427 1721 3484 fratribus
1752 3429 1827 3484 ad
1853 3446 2020 3484 suum

384 3525 691 3581 revertitur
707 3521 1119 3580 manasterium
1144 3539 1371 3578 cursum
1390 3522 1699 3578 celebrare.
1734 3521 2018 3588 Quamdiu

461 3695 560 3776 (α)Δ
581 3694 860 3776 Leifastus
873 3764 882 3775 .
907 3709 1011 3776 seu.
1041 3693 1300 3776 Lefastus
1353 3689 1652 3776 episcopus
1666 3690 2017 3776 “Eduensis,

390 3761 654 3836 d’Aittun,
677 3769 807 3889 post
829 3764 1136 3846 Siagrium,
1168 3765 1264 3836 qui
1289 3761 1444 3818 anno
1465 3761 1724 3832 nc-obiit,
1758 3767 1820 3819 ut
1849 3764 2024 3818 sentit

391 3836 626 3892 Carolus
699 3851 730 3889 e
771 3837 972 3892 Comte
1026 3851 1086 3888 in
1131 3836 1340 3890 Annal.
1383 3836 1581 3891 Franc.
1639 3835 1714 3889 ad
1762 3851 1858 3890 an.
1895 3837 2020 3892 600.

437 3835 647 3890 arolus'
677 3835 730 3889 Ie
771 3835 972 3892 Cointe
1026 3835 1086 3888 in
1131 3835 1340 3890 Annal.
1383 3836 1581 3891 Franc.
1639 3835 1714 3889 ad
1762 3851 1858 3890 an.
1895 3837 2020 3903 600,

2096 1843 2252 1898 dives
2277 1842 2670 1897 misericordia
2695 1841 2796 1898 Dei
2817 1858 2945 1914 quae
2975 1859 3105 1896 suos
3139 1842 3322 1896 vereri
3343 1841 3502 1909 facit,
3525 1845 3582 1898 et
3605 1842 3738 1896 loca

2095 1935 2338 2008 requirit
2357 1935 2476 2007 ipse
2515 1934 2788 1990 virtutum
2831 1935 3068 2006 largitor
3106 1952 3173 1990 ac
3212 1935 3596 2006 dispensator,
3639 1933 3739 1988 ubi

2096 2046 2202 2102 per
2221 2045 2353 2084 suos
2381 2029 2578 2083 fideles
2608 2045 2770 2084 suam
2797 2027 3051 2084 ostendit
3084 2027 3426 2100 potentiam.
3468 2028 3558 2084 Ad
3588 2027 3742 2082 basi-

2097 2123 2269 2178 licam
2289 2122 2473 2177 sancti
2500 2121 2604 2176 viri
2627 2125 2759 2177 sunt
2787 2121 2885 2176 alii
2911 2121 3157 2190 liberati,
3185 2121 3280 2176 alii
3313 2137 3447 2176 vero
3482 2121 3740 2175 basilica

2103 2217 2333 2272 domnae
2371 2215 2740 2287 Radegundis
2765 2217 2900 2269 sunt
2917 2214 3158 2271 directi:
3201 2217 3262 2268 ut
3297 2214 3445 2270 sicut
3487 2215 3744 2286 aequales

2105 2309 2290 2382 gratia
2315 2311 2498 2377 erant,
2529 2308 2608 2364 ita
2628 2308 2864 2381 aequalis
2884 2313 2941 2364 et
2967 2308 3146 2363 virtus
3175 2308 3595 2364 ostenderetur.

2177 2406 2262 2457 32.
2286 2401 2422 2468 Quis
2451 2403 2601 2456 male
2627 2401 2866 2470 habens,
2897 2401 3158 2473 quamvis
3177 2401 3292 2456 vita
3317 2401 3678 2473 desperatus,
3698 2400 3748 2453 si

2104 2497 2319 2569 pallam
2345 2495 2727 2550 subteriorem
2751 2498 2942 2560 custos
2959 2495 3220 2566 ejusdem
3239 2495 3381 2550 sacri
3403 2493 3651 2566 sepulcri
3663 2493 3751 2547 in-

2107 2589 2275 2644 tinxit
2287 2589 2346 2643 in
2364 2588 2539 2644 calice
2555 2605 2740 2660 aquae,
2754 2593 2812 2644 et
2831 2588 2992 2644 dedit
3010 2589 3063 2644 ei
3082 2587 3428 2644 febricitanti
3449 2588 3749 2660 poculum,

2110 2699 2227 2738 non
2265 2680 2460 2738 statim
2492 2685 2554 2736 ut
2589 2681 2734 2736 bibit
2775 2685 2908 2738 ante
2954 2686 3218 2738 sanctum
3260 2682 3382 2754 ejus
3415 2683 3754 2754 sepulcrum

2105 2778 2305 2849 jacens
2336 2793 2508 2848 sopor
2537 2776 2793 2846 accessit,
2817 2775 3054 2832 morbus
3077 2775 3350 2832 recessit?
3377 2775 3602 2833 Christo
3629 2776 3757 2830 lar-

2113 2869 2305 2942 giente
2328 2869 2593 2925 omnibus
2613 2869 2814 2924 diebus
2837 2870 2896 2925 in
2913 2869 3149 2926 nomine
3172 2869 3348 2942 ipsius
3361 2869 3758 2926 DominiJesu

2115 2963 2318 3020 Christi
2353 2963 2432 3018 ibi
2457 2965 2654 3020 multae
2672 2963 2907 3020 virtutes
2946 2965 3113 3034 fiunt,
3165 2964 3317 3019 unde
3349 2963 3601 3018 recessit.
3637 2963 3764 3018 Nos

2117 3073 2346 3130 quoque
2375 3056 2548 3112 etiam
2587 3057 2743 3112 ﬁdeli
2784 3057 3086 3113 devotione
3125 3062 3184 3114 et
3217 3057 3515 3114 sedulitate
3553 3055 3764 3114 debita

2115 3167 2462 3206 veneramur
2486 3150 2545 3206 in
2574 3151 2760 3220 terris,
2785 3151 2945 3223 cujus
2965 3151 3163 3207 anima
3197 3151 3556 3220 conﬁdimus,
3607 3166 3765 3222 gau-

2119 3244 2322 3300 demus
2351 3248 2408 3300 et
2437 3245 2752 3317 gloriamur
2777 3246 2934 3318 quod
2955 3247 3298 3318 praefulgeat
3319 3245 3381 3300 in
3412 3244 3584 3312 caelis,
3627 3244 3762 3316 ipso

2116 3341 2429 3410 praestante
2466 3339 2719 3410 quicum
2743 3341 2909 3395 Patre
2935 3343 2994 3395 et
3021 3339 3234 3412 Spiritu
3281 3341 3477 3396 sancto
3523 3338 3669 3393 vivit
3704 3343 3765 3393 et

2118 3434 2327 3504 regnat
2350 3432 2409 3487 in
2437 3433 2646 3488 saecula
2665 3434 3022 3490 saeculorum.
3044 3437 3249 3491 Amen.

2120 3699 2357 3771 num.g7.
2387 3695 2812 3771 sammarthani
2841 3697 3168 3771 Auspicium
3196 3698 3350 3771 inter
3384 3699 3680 3771 Siagrium
3708 3705 3766 3755 et

2120 3765 2412 3821 Lefastum
2444 3767 2663 3823 locant:
2688 3769 2788 3824 sed
2815 3765 2974 3840 prior
2987 3770 3274 3826 sententia
3295 3770 3367 3826 ob
3389 3765 3765 3827 Baﬁdonivize

2122 3839 2352 3893 aetatem
2379 3840 2760 3911 praeferenda.

946 4213 1390 4289 suam;
1441 4213 2155 4314 BADEGUNDIS,
2205 4217 2638 4294 REGINZE
2686 4219 3211 4298 FRANCLE.

1482 4390 2688 4586 TESTAMENTUM,

767 4729 1772 4888 EPISTOLAa
1870 4613 2143 4888 Αἴξ
2268 4741 3365 4895 EPISGOPOS.

470 5101 624 5157 Hanc
647 5101 810 5159 initio
838 5102 1114 5158 institutae
1145 5103 1606 5176 congregationis
1635 5122 1750 5163 suae
1779 5125 1884 5181 pro
1913 5109 2035 5182 ejus
2059 5111 2235 5168 tutela
2265 5115 2319 5170 et
2345 5111 2641 5170 stabilitate
2667 5113 2908 5187 scripsit,
2935 5111 3282 5189 concilioque
3303 5116 3619 5176 Turonensi
3638 5135 3770 5175 con-

399 5191 739 5246 ﬁrmandam
767 5192 968 5248 absens
995 5192 1218 5249 obtulit.

471 5348 498 5379 ι
521 5345 646 5401 Non
670 5345 836 5403 video
850 5348 1006 5430 quod
1023 5352 1251 5476 tempus
1263 5350 1398 5407 huic
1415 5351 1670 5434 epistolae
1689 5353 1878 5426 aptius
1901 5373 2036 5413 con-

473 5421 590 5476 uat.
622 5434 797 5476 quam
840 5421 1042 5475 conelli
1075 5438 1112 5476 ιι
1187 5438 1508 5476 uronensis.
1539 5425 1681 5476 Cum
1711 5428 1864 5476 enim
1911 5429 2036 5476 scri-

401 5421 590 5490 gruat,
622 5434 797 5490 quam
840 5421 1042 5475 concili
1075 5438 1112 5476 11
1144 5421 1508 5480 Turonensis.
1539 5425 1682 5481 Cum
1711 5421 1867 5482 enim
1911 5429 2040 5484 scri-

397 5489 498 5561 pta
547 5489 738 5570 sitad
774 5490 1071 5570 episcopos
1107 5493 1419 5570 illos__ipsgs
1459 5497 1660 5570 (quod,
1696 5515 1775 5570 ex,
1809 5499 2038 5556 illorum

396 5563 674 5642 rescripto
708 5563 886 5642 patet)
932 5563 1312 5642 qui_concili§
1351 5563 1666 5623 Turonensi
1711 5569 2038 5636 adfuerunt,

397 5633 705 5706 verisimile
733 5637 820 5706 est
838 5633 967 5688 tum
993 5633 1068 5688 ad
1089 5651 1187 5689 eos
1227 5636 1484 5706 missam,
1523 5656 1652 5694 cum
1696 5658 1810 5697 una
1853 5633 2044 5698 essent

397 5701 461 5756 in
492 5719 560 5758 eo
584 5703 830 5783 concilio
849 5705 1206 5783 congregati.
1238 5705 1346 5770 Qui
1363 5701 1592 5783 hancin
1609 5712 1872 5783 longiora
1895 5717 2042 5770 tem-

402 5787 544 5841 pora
569 5773 860 5842 differunt,
881 5778 938 5830 et
953 5773 1091 5844 post
1115 5791 1298 5832 annos
1327 5777 1526 5848 viginti
1553 5773 1741 5850 paulov
1753 5787 1887 5838 ante
1922 5784 2042 5839 obi-

2138 5362 2261 5414 tum
2272 5377 2305 5438 a
2317 5363 2514 5438 sancta
2525 5361 2879 5438 Radegunde
2889 5363 3780 5438 scriptamvoluntmrmterquam

2142 5431 2298 5510 quod
2319 5450 2352 5488 a
2373 5432 2649 5510 Gregorio
2667 5431 2987 5510 Turonensi
3002 5431 3488 5510 refelluntur,'_qui
3505 5431 3665 5493 initio
3681 5439 3778 5492 in-

2143 5502 2350 5558 stitutae
2379 5503 2450 5577 ab
2487 5502 2556 5558 ea
2596 5506 3060 5577 congregationis
3101 5507 3318 5562 editam
3347 5502 3546 5576 docet,
3570 5510 3663 5564 lib.
3701 5524 3784 5575 rx,

2143 5589 2268 5662 cap.
2291 5577 2378 5641 39,
2401 5575 2517 5662 hoc
2537 5575 2850 5662 etiam’no‘n
2869 5577 3354 5658 animadvertunt,
3380 5575 3784 5662 Euphronium

2145 5646 2478 5734 episcopum
2500 5646 2586 5718 (ut
2611 5647 2681 5702 de
2717 5647 2939 5703 caeteris
2961 5648 3058 5731 qui
3090 5666 3214 5732 .una
3258 5646 3599 5719 reScribimt,
3635 5651 3786 5732 nihil

2145 5715 2351 5794 dicam)
2378 5734 2448 5794 _ea
2493 5721 2758 5794 tempora
2787 5735 2906 5794 non
2939 5723 3214 5794 attigisse,
3258 5725 3500 5794 totoque
3537 5723 3786 5793 amplius

2147 5785 2429 5843 decennio
2459 5785 2666 5864 sancta:
2696 5785 3077 5862 Radegundis'
3093 5785 3314 5848 obitum
3331 5785 3708 5866 praevertisse.
