3940 6178
385 307 486 361 683

726 301 1078 358 BENEDICTI
1114 299 1304 356 PAPIE
1350 299 1372 354 Ι
1409 297 1500 354 AD
1537 296 1987 354 GRANDENSEM
2025 295 2504 356 PATBIARCHAI
2541 295 2878 354 EPISTOLzl-I
2916 296 3392 355 FRAGMENTUM.

3647 299 3756 355 684

334 467 345 472 -
387 429 518 468 rare
548 412 743 485 posset
770 409 1023 482 inopiam
1065 408 1254 464 famis.
1285 407 1450 472 Quod
1485 407 1619 462 dum
1657 406 2020 490 cognovisset
2039 406 2349 492 Ahasilica
2374 407 2528 461 beati
2556 407 2707 461 Petri
2725 406 2966 478 apostoli
2985 405 3514 480 secretario,pridie
3534 407 3752 462 Kalen-

386 507 641 564 Justinus
663 505 808 578 [Cod.
829 499 1360 574 Luc.,Justinianus]
1381 501 2014 572 piissimusimperator,

390 602 529 674 quia
543 602 722 656 Roma
738 597 1164 670 periclitaretur
1175 597 1330 653 fame
1348 595 1765 651 etmortalitate
1789 594 1873 667 [In
1887 595 2015 651 Cod.

388 697 518 751 Luc.
560 695 705 748 deest
749 695 808 746 et
856 689 1251 764 mortalitate],
1297 689 1454 744 misit
1490 690 1549 744 in
1587 690 1914 760 Egyptum,
1964 690 2022 742 et

395 787 656 844 oneravit
681 801 856 840 naves
888 786 1202 852 frumento,
1237 787 1295 838 et
1319 783 1636 839 transmisit
1665 783 2023 838 Romam.Et

391 882 468 936 sic
496 880 766 935 misertus
795 883 881 934 est
907 880 1055 934 Deus
1078 877 1271 933 Italiae.
1306 880 1368 932 In
1399 876 1520 933 istis
1540 876 1832 932 laboribus
1859 879 1916 930 et
1943 875 2024 930 af-

2117 501 2220 556 das
2240 500 2483 572 Augusti
2510 501 2596 572 [In
2625 501 2752 559 Cod.
2783 504 2914 557 Luc.
2937 501 3084 558 deest
3101 501 3288 574 pridie
3315 501 3606 557 Kalendas
3635 505 3754 557 Au-

2117 595 2310 668 gusti].
2344 595 2442 649 Hic
2472 595 2607 650 fecit
2649 595 3077 652 ordinationem
3118 613 3297 650 unam
3341 613 3448 669 per
3483 613 3754 652 mensem

2117 687 2504 756 decembrem,
2537 689 2899 762 presbyteros
2925 689 3278 763 quindecim,
3311 689 3589 746 diaconos
3610 695 3753 756 tres,

2119 782 2416 853 episcopos
2441 799 2545 854 per
2589 783 2813 838 diversa
2847 781 2977 840 loca
3015 800 3258 839 numero
3295 783 3500 855 viginti
3546 801 3755 839 unum.

2118 877 2188 931 Et
2225 875 2465 931 cessavit
2511 877 2872 950 episcopatus
2929 895 3159 934 menses
3203 881 3338 945 tres,
3387 877 3510 933 dies
3549 878 3756 933 decem

388 973 734 1029 ﬂictionibus
765 973 984 1045 positus
1020 972 1170 1045 [Cod.
1191 974 1348 1036 Luc.,
1376 971 1466 1026 his
1492 970 1710 1044 diebus]
1744 967 2026 1025 sanctissi-

390 1085 519 1124 mus
538 1067 878 1124 Benedictus
889 1083 1040 1140 papa
1055 1069 1317 1122 mortuus
1337 1069 1441 1122 est.
1462 1064 1572 1131 Qui
1589 1064 1843 1136 sepultus
1859 1066 1946 1118 est
1963 1063 2024 1118 in

2127 968 2276 1041 [Cod.
2304 971 2432 1026 Luc.
2455 970 2614 1027 addit
2639 971 2742 1026 sub
2769 971 2862 1027 die
2891 975 2959 1028 30
2985 971 3202 1027 mensis
3219 971 3395 1046 Julii].

387 1227 3745 1264 ψ

1531 1383 1841 1454 JOANNI
1885 1381 2280 1454 DOMINICI
2323 1382 2617 1453 MANSI.

707 1545 820 1619 IN
885 1543 1623 1619 FRAGMENTUM
1689 1541 2246 1618 EPISTOLIE
2315 1543 2878 1619 BENEDICTI
2944 1543 3459 1620 CENSUBA.

462 1829 861 1895 Longiusculum
886 1827 1232 1894 fragmentum
1267 1828 1500 1894 epistolas
1524 1827 1794 1880 Benedicti
1821 1843 1968 1894 papa
2001 1843 2066 1880 ex
2091 1829 2316 1894 Gratiani
2339 1829 2490 1896 palea
2534 1828 2600 1880 ad
2640 1845 2758 1881 can.
2794 1832 2874 1892 18,
2909 1844 2960 1880 c.
2992 1829 3076 1890 27,
3119 1841 3172 1893 q.
3205 1831 3257 1891 Ξ,
3302 1827 3387 1878 hic
3429 1827 3659 1878 exhibeo
3696 1828 3764 1878 ab

303 1902 306 1915 ’
399 1912 640 1962 omnibus
665 1910 874 1976 quidem
909 1924 1006 1960 ceu
1030 1910 1388 1976 apocryphum
1414 1911 1689 1976 rejectum,
1715 1909 1808 1960 sed
1833 1910 2015 1961 dubito
2049 1925 2114 1962 an
2140 1911 2346 1962 merito.
2371 1911 2675 1976 Quanquam
2700 1910 2842 1962 enim
2875 1909 3184 1975 suspicionis
3208 1922 3314 1960 sua
3336 1909 3513 1959 titulus
3539 1909 3675 1973 ipse,
3712 1913 3774 1958 ut

398 1993 452 2042 in
477 1992 638 2043 Editis
659 1991 868 2056 legitur,
901 1991 1092 2042 mereri
1117 1995 1307 2057 potest,
1331 1992 1635 2057 ambiguum
1663 1995 1741 2042 est
1763 1995 1938 2043 tamen
1957 2003 2085 2044 num
2109 1993 2344 2043 sincerus
2365 1992 2594 2043 Gratiani
2624 1992 2802 2042 Codex
2847 1992 3086 2042 eumdem
3119 1991 3358 2055 praeferat
3389 1989 3478 2054 qui
3509 1989 3564 2038 in
3603 1989 3772 2039 Editis

398 2078 630 2137 apparet.
658 2073 933 2123 Gratianus
959 2071 1097 2122 enim
1126 2072 1294 2123 editus
1321 2073 1591 2138 epistolam
1617 2073 1752 2124 hanc
1778 2074 1936 2124 latam
1959 2073 2169 2137 prastert
2195 2075 2512 2124 Patriarcha:
2538 2073 2807 2135 Grademi,
2832 2073 2919 2137 qui
2953 2087 3075 2123 sane
3109 2071 3403 2136 patriarcha
3432 2069 3703 2120 Benedicti
3745 2070 3768 2118 Ῑ

396 2156 544 2203 etate
573 2152 740 2202 audiri
762 2153 996 2202 nondum
1021 2158 1265 2216 cmperat.
1295 2154 1490 2203 Verum
1515 2153 1571 2203 in
1603 2167 1723 2204 meo
1751 2153 1948 2204 decreti
1991 2153 2202 2215 Codice,
2237 2154 2377 2217 quod
2414 2155 2606 2204 saeculo
2649 2154 2762 2218 ipso
2805 2153 3052 2214 Gratiani,
3099 2153 3180 2202 vel
3225 2152 3370 2201 initio
3411 2151 3773 2212 succedentis,

399 2233 652 2297 scriptum
665 2246 774 2283 non
799 2233 940 2283 inani
973 2234 1276 2298 conjectura
1307 2223 1567 2299 suspicor,
1592 2234 1663 2285 ita
1684 2235 1804 2299 lego
1831 2250 1844 2284 :
1877 2235 2176 2285 Benedictus
2205 2249 2380 2285 servus
2399 2249 2659 2286 servorum
2686 2236 2782 2284 Dei
2804 2236 2872 2285 Ν.
2896 2237 3134 2289 salutem.
3165 2235 3223 2282 In
3246 2232 3480 2296 margine
3501 2245 3633 2281 vero
3649 2231 3776 2292 alia,

401 2317 460 2363 ut
482 2312 740 2376 suspicor,
766 2313 857 2363 sed
881 2327 1028 2378 asque
1049 2314 1260 2378 antiqua
1289 2329 1447 2366 manu
1472 2314 1705 2365 additum
1725 2319 1805 2366 est
1831 2331 1845 2365 :
1873 2315 2161 2366 Graduemi
2192 2317 2526 2381 patriarchae,
2553 2320 2604 2366 et
2633 2317 2901 2366 Domim'co
2933 2317 3047 2380 ejus
3084 2314 3427 2378 suffraganeo.
3461 2313 3640 2362 Lectio
3677 2312 3775 2361 ista

402 2393 729 2457 praecipuum
754 2397 1116 2458 argumentum
1141 2395 1388 2446 adversus
1427 2395 1779 2446 sinceritatem
1819 2395 1974 2460 hujus
2008 2396 2239 2460 epistolae
2275 2401 2506 2447 enervat.
2552 2397 2745 2446 Verum
2784 2396 2954 2446 adhuc
2993 2398 3292 2460 perseverat
3325 2393 3572 2456 suspicio,
3616 2393 3671 2442 in
3706 2406 3774 2441 eo

403 2473 543 2538 quod
567 2473 876 2523 Benedictus
897 2488 1100 2524 servam
1126 2489 1390 2524 servorum
1419 2477 1512 2525 Dei
1535 2489 1647 2526 sese
1673 2476 1918 2540 appellat,
1943 2489 2098 2540 quem
2123 2491 2247 2527 sane
2273 2477 2477 2527 titulum
2507 2477 2726 2541 coepisse
2760 2470 2921 2538 aiunt,
2945 2490 2976 2526 a
3011 2479 3190 2526 sancto
3226 2473 3495 2538 Gregorio.
3541 2475 3606 2523 At
3649 2487 3780 2522 cum

401 2553 546 2604 testis
570 2553 681 2618 ejus
702 2554 1032 2605 institutionis
1055 2569 1086 2605 a
1119 2561 1298 2606 sancto
1329 2556 1581 2621 Gregorio
1608 2561 1791 2622 coeptae
1817 2558 2044 2607 Joannes
2085 2558 2336 2609 diaconus
2372 2558 2610 2609 atlcratur
2653 2558 2879 2622 scriptor
2910 2557 3072 2608 multo
3113 2555 3374 2623 recentior
3413 2556 3563 2604 etate
3602 2553 3782 2603 sancti

403 2634 656 2698 Gregorii,
681 2635 836 2685 unica
861 2635 971 2700 ejus
995 2637 1272 2687 auctoritas
1294 2637 1424 2688 tanti
1455 2638 1757 2688 mstimanda
1782 2652 1890 2688 non
1927 2642 2022 2703 est,
2061 2642 2118 2690 ut
2156 2639 2385 2690 validum
2427 2653 2491 2689 ex
2532 2653 2594 2690 ea
2638 2641 3000 2702 argumentum
3047 2641 3231 2688 contra
3269 2636 3410 2685 illam
3459 2633 3783 2684 deducatur.

395 2715 665 2780 Utcunque
708 2728 794 2765 res
829 2715 1015 2766 habeat
1049 2731 1187 2778 sese,
1221 2733 1342 2768 cum
1376 2732 1443 2768 ex
1483 2719 1727 2769 Gratiano
1780 2719 1995 2770 minime
2031 2723 2238 2772 constet
2274 2720 2482 2770 cuinam
2521 2719 2805 2770 Benedicto
2853 2718 3130 2770 tribuenda
3170 2717 3390 2782 epistola
3427 2715 3511 2774 sit,
3557 2715 3785 2765 alterius

401 2795 617 2928 guttas”
643 2795 910 2847 Benedicti
937 2797 1190 2863 scriptum
1215 2803 1324 2850 erat
1351 2799 1632 2852 sincerum.
1663 2799 1932 2852 Variantes
1956 2813 2072 2865 quas
2096 2801 2151 2852 in
2172 2801 2364 2854 ansulis
2387 2801 2663 2867 adscriptas
2685 2805 2828 2863 amt,
2861 2799 3107 2851 Romanis
3145 2798 3347 2850 decreti
3384 2795 3786 2847 correctoribus

443 2891 470 2928 e
511 2882 682 2928 entur.

443 2882 682 2929 ebentur.

595 3442 1276 3530 FRAGMENTUM
1349 3449 1844 3533 EPISTOLIE
1918 3454 2050 3536 AD
2121 3453 2778 3537 GRANDENSEM
2849 3441 3614 3532 PATRIARCHAM.

1105 3754 1352 3814 PALEA.

1990 3762 2002 3774 ⁸
2061 3774 2118 3848 Β
2141 3763 2303 3817 umori
2328 3775 2458 3824 suae,
2485 3764 2536 3815 et
2565 3763 2725 3815 erunt
2744 3757 2853 3813 duo
2876 3757 2937 3812 in
2956 3769 3119 3811 carne
3144 3768 3257 3808 una
3282 3751 3435 3848 (Gen.
3454 3749 3540 3820 ιι).
3560 3747 3783 3812 Quibus

484 3842 824 3899 Benedictus
849 3845 1056 3901 Servus
1087 3863 1378 3906 servorum
1403 3849 1548 3907 Dei‘
1589 3852 1910 3910 Grandensi
1937 3869 2039 3926 par
2061 3842 2108 3848 '—
2141 3854 2328 3911 verbis
2356 3853 2607 3910 innotuit
2635 3868 2754 3908 non
2779 3850 2944 3908 aliter
2963 3848 3150 3905 virum
3182 3850 3240 3902 et
3271 3844 3582 3901 mulierem
3615 3856 3783 3913 posse

410 3935 677 3990 triarchaa
693 3937 959 4007 salutem,
994 3943 1103 3995 etc.

484 4029 595 4083 Lex
625 4029 828 4085 divina:
853 4017 1279 4088 constitutionis
1296 4037 1674 4106 apostolicam
1702 4039 2042 4096 cathedram

417 4122 556 4195 [Al.,
575 4123 793 4197 sedem]
815 4125 990 4179 totius
1009 4127 1201 4197 posuit
1220 4127 1374 4183 orbis
1395 4133 1677 4186 terrarum
1703 4133 2042 4205 magistram

407 4215 567 4289 [Cod.
591 4217 1222 4294 Luc.,.magistratum],
1257 4226 1319 4276 ut
1346 4223 1628 4296 quidquid
1651 4225 1860 4298 ubique
1889 4229 2042 4286 loco-

410 4327 542 4366 rum
565 4311 880 4380 dubitatur,
903 4313 974 4367 ab
992 4329 1062 4368 ea
1078 4314 1225 4370 ratio
1247 4315 1507 4386 ejusdem
1524 4319 1868 4391 requiratur.
1889 4323 2041 4378 Affa-

411 4408 506 4460 tus
536 4409 624 4460 est
655 4409 852 4460 autem
892 4423 998 4462 nos
1041 4407 1156 4462 suis
1204 4408 1408 4465 litteris
1456 4412 1716 4483 ejusdem
1755 4417 2048 4471 cathedrae

414 4515 716 4567 sessorem,
745 4516 810 4554 ac
836 4505 1240 4571 percunctatus
1267 4507 1353 4558 est
1380 4505 1615 4577 quidam
1645 4511 1863 4564 vestras
1909 4509 2044 4582 [Al.,

415 4591 516 4664 vir]
550 4592 786 4648 nomine
811 4596 1080 4663 Joannes,
1111 4612 1216 4668 pro
1242 4599 1530 4654 connubio
1555 4600 1688 4657 tiliae
1715 4619 1831 4658 suae
1857 4620 2049 4676 super-

417 4685 590 4740 stitis:
619 4686 776 4757 cujus
789 4704 953 4743 soror
973 4689 1246 4745 defuncta
1267 4691 1496 4748 cuidam
1517 4693 1737 4766 juveni,
1752 4697 2046 4768 Stephano

417 4779 676 4850 nomine,
696 4779 1048 4854 simplicibus
1067 4783 1254 4839 verbis
1269 4786 1460 4841 fuerat
1478 4787 1844 4860 desponsata,
1874 4794 1933 4846 et
1951 4808 2048 4846 an-

417 4877 653 4946 tequam
699 4874 774 4930 ad
818 4875 1046 4947 nuptias
1087 4879 1435 4949 perveniret,
1477 4885 1665 4937 morte
1709 4888 2043 4956 praeventa:

417 4972 610 5024 utrum
623 4968 978 5024 scilicetcum
994 4971 1202 5026 eodem
1209 4971 1422 5043 juvene
1435 4975 1614 5047 possit
1628 4977 2048 5034 matrimonum

419 5063 698 5118 celebrari
727 5065 1048 5136 superstitis
1076 5065 1226 5134 ﬁliai,
1257 5083 1364 5122 nec
1394 5085 1488 5124 ne.
1516 5070 1775 5142 Namque
1805 5076 2048 5130 testatus

2142 3949 2266 4004 fieri
2280 3965 2456 4004 unam
2469 3945 2840 4014 carnem,nisi
2859 3943 3073 3999 carnali
3083 3942 3291 4014 copula
3304 3939 3410 3994 sibi
3425 3937 3782 3993 cohercent.

2144 4043 2251 4108 Qui
2263 4059 2402 4114 ergo
2417 4055 2788 4113 nequaquam
2802 4039 3005 4094 mistus
3025 4039 3112 4092 est
3123 4040 3410 4090 extraneae
3435 4030 3668 4087 mulieri
3687 4029 3784 4084 fae-

2145 4136 2280 4194 dere
2313 4136 2573 4208 nuptiali,
2607 4150 2720 4206 quo
2747 4136 2911 4205 pacto
2937 4148 3042 4204 per
3061 4130 3219 4185 nuda
3248 4125 3578 4199 sponsionis
3607 4122 3784 4178 verba

2144 4234 2383 4302 possunt
2413 4246 2529 4284 una
2551 4245 2683 4284 caro
2703 4227 2850 4296 ﬂeri,
2894 4226 3221 4280 nullatenus
3254 4221 3518 4276 valemus
3553 4215 3780 4272 intueri.

2145 4323 2549 4396 Propinquitas
2572 4321 2731 4380 enim
2751 4320 3050 4392 sanguinis
3069 4317 3256 4372 verbis
3277 4314 3505 4380 dicitur,
3523 4328 3640 4366 non
3655 4325 3782 4364 ver-

2144 4418 2232 4473 bis
2255 4418 2520 4488 efﬁcitur,
2544 4417 2646 4474 sed
2667 4415 2818 4488 [Cod.
2853 4417 3005 4477 Luc.,
3028 4428 3146 4467 non
3168 4409 3354 4464 verbis
3371 4406 3644 4470 efﬁcitur,
3658 4401 3778 4473 sed]

2145 4528 2334 4584 neque
2353 4500 3454 4582 osculumparitpropinquitatem,quod
3483 4494 3778 4572 [Al.,quia]

2147 4606 2364 4662 nullam
2379 4604 2515 4660 facit
2531 4601 2828 4676 sanguinis
2842 4593 3630 4660 commixtionem.Quoniam
3648 4603 3782 4644 vero

2147 4700 2225 4755 ita
2249 4715 2483 4772 prorsus
2509 4715 2631 4753 sese
2653 4697 2832 4752 habet
2853 4713 2946 4750 res
2967 4692 3205 4750 Joannis
3229 4689 3411 4757 istius,
3446 4691 3513 4742 ut
3529 4686 3667 4740 velit
3696 4700 3785 4738 se-

2147 4793 2396 4848 cundam
2433 4791 2742 4848 filiamillis
2789 4788 3003 4862 nuptiis
3051 4787 3345 4858 copulare,
3394 4781 3486 4837 cui
3528 4780 3782 4852 primam

2139 4887 2266 4960 jam
2293 4886 2623 4941 decreverat
2647 4885 3017 4958 desponsare,
3050 4896 3291 4936 censura
3319 4873 3618 4949 apostolici
3655 4887 3785 4925 ma-

2147 4981 2418 5053 gistratus
2445 4980 2792 5035 mandamus
2802 4979 2911 5034 boc
2931 4977 3147 5048 absque
3177 4972 3346 5028 ullius
3368 4968 3626 5025 criminis
3642 4963 3786 5019 vitio

2147 5091 2314 5148 posse
2333 5074 2478 5143 ﬁeri,
2500 5074 2546 5128 si
2566 5073 2862 5144 utriusque
2882 5070 3061 5143 partis
3080 5067 3293 5124 sederit
3317 5062 3617 5120 voluntati.
3633 5059 3788 5114 Nam

418 5157 978 5228 hujusreirationem
1000 5159 1154 5231 apud
1169 5161 1479 5216 voshaberi
1501 5164 2048 5236 ambiguam.Quam
2069 5154 2124 5230 C
2150 5187 2251 5225 cur
2295 5168 2688 5242 prohibeatur,
2717 5165 2872 5238 quod
2897 5160 3325 5237 prohibendum
3349 5158 3494 5230 [Al.,
3523 5151 3786 5228 prohibi-

420 5252 536 5306 Deo
567 5250 809 5306 docente
829 5251 1126 5308 reddimus
1153 5253 1241 5308 his
1271 5255 1458 5310 verbis
1483 5257 1878 5316 certissimam.
1907 5245 2046 5318 Pro-

418 5345 698 5418 t0plastus
721 5345 836 5413 ille,
867 5347 1030 5402 radix
1065 5351 1123 5402 et
1150 5348 1313 5421 origo
1342 5355 1537 5406 nostro
1569 5349 1716 5424 [Cod.
1758 5355 1912 5423 Luc.,
1941 5373 2046 5411 no-

418 5439 558 5510 stra]
587 5439 904 5495 detractam
925 5441 1033 5497 sibi
1051 5446 1269 5499 costam
1294 5444 1352 5499 in
1373 5445 1679 5501 mulierem
1699 5446 1901 5504 videns
1936 5450 2050 5505 for-

418 5537 659 5614 matam,
674 5535 1010 5607 prophetico
1025 5537 1226 5609 spiritu
1244 5538 1395 5594 inter
1405 5539 1516 5596 alia
1533 5542 1773 5613 protulit
1793 5560 1804 5598 :
1820 5545 2049 5614 Propter

417 5612 818 5702 hodrelinquet
847 5630 1000 5685 homo
1027 5636 1245 5702 patrem
1277 5638 1327 5688 et
1371 5612 1619 5706 matrem,
1654 5641 1707 5694 et
1752 5612 2052 5696 adhaerebit

491 5775 624 5851 '_De_
637 5773 748 5851 hoc
780 5774 950 5851 titulo
974 5778 1034 5828 ut
1065 5779 1151 5851 est
1173 5776 1232 5829 in
1258 5776 1466 5851 Codice
1493 5781 1753 5851 Lucensi,
1786 5785 2050 5851 superius

421 5841 554 5896 dixi.
590 5844 760 5898 Deest
775 5860 912 5900 vero
936 5845 996 5898 in
1027 5845 1236 5902 eodem
1256 5847 1464 5902 Codice
1505 5867 1612 5907 vox
1639 5841 1820 5924 palea.
1853 5841 2042 5913 Messi.

2145 5264 2292 5335 tum]
2309 5279 2608 5335 nunquam
2622 5265 2822 5316 sancta
2841 5259 3133 5330 Scriptura
3148 5255 3406 5310 declarat
3422 5250 3450 5306 ‘l
3463 5248 3578 5307 Sed
3589 5262 3790 5318 neque

2147 5358 2458 5412 mundana:
2503 5358 2680 5427 leges,
2711 5351 3144 5410 connumeratis
3185 5346 3448 5421 personis
3475 5359 3600 5416 quae
3626 5341 3794 5394 inter

2145 5467 2208 5510 se
2234 5452 2462 5524 nuptias
2491 5451 2651 5506 nonb
2681 5449 3050 5516 contrahunt,
3083 5443 3153 5500 de
3180 5437 3514 5514 hujusmodi
3558 5432 3792 5506 aliquid

2149 5548 2364 5604 dicunt.
2393 5548 2473 5602 Ne
2515 5561 2655 5618 ergo
2699 5543 3000 5615 abnegetis
3040 5538 3196 5613 quod
3237 5533 3572 5608 negandum
3619 5529 3796 5583 nulla

2148 5643 2371 5698 ratione
2399 5640 2616 5697 docetis
2647 5638 2783 5712 [Al.,
2813 5633 3193 5706 monstratis].

2220 5787 2246 5827 δ
2274 5788 2336 5841 In
2367 5785 2507 5842 Cod.
2533 5787 2668 5842 Luc.
2701 5785 2863 5840 deest
2887 5799 3018 5846 non,
3046 5784 3108 5836 et
3144 5776 3421 5850 sequitur,
3456 5768 3796 5828 cantabunt

2148 5857 2214 5912 de
2243 5874 2302 5912 re
2326 5859 2658 5926 hujusmodi.
2683 5857 2853 5912 Idem.
