4058 6190
268 367 3607 406 Μ

1039 526 2032 649 BENEDIGTI
2129 529 2654 656 PAPIE
2759 528 2828 648 Ι

471 733 1350 878 EPISTOLA“
1443 736 1681 876 AD
1776 737 2322 876 DAVID
2418 735 3415 880 EPISCOPUM.

817 1057 1057 1124 Probat
1085 1077 1170 1124 ex
1211 1059 1414 1124 sacris
1441 1059 1698 1138 litteris,
1733 1077 2071 1126 summam
2099 1059 2486 1125 Trinitatem
2522 1061 2847 1126 unitatem
2883 1077 3048 1124 esse.

319 1189 812 1246 Reverendissimo
837 1191 998 1247 fratri
1024 1193 1286 1266 episcopo
1313 1193 1485 1249 David
1509 1235 1524 1265 ,
1552 1194 1886 1252 Benedictus
1908 1207 1968 1280 Α
1986 1198 2124 1250 Deus
2151 1195 2344 1259 Israel,
2377 1197 2476 1266 qui
2494 1195 2642 1250 sedes
2683 1210 2844 1266 super
2885 1195 3158 1250 cherubim
3197 1193 3326 1265 (Isa.
3366 1195 3613 1268 xxxvn)?

249 1283 496 1340 salutem
521 1284 582 1339 in
608 1285 865 1341 Domino.

321 1379 689 1450 Respondere
733 1378 934 1434 litteris
979 1379 1176 1434 vestris
1196 1380 1422 1452 plenius
1467 1381 1744 1452 cogitavi;
1790 1382 1888 1437 sed

248 1488 386 1526 cum
416 1472 522 1526 hoc
547 1472 875 1541 meditarer,
896 1476 1088 1528 tantus
1104 1490 1197 1529 me
1211 1474 1373 1529 dolor
1387 1475 1592 1548 tetigit,
1621 1481 1685 1530 ut
1706 1475 1889 1548 magis

248 1566 392 1622 ﬂere
417 1583 590 1638 quam
633 1565 849 1638 aliquid
889 1566 1098 1638 dicere,
1145 1568 1454 1624 delectatus
1493 1570 1621 1625 sim.
1669 1569 1774 1625 Sed
1816 1585 1888 1625 ne

247 1660 509 1715 funditus
530 1665 866 1730 remaneret,
889 1677 1070 1732 pauca
1086 1660 1245 1716 vobis
1265 1661 1570 1718 rescribere
1585 1663 1796 1731 curavi,
1817 1663 1887 1718 ad

246 1754 474 1826 potiora
501 1770 596 1808 vos
633 1756 888 1825 tempora
931 1771 1181 1826 congrue
1207 1754 1468 1810 invitans.
1511 1757 1670 1821 Quod
1693 1761 1886 1812 autem

246 1848 459 1904 littera:
505 1852 619 1902 tua:
665 1853 832 1904 testes
865 1853 1017 1918 sunt,
1049 1849 1325 1920 quosdam
1350 1849 1500 1904 intra
1539 1851 1888 1922 provinciam

246 1941 523 1996 Baeticam
547 1957 690 2010 esse,
712 1942 811 2014 qui
828 1941 1104 2014 dicerent,
1123 1943 1415 1998 neminem
1441 1944 1712 2000 veraciter
1726 1961 1887 2016 posse

244 2035 516 2108 probare,
543 2035 876 2091 Trinitatem
913 2035 1193 2091 unitatem
1230 2037 1375 2107 fieri,
1404 2053 1536 2092 cum
1563 2054 1747 2109 neque
1777 2041 1889 2093 tres

244 2147 458 2200 unum,
479 2145 666 2202 neque
692 2145 873 2184 unum
897 2128 956 2184 in
981 2129 1164 2185 tribus
1189 2134 1376 2202 posset
1401 2147 1745 2203 quemquam
1762 2149 1890 2204 pro-

243 2224 374 2295 prie
399 2223 714 2296 approbare
760 2239 774 2278 :
821 2240 959 2295 quas
1005 2223 1075 2278 ob
1123 2241 1336 2294 causas,
1383 2225 1740 2280 dilectissime
1785 2225 1884 2297 ﬁli,

244 2319 510 2373 consulta
556 2317 659 2372 tibi
704 2317 1026 2388 apostolicae
1057 2317 1203 2372 sedis
1231 2318 1528 2389 misimus,
1559 2324 1626 2374 ut
1663 2324 1762 2374 aut
1798 2319 1888 2374 his

245 2427 343 2466 eos
365 2411 438 2466 ad
469 2415 682 2466 rectam
717 2410 890 2466 ﬁdem
917 2410 1164 2466 converti
1196 2411 1385 2482 facias,
1431 2416 1532 2466 aut
1557 2413 1628 2468 ab
1657 2413 1891 2469 ecclesia

243 2509 558 2576 antequam
586 2504 756 2576 pestis
782 2505 904 2577 haec
935 2505 1102 2560 latius
1127 2505 1468 2578 divulgetur,
1508 2506 1766 2578 repellas.
1793 2507 1890 2562 His

1987 1287 2043 1344 Si
2069 1289 2254 1344 unitas
2281 1305 2397 1343 non
2421 1291 2523 1358 est,
2550 1304 2724 1360 quare
2753 1306 2768 1342 :
2797 1291 2894 1359 qui
2913 1288 3082 1351 sedes,
3103 1287 3264 1356 dixit,
3288 1293 3345 1344 et
3366 1305 3482 1344 non
3512 1289 3612 1361 qui

1987 1381 2210 1449 sedetis,
2225 1386 2282 1437 et
2293 1381 2552 1454 adjunxit
2572 1380 2782 1454 [Labb.,
2802 1379 3097 1454 abstraxit]
3114 1382 3142 1436 ?
3169 1381 3223 1436 Si
3240 1381 3479 1438 Trinitas
3497 1399 3613 1438 non

1987 1481 2090 1547 est,
2121 1492 2295 1548 quare
2323 1475 2382 1531 in
2408 1477 2736 1548 Regnorum
2777 1475 2923 1530 libro
2967 1474 3191 1545 dicitur,
3237 1478 3456 1531 Domine
3480 1479 3618 1532 Deus

1987 1573 2335 1640 omnipotens,
2375 1574 2512 1626 Deus
2547 1571 2738 1633 Israel,
2773 1585 3032 1625 sermones
3075 1571 3158 1624 tui
3189 1570 3372 1639 ﬁdeles
3396 1575 3524 1625 sunt
3549 1572 3624 1640 (II

1987 1666 2115 1732 Reg.
2147 1679 2244 1732 v11,
2275 1665 2361 1718 III
2391 1666 2520 1733 Reg.
2548 1663 2704 1734 vin)?
2729 1663 2785 1718 Si
2808 1662 2994 1717 unitas
3024 1678 3139 1716 non
3165 1666 3268 1732 est,
3307 1679 3482 1734 quare
3509 1667 3614 1728 tui,

1987 1756 2212 1828 dicitur,
2243 1762 2300 1812 et
2324 1773 2463 1825 non,
2492 1756 2681 1824 vestri,
2717 1756 2904 1828 potius
2930 1755 3263 1811 intimatur?
3289 1757 3344 1812 Si
3373 1758 3616 1814 Trinitas

1986 1867 2103 1906 non
2127 1855 2228 1920 est,
2259 1867 2362 1906 cur
2387 1850 2448 1904 in
2490 1850 2710 1921 psalmo
2740 1866 2870 1906 Lvm
2905 1852 3166 1904 cantatur
3191 1866 3203 1904 :
3237 1853 3454 1907 Domine
3479 1855 3618 1909 Deus

1985 1941 2270 2008 virtutum,
2319 1947 2457 1999 Deus
2491 1945 2680 2008 Israel,
2720 1943 2937 1998 intende
2977 1943 3053 1998 ad
3091 1944 3398 2000 visitandas
3441 1960 3618 2002 omnes

1987 2041 2209 2110 gentes?
2249 2037 2304 2093 Si
2350 2037 2536 2093 unitas
2564 2054 2680 2092 non
2723 2042 2826 2108 est,
2867 2053 3042 2109 quare
3084 2038 3300 2092 intende
3324 2039 3532 2109 posuit,
3561 2044 3618 2094 et

1987 2148 2123 2202 non,
2151 2131 2446 2202 intendite,
2474 2136 2538 2186 ut
2573 2131 2908 2204 praedicatus
2935 2134 3040 2200 est,
3063 2129 3344 2186 intimavit
3361 2131 3390 2186 ?
3414 2131 3470 2187 Si
3494 2132 3613 2188 Tri-

1986 2226 2132 2282 nitas
2157 2237 2271 2280 non
2297 2229 2399 2294 est,
2426 2242 2601 2298 quare
2626 2225 2686 2280 in
2706 2223 3038 2296 Apocalypsi
3061 2223 3228 2279 tertio
3251 2224 3394 2280 dixit
3431 2241 3445 2280 :
3473 2227 3617 2283 San-

1987 2326 2120 2384 ctus,
2133 2323 2368 2382 sanctus,
2382 2323 2618 2384 sanctus,
2633 2322 2884 2375 Dominus
2905 2322 3040 2374 Deus
3051 2321 3399 2388 omnipotens,
3414 2322 3512 2390 qui
3521 2326 3619 2390 est,

1988 2419 2039 2470 et
2051 2415 2147 2484 qui
2158 2419 2274 2468 erat
2291 2411 2477 2483 (Apoc.
2507 2412 2618 2484 1v)?
2647 2413 2702 2468 Si
2721 2411 2908 2467 unitas
2922 2427 3038 2467 non
3058 2413 3162 2478 est,
3176 2427 3350 2483 quare
3365 2428 3502 2483 non,
3521 2413 3621 2485 qui

1989 2512 2140 2574 sunt,
2169 2505 2480 2578 pluraliter,
2511 2505 2628 2574 sed,
2645 2508 2743 2576 qui
2755 2510 2892 2570 erat,
2921 2505 3277 2576 designavit?
3299 2505 3357 2561 Si
3376 2505 3618 2562 Trinitas

246 2598 469 2671 (frater)
499 2598 916 2670 Scripturarum
941 2599 1280 2654 testimoniis
1315 2600 1572 2671 (Ithacius
1608 2602 1738 2656 adv.
1775 2605 1887 2658 Va-
1908 2580 1966 2654 Β
1988 2617 2108 2658 non
2137 2606 2239 2670 est,
2270 2616 2446 2672 quare
2471 2600 2532 2667 in
2566 2600 3001 2654 Deuteronomio
3031 2599 3246 2654 dictum
3273 2601 3360 2654 est
3385 2615 3399 2654 :
3434 2603 3621 2657 Domi-

242 2693 548 2763 rimadum,
577 2709 628 2747 c.
661 2691 709 2764 1)
754 2691 1033 2748 unitatem
1063 2693 1346 2748 Trinitatis
1387 2711 1649 2766 agnosce,
1695 2698 1752 2750 et
1790 2695 1889 2750 de-

244 2787 373 2842 sine
423 2786 764 2842 Arianorum
811 2787 1148 2858 pravitatem
1202 2787 1401 2859 sequi,
1457 2792 1519 2842 ut
1568 2789 1638 2843 ab
1695 2788 1892 2844 eadem

243 2881 431 2952 possis
483 2885 844 2953 peccatorum
895 2880 1314 2952 indulgentiam
1361 2881 1698 2954 promereri,
1753 2882 1894 2937 Isaia

243 2975 534 3048 propheta
557 2975 819 3031 dicente:
868 2975 1006 3032 Vide
1044 2978 1329 3031 Dominum
1370 2977 1598 3032 sabaoth
1625 2977 1892 3032 sedentem

241 3085 416 3140 super
436 3071 688 3124 thronum
714 3070 998 3133 excelsum,
1017 3074 1067 3124 et
1084 3071 1357 3140 seraphim
1380 3071 1600 3126 stabant
1619 3072 1678 3125 in
1693 3073 1890 3126 circui-

243 3169 305 3218 tu
336 3163 461 3233 ejus
487 3182 504 3218 :
531 3179 625 3218 sea:
648 3164 751 3219 alw
777 3166 895 3227 uni,
935 3167 985 3218 et
1015 3179 1111 3219 sea:
1135 3165 1241 3219 alae
1267 3165 1450 3220 alteri.
1481 3159 1704 3220 Duabus
1742 3165 1888 3220 vela-

245 3257 387 3312 bant
410 3258 606 3325 faciem
631 3257 762 3327 ejus,
791 3257 1002 3312 duabus
1021 3263 1202 3312 autem
1224 3259 1479 3314 uelabant
1497 3259 1662 3330 pedes
1690 3258 1822 3328 ejus,
1843 3262 1893 3314 et

243 3352 467 3407 duabus
491 3352 767 3407 volabant.
795 3355 866 3409 Et
891 3353 1202 3407 clamabant
1235 3353 1310 3408 ad
1337 3354 1678 3417 alterutrum,
1708 3354 1890 3408 dicen-

245 3450 324 3502 tes
357 3464 377 3500 :
403 3447 656 3510 Sanctus,
681 3450 922 3511 sanctus,
942 3451 1197 3513 sanctus;
1229 3449 1484 3502 Dominus
1509 3451 1646 3504 Deus
1667 3447 1894 3503 sabaoth

244 3540 385 3608 (Isa.
431 3539 527 3612 v1).
561 3539 623 3596 Si
649 3539 890 3595 Trinitas
915 3557 1030 3595 non
1059 3544 1162 3610 est,
1195 3557 1370 3612 quare
1411 3541 1600 3609 tertio,
1639 3544 1888 3612 sanctus,

242 3633 558 3689 dixerunt?
585 3635 652 3689 Et
676 3633 722 3688 si
748 3633 936 3700 unitas
961 3651 1079 3690 non
1097 3639 1200 3703 est,
1232 3651 1406 3706 quare
1433 3635 1536 3690 sub
1562 3634 1711 3689 trina
1735 3651 1893 3706 repe-

239 3729 453 3784 titione
476 3744 659 3782 unum
675 3729 854 3784 Deum
874 3744 938 3783 ac
953 3727 1258 3784 Dominum
1285 3728 1624 3784 intimarunt
1641 3729 1668 3784 ?
1695 3728 1752 3784 Si
1776 3727 1892 3783 Tri-

241 3823 404 3877 nitas
431 3837 549 3876 non
577 3825 679 3892 est,
720 3837 822 3877 cur
845 3822 907 3877 in
939 3823 1217 3878 Geneseos
1242 3822 1449 3878 dicitur
1485 3839 1500 3878 :
1556 3825 1706 3878 Dixit
1730 3825 1888 3885 Deus,

242 3917 384 3984 fecit
411 3919 571 3980 Deus,
591 3919 641 3971 et
661 3916 931 3971 benedixit
947 3920 1085 3972 Deus
1113 3916 1318 3988 (Genes.
1348 3917 1424 3989 1)?
1448 3915 1504 3972 Si
1537 3932 1670 3972 vero
1702 3914 1890 3971 unitas
1910 3953 1965 4030 Ο

244 4026 372 4065 non
401 4012 506 4079 est,
536 4025 708 4082 quare
738 4009 905 4065 tertio
933 4009 1096 4081 dixit,
1126 4012 1292 4082 Deus,
1315 4014 1372 4066 et
1396 4027 1510 4066 non
1535 4009 1668 4066 deos
1694 4011 1887 4082 plura-

244 4104 387 4158 liter
411 4103 862 4159 commendavit?
891 4105 959 4158 Et
993 4104 1041 4158 si
1073 4104 1314 4160 Trinitas
1339 4121 1455 4160 non
1482 4109 1585 4175 est,
1624 4121 1802 4177 quare
1829 4104 1889 4158 in

245 4197 448 4253 Exodo
473 4197 690 4253 dictum
730 4201 814 4253 est
836 4197 1004 4252 tertio
1033 4215 1047 4252 :
1097 4201 1332 4263 Domine,
1380 4200 1611 4262 domine,
1655 4199 1885 4262 domine,

245 4294 544 4347 miserator
568 4296 619 4346 et
645 4293 943 4348 misericors
987 4292 1182 4363 (Exod.
1211 4293 1426 4364 xxx1v)?
1469 4293 1526 4348 Si
1553 4291 1742 4346 unitas
1769 4308 1886 4347 non

247 4389 362 4453 est,
387 4401 565 4458 quare
591 4384 730 4440 dum
756 4385 923 4440 tertio
953 4385 1180 4454 diceret,
1205 4385 1466 4458 Domine,
1490 4391 1682 4458 postea.
1707 4385 1883 4440 mise-

249 4487 416 4539 rator
440 4483 804 4556 singulariter
821 4483 984 4555 dixit,
1007 4487 1066 4539 et
1085 4502 1202 4540 non
1221 4485 1596 4553 miseratores,
1614 4489 1680 4540 ut
1696 4485 1885 4556 plures

247 4577 598 4647 ostenderet,
629 4577 950 4633 intimavit?
975 4578 1030 4633 Si
1045 4579 1285 4634 Trinitas
1309 4595 1429 4634 non
1454 4583 1557 4646 est,
1592 4593 1694 4634 cur
1720 4577 1891 4632 Abra-

247 4673 394 4728 ham
419 4671 490 4727 ad
515 4671 702 4727 ilicem
726 4672 972 4728 Mambre
992 4673 1212 4746 sedens,
1232 4672 1526 4744 tribusque
1567 4687 1886 4741 occurrens,

247 4767 362 4822 uni
390 4767 619 4830 domine,
650 4765 791 4821 dixit
825 4767 1026 4837 (Genes.
1057 4765 1244 4838 xvui);
1283 4772 1340 4822 et
1371 4783 1487 4821 non
1528 4766 1611 4837 (ut
1654 4765 1888 4837 viderat)

245 4865 444 4921 tribus
459 4865 808 4920 salutationis
828 4865 1162 4938 obsequium
1180 4865 1466 4921 reddidit?
1491 4865 1547 4920 Si
1565 4865 1752 4920 unitas
1773 4881 1890 4920 non

247 4959 364 5022 est,
407 4971 583 5026 quare
631 4971 761 5010 cum
809 4957 945 5012 Mos.
970 4956 1161 5026 (Erod.
1195 4957 1296 5029 111),
1328 4959 1465 5012 Deus
1501 4956 1800 5019 Abraham,
1839 4958 1890 5010 et

246 5053 394 5106 Deus
429 5051 607 5114 Isaac,
637 5055 688 5105 et
731 5053 866 5106 Deus
907 5051 1092 5114 Iacob,
1133 5049 1300 5106 tertio
1337 5049 1564 5118 diceret,
1609 5049 1890 5105 unitatem

249 5143 579 5214 ostendens,
609 5145 720 5200 Hoc
742 5146 878 5200 mihi
906 5160 1099 5200 nomen
1125 5149 1220 5208 est,
1261 5143 1433 5214 dixit;
1485 5149 1542 5200 et
1579 5159 1717 5213 non,
1763 5143 1889 5198 Haec

250 5243 392 5294 sunt
415 5243 608 5293 nostra
634 5237 1264 5314 nominabdesig'navit?
1289 5237 1345 5294 Si
1373 5237 1614 5293 Trinitas
1640 5253 1754 5291 non
1781 5239 1886 5307 est,

251 5349 435 5406 quare
461 5332 628 5388 David
658 5332 824 5388 tertio
848 5331 990 5388 dixit
1034 5349 1048 5387 :
1087 5333 1373 5389 Benedicat
1403 5348 1500 5388 nos
1544 5335 1702 5395 Deus,
1753 5334 1890 5386 Deus

248 5431 456 5491 noster,
488 5426 762 5482 benedicat
801 5443 896 5482 nos
936 5431 1073 5483 Deus
1116 5427 1335 5499 (Psalm.
1384 5425 1568 5498 xcv1)?
1605 5425 1662 5481 Si
1701 5423 1890 5480 unitas

250 5536 374 5576 non
399 5525 503 5589 est,
545 5537 720 5594 quare
755 5537 912 5590 cum,
948 5525 1088 5578 Deus
1137 5521 1304 5576 tertio
1331 5519 1697 5589 nominasset,
1732 5519 1886 5574 bene-

250 5615 428 5680 dicat,
457 5619 676 5686 etnon,
707 5615 1061 5687 benedicant,
1091 5615 1350 5688 adjunxit
1370 5616 1398 5670 ?
1426 5615 1483 5671 Si
1509 5613 1750 5669 Trinitas
1773 5629 1890 5668 non

254 5713 368 5782 est,
405 5725 507 5766 cur
531 5709 698 5766 Isaias
739 5709 926 5766 denuo
971 5711 1160 5767 dixit:
1200 5711 1422 5768 Domine
1465 5712 1603 5766 Deus
1643 5708 1888 5774 sabaoth,

1988 2710 2088 2750 nus
2112 2698 2433 2758 Deustuus,
2476 2697 2613 2749 Deus
2649 2696 2950 2749 misericors
2995 2697 3094 2760 est,
3144 2697 3196 2747 et
3228 2693 3415 2748 audiet
3445 2709 3622 2752 vocem

1991 2794 2141 2844 tuam
2171 2787 2404 2858 (Deuter.
2433 2787 2547 2859 1v)?
2572 2787 2627 2842 Si
2655 2787 2840 2842 unitas
2858 2803 2978 2842 non
3001 2789 3104 2856 est,
3127 2802 3300 2858 quare
3320 2787 3508 2843 audiet
3523 2804 3622 2860 po-

1991 2883 2122 2950 suit,
2156 2885 2213 2937 et
2245 2897 2361 2936 non
2397 2881 2648 2950 audient,
2679 2879 2998 2936 intimavit?
3022 2881 3078 2936 Si
3102 2880 3342 2936 Trinitas
3370 2897 3486 2937 non
3514 2889 3620 2948 est,

1991 2992 2165 3050 quare
2187 2976 2248 3030 in
2273 2977 2402 3030 Jesu
2428 2975 2574 3031 Nave
2598 2975 2804 3030 dicitur
2827 2974 3010 3030 libro:
3046 2977 3302 3032 Dominus
3325 2979 3466 3032 Deus
3491 2977 3619 3035 deo-

1989 3087 2112 3127 rum
2137 3075 2218 3126 est
2239 3070 2410 3141 (Iosue
2435 3087 2510 3141 11;
2539 3074 2694 3127 Deut.
2721 3070 2814 3142 x)?
2855 3068 2912 3126 Si
2951 3069 3136 3124 unitas
3165 3085 3280 3125 non
3315 3074 3416 3139 est,
3445 3088 3622 3143 quare

1990 3169 2086 3229 est,
2119 3165 2281 3232 dixit,
2310 3170 2366 3220 et
2400 3182 2539 3234 non,
2583 3169 2736 3233 sunt,
2765 3180 2923 3220 more
2953 3163 3254 3219 locutionis
3279 3164 3539 3221 induxit?
3567 3167 3625 3222 Si

1989 3259 2231 3316 Trinitas
2266 3277 2384 3314 non
2422 3265 2526 3330 est,
2565 3275 2740 3331 quare
2763 3259 2908 3313 Elias
2936 3258 3150 3314 orando
3169 3258 3270 3329 (III
3285 3262 3416 3330 Reg.
3442 3261 3620 3330 xvm),

1991 3356 2231 3418 Domine,
2258 3355 2488 3419 domine,
2525 3354 2736 3408 domine
2769 3357 2906 3409 Deus
2929 3353 3118 3416 Israel,
3153 3353 3365 3408 ostende
3406 3356 3538 3424 quia
3564 3359 3624 3409 tu

1991 3463 2043 3504 es
2071 3451 2208 3504 Deus
2234 3463 2404 3512 meus,
2436 3447 2622 3503 dixit?
2648 3447 2707 3502 Si
2733 3446 2922 3501 unitas
2945 3462 3061 3500 non
3086 3450 3190 3514 est,
3218 3462 3412 3518 quare,
3442 3452 3620 3503 osten-

1990 3543 2076 3606 de,
2105 3546 2162 3597 et
2198 3557 2316 3596 non
2354 3539 2650 3610 ostendite,
2695 3539 2925 3611 posuit?
2965 3539 3019 3595 Si
3065 3539 3305 3595 Trinitas
3346 3556 3463 3595 non
3513 3545 3620 3612 est,

1991 3652 2092 3690 cur
2118 3635 2500 3692 Mardochaeus
2529 3632 2740 3689 orando
2770 3633 2994 3703 (Esther.
3024 3634 3160 3706 x111),
3189 3637 3428 3698 Domine,
3447 3635 3620 3691 domi-

1989 3727 2054 3785 ne
2073 3733 2210 3786 Deus
2226 3731 2574 3800 omnipotens,
2597 3731 2778 3784 omnia
2796 3730 2855 3784 in
2867 3733 3132 3799 potestate
3158 3733 3254 3784 tua
3275 3733 3423 3793 sunt,
3446 3729 3624 3785 dixit?

1990 3823 2045 3880 Si
2072 3823 2262 3878 unitas
2283 3839 2400 3878 non
2442 3827 2546 3893 est,
2595 3839 2771 3895 quare
2807 3824 2868 3877 in
2911 3826 3004 3878 tua
3053 3823 3260 3894 posuit,
3304 3828 3362 3879 et
3401 3841 3518 3880 non
3559 3823 3622 3878 in

1989 3920 2192 3985 vestra,
2247 3917 2529 3990 signavit?
2571 3908 2640 3973 'Si
2688 3916 2930 3972 Trinitas
2971 3934 3088 3972 non
3140 3922 3243 3988 est,
3297 3934 3400 3973 cur
3447 3918 3622 3975 etiam

1987 4012 2184 4068 Judith
2211 4012 2424 4068 orando
2453 4009 2598 4068 dixit
2626 4028 2640 4067 :
2669 4015 2886 4068 Domine
2907 4015 3046 4068 Deus
3069 4014 3306 4068 omnium
3330 4015 3618 4076 virtutum,

1988 4109 2186 4178 respice
2224 4109 2283 4162 in
2321 4109 2617 4163 orationem
2663 4122 2840 4162 meam
2899 4107 3122 4178 (Judith.
3172 4106 3284 4177 1x)?
3326 4105 3384 4160 Si
3433 4107 3622 4160 unitas

1988 4219 2106 4256 non
2132 4205 2235 4269 est,
2284 4217 2480 4273 quare,
2530 4203 2750 4272 respice,
2797 4200 3004 4272 posuit,
3051 4204 3108 4254 et
3153 4215 3288 4268 non,
3337 4197 3617 4270 respicite,

1987 4295 2338 4367 designavit?
2377 4294 2434 4350 Si
2470 4293 2710 4348 Trinitas
2749 4311 2865 4348 non
2908 4297 3011 4361 est,
3063 4307 3238 4363 quare
3275 4291 3337 4346 in
3379 4291 3622 4347 Ieremia

1987 4389 2212 4459 dicitur,
2239 4389 2496 4444 Dominus
2533 4391 2669 4443 Deus
2703 4392 2876 4443 vester
2910 4390 3046 4443 Deus
3089 4401 3258 4441 veram
3283 4389 3362 4440 est
3405 4384 3614 4456 (Jerem.

1988 4481 2078 4554 x)?
2105 4481 2160 4537 Si
2188 4481 2376 4538 unitas
2401 4497 2518 4536 non
2544 4485 2646 4550 est,
2677 4497 2871 4552 quare,
2893 4496 3062 4536 veram
3083 4484 3180 4543 est,
3211 4479 3376 4548 dixit,
3403 4484 3458 4535 et
3478 4496 3614 4551 non,

1989 4593 2232 4647 veraces,
2256 4576 2442 4648 potius
2466 4573 2790 4631 intimavit?
2819 4575 2875 4630 Si
2905 4573 3145 4629 Trinitas
3170 4590 3288 4628 non
3311 4579 3414 4645 est,
3443 4590 3618 4648 quare
3692 4646 3697 4654 _

1988 4671 2049 4727 in
2073 4669 2405 4744 Apocalypsi
2429 4669 2701 4742 scriptum
2729 4673 2816 4724 est
2845 4685 2858 4724 :
2896 4671 3154 4726 Dominus
3191 4671 3330 4725 Deus
3372 4673 3424 4724 et
3449 4671 3616 4740 spiri-

1990 4773 2075 4824 tus
2097 4766 2488 4838 prophetaru-m
2509 4765 2660 4820 misit
2681 4764 2935 4834 angelum
2949 4779 3124 4831 suum,
3157 4763 3428 4819 ostendere
3451 4765 3618 4818 servis

1987 4864 2101 4918 suis
2134 4876 2254 4932 quae
2271 4863 2478 4931 oportet
2498 4861 2620 4929 ﬁeri
2633 4861 2736 4914 cito
2763 4858 2950 4930 (Apoc.
2978 4857 3058 4930 1)?
3076 4856 3134 4914 Si
3159 4856 3344 4912 unitas
3366 4873 3484 4911 non
3512 4861 3614 4927 est,

1989 4971 2164 5028 quare
2191 4971 2321 5010 cum
2349 4955 2574 5008 Patrem
2600 4957 2656 5008 et
2679 4952 2881 5008 Filium
2903 4956 2960 5008 et
2983 4949 3257 5022 Spiritum
3275 4949 3615 5021 nominasse,

1986 5051 2137 5105 misit
2161 5049 2438 5112 Dominus,
2469 5046 2631 5118 dixit,
2659 5051 2872 5116 etnon,
2901 5043 3198 5114 miserunt,
3216 5043 3320 5098 sub
3341 5047 3621 5116 praatextu

1985 5143 2162 5199 trium
2173 5159 2542 5215 personarum
2553 5146 2610 5196 et
2622 5140 2922 5196 nominum
2933 5137 3286 5194 introduxit?
3307 5137 3361 5194 Si
3375 5139 3620 5194 Trinitas

1987 5254 2104 5292 non
2129 5242 2232 5307 est,
2265 5251 2440 5309 quare
2482 5235 2543 5290 in
2587 5231 3018 5289 Deuteronomio
3059 5231 3269 5286 dicitur
3306 5249 3322 5288 :
3365 5235 3621 5289 Dominus

1988 5335 2126 5389 Deus
2153 5336 2326 5388 vester
2350 5331 2434 5386 hic
2459 5333 2554 5392 est,
2583 5329 2718 5384 Deus
2747 5327 2920 5398 (Deut.
2947 5326 3044 5397 x)?
3077 5325 3134 5382 Si
3157 5325 3346 5382 unitas
3371 5343 3488 5382 non
3514 5330 3617 5396 est,

1989 5441 2182 5499 quare,
2211 5428 2310 5481 Hic
2335 5428 2431 5493 est,
2460 5421 2622 5490 dixit,
2649 5425 2706 5477 et
2727 5437 2862 5489 non,
2885 5420 2946 5476 hi
2969 5424 3120 5490 sunt,
3142 5419 3350 5493 plurali
3375 5434 3617 5475 numero

1989 5517 2336 5591 designavit?
2361 5517 2420 5572 Si
2446 5515 2687 5572 Trinitas
2725 5531 2846 5572 non
2873 5519 2976 5586 est,
3007 5531 3184 5588 quare
3213 5514 3275 5569 in
3304 5513 3503 5568 eodem
3526 5510 3616 5566 di-

1989 5613 2135 5668 citur
2160 5611 2304 5667 libro
2337 5627 2351 5666 :
2383 5613 2636 5668 Dominus
2662 5614 2800 5667 Deus
2829 5614 2952 5666 tuus
2973 5651 2991 5673 ,
3023 5613 3160 5665 Deus
3187 5619 3416 5674 magnus
3440 5609 3493 5659 et
3513 5619 3619 5676 po-

1991 5711 2102 5764 tens
2128 5711 2205 5762 est
2233 5703 2454 5782 (Ibid)?
2471 5705 2532 5763 Si
2553 5705 2739 5764 unitas
2755 5721 2870 5760 non
2889 5707 2992 5770 est,
3011 5702 3620 5772 quare,magnusetpos

342 5861 366 5892 ⁸
391 5863 546 5921 Falsa
571 5869 628 5922 et
650 5833 1042 5924 commentitia
1067 5865 1139 5922 ab
1163 5867 1365 5924 eodem
1389 5867 1694 5926 Mercatore
1721 5867 1972 5942 farrago.
1993 5864 2162 5924 ιω.
