4058 6190
532 355 634 407 787
1558 349 1894 417 LICINIANI,
1935 347 2508 407 CARTHAGINENSIS
2545 345 2863 409 EPISCOPI.
3761 359 3846 413 688

531 467 665 526 tens,
692 465 749 518 et
771 477 884 516 non
904 458 1198 532 pluraliter
1211 457 1573 515 nominatur?
1593 460 1648 516 Si
1671 460 1910 515 Trinitas
1928 477 2043 515 non
2063 465 2164 529 est,
2189 473 2247 546 Α
2265 460 2392 528 ﬁde,
2422 462 2754 517 attendentes
2779 461 3059 532 spiritibus
3097 463 3290 516 erroris
3323 464 3374 516 et
3411 459 3658 518 doctrinis
3681 463 3848 519 damo-

529 572 634 611 cur
654 557 851 610 Tobias
873 554 1054 608 ﬁlium
1079 569 1248 607 suum
1275 569 1406 608 cum
1436 553 1498 608 in
1517 555 1698 626 Rages
1717 554 1996 610 civitatem
2025 572 2157 609 cum
2266 555 2480 609 niorum
2504 557 2564 610 in
2592 557 2866 626 hypocrisi
2891 556 3220 626 loquentium
3241 555 3574 611 mendacium
3593 599 3610 619 ,
3631 563 3677 612 et
3697 565 3848 614 caute-

526 649 809 721 Raphaele
831 647 1031 717 angelo
1049 646 1317 728 mitteret,
1345 647 1682 702 benedicens
1706 665 1824 714 eos,
1857 648 1936 702 ita
1951 648 2155 704 dixisse
2256 649 2463 702 riatam
2507 649 2818 704 habentium
2862 665 3019 704 suam
3057 652 3460 712 conscientiam,
3493 651 3849 720 prohibentium

526 743 794 798 docetur:
826 745 964 795 Deus
1001 741 1300 807 Abraham,
1330 745 1382 794 et
1420 745 1556 796 Deus
1595 743 1772 805 Isaac,
1810 746 1860 796 et
1886 745 2021 797 Deus
2055 745 2152 797 Ja-

523 838 635 900 cob,
683 837 795 905 ipse
830 834 1056 904 impleat
1109 835 1518 889 benedictionem
1547 850 1702 890 suam
1746 838 1803 889 in
1829 837 1976 891 vobis
2001 836 2151 904 (Tob.

2253 741 2470 804 nubere,
2497 743 2764 798 abstinere
2779 759 2818 798 a
2832 743 2960 798 cibis
2977 758 3106 812 quos
3122 746 3258 799 Deus
3278 746 3478 798 creavit
3496 743 3569 798 ad
3581 747 3843 816 percipien-

2253 833 2384 888 dum
2413 850 2532 889 cum
2555 838 2862 906 gratiarum
2874 839 3099 900 actione,
3127 837 3394 906 ﬁdelibus,
3414 842 3464 892 ct
3483 839 3563 892 his
3582 841 3671 908 qui
3691 853 3843 908 cogno-

525 929 656 1000 vn)?
683 928 739 983 Si
769 927 955 982 unitas
985 943 1100 982 non
1125 930 1230 995 est,
1259 943 1454 999 quare,
1486 930 1598 999 ipSe
1624 929 1866 999 impleat,
1907 927 2068 992 dixit,
2099 933 2156 984 et
2252 933 2446 983 verunt
2470 932 2774 998 veritatem,
2811 933 2940 1000 quia
2965 933 3134 985 omnis
3159 936 3410 986 creatura
3435 933 3532 986 Dei
3556 931 3681 986 bona
3704 937 3784 996 est,
3803 938 3844 988 et

521 1041 636 1080 non
651 1022 761 1094 ipsi
776 1020 1389 1092 impleant,intimavit?
1401 1023 1714 1092 Postremo,
1733 1022 1780 1076 si
1789 1022 2028 1077 Trinitas
2038 1039 2152 1076 non

521 1122 622 1187 est,
645 1131 822 1188 quare
853 1115 1127 1169 Dominus
1155 1114 1454 1187 discipulos
1480 1132 1612 1170 suos
1637 1117 1698 1170 in
1721 1115 1953 1171 nomine
1972 1115 2152 1171 Patris

521 1216 576 1266 et
607 1210 731 1265 Filii
755 1213 811 1265 et
835 1207 1076 1280 Spiritus
1117 1209 1297 1264 sancti
1333 1209 1624 1264 universas
1651 1215 1848 1280 gentes
1874 1210 2028 1265 misit
2051 1210 2146 1264 ba-

517 1304 729 1377 ptizare
757 1303 972 1374 (Matth.
1002 1303 1230 1374 XXVIII)?
1271 1302 1327 1358 Si
1355 1303 1536 1358 unitas
1570 1320 1690 1358 non
1729 1308 1833 1374 est,
1875 1320 2050 1376 quare
2092 1307 2151 1359 in

516 1401 748 1462 nomine,
799 1395 958 1466 dixit,
991 1401 1048 1451 et
1093 1413 1228 1466 non,
1281 1397 1340 1450 in
1384 1397 1728 1465 nominibus,
1772 1397 2149 1468 praecipiendo

515 1491 852 1565 perdocuit?
878 1490 933 1546 Si
961 1489 1202 1545 Trinitas
1225 1506 1339 1545 non
1364 1496 1468 1560 est,
1490 1507 1666 1562 quare
1691 1492 1972 1562 apostolus
2000 1493 2144 1546 Pau-

517 1589 606 1641 lus
631 1585 710 1640 ait
735 1603 749 1640 :
783 1588 867 1640 Ea:
904 1587 1041 1656 ipso,
1083 1589 1132 1640 et
1154 1600 1256 1655 per
1283 1587 1480 1655 ipsum,
1512 1590 1563 1640 et
1589 1587 1648 1639 in
1671 1587 1786 1656 ipso
1815 1590 1941 1640 sunt
1967 1588 2148 1641 omnia

517 1681 688 1753 (Rom.
715 1680 832 1750 xl)?
861 1677 914 1733 Si
953 1677 1142 1733 unitas
1165 1695 1282 1733 non
1311 1683 1417 1745 est,
1446 1694 1641 1750 quare,
1669 1695 1736 1734 ea:
1762 1682 1898 1750 ipso,
1936 1679 2143 1750 posuit,

2250 1021 2393 1076 nihil
2431 1021 2799 1091 rejiciendum,
2831 1025 2976 1094 quod
3002 1040 3119 1078 cum
3147 1027 3456 1094 gratiarum
3483 1028 3677 1102 actione
3693 1029 3838 1096 perci-

2245 1115 2423 1184 pitur.
2450 1117 2839 1186 Sanctiﬁcatur
2857 1120 2998 1173 enim
3018 1133 3120 1188 per
3142 1119 3364 1173 verbum
3375 1121 3476 1174 Dei
3498 1123 3548 1173 et
3572 1121 3835 1174 orationem.

2251 1209 2376 1262 Haec
2411 1224 2718 1280 prOponens
2750 1212 3042 1278 fratribus,
3075 1212 3240 1267 bonus
3269 1214 3380 1267 eris
3409 1214 3643 1267 minister
3679 1213 3842 1270 Christi

2247 1303 2392 1366 Jesu,
2422 1305 2688 1358 enutritus
2712 1305 2870 1360 verbo
2894 1305 3024 1375 ﬁdei
3047 1310 3099 1360 et
3128 1306 3276 1360 bonae
3299 1305 3571 1370 doctrinae,
3599 1323 3744 1376 quam
3765 1322 3832 1362 as-

2246 1399 2454 1452 secutus
2479 1411 2552 1452 es.
2579 1400 2796 1468 Ineptas
2839 1403 3021 1454 autem
3047 1403 3098 1454 et
3134 1401 3324 1454 inanes
3363 1400 3580 1466 fabulas
3601 1401 3774 1463 devita,
3795 1406 3833 1455 et

2247 1503 2427 1544 ert-erce
2455 1493 2681 1560 teipsum
2696 1492 2773 1546 ad
2786 1493 3066 1563 pietatem.
3089 1495 3232 1552 Nam
3255 1494 3547 1564 corporalis
3573 1496 3832 1549 exercitatio

2245 1582 2323 1636 ad
2346 1583 2612 1639 modicum
2647 1586 2800 1640 utilis
2841 1591 2937 1641 est.
2979 1588 3160 1642 Pietas
3197 1591 3382 1642 autem
3421 1587 3495 1642 ad
3541 1589 3703 1642 omnia
3745 1590 3830 1641 uti-

2249 1676 2314 1730 lis
2367 1683 2464 1740 est,
2518 1681 2926 1749 promissionem
2975 1681 3172 1737 habens
3230 1683 3358 1736 vita
3419 1697 3536 1750 qua
3582 1697 3707 1736 nunc
3755 1686 3830 1744 est,

515 1780 734 1845 etnon,
779 1789 848 1828 ex
894 1772 1058 1844 ipsis,
1104 1771 1387 1826 astruxit?
1439 1771 1495 1826 Si
1541 1771 1693 1826 enim
1745 1777 1896 1828 certo
1939 1772 2146 1827 certius
2244 1774 2295 1824 et
2354 1771 2580 1837 futurae.
2645 1773 2844 1829 Fidelis
2906 1789 3076 1830 sermo
3138 1779 3190 1830 et
3238 1777 3389 1830 omni
3434 1777 3708 1846 acceptione
3761 1775 3829 1828 di-

513 1867 759 1925 volueris
788 1866 1062 1922 unitatem
1089 1865 1378 1920 Trinitatis
1408 1882 1732 1938 agnoscere,
1771 1883 1804 1920 a
1831 1882 1982 1938 saepe
2003 1866 2150 1922 dicto
2169 1853 2227 1925 B
2250 1879 2407 1933 gnus.
2448 1867 2512 1920 In
2558 1866 2652 1921 hoc
2688 1869 2831 1922 enim
2883 1869 3190 1924 laboramus
3222 1873 3274 1923 et
3317 1869 3694 1935 maledicimur,
3728 1872 3831 1938 quia

513 1965 738 2022 doctore
755 1961 1013 2034 gentium
1032 1961 1282 2031 apostolo
1305 1960 1513 2031 poteris
1526 1959 1783 2014 universa
1803 1960 2146 2030 condiscere,

2247 1971 2524 2026 speramus
2569 1962 2630 2014 in
2670 1964 2837 2016 Deum
2876 1965 3079 2026 vivum,
3133 1965 3231 2034 qui
3269 1967 3348 2019 est
3380 1963 3614 2018 salvator
3637 1965 3830 2017 omnium

512 2063 569 2115 et
592 2057 752 2129 sequi
781 2054 1114 2110 catholicam
1145 2053 1338 2121 tidem,
1367 2059 1422 2108 et
1445 2053 1785 2108 Arianorum
1811 2054 2149 2125 pravitatem
2248 2051 2523 2107 hominum
2542 2095 2561 2117 ,
2589 2057 2925 2126 marcimeque
2949 2057 3210 2126 ﬁdelium.
3238 2059 3474 2128 Prwcipe
3501 2057 3603 2111 haec
3635 2060 3679 2110 et
3712 2056 3825 2110 doce.

511 2167 780 2224 respuere
809 2168 823 2204 :
859 2150 1051 2208 Gratia
1089 2149 1308 2202 Domini
1335 2149 1509 2201 nostri
1542 2150 1665 2202 Jesu
1691 2148 1908 2211 Christi,
1940 2147 2144 2219 inquit,

2246 2147 2411 2201 Nemo
2459 2147 2874 2204 adolescentiam
2903 2155 3054 2206 tuam
3075 2155 3416 2214 contemnat,
3458 2151 3549 2206 sed
3569 2150 3827 2222 peremptum

510 2253 561 2303 et
589 2248 827 2301 charitas
849 2245 981 2306 Dei,
1011 2246 1062 2297 et
1099 2242 1506 2297 communicatio
1541 2243 1716 2296 sancti
1737 2243 1993 2312 Spiritus.
2021 2243 2147 2312 Ipsa
2245 2243 2354 2292 esto
2381 2239 2622 2308 ﬁdelium
2651 2243 2712 2296 in
2752 2243 2932 2307 verbo,
2958 2246 3017 2298 in
3053 2247 3478 2306 conversatione,
3513 2246 3568 2298 in
3591 2244 3828 2302 charitatc,

510 2343 590 2397 est
613 2340 814 2400 Patris,
857 2341 907 2391 et
951 2337 1104 2399 Filii,
1145 2340 1196 2390 et
1239 2337 1477 2406 Spiritus
1517 2336 1696 2389 sancti
1738 2334 1811 2404 (Π
1849 2337 1966 2392 Cor.
2005 2334 2143 2405 xm).

507 2432 799 2498 Quomodo
826 2434 1019 2485 autem
1039 2429 1099 2482 in
1127 2428 1397 2483 Trinitate
1425 2444 1609 2482 unum
1629 2427 1796 2483 sunt?
1825 2427 1958 2499 quia
1985 2431 2146 2484 natu-

508 2548 571 2586 ra
600 2533 770 2601 atque
806 2527 833 2558 ⁸
868 2529 938 2582 ab
965 2527 1208 2582 invicem
1239 2525 1486 2598 separari
1512 2541 1630 2580 non
1672 2529 1930 2596 possunt.
1961 2525 2141 2580 Caete-

506 2640 658 2694 rum,
683 2624 856 2678 frater
875 2621 1219 2691 charissime,
1249 2637 1376 2692 qua
1403 2624 1498 2674 tua
1526 2619 1891 2674 continebant
1914 2618 2138 2690 scripta,

507 2735 574 2776 ex
605 2717 868 2788 subjectis
893 2715 1186 2771 sententiis
1213 2716 1459 2770 maxime
1499 2713 1694 2768 omnia
1735 2711 1944 2784 poteris
1979 2697 2156 2766 colli:

507 2827 642 2884 gere
669 2811 716 2866 δ.
750 2811 978 2866 Necesse
1022 2813 1125 2878 est,
1164 2808 1340 2862 frater
1375 2805 1723 2873 charissime,
1769 2806 1964 2860 adesse
1995 2805 2138 2860 divi-

505 2923 666 2972 num,
698 2904 792 2958 ubi
819 2905 1138 2958 humanum
1181 2905 1358 2956 cessat
1395 2900 1692 2956 auxilium.
1753 2900 1818 2954 Et
1861 2903 1926 2954 ut
1972 2899 2138 2970 juxta

504 2998 822 3071 apostolum
846 2997 1082 3051 Paulum
1112 2995 1385 3065 dicamus,
1413 2995 1545 3050 licet
1580 2993 1750 3048 verba
1774 2992 2135 3064 replicemus,

506 3109 637 3166 qua:
663 3092 781 3162 ipse
809 3089 1102 3145 Timotheo
1130 3088 1323 3143 scribit
1348 3088 1538 3143 dicens
1568 3105 1581 3142 :
1618 3088 1856 3143 Ecclesia
1880 3088 1978 3142 Dei
2000 3089 2136 3150 vivi,

2245 2333 2306 2386 in
2331 2333 2456 2401 ﬁde,
2487 2337 2546 2388 in
2572 2338 2842 2392 castitate.
2861 2341 2996 2393 Dum
3014 2341 3186 2402 venio,
3207 2339 3428 2394 attende
3449 2339 3663 2400 lectioni,
3680 2338 3825 2391 exhor-

2246 2427 2460 2490 tationi,
2489 2427 2766 2485 doctrinae.
2795 2432 2924 2490 Noli
2937 2433 3202 2502 negligere
3223 2434 3464 2502 gratiam
3490 2447 3602 2502 qua:
3619 2433 3670 2485 in
3692 2435 3732 2485 te
3749 2434 3821 2489 est.

2243 2534 2362 2588 quae
2391 2519 2526 2574 data
2553 2525 2630 2576 est
2650 2523 2752 2577 tibi
2770 2539 2871 2594 per
2891 2527 3236 2596 prophetiam
3263 2541 3384 2580 cum
3411 2526 3719 2595 impositione
3739 2541 3822 2576 ma-

2241 2628 2408 2666 nuum
2430 2615 2772 2684 presbyterii.
2802 2621 2926 2674 Haec
2961 2619 3247 2682 meditare,
3279 2621 3340 2672 in
3369 2620 3450 2674 his
3477 2622 3598 2680 esto,
3631 2623 3684 2672 ut
3716 2633 3820 2688 pro-

2239 2706 2414 2772 fectus
2455 2711 2578 2763 tuus
2617 2713 2938 2778 manifestus
2989 2715 3062 2767 sit
3107 2713 3373 2768 omnibus.
3425 2712 3642 2768 Attende
3677 2711 3759 2765 tibi
3785 2715 3823 2763 et

2240 2799 2518 2864 doctrinae,
2549 2805 2694 2859 insta
2736 2807 2794 2860 in
2837 2807 2970 2862 illis.
3001 2809 3110 2863 Hoc
3147 2809 3290 2862 enim
3325 2808 3546 2874 faciens,
3569 2810 3616 2860 et
3639 2807 3819 2874 teipsum

2239 2894 2452 2948 salvum
2500 2897 2690 2963 facies,
2743 2903 2795 2954 et
2834 2915 2918 2954 eos
2965 2903 3063 2970 qui
3117 2905 3166 2955 te
3218 2901 3453 2956 audiunt
3504 2898 3550 2970 (Ι
3591 2901 3708 2954 Tim.
3741 2899 3817 2967 ιιι).

2239 2985 2409 3042 Fame
2435 2988 2589 3043 enim
2619 2991 2788 3046 nimis
2828 2992 3104 3065 afﬂigitur
3132 2994 3380 3066 populus
3422 2995 3707 3071 Romanus,
3733 3005 3818 3062 qua

2238 3079 2394 3136 clade
2425 3086 2594 3154 atque
2633 3085 2760 3140 aliis
2790 3087 3165 3143 anxietatibus
3193 3093 3433 3143 vexatus
3471 3087 3685 3160 longam
3720 3083 3815 3156 epi-

504 3188 751 3242 columna
790 3190 840 3240 et
877 3186 1269 3254 ﬁrmamentum
1315 3186 1390 3237 est
1430 3183 1696 3237 veritatis.
1743 3183 1812 3236 Et
1853 3182 2136 3248 manifeste
2155 3221 2210 3296 C
2235 3174 2434 3229 stolam
2491 3176 2730 3234 minime
2785 3180 3030 3236 scribere
3090 3182 3259 3238 valui.
3308 3183 3576 3254 Tempore
3609 3193 3816 3250 congruo

799 3282 861 3296 μλ
892 3279 1106 3296 νησ-λ..ιγ·-
1139 3292 1339 3296 ---μ-,μ
1358 3280 1521 3296 ---μημ
1578 3275 2128 3296 -,---Α.⁴Ι...-...·ρ-,.ι,..ι--..-
2237 3271 2436 3296 ,ΞΑ----2
2493 3275 2550 3296 1-:
2604 3293 2763 3296 _x_x,
2893 3279 2915 3296 ο
3019 3280 3074 3296 ιιι
3191 3280 3249 3296 ο..
3396 3286 3405 3296 .
3642 3295 3645 3296 ,
3708 3275 3788 3296 j--.’

437 3255 440 3259 ’
504 3296 761 3352 magnum
786 3282 862 3334 est
880 3279 1106 3348 pientis
1132 3280 1548 3338 sacramentum,
1570 3275 1713 3344 quod
1726 3275 2134 3341 manifestatum

503 3381 580 3432 est
601 3377 660 3430 in
681 3388 858 3437 carne,
876 3372 1232 3442 justiﬁcatum
1257 3375 1334 3425 est
1359 3372 1420 3424 in
1441 3371 1659 3441 spiritu,
1688 3371 1952 3440 apparuit
1975 3385 2133 3436 ange-

504 3472 590 3534 lis,
615 3469 976 3541 prwdicatum
999 3470 1075 3522 est
1097 3467 1154 3520 in
1177 3465 1442 3533 gentibus,
1459 3463 1720 3519 creditum
1731 3467 1808 3518 est
1827 3465 1886 3517 in
1909 3463 2132 3527 mundo,

502 3569 838 3635 assumptum
866 3566 942 3617 est
965 3562 1023 3614 in
1047 3561 1242 3630 gloria.
1270 3561 1506 3630 Spiritus
1529 3563 1706 3612 autem
1733 3559 2019 3624 manifeste
2043 3557 2132 3612 di-

505 3662 597 3724 cit,
625 3659 756 3729 quia
788 3659 846 3710 in
871 3656 1170 3710 novissimis
1199 3653 1522 3724 temporibus
1547 3651 1817 3708 discedent
1843 3651 2070 3722 quidam
2099 3667 2136 3706 a

576 3799 603 3830 ⁸
638 3800 915 3854 Hactenus
943 3795 1114 3850 verba
1145 3794 1354 3851 lthacii.
1382 3795 1545 3850 LABB.

575 3870 605 3910 δ
631 3870 852 3926 Hincm.
897 3867 1028 3922 dial.
1071 3867 1140 3921 de
1183 3871 1327 3921 statu
1367 3865 1613 3923 ecclesiae
1647 3865 1781 3922 citat
1806 3881 1876 3922 ex
1903 3865 2136 3923 Philone

506 3941 756 3998 maximo
783 3941 1102 4012 legatorum
1130 3954 1164 3992 a
1187 3936 1397 3993 Iudaeis
1436 3937 1568 3992 Caio
1595 3937 1735 4010 imp.
1765 3937 2132 3994 directorum.

2233 3271 2438 3327 denuoi
2492 3275 2555 3344 (si
2604 3293 2832 3334 necesse
2888 3279 3077 3352 fuerit)
3127 3280 3312 3350 mitte,
3359 3286 3414 3336 et
3438 3297 3501 3336 ea
3541 3295 3656 3352 qua:
3697 3275 3812 3332 desi-

2237 3365 2539 3438 deraveris,
2605 3387 2786 3427 sume.
2857 3373 3001 3429 Deus
3061 3379 3116 3430 te
3180 3374 3504 3430 incolumen
3560 3370 3809 3434 custodiat,

2232 3462 2410 3520 frater
2458 3467 2805 3526 oharissime.
2855 3473 3057 3529 Amen.
3113 3475 3248 3529 Data
3297 3490 3355 3528 1v
3401 3475 3576 3528 Nonas
3630 3468 3808 3542 Aprilis,

2231 3557 2448 3615 Iustino
2481 3560 2686 3634 [Labb.,
2713 3565 3050 3640 Iustiniano]
3099 3572 3157 3622 et
3192 3567 3355 3624 Libio
3387 3567 3519 3623 viris
3545 3561 3810 3622 clarissimis

2234 3654 2558 3712 consulibus
2595 3668 2638 3712 ο.

2307 3804 2329 3833 ο
2366 3790 2600 3849 Mendax
2625 3789 2922 3846 consulum
2947 3789 3258 3848 adnotatio.
3290 3791 3453 3849 Lua.

2240 3938 2401 3996 ιω.

520 4144 846 4151 m

1778 4284 1944 4330 ANNO
2005 4282 2222 4330 DOMINT
2267 4283 2578 4330 DLXXXIV.

1465 4429 2921 4658 LICINIANUS,

1007 4729 2356 4857 CARTHAGINENSIS
2480 4725 3366 4854 EPISCOPUS.

1319 5061 2096 5239 κατι-ΗΑ
2204 5061 2470 5182 nx
2576 5059 3123 5182 cava.

553 4915 3784 4960 __________________________________..

573 5341 890 5400 Licinianus
913 5341 1266 5414 Carthaginis
1289 5341 1586 5414 Spartaria?
1611 5340 1673 5396 in
1699 5339 1962 5412 Hispania
1983 5339 2127 5412 epis-
2145 5353 2204 5426 D
2226 5339 2500 5412 quosdam
2525 5338 2625 5411 qui
2666 5337 2966 5394 credebant
2995 5335 3253 5408 epistola
3294 5333 3362 5388 de
3401 5327 3532 5386 coelo
3546 5316 3780 5426 cecidisti.

497 5457 691 5515 copus,
707 5436 908 5492 claruit
922 5451 1071 5490 anno
1096 5437 1218 5490 584.
1251 5437 1482 5490 Exstant
1500 5436 1750 5508 epistolaa
1776 5433 1994 5506 aliquot
2031 5433 2126 5488 ha-

495 5543 693 5593 ctenus
706 5529 933 5587 inedita:
953 5546 966 5582 :
990 5543 1194 5598 nempe
1219 5533 1272 5583 t°
1301 5529 1535 5600 epistola
1553 5530 1624 5585 ad
1639 5533 1899 5585 sanctum
1918 5528 2124 5599 Grego-

494 5631 646 5686 rium
665 5641 891 5700 papam;
913 5625 974 5679 2°
993 5621 1065 5675 ad
1083 5620 1462 5693 Epiphanium
1488 5623 1788 5678 diaconum
1810 5639 1912 5678 suo
1939 5626 1995 5678 et
2024 5621 2121 5677 Se-

492 5724 612 5780 veri
641 5718 910 5794 episcopi,
943 5719 1005 5772 ut
1029 5714 1250 5770 videtur
1284 5712 1595 5770 Malacitani
1640 5717 1896 5787 nomine,
1924 5716 1985 5770 in
2009 5731 2122 5788 qua

493 5808 804 5872 ostenditur
845 5811 1077 5883 angelos
1110 5825 1227 5864 esse
1259 5808 1431 5863 totius
1458 5807 1706 5878 corporis
1734 5815 2026 5880 expertes;
2059 5812 2119 5864 3°

494 5907 932 5964 adVincentium
967 5905 1286 5960 Ebusitanaa
1315 5902 1514 5956 insulae
1541 5901 1890 5973 episcopum,
1921 5906 2120 5957 contra

2226 5433 2528 5506 Descripta:
2558 5437 2690 5487 sunt
2709 5432 2796 5486 hae
2821 5431 3069 5503 epistolae
3100 5447 3169 5484 ex
3197 5427 3394 5484 Codice
3425 5439 3522 5478 ms.
3546 5415 3778 5509 Toletaut),

2223 5545 2364 5600 quas
2393 5505 2551 5598 prelo
2578 5525 2794 5598 paravit
2813 5524 3112 5580 cardinalis
3132 5520 3440 5594 d’Aguirre,
3464 5513 3536 5569 uti
3553 5511 3604 5564 in
3622 5505 3779 5560 notitia

2223 5638 2323 5676 sua
2348 5622 2468 5692 ipse
2495 5637 2594 5675 nos
2622 5619 2803 5690 docet,
2827 5635 2958 5691 pag.
2992 5621 3112 5674 tOO.
3142 5619 3209 5672 Et
3234 5615 3400 5671 ﬁdem
3423 5604 3776 5702 ςυίάθιξι,⁵¹¹ῗ¹ῗ¹

2221 5713 2324 5769 hac
2370 5714 2430 5770 in
2479 5719 2636 5786 parte
2695 5713 2952 5770 liberavit
3009 5707 3468 5768 eminentissimus
3508 5686 3771 5754 cardinalis

2219 5808 2384 5864 editis
2411 5807 2500 5863 his
2523 5809 2706 5864 tribus
2731 5807 2983 5880 epistolis
3023 5807 3191 5862 Conc.
3231 5802 3376 5874 Hisp.
3421 5804 3546 5854 tom.
3589 5788 3642 5854 ΙΙ,

2218 5903 2339 5956 427.
2370 5902 2600 5974 Scripsit
2622 5874 2942 5957 Licinianus
2983 5905 3040 5954 et
3081 5899 3190 5954 alia
3233 5894 3500 5970 quaedam,
3537 5885 3654 5942 teste
3686 5874 3763 5929 lsi-
