4058 6190
323 291 426 346 689

971 285 1292 346 EPISTOLA
1329 287 1556 356 PRIMA,
1596 289 1684 345 AD
1721 287 2030 346 SANCTUM
2064 287 2455 345 GREGORIUM
2503 286 2744 344 PAPAM.

3583 291 3687 348 690

319 412 456 468 doro
483 409 795 484 Hispalensi
822 410 893 468 de
922 409 1126 483 Script.
1152 411 1362 467 Eccles.
1400 427 1524 482 cap.
1553 413 1645 478 29,
1675 427 1787 483 pag
1817 451 1832 466 .
1856 413 1945 482 89,
1969 423 2029 499 Α
2049 410 2317 466 stinctum
2339 411 2410 466 ab
2442 410 2686 466 aemulis.
2716 411 2792 464 De
2821 369 3092 468 Liciniani
3117 410 3404 485 Opusculis
3429 417 3487 469 et
3508 415 3682 471 Pseu-

319 510 376 560 et
398 505 459 560 in
504 504 573 560 iis
607 504 894 576 praecipue
920 504 1220 576 epistolam
1259 505 1330 559 de
1359 503 1720 560 Sacramento
1761 505 1946 577 bapti-

316 597 512 654 smatis
527 641 542 668 ,
587 598 658 653 ad
705 597 1040 670 Eutropium
1092 598 1373 668 abbatem,
1428 600 1631 670 postea
1679 597 1950 654 Valentiae

315 692 668 765 episcopum,
695 691 796 763 qui
833 691 904 746 ab
941 707 1009 748 eo
1045 691 1301 764 petierat,
1331 707 1506 764 quare
1543 690 1834 763 baptizatis
1868 691 1952 747 in-

311 786 568 842 fantibus
615 783 934 840 chrismatis
989 785 1183 840 unctio
1233 785 1583 840 tribueretur
1599 787 1628 841 ?
1677 785 1777 840 sed
1827 785 1950 840 haec

313 879 553 951 epistola
567 879 795 951 periisse
821 878 1062 934 videtur.
1085 878 1284 934 Subdit
1312 879 1577 950 Isidorus,
1595 878 1950 935 Licinianum

311 971 800 1045 Constantinopoli
833 972 1182 1044 occubuisse,
1227 989 1466 1044 veneno,
1516 976 1579 1028 ut
1617 973 1829 1042 ferunt,
1858 990 1952 1030 ex-

2048 503 2356 559 domaximi
2381 503 2442 558 in
2479 503 2757 559 Chronico
2797 504 2943 560 circa
2990 507 3089 561 illa
3137 505 3394 578 ﬁngendi
3435 507 3680 580 licentia,

2047 614 2164 652 non
2206 613 2385 669 pauca
2411 597 2627 652 notavit
2653 597 2998 654 clarissimus
3026 600 3303 656 Antonius
3349 601 3490 656 Bibl.
3526 602 3680 673 Hisp.

2048 693 2169 746 Vet.
2199 691 2298 746 lib.
2327 707 2402 760 1v,
2444 707 2569 763 cap.
2608 695 2663 758 2,
2708 709 2768 763 p.
2798 695 2925 760 2H,
2956 696 3064 748 etc.
3096 693 3405 764 Epistolam
3444 696 3515 751 ad
3545 696 3680 751 Gre-

2050 785 2275 856 gorium
2309 800 2516 856 papam
2541 785 2610 839 de
2635 784 2780 840 libro
2807 787 3156 858 [tegularum
3198 788 3366 859 emit,
3394 789 3682 863 ediditque

2047 877 2355 934 Dacherius
2391 877 2659 951 Spioileg.
2686 883 2807 936 tom
2833 881 2900 950 H,
2925 897 3060 953 pag.
3087 883 3214 936 368.

1230 1249 1629 1326 LICINIANI,
1679 1250 2370 1319 CARTHAGINENSIS
2414 1253 2792 1331 EPISCOPI,

496 1392 1053 1486 EPISTOLA
1120 1393 1500 1499 PRIMA,
1559 1395 1712 1487 AD
1779 1394 2304 1490 SANCTUM
2369 1396 3035 1492 GREGORIUM
3101 1397 3512 1492 PAPAM.

1638 1531 1734 1601 (De
1773 1532 1920 1589 libro
1963 1533 2362 1607 Regularum.)

381 1717 622 1775 Domino
643 1719 970 1776 beatissimo
991 1719 1264 1792 Gregorio
1290 1736 1452 1792 papae
1478 1719 1794 1776 Licinianus
1818 1720 1940 1792 epi-
1963 1734 2019 1806 B
2044 1720 2156 1778 vita
2173 1720 2294 1777 sine
2320 1719 2440 1794 [Ms.
2467 1723 2632 1779 Tolet.
2660 1722 2774 1779 sive
2799 1723 2876 1796 in]
2903 1723 3174 1796 potentia,
3192 1723 3464 1796 quoniam
3483 1725 3678 1782 omnia

301 1829 531 1886 scapus.

378 1907 614 1962 Librum
637 1908 983 1980 Regularum
1009 1924 1044 1962 a
1063 1907 1367 1965 Sanctitate
1395 1911 1492 1962 tua
1517 1907 1754 1976 editum,
1786 1911 1844 1963 et
1871 1909 1942 1964 ad

298 2000 626 2056 nos‘divina
655 2001 836 2073 gratia
876 2001 1189 2074 cpitulante
1229 2003 1534 2074 perlatum,
1567 2005 1724 2056 tanto
1763 2002 1943 2057 liben-

297 2095 421 2149 tius
445 2095 709 2167 legimus,
739 2100 950 2166 quanto
979 2095 1040 2150 in
1069 2111 1135 2150 eo
1171 2095 1450 2167 spiritales
1486 2095 1716 2167 regulas
1759 2095 1940 2151 inesse

297 2187 722 2259 cognoscimus.
751 2189 886 2253 Quis
911 2205 1028 2243 non
1054 2189 1323 2244 libentius
1341 2189 1512 2260 legat,
1541 2188 1642 2244 ubi
1663 2189 1794 2260 jugi
1816 2205 1936 2244 me-

295 2281 579 2337 ditatione
604 2281 942 2337 medicinam
968 2281 1178 2337 animae
1219 2297 1334 2336 suae
1367 2281 1635 2350 inveniat,
1676 2282 1776 2336 ubi
1801 2299 1938 2337 con-

295 2375 540 2448 temptis
580 2375 752 2446 hujus
776 2376 968 2431 saeculi
991 2376 1164 2431 rebus
1189 2375 1500 2430 caducis.in
1532 2392 1632 2430 sua
1652 2376 1938 2431 mutabili-

294 2475 419 2524 tate
453 2468 822 2538 variantibus,
869 2470 940 2524 ad
985 2473 1212 2525 internae
1237 2469 1368 2524 vitae
1408 2468 1706 2525 stationem
1744 2469 1937 2525 oculos

295 2563 515 2618 mentis
536 2563 796 2634 aperiat?
821 2563 988 2617 Liber
1010 2563 1102 2618 hic
1122 2567 1256 2618 tuus
1280 2563 1540 2618 omnium
1567 2567 1652 2618 est
1671 2563 1801 2618 aula
1825 2563 1938 2618 vir-

295 2660 517 2712 tutum.
541 2657 660 2712 Illic
688 2656 990 2728 prudentia
1005 2657 1154 2711 inter
1168 2656 1386 2712 bonum
1411 2661 1467 2712 et
1492 2657 1709 2711 malum
1725 2657 1932 2713 discre-

292 2749 519 2806 tionem
545 2749 741 2804 limitis
774 2749 901 2822 ﬁgit
927 2765 940 2804 :
971 2749 1204 2820 .justitia
1241 2749 1549 2821 unicuique
1590 2766 1691 2804 sua
1714 2750 1931 2820 tribuit,

295 2844 446 2900 dum
485 2847 598 2900 Deo
623 2843 894 2914 animam,
937 2859 1254 2916 corpusque
1302 2843 1508 2898 animae
1557 2843 1767 2898 subdit.
1821 2843 1934 2898 Illic

292 2937 580 2994 fortitudo
605 2937 776 2992 etiam
801 2937 862 2992 in
891 2937 1139 2992 adversis
1168 2941 1227 2992 et
1253 2935 1315 2992 in
1347 2935 1630 3008 prosperis
1653 2936 1935 3008 reperitur

290 3047 536 3103 semper
553 3031 804 3102 aqualis,
826 3047 954 3102 qua:
977 3046 1084 3086 nec
1107 3031 1170 3085 in
1190 3029 1487 3086 contrariis
1511 3030 1812 3102 frangitur,
1829 3045 1934 3085 nec

2041 1831 2182 1870 vana
2207 1815 2310 1870 sub
2343 1816 2478 1871 sole.
2523 1816 2634 1872 Sed
2679 1833 2821 1888 opus
2850 1817 3066 1889 ipsum,
3107 1818 3260 1890 quod
3284 1834 3387 1890 per
3411 1819 3679 1875 eumdem

2041 1909 2322 1964 honorem
2344 1909 2431 1964 vel
2453 1910 2764 1980 potentiam
2789 1911 2872 1980 ﬁt,
2900 1909 2945 1964 si
2972 1915 3124 1966 recte
3149 1915 3320 1982 atque
3351 1912 3564 1968 utiliter
3587 1912 3673 1981 ﬁt,

2039 2001 2097 2057 id
2137 2008 2239 2072 est,
2267 2008 2332 2058 ut
2373 2003 2554 2057 valeat
2584 2003 2656 2058 ad
2701 2019 2826 2058 eam
2869 2004 3106 2059 salutem
3145 2004 3500 2060 subditorum
3545 2022 3676 2076 quae

2039 2096 2352 2151 secundum
2382 2097 2562 2151 Deum
2596 2101 2749 2151 est.»
2775 2098 3013 2169 Propter
3037 2099 3194 2169 quod
3227 2097 3306 2153 ait
3326 2099 3624 2169 Apostolus
3655 2115 3670 2154 :

2038 2191 2143 2256 Qui
2192 2191 2555 2260 episcopatum
2609 2191 2904 2254 desiderat,
2960 2206 3092 2261 opus
3141 2191 3335 2246 bonum
3377 2191 3670 2247 desiderat.

2037 2283 2330 2354 Exponere
2355 2281 2536 2338 voluit
2558 2282 2696 2356 quid
2723 2283 2793 2338 sit
2818 2283 3134 2356 episcopus,
3172 2283 3306 2356 quia
3343 2299 3554 2340 nomen
3587 2289 3672 2340 est

2036 2375 2242 2448 operis,
2293 2393 2411 2431 non
2463 2377 2732 2432 honoris:
2785 2377 3042 2432 Graecum
3097 2381 3184 2433 est
3222 2378 3396 2446 enim,
3441 2382 3498 2432 et
3538 2377 3673 2433 inde

2035 2469 2270 2525 ductum
2309 2469 2664 2540 vocabulum,
2724 2471 2876 2542 quod
2918 2470 3012 2526 ille
3052 2469 3150 2542 qui
3201 2469 3541 2542 praeﬁcitur,
3590 2471 3672 2526 eis

2035 2562 2241 2634 quibus
2256 2563 2565 2635 praeﬁcitur
2581 2563 3014 2635 superintendit,
3033 2579 3228 2618 curam
3243 2563 3452 2619 scilicet
3471 2579 3671 2619 eorum

2037 2672 2239 2728 gerens
2265 2673 2279 2710 :
2309 2657 2603 2728 episcopus
2634 2649 2756 2729 [Msi
2793 2658 2983 2724 Tolet.,
3012 2657 3364 2728 episcopatus
3395 2656 3667 2730 episc0pi]

2033 2749 2242 2822 quippe
2267 2749 2511 2806 intentio
2535 2754 2638 2805 est.
2669 2751 2816 2822 Ergo
2845 2749 3192 2821 episcopum,
3223 2751 3269 2804 si
3298 2750 3538 2805 velimus
3560 2751 3666 2805 La-

2033 2843 2168 2914 tine,
2195 2843 2661 2915 superintendere
2693 2841 2814 2915 [Ms.
2847 2845 3038 2906 Tolet.,
3079 2842 3660 2916 superintendentem]

2032 2953 2268 3008 possum
2291 2935 2498 2993 dicere.
2535 2938 2605 2992 Ut
2628 2936 2904 3008 intelligat
2930 2952 3047 2991 non
3071 2952 3131 2992 se
3159 2952 3279 2991 esse
3315 2937 3664 3008 episcopum,

2033 3030 2132 3102 qui
2157 3047 2404 3102 prazesse
2431 3030 2636 3086 dixerit
2668 3029 2788 3103 [Ms.
2825 3031 3014 3092 Tolet.,
3043 3029 3348 3104 dilexerit],
3377 3047 3492 3085 non
3525 3047 3662 3102 pro-

294 3127 362 3180 in
389 3125 670 3197 prosperis
693 3125 989 3180 exaltatur.
1020 3124 1136 3180 Illic
1163 3124 1540 3196 temperantia
1577 3123 1831 3180 furorem
1860 3124 1932 3178 li-
1953 3105 2008 3179 Ο
2033 3123 2212 3179 desse.
2257 3125 2337 3178 Ita
2392 3124 2547 3179 enim
2598 3124 2668 3178 ab
2719 3124 2904 3180 studio
2950 3124 3357 3195 cognoscendae.
3415 3123 3666 3179 veritatis

293 3219 514 3275 bidinis
569 3219 812 3290 frangit,
859 3218 1211 3290 discretaque
1270 3217 1648 3290 voluptatibus
1701 3217 1936 3274 modum

293 3313 563 3385 imponit.
595 3313 710 3368 Illic
763 3316 964 3367 cuncta
998 3328 1129 3383 quae
1171 3312 1242 3367 ad
1282 3311 1411 3367 vitae
1443 3316 1672 3366 aetemaa
1713 3311 1936 3383 perﬁci-

289 3407 460 3479 pium
486 3407 776 3478 pertinent
800 3405 1232 3476 comprehendis
1259 3421 1273 3460 :
1307 3409 1502 3460 etnon
1530 3406 1715 3460 solum
1751 3408 1937 3477 pasto-

291 3501 458 3556 ribus
482 3500 744 3572 regulam
756 3499 979 3554 vivendi
995 3498 1282 3568 describis,
1299 3498 1396 3554 sed
1423 3499 1598 3553 etiam
1624 3496 1715 3553 his
1739 3499 1840 3570 qui
1851 3515 1937 3554 re-

297 3593 536 3666 giminis
549 3593 798 3649 ofﬁcium
810 3593 1037 3648 nullum
1056 3593 1293 3660 habent,
1311 3593 1538 3648 vivendi
1563 3593 1819 3664 regulam
1840 3591 1936 3647 tri-

292 3689 448 3744 buis.
463 3687 683 3743 Habent
702 3687 855 3742 enim
869 3691 1122 3760 pastores
1137 3685 1196 3741 in
1215 3685 1730 3759 quadripartitatua
1751 3685 1935 3741 distri-

293 3782 534 3838 butione
563 3781 756 3854 quales
781 3781 851 3836 ad
873 3782 980 3836 hoc
1006 3779 1259 3836 ofﬁcium
1272 3780 1501 3835 veniant
1515 3797 1532 3850 ;
1547 3779 1740 3851 quales
1757 3779 1934 3834 vitam

297 3879 506 3948 gerant
525 3891 655 3931 cum
681 3875 944 3931 venerint
965 3893 982 3945 ;
1009 3875 1254 3947 qualiter
1273 3873 1361 3928 vel
1383 3873 1571 3945 qualia
1586 3873 1820 3928 doceant
1839 3890 1856 3942 ;
1879 3878 1935 3928 et

293 3987 371 4026 ne
382 3970 444 4025 in
455 3973 615 4024 tanto
625 3969 951 4025 sacerdotali
962 3968 1208 4025 culmine
1221 3983 1284 4024 ex
1291 3967 1728 4039 tollantur,quid
1741 3971 1928 4038 agant.

367 4065 719 4119 Attestantur
757 4063 892 4118 huic
928 4062 1154 4119 eximite
1193 4061 1464 4118 doctrinae
1501 4061 1674 4116 sancti
1713 4060 1933 4134 antiqui

293 4160 490 4213 Patres
535 4157 809 4228 doctores,
863 4157 1297 4227 defensoresque
1341 4154 1622 4224 Ecclesiae,
1667 4155 1930 4224 Hilarius,

297 4251 649 4322 Ambrosius,
677 4251 1047 4324 Augustinus,
1077 4249 1381 4321 Gregorius
1413 4248 1790 4304 Nazianzenus
1817 4264 1832 4302 :
1871 4247 1934 4302 hi

300 4361 500 4400 omnes
523 4345 909 4401 testimonium
930 4345 1032 4400 tibi
1044 4344 1324 4416 praebent,
1343 4343 1490 4397 sicut
1501 4341 1767 4413 apostolis
1793 4357 1934 4412 prae-

2033 3233 2202 3272 nemo
2230 3217 2584 3290 prohibetur,
2613 3219 2764 3290 quod
2783 3218 2854 3273 ad
2873 3217 3158 3274 laudabile
3179 3217 3426 3289 pertinet
3450 3217 3662 3272 otium:

2032 3311 2188 3366 locus
2215 3328 2347 3366 vero
2372 3312 2648 3384 superior,
2685 3312 2805 3367 sine
2830 3329 2943 3384 quo
2978 3311 3099 3383 regi
3135 3311 3381 3383 pOpulus
3417 3327 3537 3366 non
3569 3326 3667 3382 po-

2032 3410 2158 3474 test,
2188 3405 2290 3460 etsi
2315 3406 2396 3460 ita
2418 3409 2680 3460 teneatur
2713 3410 2883 3476 atque
2921 3403 3346 3460 administretur
3387 3407 3450 3458 ut
3482 3403 3660 3471 decet,

2033 3503 2228 3553 tamen
2245 3498 2572 3554 indecenter
2595 3498 2900 3570 appetitur.
2930 3497 3312 3562 Quamobrem
3339 3495 3520 3550 otium
3539 3513 3664 3551 san-

2033 3596 2189 3648 ctum
2255 3591 2463 3663 quaerit
2512 3591 2755 3646 Charitas
2803 3607 2817 3645 :
2874 3589 3253 3662 percipienda:
3305 3605 3372 3644 ac
3436 3590 3664 3644 tuendas
3740 3629 3746 3634 .

2032 3685 2347 3740 vacandum
2373 3689 2457 3740 est
2480 3683 2702 3740 veritati
2735 3681 2856 3756 [Ms.
2879 3685 3070 3752 Tolet.,
3091 3683 3340 3739 veritatis
3369 3681 3664 3754 negotium

2025 3781 2248 3851 justum
2273 3778 2506 3850 suscipit
2548 3777 2847 3832 necessitas
2878 3775 3210 3850 charitatis].
3242 3777 3297 3832 Si
3332 3781 3524 3832 autem
3561 3775 3666 3830 im-

2031 3873 2282 3946 ponitur,
2313 3871 2665 3944 suscipienda
2687 3874 2773 3926 est
2799 3875 3034 3944 propter
3059 3871 3346 3926 charitatis
3371 3870 3668 3926 necessita-

2031 3973 2170 4024 tem.
2197 3967 2302 4023 Sed
2328 3983 2434 4022 nec
2461 3967 2538 4021 sic
2557 3965 2888 4021 omnimodo
2906 3964 3155 4020 veritatis
3172 3963 3295 4037 [Ms.
3322 3965 3510 4027 Tolet.,
3526 3963 3666 4019 veri-

2032 4060 2152 4134 tati]
2184 4059 2477 4116 delectatio
2505 4059 2817 4116 deserenda
2841 4063 2944 4127 est,
2974 4075 3046 4115 ne
3071 4059 3400 4114 sutrahatur
3428 4058 3524 4113 illa
3542 4074 3666 4113 sua-

2031 4155 2188 4226 vitas,
2221 4158 2278 4210 et
2302 4155 2656 4226 opprimatur
2677 4154 2781 4208 ista
2807 4153 3126 4210 necessitas.

2101 4251 2412 4304 Attestatur
2434 4247 2737 4320 Gregorius
2763 4252 3008 4316 sanctus,
3045 4246 3201 4318 cujus
3227 4246 3437 4317 stylum
3471 4261 3666 4316 seque-

2033 4343 2130 4410 ris,
2167 4342 2329 4412 cujus
2355 4342 2616 4412 exemplo
2643 4341 2968 4396 delitescere
3017 4339 3301 4410 cupiebas,
3346 4341 3409 4392 ut
3446 4338 3666 4408 pondus

301 4434 552 4490 buerunt
573 4435 888 4506 prophetae.
919 4433 1161 4489 Hilarius
1189 4436 1412 4488 sanctus
1451 4431 1607 4498 dicit,
1646 4447 1934 4502 exponens
1952 4474 2012 4546 D
2033 4435 2323 4490 sacerdotii
2345 4435 2672 4504 declinares,
2701 4433 2854 4504 quod
2879 4433 3044 4504 quale
3067 4432 3138 4487 sit
3157 4432 3219 4486 in
3256 4436 3373 4488 toto
3397 4431 3540 4486 libro
3565 4435 3665 4486 tuo

301 4527 474 4582 verba
517 4527 766 4599 Apostoli
817 4527 1057 4583 doctoris
1107 4525 1388 4598 gentium.
1421 4526 1503 4579 Ita
1537 4523 1749 4579 etenim
1805 4541 1934 4596 quae
1953 4523 2010 4546 ν
2033 4528 2245 4600 liquide
2286 4528 2643 4595 declaratur;
2683 4532 2876 4581 tamen
2921 4529 3112 4597 portas
3149 4526 3302 4598 quod
3355 4524 3664 4580 metuebas.

299 4620 548 4692 prepriaz
565 4621 872 4694 disciplinae
891 4625 948 4676 et
959 4636 1188 4676 morum
1207 4623 1358 4686 sunt,
1389 4618 1460 4673 ad
1487 4616 1780 4672 sacerdotii
1805 4633 1930 4672 me-

299 4715 475 4770 ritum
503 4715 666 4770 utilia
689 4731 809 4770 esse
839 4715 1136 4787 signiﬁcat,
1165 4713 1212 4768 si
1239 4713 1412 4768 etiam
1438 4712 1561 4766 haec
1591 4727 1719 4783 quae
1745 4711 1816 4766 ad
1836 4711 1932 4766 do-

299 4808 496 4864 cendae
519 4825 585 4863 ac
617 4809 880 4864 tenendae
917 4808 1047 4863 ﬁdei
1093 4805 1383 4862 scientiam
1429 4803 1742 4862 necessaria
1778 4808 1928 4874 sunt,

290 4902 446 4956 inter
494 4901 713 4974 reliqua
751 4919 868 4957 non
912 4903 1189 4958 deerunt:
1234 4900 1366 4972 quia
1405 4915 1523 4954 non
1570 4899 1761 4954 statim
1797 4897 1932 4960 boni

292 4999 470 5066 atque
495 4995 650 5050 utilis
678 4995 981 5052 sacerdotis
1007 5000 1110 5064 est,
1143 4999 1244 5050 aut
1267 4994 1662 5049 tantummodo
1689 4991 1934 5048 scienter

299 5088 425 5162 [Ms.
498 5089 660 5145 Tolet.
731 5087 1082 5162 innocenter]
1135 5103 1304 5160 agere
1322 5129 1336 5156 ,
1388 5091 1488 5142 aut
1537 5085 1933 5142 tantummodo

293 5183 540 5238 scienter
561 5183 900 5255 praedicare;
929 5199 1056 5238 cum
1086 5187 1142 5237 et
1168 5182 1438 5236 innocens
1467 5185 1689 5236 tantum
1708 5179 1796 5234 sui
1823 5179 1933 5234 suf-

295 5275 448 5331 ﬁciat
471 5277 520 5330 si
551 5275 669 5349 [Ms.
700 5275 887 5348 Tolet.]
922 5275 1028 5330 sibi
1062 5274 1322 5348 proﬁciat
1358 5273 1488 5344 nisi,
1530 5272 1726 5328 doctus
1753 5272 1843 5344 sit,
1879 5277 1936 5327 et

293 5369 492 5424 doctus
517 5369 626 5424 nisi
654 5370 906 5426 doctrina
935 5369 1193 5425 vivendo.

369 5466 676 5519 Attestatur
705 5463 838 5519 huic
872 5462 993 5536 [Ms.
1027 5465 1216 5528 Tolet.,
1269 5463 1324 5519 Si
1350 5462 1664 5518 doctrinam
1698 5459 1936 5516 vivendo

291 5573 414 5613 non
461 5557 710 5628 adjuvet,
760 5557 995 5614 omnino
1044 5558 1149 5613 sibi
1191 5556 1336 5612 nihil
1379 5555 1573 5628 prosit.
1632 5557 1936 5611 Attestatur

295 5651 449 5722 huic,
473 5652 606 5722 etc.]
634 5651 779 5707 libro
804 5657 904 5707 tuo
929 5656 1158 5708 sanctus
1185 5649 1516 5705 Ambrosius
1539 5649 1599 5704 in
1633 5647 1744 5703 illis
1775 5648 1936 5703 libris

297 5763 440 5818 quos
465 5745 596 5801 fecit
633 5745 702 5800 de
728 5745 958 5802 Ofﬁciis.
981 5729 1291 5801 Attestatur
1317 5747 1543 5798 sanctus
1582 5741 1935 5814 Augustinus

300 5839 528 5899 dicens:
563 5861 592 5892 ι(
627 5841 692 5898 In
716 5840 936 5901 actione
957 5856 1076 5900 non
1101 5837 1377 5898 amandus
1402 5841 1488 5898 est
1511 5836 1694 5896 honor
1730 5835 1791 5894 in
1830 5835 1937 5894 hac

2031 4621 2254 4677 Pondus
2273 4620 2428 4676 enim
2449 4624 2613 4676 tuum
2634 4635 2858 4674 sursum
2881 4619 3083 4689 fertur,
3103 4635 3217 4674 non
3238 4619 3530 4674 deorsum:
3549 4635 3666 4674 non

2031 4715 2182 4788 quod
2219 4719 2276 4770 te
2301 4715 2373 4770 ad
2396 4713 2514 4768 ima
2537 4716 2780 4785 premat,
2807 4713 2905 4768 sed
2931 4713 3083 4785 quod
3109 4713 3179 4768 ad
3203 4717 3355 4768 astra
3381 4713 3664 4781 sustollat;

2030 4810 2168 4865 dum
2191 4824 2296 4880 per
2325 4807 2418 4863 Dei
2445 4806 2704 4879 gratiam,
2733 4811 2790 4863 et
2815 4807 3152 4863 obedientise
3192 4806 3485 4875 meritum,
3529 4822 3666 4878 ope-

2030 4903 2221 4974 risque
2256 4901 2392 4956 boni
2426 4900 2809 4969 efﬁcientiam,
2831 4901 2896 4956 ﬁt
2939 4917 3106 4956 suave
3149 4900 3301 4972 quod
3345 4915 3450 4971 per
3484 4899 3667 4956 imbe-

2030 4996 2316 5052 cillitatem
2351 4996 2662 5050 humanam
2688 4995 2986 5050 videbatur
3025 4994 3236 5050 habere
3278 4992 3670 5066 gravedinem.

2033 5089 2179 5145 Dicis
2199 5089 2356 5145 enim
2383 5106 2449 5144 ea
2473 5106 2604 5162 quae
2629 5091 2941 5144 consonant
2963 5086 3234 5159 apostolis
3269 5091 3326 5142 et
3351 5085 3672 5158 apostolicis

2032 5183 2165 5240 viris
2197 5183 2480 5256 :pulcher
2504 5183 2659 5238 enim
2695 5181 2938 5253 pulchra
2969 5179 3180 5248 dixisti,
3213 5186 3270 5236 et
3323 5181 3382 5236 in
3420 5181 3510 5236 his
3537 5181 3670 5252 pul-
3718 5179 3726 5182 ’

2033 5278 2236 5333 chrum
2259 5283 2314 5333 te
2339 5293 2459 5332 esse
2484 5275 2798 5331 ostendisti.
2827 5274 2965 5329 Nolo
2991 5291 3129 5347 ergo
3160 5279 3214 5330 te
3239 5274 3488 5330 similare
3511 5273 3670 5330 inde-

2033 5383 2164 5423 coro
2207 5367 2408 5439 pictori
2451 5364 2691 5436 pulchra
2734 5363 3029 5435 pingenti;
3059 5364 3194 5436 quia
3244 5363 3514 5436 spiritalis
3569 5363 3670 5417 do-

2034 5461 2214 5516 ctrina
2239 5476 2273 5513 a
2298 5457 2542 5530 spiritali
2568 5459 2759 5512 mente
2789 5455 3185 5530 proﬁciscitur.
3216 5459 3346 5514 Plus
3391 5455 3676 5528 plerisque

2035 5553 2346 5610 aestimatur
2369 5551 2552 5622 pictor
2570 5550 2742 5605 homo
2763 5567 2937 5623 quam
2963 5551 3272 5608 inanimata
3296 5550 3518 5622 pictura
3541 5563 3554 5600 :
3575 5545 3673 5600 sed

2035 5648 2141 5702 hoc
2165 5662 2282 5700 non
2308 5643 2676 5700 assentationi
2713 5647 2813 5698 aut
2839 5644 3156 5700 adulationi
3184 5645 3428 5714 reputes,
3463 5637 3562 5693 sed
3586 5653 3676 5692 ve-

2036 5739 2216 5807 ritati;
2247 5739 2382 5811 quia
2409 5754 2514 5794 nec
2557 5755 2648 5794 me
2684 5738 2844 5794 decet
2877 5737 2998 5808 [Ms.
3031 5738 3221 5798 Tolet.,
3251 5731 3492 5805 oportet]
3521 5746 3678 5786 men-

2037 5834 2150 5908 tiri,
2191 5849 2296 5893 uec
2337 5839 2390 5893 te
2437 5832 2598 5894 decet
2634 5832 2842 5890 falsum
2875 5829 3104 5887 laudare
3143 5827 3266 5902 [Ms.
3311 5826 3501 5895 Tolet.,
3542 5825 3680 5884 falso
3750 5846 3761 5858 ·
