4058 6190
451 251 546 304 691

1913 231 2230 319 LlClNIANl

3683 239 3772 292 692

429 353 714 424 laudari].
752 354 899 423 Ergo
941 350 1108 423 plane
1147 347 1277 402 licet
1317 343 1462 398 fidus
1489 343 1612 413 [Ms.
1653 340 1845 404 Tolet.,
1873 339 2073 414 fcedus]
2101 352 2161 427 Α
2180 339 2304 396 talis
2333 340 2625 398 ordinetur
2657 341 2758 414 qui
2778 357 2894 397 non
2918 340 3104 410 debet,
3131 345 3226 396 aut
3251 356 3369 396 non
3401 339 3472 396 sit
3525 342 3620 414 qui
3641 358 3774 406 sacra

454 455 512 506 et
531 452 606 520 te,
636 451 692 504 et
716 446 908 504 omnia
947 449 1044 499 tua
1078 440 1317 513 pulchra
1353 434 1644 507 conspexi,
1683 439 1740 490 et
1780 439 1992 492 memet
2015 435 2077 492 in

451 542 932 618 comparationem
955 536 1041 594 tui
1069 533 1202 590 satis
1228 533 1558 590 indecorum
1583 529 1715 586 vidi.

524 736 678 793 Unde
703 746 904 804 precor
929 744 1032 800 per
1054 724 1293 798 gratiam
1318 722 1436 794 Dei,
1468 738 1595 796 quae
1621 722 1680 776 in
1707 725 1760 778 te
1783 721 2076 786 exuberat,

450 837 516 889 ut
563 845 678 885 non
717 839 946 895 respuas
985 823 1422 893 deprecantem;
1457 818 1554 874 sed
1591 816 1837 872 libenter
1881 815 2078 870 doceas

450 941 576 998 quae
597 937 688 978 me
709 921 887 974 fateor
910 917 1192 987 ignorare.
1222 912 1628 984 Compellimur
1656 910 1811 965 enim
1834 907 2076 964 necessi-

449 1023 561 1074 tate
585 1017 770 1072 facere
797 1011 950 1086 quod
975 1011 1171 1065 doceas
1217 1007 1337 1080 [Με.
1372 1009 1559 1069 Tolct.,
1590 1005 1726 1059 dicis
1754 1019 1870 1058 non
1907 999 2074 1075 ﬁeri].

445 1111 666 1170 Peritus
691 1109 844 1164 enim
869 1107 1010 1161 dum
1037 1120 1154 1158 non
1178 1101 1459 1173 reperitur
1489 1099 1588 1172 qui
1608 1100 1678 1153 ad
1708 1097 1958 1152 ofﬁcium
1985 1113 2075 1151 sa-

445 1205 729 1264 cerdotale
755 1201 962 1266 veniat,
988 1197 1124 1270 quid
1143 1195 1396 1251 fiendum
1417 1197 1520 1264 est,
1543 1193 1652 1247 nisi
1675 1197 1734 1246 ut
1757 1190 2076 1263 imperitus,

445 1305 511 1358 ut
535 1317 641 1372 ego
670 1314 817 1366 sum,
843 1293 1138 1349 ordinetur
1155 1291 1182 1344 ?
1206 1290 1374 1344 Jubes
1401 1292 1466 1343 ut
1491 1304 1606 1342 non
1635 1285 1925 1342 ordinetur
1963 1286 2076 1339 im-

444 1395 678 1468 peritus.
706 1391 814 1446 Sed
833 1389 1135 1460 pertractet
1159 1383 1462 1456 prudentia
1489 1387 1606 1450 tua,
1629 1380 1864 1450 neforte
1889 1379 1959 1434 ad
1986 1397 2080 1450 pe-

445 1489 636 1546 ritiam
667 1485 786 1558 [Με.
819 1483 1006 1544 Tolet.,
1036 1478 1168 1551 non]
1195 1476 1438 1532 sufﬁciat
1458 1476 1511 1530 ei
1542 1475 1681 1530 scire
1701 1475 1726 1528 ,Ι
1733 1490 1892 1530 esum
1921 1473 2080 1527 Chri-

449 1587 620 1648 stum,
657 1584 712 1635 et
747 1579 900 1633 hunc
937 1572 1269 1628 cruciﬁxum
1307 1588 1319 1625 :
1363 1571 1410 1624 si
1457 1571 1650 1624 autem
1695 1585 1810 1622 non
1853 1566 2077 1634 sufﬁcit,

448 1691 619 1732 nemo
645 1673 754 1728 erit
781 1671 840 1724 in
859 1671 964 1724 hoc
991 1667 1136 1722 libro
1169 1665 1508 1738 [Ms.'Tolet.,
1539 1661 1676 1734 loco]
1723 1661 1822 1733 qui
1863 1660 2080 1731 peritus

2179 435 2446 508 mysteria
2471 435 2716 494 celebret
2739 436 2828 493 vel
2857 436 3160 492 ministret.

2249 538 2392 593 Ante
2439 549 2648 605 paucos
2690 548 2870 588 annos
2903 531 3158 588 Leander
3193 531 3488 604 episcopus
3527 533 3772 604 Spalensis

2179 647 2436 687 remeans
2487 631 2556 686 de
2601 628 2740 684 urbe
2777 627 2954 698 regia,
3001 625 3141 680 vidit
3175 642 3280 681 nos
3313 625 3648 697 prasteriens,
3691 629 3772 701 qui

2177 725 2320 780 dixit
2343 724 2505 780 nobis
2533 724 2742 780 habere
2781 721 2900 794 [Ms.
2938 722 3128 784 Tolet.,
3163 720 3237 794 se]
3274 720 3531 776 homilias
3569 728 3772 780 avestra

2181 818 2532 875 Beatitudine
2564 817 2740 873 editas
2768 817 2836 872 de
2863 815 3010 870 libro
3045 815 3222 872 sancti
3247 815 3368 870 Job.
3401 817 3466 870 Et
3493 815 3619 886 quia
3639 815 3768 872 festi-

2177 929 2320 968 nans
2339 912 2687 985 pertransiit,
2709 910 2946 966 minime
2973 925 3064 965 eas
3087 909 3408 982 petentibus
3437 909 3589 964 nobis
3613 915 3768 966 osten-

2179 1007 2280 1063 dit.
2311 1009 2504 1062 Postea
2537 1022 2670 1060 vero
2715 1004 2994 1076 scripsisti
3030 1004 3081 1058 ei
3133 1003 3201 1058 de
3233 1003 3386 1058 trina
3425 1003 3697 1072 tinctione;
3720 1005 3766 1061 in

2180 1118 2295 1172 qua
2315 1099 2550 1172 epistola
2586 1115 2868 1154 memoras
2906 1097 3254 1168 displicuisse
3282 1096 3432 1150 vobis
3467 1097 3600 1151 illud
3634 1115 3766 1168 opus,

2179 1195 2276 1250 sed
2301 1195 2408 1250 hoc
2434 1193 2730 1248 salubriori
2769 1191 3001 1246 consilio
3033 1191 3296 1245 statuisse
3335 1192 3400 1244 ut
3439 1190 3498 1243 in
3533 1190 3768 1246 librorum

2181 1289 2353 1344 ductu
2387 1287 2506 1359 [Ms.
2533 1288 2721 1350 Tolet.,
2739 1285 2958 1358 ductus]
2985 1302 3076 1340 eas
3098 1289 3512 1356 tranSponeres.
3534 1284 3768 1340 Habemus

2181 1399 2314 1438 sane
2345 1381 2565 1436 libellos
2596 1397 2690 1435 sex
2721 1379 2898 1434 sancti
2931 1378 3127 1434 Hilarii
3170 1377 3420 1450 episcopi
3443 1377 3766 1446 Pictaviensis,

2180 1493 2323 1548 quos
2350 1477 2418 1530 de
2446 1476 2635 1530 Graeco
2669 1473 2929 1545 Origcnis
2957 1473 3018 1527 in
3041 1473 3312 1528 Latinum
3339 1472 3504 1526 vertit
3533 1489 3546 1526 :
3573 1472 3658 1527 sed
3680 1489 3768 1526 non

2179 1570 2372 1624 omnia
2403 1569 2718 1624 secundum
2743 1568 3002 1623 ordinem
3025 1567 3156 1620 libri
3187 1565 3371 1620 sancti
3407 1565 3502 1620 Job
3535 1565 3770 1636 exposuit.

2181 1667 2247 1718 Et
2271 1663 2402 1718 satis
2433 1663 2610 1718 miror
2651 1662 2942 1717 hominem
2979 1660 3378 1716 doctissimum
3430 1663 3484 1714 et
3532 1663 3769 1728 sanctum,

449 1786 570 1826 esse
597 1768 835 1834 dicatur;
867 1779 1036 1818 nemo
1066 1760 1172 1816 erit
1189 1759 1384 1830 utique
1415 1756 1689 1825 sacerdos,
1719 1755 1766 1809 si
1791 1754 1897 1808 nisi
1927 1753 2079 1824 peri—
2099 1730 2157 1802 B
2181 1763 2245 1814 ut
2272 1759 2340 1812 de
2372 1756 2548 1811 stellis
2573 1756 2808 1810 mamias
2841 1755 3099 1827 Origenis
3127 1755 3481 1809 transferret.
3509 1753 3650 1822 Mihi,
3677 1769 3774 1808 nsa-

450 1870 540 1920 tus
566 1878 683 1916 esse
705 1876 820 1914 non
851 1857 1036 1912 debet.
1066 1852 1310 1925 Bigamis
1339 1851 1492 1906 enim
1527 1853 1724 1921 aperta
1765 1849 1951 1904 fronte
1989 1865 2080 1902 re-

457 1957 726 2024 sistimus,
745 1969 818 2008 ne
840 1951 1257 2006 sacramentum
1281 1947 1477 2016 utique
1503 1947 1916 2014 corrumpatur.
1941 1941 2086 2006 Quid

453 2053 501 2107 si
538 2050 707 2106 unius
741 2046 934 2102 uxoris
963 2044 1048 2098 vir
1075 2047 1205 2096 ante
1249 2055 1506 2109 uxorem,
1557 2038 1855 2092 mulierem
1887 2035 2086 2108 tetige-

449 2146 577 2202 rit?
605 2143 749 2208 Quid
783 2141 830 2195 si
872 2153 1112 2194 uxorem
1157 2152 1272 2190 non
1315 2132 1598 2198 habuerit,
1645 2135 1700 2186 et
1739 2135 1932 2185 tamen
1967 2129 2084 2184 sine

449 2238 704 2296 mulieris
729 2238 884 2292 tactu
908 2249 1027 2288 non
1045 2229 1258 2286 fuerit?
1285 2228 1588 2283 Consulare
1625 2242 1726 2280 nos
1771 2225 1912 2296 stylo
1959 2227 2082 2294 tuo,

449 2337 515 2386 ut
565 2347 684 2385 non
715 2328 1022 2401 puniamur
1056 2340 1160 2378 nec
1201 2326 1414 2390 nostro,
1461 2336 1565 2374 nec
1607 2319 1792 2374 alieno
1831 2321 2081 2389 peccato.

450 2425 622 2480 Valde
649 2423 802 2478 enim
827 2419 1153 2486 metuimus,
1185 2432 1257 2470 ne
1287 2431 1389 2486 per
1411 2413 1802 2468 necessitatem
1827 2428 1892 2467 ea
1924 2411 2086 2466 facia-

453 2535 580 2574 mus
604 2534 731 2590 quze
760 2532 878 2570 non
905 2513 1195 2569 debemus.
1231 2512 1368 2564 Ecce
1409 2507 1790 2563 obediendum
1820 2509 1903 2562 est
1935 2523 2083 2578 prae-

455 2613 629 2685 ceptis
655 2610 786 2680 tuis,
835 2614 899 2664 ut
925 2607 1049 2663 talis
1077 2605 1192 2674 fiat,
1226 2603 1404 2676 qualis
1443 2601 1563 2674 [Ms.
1597 2603 1783 2668 Tolet.,
1813 2601 2083 2672 qualem),

453 2707 760 2780 apostolica
799 2705 963 2759 docet
992 2699 1289 2756 auctoritas
1319 2716 1332 2752 :
1361 2701 1556 2752 etnon
1596 2695 1878 2767 reperitur
1905 2695 2087 2766 qualis

451 2801 766 2874 quaeritur;
797 2795 1034 2852 cessabit
1062 2809 1197 2865 ergo
1217 2792 1355 2846 fides
1375 2807 1504 2862 quae
1531 2791 1750 2844 constat
1775 2804 1844 2843 ex
1867 2789 2084 2858 auditu,

453 2894 692 2950 cessabit
715 2891 1048 2963 baptismus,
1080 2887 1124 2942 si
1151 2903 1266 2942 non
1293 2884 1466 2940 fuerit
1491 2884 1590 2956 qui
1615 2884 1876 2954 baptizet.
1901 2883 2088 2938 Cessa-

453 2989 601 3042 bunt
633 2987 730 3040 illa
761 2987 1106 3040 sacrosancta
1143 2979 1430 3052 mysteria,
1459 2995 1586 3050 quas
1625 2993 1728 3048 per
1771 2977 2088 3032 sacerdotes

455 3081 601 3136 ﬁunt
625 3083 682 3136 et
705 3077 1011 3134 ministros.
1041 3078 1103 3130 In
1123 3079 1366 3145 utroque
1388 3071 1708 3143 periculum
1733 3073 1960 3142 manet;
1987 3075 2090 3128 aut

2185 1851 2428 1906 ctissime
2453 1852 2634 1918 Pater,
2657 1850 2815 1904 nullo
2843 1853 3006 1920 pacto
3031 1849 3256 1904 suaderi
3281 1853 3483 1920 potest,
3507 1851 3564 1902 ut
3587 1848 3774 1902 credam

2184 1951 2331 2000 astra
2371 1944 2492 1999 coeli
2536 1943 2766 2015 spiritus
2810 1943 2930 2014 [Ms.
2981 1945 3169 2006 Τοῖα..
3215 1941 3447 2015 habere]
3503 1941 3773 2008 rationales,

2185 2055 2314 2111 quas
2335 2054 2520 2109 neque
2549 2054 2680 2092 cum
2707 2037 3143 2108 angelis,neque
3171 2053 3308 2090 cum
3335 2036 3642 2090 hominibus
3663 2036 3777 2090 facta

2185 2149 2306 2190 esse
2331 2131 2620 2203 Scriptura
2658 2135 2849 2186 sancta
2873 2131 3136 2186 declarat.
3169 2130 3449 2202 Dignetur
3467 2147 3596 2202 ergo
3625 2130 3774 2186 Beati-

2185 2228 2320 2282 tudo
2347 2230 2531 2280 vestra
2561 2241 2704 2298 Opus
2744 2225 2930 2296 ipsum
2961 2225 3028 2280 de
3057 2225 3204 2280 libro
3251 2225 3431 2279 sancti
3466 2224 3588 2294 Job;
3632 2224 3711 2278 sed
3735 2228 3778 2278 et

2185 2321 2324 2376 alios
2349 2321 2524 2375 libros
2549 2321 2806 2386 morales,
2839 2335 2981 2390 quos
3009 2319 3202 2374 fecisse
3233 2323 3291 2373 te
3316 2334 3588 2372 memoras
3609 2318 3662 2372 in
3695 2317 3778 2372 hoc

2185 2415 2330 2470 libro
2379 2414 2752 2485 Regularum,
2811 2413 3106 2484 exiguitati
3165 2411 3286 2483 [Ms.
3347 2413 3530 2474 Tolet.,
3587 2411 3774 2480 nostrae)

2185 2508 2591 2564 transmittere.
2624 2507 2726 2562 Tui
2755 2507 2910 2562 enim
2951 2521 3167 2575 sumus,
3209 2511 3312 2560 tua
3353 2506 3536 2576 legere
3573 2505 3774 2560 delecta-

2185 2618 2336 2656 mur.
2365 2601 2619 2672 Optabile
2645 2617 2892 2672 namque
2918 2605 3003 2655 est
3028 2600 3172 2654 mihi
3201 2605 3260 2654 et
3297 2599 3638 2671 praeclarum,
3663 2597 3780 2652 sicut

2186 2699 2318 2750 tuus
2341 2695 2646 2766 Gregorius
2669 2694 2769 2764 ait,
2803 2710 2982 2766 usque
3011 2694 3081 2749 ad
3111 2694 3376 2750 ultimam
3403 2693 3604 2748 discere
3623 2707 3775 2746 senec-

2187 2793 2386 2846 tutem.
2417 2789 2762 2844 Incolumem
2789 2805 3054 2842 coronam
3077 2793 3325 2843 vestram
3363 2788 3432 2842 ad
3457 2785 3776 2842 erudiendum

2189 2883 2488 2938 Ecclesiam
2517 2899 2678 2938 suam
2705 2886 2893 2938 sancta
2921 2881 3162 2936 Trinitas
3190 2883 3343 2936 Deus
3377 2896 3680 2936 conservare
3707 2879 3776 2932 di-

2191 2981 2417 3050 gnetur,
2445 2978 2590 3033 sicut
2619 2982 2900 3050 optamus,
2929 2975 3248 3032 beatissime
3277 2978 3442 3032 Pater
3491 2974 3600 3049 [Με.
3620 2974 3772 3034 Τοιεε⁸1

2190 3071 2357 3144 Papa]
2373 3113 2385 3126 .

465 3201 3766 3230 Μ

1961 3313 2308 3379 LICINIAN
2313 3314 2338 3377 Ι

920 3450 1474 3546 EPISTOLA
1553 3451 1671 3556 II,
1749 3451 1900 3543 AD
1975 3449 2680 3542 EPIPHANIUM
2757 3447 3382 3554 DIACONUM,

565 3623 627 3666 IN
673 3619 796 3676 QUA
841 3619 1227 3665 OSTENDITUR
1270 3615 1552 3664 ANGELOS
1596 3617 1674 3661 ET
1715 3615 1948 3661 ANIMAS
1992 3613 2382 3659 RATIONALES
2427 3614 2578 3659 ESSE
2623 3615 2919 3673 SPIRITUS,
2970 3613 3107 3658 SIVE
3151 3613 3374 3660 TOTIUS
3418 3608 3689 3659 CORPORIS

1972 3697 2054 3740 EX
2060 3695 2287 3740 PERTES
2297 3725 2309 3737 .

1677 3797 1792 3868 (Ex.
1833 3813 1939 3852 ms.
1983 3795 2244 3852 Ecclesiae
2281 3795 2616 3865 Toletanas.)

531 4013 770 4070 Domino
825 4017 1015 4068 sancto
1083 4013 1248 4069 fratri
1291 4013 1605 4086 Epiphanio
1649 4014 1907 4086 diacono,
1947 4015 2087 4070 Lici-
2111 4028 2165 4102 ρ
2191 4015 2598 4087 cognoscimus,
2631 4015 2782 4086 quod
2809 4019 3021 4086 quanto
3049 4017 3432 4086 congruenter
3449 4005 3772 4082 responderis,

463 4109 665 4164 nianus
692 4113 748 4163 et
768 4108 1004 4164 Severus
1031 4107 1244 4179 exigui.

531 4203 709 4258 Lectis
729 4202 932 4258 litteris
950 4203 1079 4272 tuis,
1103 4203 1278 4257 frater
1293 4201 1640 4273 charissime,
1671 4203 1872 4274 grandi
1898 4219 2092 4258 sumus

459 4298 833 4354 admiratione
863 4297 1124 4368 permoti,
1161 4313 1226 4352 eo
1267 4298 1416 4369 quod
1456 4297 1762 4369 quemdam
1805 4297 1990 4352 virum
2031 4298 2092 4353 in

457 4397 615 4466 tanto
642 4391 972 4448 sacerdotali
998 4392 1246 4447 culmine
1273 4391 1662 4460 constitutum,
1694 4392 1852 4463 cujus
1883 4409 2092 4448 nomen

462 4489 532 4544 ob
567 4486 938 4542 reverentiam
969 4487 1090 4562 ejus
1126 4487 1308 4542 dicere
1357 4487 1644 4556 nolumus,
1693 4487 1902 4541 sentire
1940 4487 2093 4542 dicas

460 4585 850 4636 creaturarum
876 4579 1022 4634 nihil
1050 4596 1168 4634 esse
1198 4581 1349 4652 quod
1379 4580 1656 4651 spirituali
1697 4580 1926 4635 nomine
1956 4597 2088 4636 cen-

461 4677 669 4742 seatur,
699 4689 1040 4744 omnemque
1077 4677 1338 4728 naturam
1366 4691 1493 4745 qum
1519 4690 1632 4728 non
1661 4678 1744 4728 est
1769 4674 1918 4745 quod
1949 4675 2092 4728 Deus

461 4772 561 4836 est,
586 4766 859 4839 corporali
887 4767 1054 4821 modo
1081 4771 1302 4821 tantum
1333 4767 1486 4821 finiri
1508 4786 1524 4836 ς
1549 4773 1604 4823 et
1624 4773 1858 4839 excepto
1906 4768 2088 4823 Trini-

457 4866 570 4918 tate
599 4863 736 4932 Deo,
769 4877 885 4916 non
911 4860 1096 4915 solum
1124 4860 1536 4915 irrationalium
1559 4862 1790 4932 spiritus
1807 4863 2094 4933 jumento-

460 4973 610 5024 rum,
631 4957 902 5026 ferarum,
933 4955 1019 5010 vel
1044 4955 1253 5025 avium,
1281 4955 1366 5010 vel
1397 4955 1766 5026 reliquorum,
1801 4956 1860 5011 in
1888 4957 2094 5028 quibus

461 5053 546 5104 est
571 5051 882 5105 secundum
915 5050 1230 5122 Scripturas
1268 5049 1496 5121 spiritus
1523 5049 1668 5119 vitae,
1699 5067 1890 5105 verum
1922 5051 2093 5107 etiam

459 5142 821 5197 rationalium
851 5145 1080 5214 spiritus
1124 5145 1458 5217 angelorum
1502 5145 1587 5198 vel
1629 5144 1946 5216 hominum,
1979 5163 2094 5201 non

461 5237 665 5291 debere
695 5235 800 5289 dici
830 5237 1080 5308 spiritus,
1111 5239 1207 5293 sed
1233 5255 1485 5311 corpora,
1513 5241 1784 5311 tanquam
1836 5239 2094 5295 homines

458 5347 572 5386 non
579 5331 700 5401 jam
718 5346 786 5384 ex
801 5330 1000 5401 spiritu
1012 5333 1066 5385 et
1079 5349 1331 5404 corpore,
1351 5334 1446 5388 sed
1474 5350 1544 5388 ex
1560 5333 1778 5388 duobus
1794 5333 2096 5390 subsistant

2193 4109 2378 4163 omnis
2406 4109 2504 4180 qui
2526 4109 2840 4180 Scripturas
2868 4113 3086 4164 sanctas
3123 4110 3315 4181 legere
3353 4111 3411 4162 et
3446 4105 3653 4161 credere
3681 4105 3772 4154 stu-

2193 4203 2305 4272 det,
2336 4203 2626 4274 intelligit.
2657 4203 2826 4258 Addis
2856 4204 3050 4272 etiam,
3081 4207 3146 4258 ut
3186 4203 3290 4258 tibi
3333 4202 3500 4255 libros
3531 4195 3664 4252 beati
3685 4197 3770 4248 Au-

2195 4297 2426 4368 gustini,
2457 4297 2553 4352 sed
2573 4301 2630 4351 et
2659 4301 2996 4352 ceterorum
3027 4297 3124 4368 qui
3147 4297 3216 4352 de
3247 4297 3352 4352 hac
3379 4313 3439 4350 re
3463 4288 3770 4353 deﬁnierunt,

2193 4395 2660 4462 quantoscunque
2701 4391 2910 4450 habere
2939 4391 3218 4458 videmur,
3263 4391 3336 4445 ad
3383 4381 3772 4444 convincendum

2191 4488 2398 4556 virum,
2430 4489 2528 4561 qui
2561 4489 3020 4560 responsionibus
3060 4490 3170 4543 tuis
3203 4489 3520 4543 nullatenus
3549 4479 3772 4539 assentire

2193 4582 2479 4654 dignatur,
2513 4583 2896 4639 transmittere
2927 4585 3234 4639 debeamus
3259 4601 3272 4637 :
3305 4583 3392 4638 vel
3419 4585 3559 4636 certe
3581 4576 3716 4632 nobis
3738 4571 3772 4625 si

2193 4676 2402 4748 aliquid
2426 4677 2691 4732 divinitus
2707 4677 2879 4733 fuerit
2898 4677 3259 4750 inspiratum,
3282 4681 3347 4731 ut
3369 4675 3654 4731 scribamus
3672 4669 3773 4723 hor-

2193 4771 2350 4825 taris.
2377 4772 2532 4826 Unde
2564 4771 2701 4826 sciat
2729 4773 2989 4827 sanctitas
3015 4777 3215 4840 vestra,
3257 4772 3302 4826 si
3348 4771 3520 4826 otium
3559 4768 3771 4822 nostrum

2193 4881 2307 4919 non
2337 4865 2697 4936 perturbaret
2725 4865 3002 4937 temporis
3040 4867 3300 4937 qualitas,
3333 4869 3388 4920 et
3427 4864 3604 4918 liceret
3639 4859 3694 4912 ut
3724 4852 3770 4906 li-

2191 4959 2322 5013 bros
2339 4959 2584 5029 eosdem,
2609 4976 2752 5031 quos
2772 4975 3074 5030 memoras,
3099 4961 3438 5015 haberemus
3457 4959 3511 5012 in
3531 4953 3769 5027 promptu:

2192 5053 2466 5108 voluntati
2493 5059 2606 5108 tua:
2641 5054 2880 5109 voluisse
2925 5071 3142 5126 parere.
3177 5055 3282 5110 Sed
3323 5053 3450 5126 quia
3477 5067 3582 5105 non
3611 5056 3768 5118 possu-

2193 5163 2320 5202 mus
2347 5149 2498 5220 quod
2523 5149 2800 5218 volumus,
2835 5149 2895 5204 id
2921 5149 3119 5204 saltem
3145 5149 3404 5204 volumus
3441 5144 3582 5219 quod
3617 5151 3770 5214 possu-

2193 5259 2322 5296 mus
2359 5259 2372 5296 :
2405 5245 2461 5297 et
2485 5242 2588 5298 tibi
2614 5259 2728 5297 non
2753 5259 2880 5314 quae
2906 5261 3010 5298 nos
3031 5244 3138 5314 ipsi
3165 5243 3500 5299 voluntatem
3524 5233 3770 5308 sequentes

2195 5341 2446 5391 nostram
2523 5336 2758 5392 definire
2813 5337 3189 5409 potuerimus,
3263 5337 3516 5410 quodque
3561 5327 3768 5402 [Videtur

458 5424 810 5498 corporibus,
843 5427 898 5478 et
932 5417 1117 5494 angeli
1145 5429 1538 5483 tantummodo
1559 5428 1814 5501 corporei
1835 5444 1953 5483 esse
1981 5445 2095 5484 cre-
2112 5407 2172 5480 Ῑ)
2199 5431 2500 5498 legendum,
2523 5431 2620 5486 sed
2646 5431 2814 5505 quod}
2843 5431 2903 5486 in
2925 5432 3262 5486 memoriam
3280 5407 3526 5486 hostram
3551 5440 3610 5479 ex
3627 5416 3770 5474 senio-

457 5521 682 5576 dantur.
705 5519 818 5574 Hoc
844 5517 1017 5574 etiam
1041 5517 1099 5572 in
1121 5520 1432 5590 prejudicio
1453 5523 1772 5579 animarum
1791 5524 2093 5592 adducens,

457 5615 608 5687 quod
633 5615 677 5668 si
704 5614 904 5668 locales
929 5613 1138 5682 forent,
1165 5613 1413 5686 profecto
1439 5621 1494 5671 et
1541 5619 1852 5689 corporales
1886 5619 2089 5674 forent.

527 5709 683 5764 Unde
704 5709 890 5764 subito
917 5713 1256 5781 prteventus,
1291 5711 1564 5765 nonnulla
1589 5713 1912 5767 testimonia
1938 5714 2087 5768 Scri-

453 5805 750 5876 pturarum
776 5809 967 5862 contra
995 5805 1102 5860 hoc
1129 5804 1456 5877 opposuisse
1492 5805 1710 5876 scriptis
1737 5805 1848 5858 tuis
1881 5806 2089 5862 inserta

2196 5540 2326 5580 rum
2353 5529 2678 5579 nostrorum
2707 5523 3133 5580 deﬁnitionibus
3171 5525 3487 5596 colligentes
3523 5525 3765 5573 coacerva-

2195 5618 2400 5690 vimus,
2437 5619 2681 5674 scribere
2711 5619 2964 5692 profecto
2995 5619 3336 5674 curabimus.

2263 5713 2370 5768 Sed
2393 5729 2546 5767 nunc
2585 5713 2710 5784 jam
2751 5713 3041 5769 videamus
3078 5713 3216 5785 quid
3255 5713 3322 5769 de
3345 5707 3544 5781 angelis
3569 5699 3766 5758 Psalmo-

2191 5805 2439 5878 graphus
2470 5807 2617 5864 dicat
2637 5827 2650 5864 :
2677 5809 2782 5878 Qui
2795 5809 2938 5878 facit
2959 5807 3186 5881 (inquit)
3201 5807 3409 5878 angelos
3427 5815 3538 5862 suos
3559 5794 3761 5870 θρίνὶωει
