4058 6190
237 297 324 353 693

1171 298 1495 357 EPISTOLA
1541 299 1606 365 ll,
1656 299 1744 354 AD
1791 297 2206 356 EPIPHANIL'M
2253 298 2616 358 DlACONUM.

3475 303 3578 360 694

232 409 281 461 et
301 404 568 462 mimistros
593 418 720 470 suos,
753 407 1026 476 flammam
1066 407 1230 477 ignis.
1259 406 1527 462 Advertet
1549 403 1728 479 igitur
1751 405 1850 479 qui
1869 415 1931 493 Α
1947 406 2234 480 intelligit,
2261 407 2349 463 vel
2373 407 2756 478 ratiocinatur,
2783 405 3094 466 secundum
3105 408 3256 481 quod
3283 407 3419 466 dicit
3435 410 3580 484 Apo-

235 498 360 555 dicit
387 499 624 571 angelos
651 516 946 573 corporeos
980 516 1119 570 esse,
1162 501 1294 573 quia
1327 500 1470 557 dixit
1510 519 1528 556 :
1576 502 1682 570 Qui
1713 502 1851 570 facit

235 593 455 663 Angelos
495 608 623 651 suos
658 597 902 666 spiritus,
947 611 1064 651 non
1102 611 1362 667 corpora.
1398 594 1653 668 Angelus
1692 595 1849 652 enim

235 688 432 759 Graece,
463 689 661 744 Latine
685 691 908 746 nuntius
935 689 1162 760 dicitur,
1200 689 1259 746 id
1287 693 1391 758 est,
1429 689 1530 761 qui
1571 689 1704 745 facit
1743 689 1851 763 spi-

235 783 365 838 ritus
389 798 521 839 suos
548 783 796 840 nuntios.
832 785 1136 856 Propterea
1158 789 1215 840 et
1239 783 1526 856 apostolus
1555 784 1762 839 Paulus
1779 783 1852 840 ad

235 875 482 933 Hebraeos
519 877 606 933 ait
632 897 646 934 :
679 882 865 938 Nonne
889 893 1066 934 omnes
1091 881 1218 935 sunt
1243 878 1710 934 administratores
1735 879 1849 962 spi-

234 973 362 1026 ritus
389 974 447 1028 in
464 975 827 1029 ministerium
855 975 1009 1030 missi
1019 977 1244 1044 propter
1265 988 1350 1028 eos
1371 974 1469 1044 qui
1485 973 1854 1029 haereditatem

235 1068 446 1137 capiunt
469 1068 670 1122 salutis
688 1069 718 1122 ?
742 1069 805 1122 In
829 1067 1033 1139 angelo
1050 1067 1206 1123 enim
1229 1082 1440 1122 nomen
1465 1066 1634 1122 officii
1651 1065 1854 1122 intelli-

239 1161 332 1230 git,
361 1159 419 1214 in
438 1159 645 1232 spiritu
669 1160 868 1216 scilicit
889 1177 1098 1217 nomen
1118 1165 1358 1217 naturae.
1391 1160 1658 1217 Similiter
1680 1159 1854 1216 etiam

236 1253 291 1309 in
311 1253 458 1308 Actis
493 1255 880 1326 apostolorum
905 1255 1080 1311 Lucas
1105 1252 1175 1310 de
1199 1255 1463 1327 Philippo
1502 1255 1678 1310 refert
1700 1253 1855 1326 quod

234 1347 458 1419 angelus
495 1348 572 1404 sit
595 1349 648 1404 ei
674 1349 913 1418 locutus,
965 1353 1026 1404 ut
1057 1349 1421 1405 descenderet
1458 1349 1519 1404 in
1561 1364 1858 1404 occursum

237 1440 469 1514 Ethiopi
497 1444 794 1514 eunucho;
825 1449 883 1500 et
919 1447 1048 1516 post
1087 1443 1385 1516 paululum
1431 1442 1586 1512 dicit,
1615 1445 1858 1514 prseter-

237 1536 398 1591 misso
424 1537 664 1593 nomine
683 1537 880 1611 angeli
907 1555 921 1594 :
952 1540 1105 1594 Dicit
1125 1543 1305 1594 autem
1325 1539 1551 1610 spiritus
1568 1537 1857 1609 Philippo:

241 1631 450 1694 Accede,
475 1635 529 1687 et
553 1631 792 1704 adjunge
809 1637 859 1688 te
882 1633 957 1688 ad
978 1647 1195 1688 currum
1213 1631 1594 1688 istum.Videat
1611 1631 1860 1703 proiecto

237 1740 396 1796 quem
437 1725 706 1798 superius
749 1727 972 1783 dixerat
1017 1726 1320 1799 angelum,
1363 1727 1560 1798 postea
1598 1724 1862 1798 spiritum

237 1820 561 1891 nuncupari.

300 1914 400 1970 Sed
426 1919 482 1969 et
505 1914 578 1970 de
615 1915 834 1988 angelis
874 1915 1059 1982 malis,
1095 1913 1353 1987 quamvis
1379 1913 1449 1969 de
1476 1911 1740 1968 societate
1767 1913 1864 1968 bo-

238 2025 431 2065 norum
454 2009 796 2081 angelorum
821 2009 1175 2078 desciverint,
1189 2013 1385 2063 tamen
1397 2007 1531 2080 quia
1551 2007 1720 2062 unius
1731 2010 1864 2062 sunt

240 2108 462 2170 naturai,
489 2107 690 2160 sancta
729 2103 1018 2175 Scriptura
1053 2101 1248 2157 multis
1283 2101 1418 2156 locis
1451 2116 1568 2156 non
1604 2117 1699 2156 eos
1741 2115 1864 2156 cor-

239 2213 385 2269 pora,
412 2197 510 2252 sed
542 2197 780 2269 spiritus
809 2213 928 2251 esse
968 2195 1160 2252 refert.
1192 2195 1397 2250 Paulus
1424 2195 1712 2266 apostolus
1738 2194 1817 2250 ait
1843 2212 1857 2250 :

241 2292 379 2360 Quod
403 2307 509 2345 non
531 2293 611 2346 sit
631 2291 782 2346 nobis
806 2291 1110 2345 colluctatio
1130 2289 1388 2344 adversus
1416 2303 1632 2344 carnem
1657 2292 1707 2343 et
1731 2303 1861 2344 san-

241 2387 458 2454 guinem,
484 2384 582 2440 sed
609 2384 866 2440 adversus
884 2385 1158 2454 principes
1186 2387 1238 2438 et
1271 2385 1581 2453 potestates,
1608 2381 1864 2437 adversus

242 2479 418 2534 mundi
437 2478 671 2534 rectdres
695 2477 1035 2533 tenebrarum
1063 2477 1256 2531 harum
1283 2495 1299 2530 :
1332 2479 1520 2530 contra
1546 2475 1865 2546 spiritualia

244 2574 482 2643 nequitia.v
517 2574 582 2626 in
624 2572 938 2626 caelestibus.
970 2570 1024 2626 Si
1054 2569 1232 2641 igitur
1255 2585 1491 2640 corpora
1515 2572 1720 2638 essent,
1746 2584 1866 2623 non

246 2665 478 2738 spiritus,
504 2681 632 2720 non
657 2664 888 2720 dixisset
930 2679 944 2718 :
991 2667 1178 2718 contra
1221 2662 1539 2733 spiritualia
1575 2663 1863 2731 nequitia;

244 2760 348 2827 sed,
378 2762 576 2815 contra
604 2757 916 2830 corporalia
930 2757 1220 2828 nequitite.
1247 2757 1313 2810 Et
1327 2754 1672 2810 Dominusin
1695 2757 1866 2810 Evan-

247 2853 401 2926 gelio,
424 2856 559 2912 Cum
589 2854 816 2924 spiritus
841 2851 1064 2922 (inquit)
1090 2849 1400 2905 immundus
1441 2848 1636 2905 exierit
1669 2849 1739 2903 ab
1769 2849 1864 2903 ho-

245 2950 393 3011 mine,
414 2948 666 3003 ambulat
680 2962 781 3018 per
805 2947 920 3000 loca
945 2945 1226 3014 inaquosa,
1253 2958 1494 3014 quaerens
1528 2944 1789 3013 requiem,
1816 2945 1870 2998 et

243 3057 338 3097 non
365 3044 620 3105 inveniet,
633 3045 684 3096 et
703 3040 897 3096 deinde
915 3039 1078 3094 vadet
1096 3043 1146 3093 et
1157 3041 1392 3093 assumet
1412 3041 1613 3108 septem
1635 3039 1868 3108 spiritus

245 3139 506 3207 nequiores
535 3151 612 3192 se.
642 3136 711 3190 Et
735 3134 795 3189 in
815 3135 1147 3205 Regnorum
1172 3131 1334 3186 libris
1359 3130 1623 3186 scribitur
1653 3146 1667 3186 :
1692 3132 1866 3201 Egre-
1888 3167 1943 3243 Ο

245 3231 360 3285 diar
385 3229 610 3303 (inquit)
638 3233 690 3285 et
704 3245 790 3286 ero
803 3230 1029 3300 spiritus
1053 3227 1290 3282 mendas:
1305 3227 1364 3280 in
1388 3240 1480 3285 ora
1493 3227 1870 3298 omniumpro-

242 3325 514 3394 phetarum
543 3323 678 3394 ejus.
714 3324 781 3378 Et
807 3321 972 3377 alibi:
999 3323 1238 3392 Spiritus
1259 3320 1635 3388 fornicationis
1662 3320 1868 3390 decepit

248 3432 340 3474 eos.
363 3419 445 3472 En
467 3417 645 3473 habet
669 3433 782 3472 non
811 3415 993 3471 solum
1019 3415 1251 3486 angelos
1270 3413 1681 3484 bonos,verum
1699 3412 1871 3469 etiam

247 3513 460 3583 angelos
484 3511 669 3567 malos
695 3509 923 3582 spiritus
952 3507 1292 3580 nuncupari.

311 3608 372 3662 Et
394 3607 528 3680 quia
552 3605 751 3675 multa,
791 3604 861 3659 de
904 3604 1167 3659 thesauro
1195 3600 1613 3673 Scripturarum
1640 3601 1873 3672 propter

246 3701 568 3757 brevitatem
595 3698 872 3754 sermonis
906 3713 1085 3770 pauca
1115 3696 1246 3752 inde
1271 3697 1635 3767 decerpentes
1656 3736 1673 3762 ,
1717 3709 1868 3765 prae-

248 3795 716 3863 termittimus,ne
741 3791 1031 3848 fastidium
1059 3790 1267 3846 scilicet
1290 3787 1612 3862 legentibus
1642 3801 1874 3859 genere-

249 3904 385 3957 mus,
401 3890 521 3961 ipse
543 3887 640 3960 qui
655 3887 886 3958 angelos
913 3885 1147 3957 spiritus
1171 3901 1284 3939 non
1305 3899 1425 3939 esse
1450 3881 1648 3951 credit,
1670 3880 1870 3936 saltem

248 3983 406 4038 unius
435 3981 749 4038 testimonii
783 3982 1119 4052 paupertate
1151 3979 1396 4034 laetetur.
1425 3975 1678 4032 Proferat
1703 3975 1749 4028 si
1772 3990 1871 4028 us-
1888 3974 1909 3993 ‘

253 4076 392 4147 piam
415 4075 836 4147 Scripturarum
855 4073 1094 4146 reperiri
1113 4071 1362 4145 potuerit
1386 4069 1617 4142 angelos
1643 4085 1758 4123 non
1782 4067 1874 4122 de-

252 4169 372 4225 bere
399 4171 634 4241 spiritus
653 4167 940 4240 appellari.
971 4169 1374 4222 Verumtamen
1400 4164 1534 4236 quia
1577 4164 1684 4218 hoc
1713 4162 1871 4217 inve-

252 4263 363 4317 nire
390 4264 713 4319 nullatenus
735 4261 966 4334 poterit,
1007 4261 1197 4316 credat
1221 4257 1530 4314 multifaria
1569 4255 1874 4328 multisque

255 4357 423 4412 modis
450 4357 564 4413 dici
606 4356 854 4428 spiritus.
899 4354 1116 4410 Dicitur
1150 4352 1384 4425 spiritus
1410 4352 1579 4419 Deus,
1611 4349 1766 4422 quod
1793 4353 1877 4405 est

253 4454 359 4506 tota
389 4451 647 4520 Trinitas,
675 4449 986 4505 secundum
1015 4447 1169 4520 quod
1213 4445 1424 4518 legitur
1471 4445 1530 4499 in
1573 4443 1875 4515 Evangelio

1949 503 2125 558 stolus
2151 517 2166 557 :
2203 503 2368 558 Testis
2393 505 2472 558 est
2500 503 2641 560 enim
2665 503 2802 558 mihi
2827 505 2983 567 Deus,
3009 505 3097 558 cui
3109 506 3281 560 servio
3301 507 3362 560 in
3379 507 3582 576 spiritu

1945 611 2080 652 meo.
2107 597 2288 662 Quem
2311 595 2454 651 dixit
2486 595 2580 651 hic
2611 595 2876 670 spiritum
2893 639 2907 666 ,
2939 596 3076 652 alibi
3097 601 3350 655 mentem
3379 600 3579 672 appel-

1947 690 2046 758 lat,
2074 689 2313 746 dicendo
2345 705 2360 745 :
2399 692 2514 761 Ego
2539 693 2723 746 autem
2761 695 2934 747 mente
2978 692 3151 748 servio
3197 693 3302 762 legi
3346 695 3464 750 Dei.
3515 695 3584 750 Et

1949 782 2160 840 iterum
2191 800 2204 839 :
2234 787 2341 842 Nos
2369 788 2550 840 autem
2578 783 2804 856 (inquit)
2841 799 3027 842 sumus
3073 787 3435 851 circumcisio,
3485 789 3584 859 qui

1948 879 2148 948 spiritu
2173 880 2280 933 Deo
2307 880 2586 933 servimus.

2023 970 2239 1026 Dicitur
2263 975 2320 1027 et
2346 971 2575 1044 spiritus
2600 971 2681 1026 vis
2706 972 2968 1045 quaedam
2997 973 3203 1029 animae
3222 977 3412 1030 mente
3439 974 3578 1030 infe-

1951 1065 2088 1133 rior,
2107 1063 2210 1120 ubi
2233 1067 2461 1120 cunctas
2479 1065 2831 1138 imaginatur
2845 1065 3238 1122 similitudines
3257 1084 3584 1141 corporum,
3640 1106 3662 1129 δ

1954 1159 2266 1215 secundum
2315 1159 2457 1216 illud
2496 1159 2748 1232 Apostoli
2789 1176 2804 1215 :
2847 1161 3024 1217 Orabo
3071 1163 3292 1232 spiritu,
3340 1163 3503 1220 orabo
3529 1168 3587 1219 .et

1954 1255 2149 1309 mente.
2305 1244 2313 1251 ’
2791 1265 2811 1278 ·
3528 1279 3552 1308 ι

2029 1345 2243 1402 Dicitur
2265 1349 2322 1404 et
2347 1345 2580 1418 spiritus
2613 1346 2873 1402 omnium
2917 1347 3254 1404 animalium
3288 1349 3586 1408 irrationa-

1956 1440 2120 1509 lium,
2149 1439 2463 1496 secundum
2489 1439 2629 1495 illud
2666 1439 2892 1496 Genesis
2920 1457 2935 1496 :
2973 1443 3337 1514 Universaque
3368 1443 3590 1517 (inquit)

1947 1535 2200 1604 jumenta
2221 1537 2282 1588 in
2307 1549 2472 1604 genus
2495 1549 2672 1598 suum,
2698 1539 2749 1590 et
2777 1550 2927 1590 omne
2947 1535 3093 1605 quod
3115 1541 3355 1593 movetur
3371 1539 3430 1592 in
3446 1543 3594 1594 terra

1957 1630 2018 1682 in
2052 1643 2241 1696 genere
2276 1643 2394 1692 suo,
2442 1633 2793 1700 cunctumque
2831 1630 3052 1685 volatile
3097 1631 3385 1685 secundum
3431 1647 3596 1702 genus

1958 1736 2136 1786 suum,
2191 1723 2454 1778 universae
2506 1738 2662 1786 aves,
2721 1738 3004 1794 omnesque
3047 1723 3285 1779 volucres
3343 1727 3599 1796 ingressae

1881 1793 1939 1866 B
1961 1820 2091 1871 sunt
2133 1816 2210 1871 ad
2253 1818 2364 1875 Noe
2402 1818 2462 1870 in
2502 1831 2706 1886 arcam,
2737 1817 2864 1871 bina
2887 1821 2938 1872 et
2968 1818 3116 1880 bina,
3154 1833 3222 1872 ea:
3254 1821 3400 1873 omni
3425 1833 3597 1876 carne

1959 1912 2020 1964 in
2043 1926 2152 1980 qua
2180 1912 2299 1964 erat
2325 1910 2550 1980 spiritus
2575 1911 2722 1964 vitae.
2755 1913 2817 1964 Et
2859 1909 3030 1981 paulo
3054 1914 3184 1981 post
3209 1927 3223 1965 :
3274 1913 3600 1984 Consumpta

1961 2007 2040 2058 est
2068 2005 2239 2058 omnis
2282 2018 2406 2057 caro
2445 2018 2564 2076 qua
2611 2003 2927 2058 movebatur
2962 2019 3124 2074 super
3171 2009 3392 2068 terram,
3439 2007 3595 2061 volu-

1959 2112 2129 2161 crum,
2161 2099 2546 2159 animantium,
2587 2097 2900 2162 bestiarum,
2941 2099 3282 2168 omniumque
3317 2099 3600 2170 reptilium

1963 2201 2084 2256 qua
2104 2189 2326 2256 reptant
2352 2200 2512 2256 super
2542 2189 2762 2248 terram,
2799 2187 3039 2241 universi
3060 2188 3313 2250 homines,
3340 2191 3391 2243 et
3409 2192 3602 2244 cuncta

1961 2281 2021 2334 in
2048 2280 2242 2349 quibus
2268 2279 2601 2350 spiraculum
2634 2281 2760 2334 vitae
2791 2283 2888 2342 est,
2917 2281 2975 2334 in
3011 2283 3158 2335 terra
3192 2285 3408 2336 mortua
3445 2285 3596 2338 sunt.

2034 2372 2230 2427 Videat
2255 2371 2434 2444 igitur
2461 2371 2557 2444 qui
2586 2372 2802 2427 nullam
2827 2377 3152 2428 creaturam
3180 2373 3314 2430 dicit
3339 2390 3458 2429 esse
3487 2373 3601 2446 spi-

1964 2466 2161 2534 ritum,
2214 2465 2440 2538 quantis
2484 2465 2824 2521 testimoniis
2862 2483 3150 2522 sacrarum
3176 2467 3602 2539 Scripturarum

1965 2559 2356 2628 convincatur;
2405 2563 2463 2614 et
2513 2559 2734 2614 desinat
2781 2559 2968 2615 dicere
3016 2564 3226 2632 praeter
3269 2559 3603 2616 Trinitatem

1963 2652 2209 2718 Domini,
2259 2668 2429 2707 omne
2455 2652 2606 2724 quod
2635 2668 2752 2708 esse
2779 2656 2980 2725 potest,
3011 2669 3217 2726 corpus
3258 2669 3395 2709 esse.
3423 2655 3605 2710 Omne

1963 2746 2226 2804 videlicet
2250 2762 2476 2818 corpus,
2521 2750 2579 2801 et
2615 2746 2795 2800 altum
2823 2749 2880 2800 et
2904 2746 3105 2816 latum,
3134 2749 3192 2802 et
3218 2746 3455 2818 longum
3496 2750 3600 2816 est,

1965 2839 2218 2898 inveniat
2261 2843 2318 2894 et
2361 2838 2507 2894 dicat
2555 2842 2751 2894 utrum
2777 2838 3066 2910 tripedalis
3100 2855 3174 2894 an
3200 2837 3604 2912 quatripedalis

1967 2934 2040 2990 sit
2063 2933 2253 2990 anima
2279 2932 2529 2989 hominis
2557 2933 2644 2988 vel
2669 2931 2900 3004 spiritus
2924 2933 3132 3005 angeli,
3165 2933 3314 2989 dicat
3337 2933 3513 2992 etiam
3533 2949 3604 2988 ex

1969 3043 2081 3102 quo
2108 3029 2389 3084 elemento
2415 3027 2620 3084 habeat
2644 3026 3014 3083 substantiam
3049 3043 3063 3082 :
3090 3027 3337 3100 exceptis
3362 3031 3607 3100 quatuor

1969 3123 2281 3193 elementis,
2323 3125 2473 3178 terra
2520 3121 2754 3189 scilicet,
2800 3123 2858 3176 et
2903 3136 3068 3193 aqua,
3117 3136 3266 3191 aere,
3315 3123 3404 3176 vel
3447 3121 3604 3193 igne,

1968 3218 2120 3274 unde
2150 3218 2258 3273 alia
2283 3219 2574 3290 compacta
2601 3219 2732 3271 sunt
2758 3231 3014 3287 corpora,
3040 3215 3189 3270 dicat
3213 3215 3477 3288 quintum
3501 3215 3604 3270 ali-

1969 3314 2120 3386 quod
2163 3312 2510 3373 elementum
2534 3311 2686 3365 unde
2711 3311 2916 3382 angelo
2953 3310 3041 3364 vel
3089 3309 3294 3364 anima:
3341 3311 3606 3365 substan-

1969 3408 2109 3462 tiam
2152 3407 2266 3462 det.
2321 3405 2428 3460 Sed
2471 3404 2607 3476 quia
2647 3403 2903 3458 invenire
2946 3419 3061 3457 non
3117 3407 3319 3474 potest,
3359 3401 3610 3458 fortassis

1970 3499 2103 3572 quia
2121 3499 2180 3553 in
2203 3496 2499 3554 elementis
2521 3495 2885 3552 excellentior
2897 3512 2994 3550 aer
3008 3496 3097 3552 vel
3117 3495 3268 3567 ignis
3288 3497 3392 3562 est,
3415 3511 3608 3550 aerem

1969 3598 2069 3649 aut
2094 3593 2288 3665 ignem
2313 3591 2522 3663 allegat
2543 3593 2806 3645 naturam
2837 3588 3046 3644 anima:
3072 3605 3192 3644 esse
3221 3588 3488 3655 hominis,
3515 3590 3606 3644 vel

1971 3687 2235 3760 spiritum
2264 3685 2474 3757 angeli,
2514 3688 2572 3739 et
2593 3700 2709 3738 non
2735 3683 2912 3755 pudet
2935 3687 3001 3738 ut
3032 3682 3295 3738 credatur
3328 3681 3459 3738 inde
3486 3699 3608 3740 esse

1971 3781 2222 3837 animam
2247 3777 2520 3848 hominis,
2549 3782 2649 3832 aut
2669 3776 2932 3850 spiritum
2959 3776 3167 3849 angeli,
3196 3776 3350 3832 unde
3379 3781 3464 3832 est
3478 3793 3604 3832 cor-

1970 3893 2078 3947 pus
2106 3872 2323 3947 pecoris
2353 3873 2440 3928 vel
2477 3871 2750 3926 hominis.
2791 3871 2971 3926 Omne
3008 3870 3188 3941 igitur
3227 3885 3432 3942 corpus
3457 3871 3611 3942 quod

1972 3968 2125 4038 vivit,
2168 3985 2239 4022 ex
2281 3971 2524 4040 quatuor
2563 3964 2859 4020 elementis
2893 3963 3147 4019 subsistit
3177 3981 3190 4018 :
3223 3979 3426 4036 corpus
3455 3965 3612 4022 enim

1972 4057 2202 4131 proprie
2229 4056 2476 4128 pertinet
2497 4055 2568 4111 ad
2591 4059 2825 4122 terram,
2855 4053 3065 4108 humor
3080 4053 3150 4108 ad
3171 4069 3399 4124 aquam,
3427 4069 3525 4108 aer
3539 4054 3610 4108 ad

1972 4153 2296 4226 pulmones,
2311 4166 2483 4223 quem
2502 4148 2787 4221 accipiunt
2805 4152 2861 4202 et
2875 4147 3122 4204 reddunt
3141 4149 3412 4219 tanquam
3425 4147 3608 4217 folles,

1973 4247 2124 4319 ignis
2143 4247 2215 4302 ad
2247 4246 2454 4300 oculos.

2043 4343 2153 4396 Nec
2178 4344 2403 4394 moveat
2427 4337 2578 4410 quod
2603 4335 2872 4402 diximus,
2895 4349 3046 4389 omne
3074 4348 3265 4404 corpus
3290 4333 3434 4403 quod
3450 4336 3606 4398 vivit,

1974 4450 2106 4489 cum
2131 4437 2188 4488 et
2215 4433 2443 4486 arbores
2485 4429 2676 4484 vivant
2717 4433 2774 4483 et
2801 4427 2992 4483 oculos
3037 4443 3156 4482 non
3197 4426 3462 4496 habeant,
3503 4443 3608 4484 nec

251 4544 504 4601 Joannis;
540 4547 670 4604 Cum
703 4547 838 4600 Deus
865 4544 1092 4613 spiritus
1136 4544 1232 4596 est,
1281 4539 1497 4594 Dicitur
1535 4541 1593 4593 et
1635 4535 1876 4610 spiritus
1893 4545 1952 4618 D
1973 4527 2126 4583 unde
2151 4541 2342 4581 aerem
2367 4523 2645 4618 accipiant
2669 4527 2725 4578 et
2748 4521 3010 4578 reddant.
3040 4520 3272 4618 Certum
3291 4524 3376 4575 est
3399 4520 3609 4577 scilicet

255 4639 408 4710 Deus,
436 4638 540 4712 qui
564 4642 650 4693 est
672 4635 840 4692 tertia
860 4635 919 4690 in
945 4635 1221 4690 Trinitate
1245 4649 1504 4706 persona,
1525 4630 1624 4703 qui
1643 4629 1876 4704 proprie

254 4733 560 4804 appellatur
590 4732 828 4802 Spiritus
859 4733 1096 4792 sanctus,
1138 4727 1359 4784 dicente
1403 4724 1668 4799 Apostolo
1703 4742 1717 4779 :
1778 4725 1882 4781 Ubi

257 4831 423 4882 autem
469 4828 697 4898 spiritus
729 4825 964 4886 Domini,
999 4823 1080 4877 ibi
1119 4823 1359 4878 libertas.
1404 4822 1470 4876 Et
1504 4819 1714 4875 iterum
1759 4834 1774 4873 :
1818 4819 1880 4876 Si

257 4923 367 4990 quis
395 4925 575 4977 autem
594 4921 848 4992 spiritum
870 4918 1075 4975 Christi
1090 4932 1196 4972 non
1223 4916 1402 4978 habet,
1423 4916 1509 4970 hic
1525 4929 1632 4969 non
1647 4917 1725 4970 est
1743 4912 1878 4982 ejus.

257 5013 456 5072 Dicitur
485 5019 541 5069 et
566 5013 797 5086 spiritus
821 5010 1057 5084 angelus
1084 5026 1098 5064 :
1127 5011 1234 5077 Qui
1245 5011 1387 5078 facit
1409 5007 1635 5080 (inquit)
1661 5007 1880 5078 angelos

257 5123 367 5164 suos
405 5109 650 5180 spiritus.
695 5105 852 5162 Unde
888 5105 1011 5176 jam
1055 5101 1318 5176 superius
1347 5101 1667 5158 testimonia
1693 5099 1881 5156 redhi-

259 5201 493 5258 buimus.

322 5297 531 5353 Dicitur
555 5300 612 5353 et
657 5295 886 5369 spiritus
911 5293 1105 5350 anima
1128 5291 1381 5348 hominis
1404 5290 1717 5346 secundum
1743 5287 1882 5344 illud

261 5391 476 5446 Genesis
502 5408 516 5446 :
543 5393 816 5448 Fomavit
838 5392 1010 5460 igitur
1051 5389 1309 5443 Dominus
1349 5389 1485 5441 Deus
1530 5385 1794 5440 hominem
1818 5382 1884 5438 de

264 5485 382 5541 limo
400 5490 571 5550 teme,
588 5489 640 5541 et
659 5487 951 5556 inspiravit
968 5486 1026 5540 in
1044 5483 1244 5551 faciem
1261 5479 1373 5551 ejus
1391 5478 1725 5551 spiraculum
1735 5478 1882 5539 vita,

265 5583 311 5633 et
331 5581 506 5648 factus
527 5583 604 5636 est
631 5580 784 5635 homo
823 5581 884 5634 in
919 5580 1162 5633 animam
1197 5577 1480 5630 viventem.
1514 5573 1582 5626 Et
1625 5570 1886 5627 Salomon

265 5670 337 5728 ait
361 5690 376 5728 :
405 5675 529 5742 Quis
553 5676 651 5729 scit
673 5676 724 5730 si
747 5675 971 5745 spiritus
999 5671 1210 5727 Domini
1236 5667 1476 5723 ascendit
1499 5680 1711 5722 sursum
1729 5666 1757 5718 ?

332 5767 538 5824 Dicitur
577 5772 632 5823 et
665 5767 900 5841 spiritus
941 5781 1125 5830 mens,
1175 5777 1305 5834 quae
1343 5763 1428 5815 est
1479 5758 1650 5814 veluti
1695 5756 1888 5812 oculus

273 5860 490 5935 animae;
518 5863 576 5920 id
601 5867 686 5920 est
726 5861 1061 5961 intellectus,
1094 5856 1250 5914 unde
1289 5857 1489 5914 cuncta
1514 5849 1890 5927 intelligibilia

1975 4619 2125 4694 quod
2147 4619 2252 4674 ista
2276 4634 2391 4673 non
2416 4617 2694 4686 habeant;
2722 4619 3119 4672 verumtamen
3146 4619 3202 4670 et
3220 4613 3358 4686 ipsae
3380 4630 3451 4670 ex
3476 4631 3611 4687 qua-

1975 4721 2106 4772 tuor
2143 4711 2437 4769 elementis
2463 4713 2718 4767 constare
2743 4709 3028 4765 videntur.
3071 4709 3512 4782 Quantacunque
3541 4709 3614 4764 sit

1976 4807 2282 4882 proceritas
2329 4805 2566 4875 arboris,
2611 4803 2722 4860 nisi
2768 4804 2884 4859 fixa
2911 4803 3192 4859 radicibus
3221 4802 3542 4860 continetur
3579 4819 3614 4858 a

1977 4908 2148 4973 terra,
2174 4901 2343 4956 arbor
2367 4915 2506 4956 esse-
2531 4915 2647 4954 non
2685 4902 2891 4972 potest,
2931 4899 2990 4952 et
3030 4895 3141 4952 nisi
3181 4912 3332 4968 aqua
3373 4895 3444 4951 ab
3483 4912 3614 4953 aere

1978 4999 2211 5052 attracta
2234 5011 2340 5068 per
2363 4993 2639 5050 medullas
2666 4991 2882 5047 arboris
2921 5007 3099 5062 usque
3125 4989 3192 5044 ad
3226 4990 3613 5046 summitatem

1978 5091 2150 5147 fuerit
2171 5090 2464 5163 perducta,
2495 5087 2682 5143 vivere
2706 5087 3029 5142 nullatenus
3054 5086 3266 5156 potest:
3301 5089 3358 5141 et
3380 5084 3491 5140 nisi
3515 5101 3614 5141 aer

1980 5185 2050 5240 ab
2075 5185 2207 5257 igne
2234 5183 2408 5240 fuerit
2448 5181 2769 5248 calefactus,
2798 5194 3009 5252 aquam
3036 5178 3220 5234 levare
3268 5194 3384 5234 non
3410 5183 3611 5252 potest.

1983 5279 2236 5352 Denique
2283 5278 2412 5333 ideo
2452 5275 2715 5331 autumni
2767 5272 2978 5345 frigore
3021 5272 3179 5345 lapsa
3216 5273 3424 5329 cadunt
3459 5274 3612 5342 folia,

1983 5375 2115 5447 quia
2140 5389 2239 5429 aer
2266 5388 2381 5428 non
2407 5370 2552 5425 sicut
2577 5385 2752 5424 verno
2777 5373 2877 5424 aut
2906 5367 3098 5424 aestivo
3129 5371 3386 5441 tempore
3412 5368 3612 5424 calefa-

1985 5472 2106 5526 ctus
2132 5471 2347 5524 tantam
2373 5465 2487 5519 vim
2514 5463 2704 5531 habct,
2721 5467 2789 5519 ut
2806 5479 3017 5535 aquam
3043 5463 3114 5519 ad
3139 5463 3432 5536 superiora
3455 5461 3616 5516 arbo-

1988 5563 2064 5618 ris
2088 5563 2286 5628 elevet,
2315 5565 2370 5616 et
2398 5557 2738 5614 viriditatem
2763 5556 2908 5614 foliis
2932 5561 3145 5628 servet;
3178 5557 3275 5613 sed
3300 5553 3570 5628 paulatim
3595 5595 3610 5622 ,

1985 5657 2224 5713 hiberno
2248 5659 2503 5728 tempore
2527 5653 2879 5720 succedente,
2905 5652 3250 5725 frigefactas,
3275 5664 3421 5720 aqua
3443 5647 3515 5702 ad
3532 5645 3619 5702 in-

1987 5750 2192 5807 feriora
2217 5749 2581 5821 descendens,
2609 5749 2778 5804 arbor
2803 5746 3026 5802 arescit.

2062 5846 2210 5916 Ergo
2261 5861 2378 5902 non
2429 5840 2879 5920 improbabiliter
2915 5837 3166 5894 diximus
3208 5848 3378 5892 omne
3414 5851 3618 5911 corpus
