4058 6190
435 296 539 350 695

1889 282 2206 339 LICINIANI

3695 284 3810 337 696

438 401 630 456 vivens
664 414 736 456 ex
788 400 1031 470 quatuor
1077 392 1368 455 elementis
1416 390 1739 461 subsistere.
1795 390 2063 455 Quocirca
2082 400 2142 476 Α
2164 390 2356 446 omnia
2382 390 2506 447 loca
2540 388 2834 446 illocaliter
2875 390 3144 446 continet.
3172 389 3229 446 Si
3254 405 3350 445 vas
3374 390 3553 462 igitur
3594 406 3630 445 a
3671 406 3809 446 vase

438 494 750 550 absurdum
776 495 876 560 est,
898 493 955 545 et
970 506 1003 542 a
1020 487 1266 542 veritatis
1284 484 1483 557 regula
1500 484 1769 554 alienum,
1791 488 1858 539 ut
1873 483 2063 539 anima

437 585 509 640 de
559 582 746 655 aliquo
784 580 1192 635 elementorum
1215 575 1423 630 horum
1450 575 1710 630 credatur
1736 574 2059 630 subsistere.

436 679 501 734 Si
525 692 676 734 omne
699 676 978 744 peccatum
1006 669 1241 740 (dicente
1269 668 1553 740 Apostolo)
1595 668 1951 739 quodcunque
1977 671 2059 736 fe-

438 775 572 828 cerit
598 773 767 829 homo,
783 770 937 820 astra
954 779 1141 834 corpus
1160 767 1255 826 est,
1276 762 1465 817 anima
1484 778 1612 834 qua
1631 778 1862 834 peccare
1881 765 2067 833 potest

436 866 630 935 utique
657 876 857 931 corpus
882 874 998 913 non
1025 862 1127 925 est,
1158 857 1300 912 sicut
1322 856 1619 928 Apostolus
1646 855 1765 928 ipse
1787 856 1867 910 ait
1894 874 1910 910 :
1936 857 2060 913 Cor-

429 972 561 1030 pore
587 956 793 1016 absens,
817 954 1017 1022 spiritu
1042 955 1221 1006 autem
1239 965 1498 1021 prasens,
1520 948 1741 1021 judicat
1770 948 2066 1004 hominem

434 1052 496 1108 in
525 1052 680 1106 tanta
716 1052 997 1103 terrarum
1046 1044 1400 1116 longitudine
1454 1043 1819 1114 disparatum,
1866 1044 2067 1115 procul

436 1143 610 1201 dubio
639 1141 834 1198 anima
857 1139 1051 1196 localis
1078 1155 1196 1194 non
1224 1143 1326 1193 est.
1356 1138 1411 1192 Si
1436 1153 1638 1208 corpus
1666 1137 1842 1191 occidi
1859 1139 2061 1208 potest,

433 1238 641 1306 anima,
673 1236 984 1291 secundum
1021 1233 1171 1307 quod
1200 1232 1468 1287 Dominus
1520 1231 1579 1286 in
1626 1231 1927 1302 Evangelia
1963 1230 2062 1302 ait,

433 1331 611 1388 occidi
652 1346 771 1386 non
815 1332 1025 1401 potest;
1078 1326 1329 1398 profecto
1356 1325 1548 1380 anima
1572 1342 1701 1397 qua
1730 1324 1907 1380 occidi
1950 1340 2065 1379 non

433 1428 639 1499 potest,
666 1440 869 1496 corpus
892 1438 1008 1477 non
1034 1425 1137 1476 est.
1165 1420 1223 1476 Si
1250 1419 1441 1474 anima
1476 1419 1667 1491 imago
1695 1418 1793 1473 Dei
1819 1422 1902 1473 est
1928 1418 2065 1489 (ipse

433 1520 645 1593 quippe
673 1518 850 1573 dicit:
883 1518 1166 1572 Faciamus
1209 1516 1472 1569 hominem
1518 1514 1593 1568 ad
1634 1516 1923 1582 imaginem
1960 1528 2059 1567 no-

431 1618 603 1670 stram
634 1617 685 1667 et
712 1610 1119 1666 similitudinem
1146 1610 1426 1679 nostram),
1469 1610 1525 1662 et
1546 1607 1679 1661 fecit
1702 1607 1848 1661 Deus
1875 1604 2063 1659 homi-

432 1724 568 1763 nem
596 1706 666 1761 ad
692 1704 997 1775 imaginem
1022 1720 1205 1773 suam,
1256 1706 1313 1756 et
1354 1703 1501 1756 Deus
1543 1701 1910 1771 incorporeus
1939 1701 2061 1768 est;

430 1800 684 1875 profecto
712 1798 919 1868 anima,
947 1814 1074 1869 qua
1103 1798 1293 1868 imago
1320 1795 1419 1850 Dei
1445 1798 1548 1861 est,
1579 1810 1783 1866 corpus
1811 1810 1930 1848 non
1960 1798 2062 1848 est.
2086 1776 2142 1848 Β

432 1897 606 1951 Porro
633 1894 679 1949 si
703 1892 892 1948 anima
920 1908 1123 1963 corpus
1146 1898 1247 1961 est,
1292 1890 1480 1961 imago
1523 1889 1622 1944 Dei
1665 1904 1780 1943 non
1824 1892 1927 1943 est.
1956 1887 2065 1942 Sed

432 1988 569 2061 quia
596 2003 793 2043 verum
821 1988 906 2042 est
928 1985 1239 2058 imaginem
1266 1985 1367 2040 Dei
1397 1999 1515 2039 esse
1546 1982 1815 2052 animam,
1845 1986 1902 2038 et
1927 1997 2062 2036 con-

431 2081 671 2137 trarium
724 2080 1029 2151 Scriptura
1075 2081 1282 2134 sancta
1324 2077 1437 2133 dici
1482 2093 1597 2132 non
1635 2080 1838 2148 potest,
1875 2074 2067 2131 anima

431 2192 637 2247 corpus
665 2191 782 2230 non
806 2178 910 2229 cst.

503 2269 614 2325 Sed
657 2268 717 2323 in
767 2267 1090 2324 defensione
1133 2265 1453 2321 animarum
1491 2278 1890 2335 corporearum
1927 2262 2067 2318 illud

431 2364 678 2419 maxime
703 2365 955 2417 astruere
981 2361 1219 2430 videtur,
1241 2358 1394 2431 quod
1419 2358 1610 2413 anima
1629 2357 1988 2412 contineatur
2005 2356 2065 2411 in

430 2460 576 2513 loco.
607 2457 892 2527 Rogamus
916 2453 1107 2526 itaque
1150 2453 1488 2524 respondeat
1513 2468 1547 2507 a
1582 2468 1694 2523 quo
1736 2451 1858 2506 loco
1883 2449 2063 2505 conti-

432 2550 558 2607 neri
584 2549 833 2605 animam
874 2564 1053 2619 posse.
1099 2547 1154 2602 Si
1181 2561 1216 2601 a
1239 2562 1474 2618 corpore
1518 2561 1641 2615 suo,
1692 2538 1829 2616 ergo
1861 2544 2065 2600 melius

433 2648 519 2702 est
543 2660 747 2716 corpus
772 2641 923 2714 quod
950 2640 1220 2710 continet,
1251 2656 1425 2713 quam
1449 2639 1639 2695 anima
1664 2654 1791 2711 qua
1817 2638 2067 2694 continet

430 2755 652 2811 corpus.
687 2738 1089 2793 Verumtamen
1114 2734 1247 2807 quia
1277 2733 1479 2789 melius
1508 2748 1625 2789 esse
1656 2749 1858 2803 corpus
1877 2732 2067 2787 anima

432 2832 748 2889 absurdum
795 2834 878 2885 est
912 2829 1133 2899 dicere;
1164 2844 1301 2900 ergo
1327 2844 1442 2882 non
1468 2826 1659 2882 anima
1685 2826 2008 2882 continetur
2031 2842 2066 2880 a

430 2942 687 2999 corpore,
720 2925 818 2981 sed
842 2923 1032 2978 anima
1052 2922 1303 2978 continet
1328 2938 1549 2994 corpus.
1578 2921 1633 2977 Si
1661 2921 1732 2976 ab
1763 2920 2065 2985 animare-

433 3020 607 3091 gitur,
652 3019 700 3073 si
738 3017 1069 3086 vivificatur,
1114 3020 1326 3087 quanto
1376 3015 1563 3087 magis
1607 3020 1665 3070 et
1706 3014 2064 3070 continetur?

430 3114 542 3168 Nec
571 3110 723 3167 enim
748 3111 825 3165 sic
854 3110 1054 3182 implet
1078 3125 1281 3180 corpus
1306 3109 1459 3180 quod
1476 3108 1745 3179 continet,
1770 3108 1913 3163 sicut
1938 3113 2067 3163 uter
2085 3149 2139 3225 Ο

432 3205 654 3225 ΞΛ,-1-.,Ζ
682 3204 904 3225 _2J-L_-..
932 3219 1067 3225 -_---
1119 3206 1180 3225 --ι
1208 3205 1425 3225 ι-..ι--..Α
1458 3202 1692 3225 ε..Δ.-..2---
1728 3202 1793 3225 ,ξι
1839 3218 1948 3225 ..-η
1978 3218 2039 3225 --

431 3205 659 3277 impleri
682 3204 905 3260 videtur
928 3219 1092 3275 aqua,
1119 3206 1185 3257 ut
1208 3205 1431 3257 tantum
1456 3202 1696 3257 interius
1725 3202 1818 3272 sit,
1839 3218 1955 3261 non
1974 3218 2065 3257 ex-

431 3298 627 3355 terius.
661 3300 796 3353 Tota
824 3297 1001 3370 igitur
1027 3295 1217 3351 anima
1242 3295 1480 3351 interius
1508 3299 1611 3365 est,
1641 3298 1758 3351 tota
1794 3295 2063 3365 exterius,

430 3397 587 3449 tanta
607 3396 691 3448 est
717 3391 777 3446 in
798 3391 1018 3446 minore
1038 3390 1293 3461 corporis
1320 3394 1498 3461 parte,
1522 3393 1733 3461 quanta
1749 3388 1808 3444 in
1827 3389 2061 3461 majore.

429 3486 485 3543 Si
505 3486 659 3542 enim
672 3489 924 3541 extrema
938 3484 1191 3555 corporis
1201 3500 1332 3555 pars
1346 3484 1434 3538 vel
1453 3482 1633 3554 digito
1653 3486 1934 3554 tangatur,
1951 3486 2068 3538 tota

430 3581 618 3637 sentit.
650 3582 716 3635 Et
744 3596 875 3634 cum
902 3594 1097 3635 sensus
1126 3576 1376 3649 corporis
1404 3576 1667 3648 quinario
1691 3593 1932 3632 numero
1960 3576 2067 3632 dis-

428 3672 619 3746 pertiti
663 3673 794 3743 sint,
824 3672 922 3727 illa
948 3672 1242 3743 dispertita
1278 3687 1394 3726 non
1421 3676 1505 3726 est
1534 3670 1593 3725 in
1619 3670 1877 3726 sensibus
1906 3686 1919 3725 :
1950 3676 2068 3726 tota

430 3767 622 3837 itaque
650 3766 820 3835 videt,
849 3769 969 3821 tota
990 3765 1166 3835 audit;
1196 3769 1312 3820 tota
1341 3765 1558 3832 odorat,
1582 3768 1699 3819 tota
1725 3765 1927 3837 tangit,
1949 3770 2066 3821 tota

433 3861 661 3931 gustat:
695 3862 750 3913 et
788 3875 921 3913 cum
947 3875 1149 3930 corpus
1177 3862 1365 3914 movet
1402 3858 1524 3930 ipsa
1568 3874 1671 3930 per
1716 3858 1924 3930 locum,
1952 3876 2066 3915 non

431 3955 689 4019 movetur
715 3951 837 4023 ipsa
862 3952 921 4006 in
950 3951 1092 4006 loco.

506 4043 777 4111 Quocirca
800 4045 959 4101 valde
998 4045 1269 4100 veraciter
1292 4048 1406 4100 tres
1438 4044 1835 4117 intelliguntur
1857 4046 2064 4102 motio-

429 4156 530 4196 nes
554 4144 892 4195 naturarum
925 4156 938 4194 :
972 4156 1086 4194 una
1110 4139 1208 4194 Dei
1233 4180 1248 4209 ,
1294 4154 1423 4211 qua
1451 4155 1556 4193 nec
1589 4138 1651 4194 in
1674 4143 1928 4211 tempore
1958 4146 2063 4210 est,

428 4251 531 4291 nec
557 4234 618 4290 in
654 4235 774 4290 loco
806 4252 821 4290 :
856 4233 965 4289 alia
990 4233 1218 4306 spiritus
1246 4232 1556 4301 rationalis,
1596 4250 1725 4305 qua
1759 4237 1980 4289 tantum
2008 4234 2066 4290 in

429 4333 685 4401 tempore
710 4332 814 4385 est.
858 4328 970 4385 Sed
1007 4327 1242 4383 forsitan
1273 4327 1634 4399 respondebit
1664 4346 1680 4381 :
1710 4329 1777 4383 Ut
1811 4327 1948 4399 quid
1974 4345 2064 4384 re-

428 4422 677 4495 quiritur
695 4439 727 4477 a
744 4439 835 4478 me
854 4424 1065 4495 quanta
1078 4420 1269 4476 anima
1291 4420 1686 4493 magnitudine
1707 4421 2063 4492 extendatur,

2136 514 2141 519 ι
2165 484 2536 554 contineatur,
2581 483 2721 539 illud
2746 484 2998 556 profecto
3026 483 3216 540 minus
3240 487 3325 539 est
3353 485 3501 555 quod
3535 484 3802 555 interius,

2163 578 2300 635 illud
2329 579 2514 650 majus
2540 582 2625 634 est
2649 578 2802 650 quod
2828 578 3090 634 exterius.
3110 577 3401 644 Quomodo
3420 594 3556 649 ergo
3585 578 3801 648 anima,

2163 672 2307 727 sicut
2349 672 2555 728 dicitur
2593 688 2833 744 parvum
2875 687 3098 744 corpus,
3151 675 3335 727 tantas
3380 671 3803 744 magnitudines

2164 783 2471 836 corporum
2496 765 2791 822 continet?
2830 767 2898 821 Et
2924 766 3132 821 idcirco
3162 766 3267 822 rite
3292 765 3544 821 creditur
3589 765 3798 835 anima,

2164 860 2537 931 quantitatem
2560 860 2797 931 nullam,
2821 859 3151 931 qualitatem
3172 860 3381 915 habere
3399 860 3600 927 ullam,
3622 860 3801 915 Deum

2164 970 2268 1009 nec
2291 955 2661 1026 quantitatem
2696 970 2800 1010 nec
2825 954 3155 1025 qualitatem
3190 953 3399 1010 habere
3426 955 3596 1026 :quia
3626 954 3798 1025 igitur

2166 1048 2397 1120 aqualis
2425 1050 2537 1104 Deo
2566 1065 2681 1104 non
2708 1053 2809 1119 est,
2828 1048 3157 1120 qualitatem
3184 1048 3412 1119 habere;
3437 1048 3573 1121 quia
3598 1064 3796 1119 corpus

2164 1158 2279 1198 non
2306 1148 2408 1213 est,
2437 1143 2814 1215 quantitatem
2841 1159 2956 1198 non
2978 1142 3209 1198 habere.

2234 1237 2377 1292 Cum
2403 1238 2573 1292 etiam
2615 1236 2842 1308 cogitet,
2871 1237 2917 1291 si
2942 1239 3158 1308 potest,
3188 1235 3326 1307 quid
3363 1236 3434 1291 sit
3477 1236 3538 1292 in
3568 1252 3797 1307 geome-

2163 1330 2287 1386 tria
2313 1330 2607 1402 disciplina
2633 1334 2932 1401 punctum,
2960 1330 3095 1401 quid
3126 1330 3187 1386 in
3218 1329 3363 1385 linea
3386 1373 3399 1397 ,
3426 1346 3556 1402 qua
3583 1330 3798 1385 nullam

2162 1424 2338 1479 habet
2374 1423 2758 1491 latitudinem,
2788 1423 3016 1478 nullam
3052 1423 3433 1491 altitudinem,
3474 1424 3572 1479 sed
3618 1425 3799 1479 solum

2164 1518 2334 1575 habet
2386 1517 2840 1588 longitudinem;
2899 1517 3117 1572 auferat
3164 1517 3342 1573 etiam
3398 1517 3799 1589 cogitationem

2164 1612 2235 1666 ab
2265 1610 2523 1667 omnium
2550 1626 2745 1665 rerum
2776 1626 3176 1682 corporearum
3198 1652 3212 1680 ,
3251 1611 3506 1682 quamvis
3531 1611 3801 1666 minutis-

2165 1705 2457 1775 simarum,
2486 1720 2667 1776 usque
2695 1704 2765 1758 ad
2790 1703 2954 1759 ﬁlum
2979 1720 3222 1773 aranea,
3256 1704 3408 1777 quod
3431 1721 3536 1776 pro
3567 1705 3799 1759 modulo

2166 1815 2265 1854 suo
2292 1803 2348 1853 et
2370 1797 2728 1853 latitudinem
2768 1803 2825 1853 et
2861 1799 3217 1853 altitudinem
3260 1798 3470 1854 habere
3512 1799 3801 1869 dignosci-

2164 1897 2276 1947 tur.
2312 1893 2377 1947 Et
2400 1908 2532 1947 cum
2558 1891 2903 1947 intellexerit
2929 1892 3077 1947 hanc
3102 1892 3330 1963 lineam,
3349 1908 3524 1963 quam
3549 1892 3806 1947 diximus

2164 2002 2279 2040 non
2304 2001 2423 2041 esse
2447 2001 2797 2057 corpoream,
2819 1985 3211 2058 intelligatque
3233 2002 3356 2042 rem
3380 1986 3803 2057 incorpoream,

2163 2078 2443 2150 intelligat
2483 2094 2687 2150 corpus
2710 2095 2827 2133 non
2856 2094 3010 2148 esse;
3042 2078 3322 2150 intelligat
3346 2095 3489 2147 rem,
3517 2096 3649 2151 qua
3683 2080 3807 2151 regi

2165 2173 2223 2227 in
2251 2188 2487 2244 corpore
2513 2171 2901 2241 conﬁrmatur,
2929 2188 3133 2243 corpus
3153 2189 3271 2228 esse
3303 2189 3419 2227 non
3447 2188 3635 2244 posse.
3663 2176 3809 2244 Apo-

2165 2266 2339 2322 stolus
2374 2264 2528 2322 enim
2560 2264 2639 2321 ait
2671 2284 2684 2322 :
2737 2268 2874 2334 Quos
2906 2269 3178 2336 praesciuit
3211 2266 3626 2337 praedestinavit
3678 2282 3806 2321 con-

2163 2363 2363 2428 formes
2396 2363 2516 2430 ﬁeri
2537 2362 2793 2431 imaginis
2821 2361 2951 2415 Filii
2976 2361 3107 2429 ejus.
3140 2359 3420 2431 Intelligat
3444 2359 3627 2431 igitur
3651 2360 3807 2432 quod

2165 2454 2461 2526 Apostolus
2489 2455 2569 2509 ait
2613 2472 2627 2509 :
2675 2456 2781 2522 Qui
2827 2454 3065 2509 adhaeret
3113 2456 3378 2509 meretrici
3420 2470 3590 2509 unum
3615 2470 3809 2524 corpus

2165 2551 2416 2617 efﬁcitur;
2470 2551 2565 2618 qui
2611 2553 2794 2604 autem
2844 2548 3083 2603 adhaeret
3133 2551 3354 2603 Domino
3390 2562 3528 2603 unus
3575 2550 3807 2619 spiritus

2165 2647 2261 2698 est.

2234 2736 2588 2808 Quapropter
2615 2735 2925 2791 secundum
2967 2739 3136 2792 recta
3160 2735 3293 2792 ﬁdei
3320 2734 3611 2791 catholica
3654 2735 3804 2790 veri-

2166 2835 2361 2897 tatem,
2388 2829 2672 2885 credimus
2699 2829 3002 2884 Dominum
3031 2830 3433 2901 incorporeum
3462 2829 3661 2885 fecisse
3700 2830 3803 2884 ali-

2164 2941 2277 2996 qua
2312 2923 2642 2995 incorporea
2665 2964 2679 2992 ,
2717 2923 2909 2996 aliqua
2955 2938 3224 2995 corporea
3247 2965 3261 2993 ,
3315 2924 3693 2995 praeposuisse
3744 2924 3804 2978 in

2166 3033 2373 3090 genere
2409 3034 2811 3089 corporearum
2848 3033 3045 3073 rerum
3090 3017 3387 3072 rationalia
3437 3017 3800 3072 irrationabi-

2163 3106 2329 3177 libus,
2351 3106 2729 3179 intelligibilia
2752 3123 2867 3161 non
2895 3106 3361 3178 intelligentibus,
3373 3107 3529 3177 justa
3552 3106 3801 3177 injustis,

2163 3205 2314 3257 recta
2368 3201 2625 3273 pravis,-
2658 3200 2998 3255 immortalia
3058 3200 3407 3256 mortalibus.
3470 3202 3530 3254 In
3593 3216 3801 3271 genere

2164 3294 2340 3367 igitur
2363 3311 2555 3349 rerum
2582 3310 3011 3366 corporearum,
3040 3294 3318 3349 sensibilia
3356 3294 3797 3363 insensibilibus,

2163 3388 2408 3444 viventia
2430 3406 2546 3444 non
2572 3388 2886 3443 viventibus
2904 3430 2918 3458 ,
2947 3388 3190 3443 coelestia
3216 3388 3581 3444 terrestribus
3600 3430 3616 3455 ,
3650 3404 3797 3442 mas-

2166 3482 2420 3538 culinum
2458 3474 2755 3552 feminino,
2784 3482 3029 3538 maxime
3056 3482 3339 3538 valentem
3386 3482 3578 3537 minus
3607 3482 3797 3538 valen-

2166 3576 2316 3632 tiori.
2962 3564 2967 3569 ’

2237 3670 2344 3726 Sed
2386 3670 2507 3724 hac
2556 3670 2797 3725 dicimus
2825 3670 3181 3726 ostendentes
3225 3670 3362 3741 quid
3412 3669 3621 3725 habeat
3665 3671 3799 3725 ordo

2166 3768 2403 3831 natura,
2431 3780 2550 3818 non
2575 3764 2713 3835 quid
2741 3768 3001 3819 nostrum
3025 3768 3236 3819 asserat
3264 3764 3650 3819 commodum.
3668 3764 3800 3828 Quis

2166 3874 2281 3913 non
2321 3858 2492 3914 etiam
2520 3857 2683 3913 malit
2707 3858 2915 3914 habere
2936 3873 3147 3929 panem
3176 3873 3348 3929 quam
3376 3857 3610 3927 sorices,
3642 3874 3798 3929 gem-

2165 3968 2318 4007 mam
2342 3968 2514 4023 quam
2556 3952 2828 4007 famulam
2846 3952 2873 4007 ?
2903 3954 2960 4007 et
2984 3951 3323 4023 plerumque
3358 3951 3528 4007 etiam
3556 3952 3802 4024 amplius

2165 4046 2506 4117 appenditur
2525 4062 2704 4117 equus
2729 4062 2901 4118 quam
2933 4061 3125 4101 servus
3149 4088 3163 4116 ,
3193 4045 3333 4100 dum
3357 4044 3567 4101 scilicet
3592 4046 3803 4102 utilitas

2165 4139 2528 4213 appenditur,
2550 4156 2665 4194 non
2690 4140 2828 4195 ordo
2855 4140 3116 4195 creantis.

2237 4233 2341 4289 Sed
2360 4233 2481 4303 jam
2514 4233 2597 4288 vel
2626 4249 2780 4288 nunc
2807 4233 3076 4304 accipiat,
3105 4233 3433 4289 charissime
3457 4233 3656 4303 frater,
3707 4234 3801 4307 qui

2165 4332 2218 4383 te
2239 4326 2474 4382 minime
2502 4326 2696 4382 audire
2722 4327 3013 4397 detractat,
3029 4329 3285 4381 sanctum
3306 4330 3475 4399 atque
3501 4328 3803 4400 egregium

2164 4421 2592 4493 pradicatorem
2622 4420 2933 4476 antistitem
2956 4420 3342 4493 Augustinum
3375 4439 3389 4476 :
3419 4426 3476 4477 et
3502 4421 3639 4476 licet
3662 4439 3805 4494 pene

429 4533 561 4571 cum
580 4516 859 4572 veraciter
886 4519 1093 4589 pateat,
1124 4520 1285 4571 extra
1323 4531 1527 4587 corpus
1572 4531 1739 4570 suum
1784 4531 1905 4571 esse
1945 4524 2140 4597 nonD
2163 4514 2222 4569 in
2261 4514 2524 4569 omnibus
2569 4513 2851 4586 opusculis
2878 4514 3014 4583 suis,
3059 4514 3156 4569 ubi
3194 4530 3327 4569 eum
3378 4530 3545 4568 causa
3586 4516 3802 4588 exegit,

428 4626 615 4681 posse,
637 4613 694 4664 et
721 4610 1033 4666 secundum
1060 4610 1513 4682 magnitudinem
1538 4609 1786 4681 corporis
1814 4608 2065 4665 animam

428 4703 741 4775 quantitate
767 4702 918 4758 ﬁniri
934 4704 961 4758 ?
987 4706 1134 4777 Ergo
1161 4704 1207 4758 si
1224 4704 1389 4776 juxta
1415 4704 1790 4775 quantitatem
1812 4703 2064 4775 corporis

427 4796 712 4869 quantitas
739 4800 821 4853 est
864 4796 1070 4852 anima
1087 4839 1101 4867 ,
1131 4802 1288 4852 tanto
1314 4798 1555 4870 quisque
1597 4798 1799 4853 debeat
1825 4813 1944 4853 esse
1971 4814 2061 4852 sa-

428 4890 693 4962 pientior,
746 4895 958 4964 quanto
1005 4890 1179 4946 fuerit
1220 4907 1459 4963 corpore
1504 4890 1793 4963 grandior.
1820 4893 1891 4945 At
1930 4906 2063 4947 vero

428 5001 559 5040 cum
586 4986 922 5058 plerumque
944 5001 1242 5042 cernamus
1269 4984 1634 5057 sapientiores
1655 5000 1774 5041 esse
1794 4984 2060 5057 minores,

428 5093 603 5149 quam
630 5096 864 5152 corpore
893 5079 1243 5154 grandiores,
1272 5096 1388 5135 non
1412 5082 1497 5134 est
1522 5078 1726 5134 anima
1752 5081 2064 5137 secundum

429 5171 677 5242 corporis
689 5175 1064 5244 quantitatem
1077 5175 1382 5248 quantitas.
1391 5176 1562 5229 Porro
1576 5173 1836 5241 autem,si
1847 5178 2064 5230 tantam

427 5265 882 5335 magnitudinem
909 5269 1113 5325 habeat
1139 5270 1348 5340 anima,
1377 5271 1649 5341 quantam
1681 5283 1907 5339 corpus;
1928 5285 2065 5340 quo-

427 5358 598 5413 modo
625 5358 685 5413 in
712 5376 949 5431 parvum
969 5380 1171 5435 corpus
1190 5368 1375 5419 tantas
1395 5378 1700 5435 corporum
1717 5361 2062 5434 granditates

428 5452 747 5525 imaginum
774 5455 1067 5511 continet?
1087 5460 1171 5513 An
1200 5474 1316 5514 non
1330 5474 1527 5514 omnes
1547 5456 1971 5530 magnitudines
1989 5457 2063 5512 ci-

428 5548 667 5604 vitatum
698 5564 837 5621 quas
863 5548 1142 5621 novimus,
1171 5552 1471 5623 montium,
1503 5552 1826 5622 fluminum,
1856 5551 1981 5606 coeli
2007 5556 2063 5608 et

420 5646 610 5714 terra,
638 5642 726 5699 vel
754 5643 1106 5717 reliquarum
1126 5645 1447 5716 specierum
1460 5645 1648 5701 animo
1664 5646 2020 5702 continemus
2031 5647 2059 5701 ?

421 5736 557 5800 Quis
576 5736 746 5795 etiam
769 5739 927 5795 locus
947 5742 1065 5795 tam
1086 5739 1315 5812 grandis
1332 5739 1539 5794 anima
1557 5756 1686 5795 cum
1708 5745 1862 5795 tanta
1879 5741 2060 5813 spatia

419 5828 673 5888 locorum
719 5833 1008 5892 continet?
1047 5834 1153 5892 Sed
1195 5834 1328 5907 quia
1362 5833 1482 5906 ipsa
1532 5848 1734 5905 corpus
1789 5850 1905 5891 non
1952 5838 2056 5905 est,

2164 4608 2416 4663 animam
2441 4609 2529 4663 vel
2555 4608 2824 4679 angelum
2848 4607 3091 4663 instruat
3116 4607 3541 4679 incorporeum,
3569 4625 3803 4665 verum-

2164 4704 2354 4757 tamen
2403 4702 2537 4774 quia
2575 4702 2841 4773 angustia
2884 4701 3156 4774 temporis
3191 4701 3355 4771 (sicut
3381 4702 3511 4773 jam
3532 4702 3805 4774 diximus)

2165 4800 2427 4865 coarctat,
2446 4795 2618 4851 libros
2646 4796 2769 4867 ejus
2789 4811 2893 4851 nec
2912 4796 3069 4850 vobis
3088 4796 3491 4866 transmittere,
3511 4813 3622 4852 nec
3640 4797 3805 4852 nobis

2162 4891 2350 4963 legere
2377 4893 2553 4960 vacat,
2591 4907 2769 4963 pauca
2815 4889 2985 4945 etiam
3031 4906 3158 4962 qua
3194 4889 3355 4945 nobis
3383 4906 3454 4945 ex
3491 4890 3660 4946 libris
3687 4892 3806 4963 ejus

2165 4984 2235 5040 ad
2260 4984 2773 5056 incorporalitatem
2798 4984 3003 5041 anima
3022 4988 3121 5039 aut
3134 4984 3321 5057 angeli
3349 4985 3725 5041 astruendam
3748 4986 3805 5041 in

2164 5082 2415 5134 mentem
2439 5078 2695 5149 veniunt,
2723 5078 2965 5134 scribere
2992 5078 3333 5134 curavimus.
3362 5079 3423 5133 In
3449 5077 3599 5133 libro
3629 5079 3807 5151 igitur

2164 5173 2262 5245 qui
2287 5172 2515 5228 titulum
2536 5172 2727 5242 habet,
2745 5173 2821 5228 De
2837 5188 3061 5228 summo
3077 5172 3246 5241 bono,
3263 5189 3434 5244 supra
3448 5178 3804 5229 memoratus

2162 5266 2395 5323 antistes
2425 5284 2438 5322 :
2472 5289 2499 5317 «
2529 5266 2726 5322 Omnis
2768 5270 2973 5321 natura
3015 5266 3237 5339 (inquit)
3279 5269 3379 5321 aut
3425 5265 3666 5337 spiritus
3707 5272 3806 5323 aut

2163 5377 2364 5433 corpus
2394 5364 2504 5431 est;
2551 5360 2782 5433 spiritus
2807 5352 3285 5416 incommutabilis
3320 5361 3467 5416 Deus
3493 5366 3598 5428 est,
3629 5361 3803 5433 spiri-

2162 5456 2303 5511 ritus
2322 5454 2738 5511 commutabilis
2757 5454 2903 5509 facta
2918 5456 3140 5524 natura,
3163 5454 3260 5510 sed
3280 5470 3516 5526 corpore
3535 5455 3801 5512 melior.»

2166 5551 2224 5605 In
2250 5550 2392 5605 libro
2438 5550 2611 5605 etiam
2651 5549 2720 5604 de
2754 5548 3086 5620 Virginitate
3129 5552 3337 5604 sancta
3371 5548 3579 5617 Maria,
3627 5566 3803 5621 quem

2161 5644 2232 5699 ad
2260 5643 2619 5699 Volusianum
2643 5641 2865 5714 scripsit
2892 5659 2905 5697 :
2939 5664 2966 5691 ‹‹
2997 5642 3054 5698 Si
3080 5646 3273 5699 autem
3313 5641 3534 5715 (inquit)
3565 5644 3802 5715 quidam

2160 5737 2435 5793 rationem
2465 5737 2623 5793 reddi
2651 5722 2765 5793 sibi.
2783 5736 3061 5809 ﬂagitant,
3094 5736 3380 5809 quomodo
3407 5738 3552 5792 Deus
3578 5737 3799 5793 homini

2160 5831 2460 5907 permistus
2499 5832 2591 5905 sit,
2636 5836 2701 5889 ut
2745 5847 2858 5889 una
2883 5829 3045 5891 ﬁeret
3087 5847 3325 5905 persona
3369 5830 3613 5904 Christi;
3666 5848 3796 5890 cum
