3940 6178
199 319 277 372 697
1118 309 1440 368 EPISTOLA
1477 311 1546 379 Il,
1583 313 1673 368 AD
1711 312 2125 370 EPIPHANIUM
2161 312 2524 371 DIACONUM.

3393 321 3497 378 698

192 425 278 480 hoc
298 419 443 478 simul
478 418 598 474 ﬁeri
625 418 958 490 oportuerit,
987 418 1146 492 quasi
1185 418 1467 475 rationem
1494 419 1602 492 ipsi
1631 420 1762 476 red-
1787 435 1847 508 Α
1865 420 1928 476 in
1949 423 2069 477 toto
2117 437 2291 494 quam
2331 422 2392 478 in
2437 421 2648 494 aliquo,
2675 427 2734 478 et
2755 426 2873 480 tam
2917 440 3196 498 magnum
3225 425 3285 482 in
3318 442 3493 498 parvo

189 518 298 575 dant
331 515 392 571 de
439 529 497 568 re
533 529 660 585 qum
709 513 962 586 quotidie
1008 512 1099 582 ﬁt,
1135 513 1422 586 quomodo
1461 512 1768 570 misceatur

186 610 343 666 anima
372 606 597 678 corpori,
634 611 697 662 ut
743 623 854 662 una
895 623 1140 680 persona
1181 606 1279 662 ﬁat
1317 607 1586 663 hominis.
1625 609 1764 664 Nam

186 705 302 759 sicut
320 701 374 756 in
411 701 618 755 unitate
661 715 920 772 personm
959 701 1149 756 anima
1189 701 1374 757 utitur
1415 717 1669 774 corpore,
1700 706 1766 758 ut

184 799 326 853 homo
349 795 444 864 sit;
469 793 543 849 ita
584 793 646 848 in
687 793 904 850 unitate
950 810 1208 866 personm
1239 795 1386 850 Deus
1427 795 1608 852 utitur
1651 796 1756 850 ho-

183 891 310 947 mine
354 893 415 944 ut
451 887 698 943 Christus
749 888 840 943 sit.
871 909 898 938 »
952 889 1020 944 Et
1061 892 1192 960 post
1235 887 1531 960 paululum
1579 888 1758 944 dicit:

184 987 432 1041 «Persona
473 981 718 1038 hominis
757 981 996 1037 mistura
1031 986 1115 1038 est
1139 981 1345 1038 animm
1386 986 1444 1038 et
1477 983 1758 1054 corporis;

179 1094 382 1151 persona
405 1079 590 1131 autem
621 1075 828 1132 Christi
850 1075 1088 1131 mistura
1115 1080 1201 1132 est
1225 1076 1326 1131 Dei
1352 1080 1408 1132 et
1446 1075 1710 1132 hominis.
1731 1095 1760 1129 n

181 1174 231 1228 Et
251 1176 358 1243 post
378 1169 703 1243 paululum:
741 1171 1181 1226 «Verumtamen
1229 1171 1472 1226 duarum
1497 1170 1760 1242 incorpo-

178 1281 371 1322 rearum
393 1279 582 1319 rerum
607 1263 920 1319 commistio
936 1263 1155 1318 facilius
1173 1263 1328 1319 credi
1353 1264 1562 1335 debuit,
1587 1280 1761 1336 quam

176 1359 316 1414 unius
331 1358 667 1430 incorporem
683 1359 739 1412 et
761 1356 992 1412 alterius
1015 1373 1320 1430 corporem.
1343 1357 1485 1412 Nam
1509 1357 1554 1412 si
1574 1358 1764 1414 anima

177 1454 225 1508 in
273 1469 358 1508 sua
396 1457 593 1506 natura
634 1467 750 1506 non
791 1451 1027 1520 fallitur,
1080 1451 1470 1523 incorpoream
1517 1468 1577 1507 se
1642 1468 1762 1508 esse

175 1545 578 1619 comprehendit.
601 1544 773 1600 Multo
791 1544 974 1617 magis
989 1545 1389 1617 incorporeum
1412 1549 1497 1601 est
1513 1545 1761 1601 Verbum

174 1641 270 1712 Dei,
293 1657 348 1694 ac
370 1656 466 1711 per
483 1639 592 1694 hoc
618 1639 785 1694 Verbi
810 1638 910 1694 Dei
939 1643 997 1694 et
1019 1639 1227 1694 animm
1247 1639 1569 1695 credibilior
1594 1640 1766 1695 debet

175 1751 266 1790 esse
297 1733 620 1804 commistio,
666 1749 839 1806 quam
881 1733 1089 1788 animm
1127 1738 1183 1789 et
1229 1732 1496 1805 corporis.
1545 1733 1652 1790 Sed
1701 1733 1762 1789 in

171 1829 302 1883 nobis
344 1827 470 1900 ipsis
523 1803 854 1900 experimur
909 1826 1080 1896 illud;
1131 1827 1191 1882 in
1244 1803 1466 1883 Christo
1529 1828 1758 1883 credere
1781 1803 1836 1876 B

163 1922 423 1993 jubemur:
472 1921 521 1976 si
570 1926 761 1976 autem
811 1925 1120 1992 utrumque
1168 1921 1332 1975 nobis
1398 1920 1758 1992 inexpertum

169 2016 469 2071 credendum
497 2015 928 2088 prmciperetur,
957 2013 1095 2086 quid
1131 2014 1338 2070 horum
1366 2013 1530 2070 citius
1557 2015 1752 2070 crede-

167 2125 322 2164 remus
343 2111 370 2164 ?
405 2109 696 2174 Quomodo
737 2124 853 2164 non
895 2108 1207 2163 fateremur
1247 2108 1360 2163 duo
1403 2107 1754 2180 incorporea,

165 2219 305 2274 quam
341 2219 518 2258 unum
572 2202 972 2274 incorporeum
1019 2201 1378 2274 alterumque
1423 2217 1756 2273 corporeum

158 2295 342 2351 facilius
390 2295 638 2368 potuisse
689 2295 960 2352 misceri?
989 2317 1016 2346 ››
1084 2297 1210 2350 Hmc
1269 2294 1576 2367 disputatio
1622 2311 1757 2352 vera

163 2390 341 2446 ratione
355 2389 676 2461 plenissima
699 2390 895 2462 magni
921 2389 1186 2446 antistitis
1213 2388 1530 2444 incredulos
1557 2405 1756 2461 provo-

161 2500 268 2536 cans
290 2483 352 2538 ad
377 2482 550 2539 ﬁdem
577 2483 744 2538 ducet
772 2501 790 2553 ;
832 2489 896 2539 ut
920 2483 1131 2539 scilicet
1175 2482 1320 2538 sicut
1365 2483 1604 2538 credunt
1639 2482 1755 2538 ani-

162 2593 288 2631 mam
311 2577 696 2649 incorpoream
741 2577 985 2648 corpori,
1024 2581 1086 2633 ut
1111 2593 1222 2632 una
1262 2593 1502 2648 persona
1529 2575 1626 2632 fiat
1655 2577 1755 2632 ho-

161 2671 298 2726 minis
319 2713 333 2741 ,
379 2670 629 2743 potuisse
680 2671 949 2741 misceri;
1007 2671 1188 2726 multo
1248 2669 1466 2725 facilius
1523 2669 1753 2726 credere

160 2763 332 2820 debent
353 2765 598 2820 Verbum
619 2765 717 2820 Dei
742 2764 1164 2837 incorporeum,
1179 2763 1530 2836 incorporem
1549 2763 1755 2820 animm

157 2858 369 2928 potuisse
393 2858 644 2914 misceri.

211 2953 263 3006 In
284 2952 416 3008 libro
442 2953 621 3009 etiam
644 2953 709 3008 de
735 2954 954 3023 Origine
973 2955 1189 3015 animm,
1211 2968 1383 3025 quem
1407 2951 1479 3007 ad
1497 2956 1753 3008 sanctum

155 3043 528 3118 Hieronymum
593 3047 985 3118 presbyterum
1048 3046 1307 3118 scripsit,
1363 3047 1753 3118 incorpoream

153 3155 345 3212 quoque
370 3157 486 3196 esse
515 3141 769 3195 animam
788 3139 976 3212 inquit
999 3157 1011 3195 :
1042 3145 1094 3196 et
1114 3143 1163 3196 si
1179 3141 1393 3209 difﬁcile
1418 3141 1750 3197 tardioribus

145 3234 433 3302 persuadm‘
455 3239 651 3306 potest,
683 3235 817 3289 mihi
850 3239 1029 3289 tamen
1052 3236 1232 3301 fateor
1263 3250 1370 3289 esse
1403 3249 1746 3305 persuasum.

152 3326 252 3381 Haec
277 3328 438 3383 verba
459 3327 615 3384 beati
639 3327 939 3400 Augustini
967 3328 1275 3382 ostendunt
1295 3327 1419 3382 illos
1447 3343 1562 3382 non
1582 3344 1750 3400 posse

151 3416 424 3492 intelligere
475 3420 686 3476 animm
750 3420 1298 3492 incorporalitatem,
1349 3421 1450 3492 qui
1516 3420 1750 3492 ingenio

149 3513 320 3581 pusillo
343 3531 454 3570 non
480 3514 675 3570 valent
697 3515 996 3586 sejungere
1026 3529 1294 3586 corporea
1313 3514 1382 3570 ab
1403 3513 1749 3585 incorporeis

148 3605 325 3663 rebus:
353 3609 486 3680 quia
513 3608 724 3664 scilicet
747 3612 969 3664 tantum
993 3609 1244 3682 corporis
1269 3607 1526 3663 sensibus
1546 3607 1746 3675 dediti,

147 3699 263 3755 nihil
281 3718 393 3758 esse
434 3702 765 3759 existimant
789 3703 940 3775 quod
977 3719 1096 3758 non
1121 3718 1223 3774 per
1265 3718 1461 3757 sensus
1497 3700 1748 3774 corporis

147 3796 424 3868 percepisse
447 3795 837 3852 meminerint.
865 3795 1099 3868 Scripsit
1111 3800 1301 3852 autem
1312 3795 1465 3851 idem
1482 3794 1748 3866 egregius

146 3886 318 3944 Doctor
333 3890 547 3946 librum
574 3891 644 3946 de
669 3889 983 3962 quantitate
1004 3889 1232 3958 animm,
1255 3889 1449 3944 multis
1476 3893 1532 3944 et
1549 3887 1745 3943 multi-

145 3980 352 4050 plicibus
385 3984 864 4057 disputationibus
902 3984 1199 4054 refertum,
1227 3983 1287 4039 in
1327 4000 1440 4056 quo
1475 3982 1624 4038 inter
1647 3999 1748 4037 cm-

143 4078 243 4130 tera
267 4078 332 4133 de
355 4077 817 4151 incorporalitate
843 4077 1051 4132 animm
1079 4077 1342 4150 disputat.
1375 4096 1402 4129 ‹‹
1424 4078 1544 4132 Non
1570 4075 1744 4147 enim,

145 4168 226 4236 ait,
257 4171 362 4228 ullo
381 4173 575 4239 modo,
606 4177 703 4227 aut
736 4171 927 4243 longa,
955 4176 1054 4226 aut
1085 4171 1216 4241 lata,
1251 4175 1350 4226 aut
1382 4170 1542 4243 quasi
1569 4170 1749 4225 valida

141 4264 441 4334 suspicanda
466 4272 555 4323 est
587 4266 778 4321 anima
810 4281 1141 4337 corporea.»
1173 4265 1281 4319 Ista
1323 4269 1474 4333 sunt,
1505 4267 1571 4319 ut
1603 4263 1746 4319 mihi

140 4354 350 4428 videtur,
378 4364 436 4416 et
459 4361 532 4416 de
571 4359 976 4415 consuetudine
1019 4375 1325 4431 corporum
1378 4357 1457 4412 sic
1495 4357 1746 4412 animam

141 4453 440 4524 quaerimus,
474 4453 715 4526 ideoque
753 4453 904 4508 bene
945 4451 1275 4525 prmcipitur
1318 4452 1489 4507 etiam
1527 4451 1586 4505 in
1626 4467 1745 4522 my-

143 4544 318 4616 steriis,
363 4552 426 4603 ut
466 4547 658 4602 omnia
706 4563 942 4618 corpora
985 4549 1332 4616 contemnat,
1373 4544 1824 4622 universaqueD

142 4634 250 4692 huic
277 4642 490 4696 mundo
525 4640 830 4709 renuntiet,
861 4640 978 4712 qui,
1021 4645 1087 4694 ut
1123 4639 1400 4708 videmus,
1440 4653 1748 4710 corporeus

143 4735 225 4799 est,
257 4734 510 4808 quisquis
543 4751 602 4789 se
632 4734 805 4788 talem
834 4734 992 4790 reddi
1032 4732 1331 4802 desiderat,
1361 4731 1540 4804 qualis
1575 4749 1610 4786 a
1634 4732 1745 4786 Deo

137 4822 293 4881 factus
319 4833 422 4899 est,
466 4828 525 4884 id
551 4833 634 4884 est
677 4827 872 4882 similis
913 4828 1048 4882 Deo.
1099 4827 1220 4881 Non
1261 4825 1414 4881 enim
1447 4825 1554 4880 alia
1595 4824 1744 4880 salus

138 4917 316 4976 animm
339 4927 442 4990 est,
483 4925 582 4977 aut
623 4920 930 4992 renovatio,
957 4925 1057 4976 aut
1097 4919 1480 4976 reconciliatio
1523 4919 1744 4975 auctori

138 5025 241 5067 δυο.

193 5105 544 5178 Claudianus,
572 5108 660 5164 vir
686 5107 1109 5177 disertissimus,
1139 5107 1314 5164 edidit
1344 5106 1521 5162 libros
1544 5105 1614 5160 de
1659 5107 1745 5160 In-

134 5201 505 5271 corporalitate
525 5201 737 5258 animm
758 5191 893 5272 tres,
912 5201 1066 5258 omni
1087 5200 1424 5274 eloquentim
1445 5198 1745 5270 splendore

133 5289 388 5364 fulgentes
413 5313 428 5348 :
459 5295 520 5351 in
546 5297 754 5368 quibus
787 5297 937 5352 inter
961 5300 1165 5352 cmtera
1204 5294 1423 5368 ingenii
1451 5292 1538 5348 sui
1567 5291 1741 5346 docu-

131 5392 302 5443 menta
342 5389 816 5460 prmclarissima:
869 5389 1070 5460 Omne,
1127 5389 1332 5461 inquit,
1383 5387 1604 5442 illocale
1651 5384 1741 5440 in-

129 5493 445 5551 corporeum
483 5500 706 5556 quoque
759 5488 862 5540 est.
899 5485 1074 5539 Porro
1103 5483 1214 5539 vita
1259 5480 1512 5554 corporis
1554 5478 1744 5534 anima

127 5577 214 5641 est,
240 5579 296 5630 et
321 5576 382 5631 in
409 5591 644 5650 corpore
673 5577 810 5634 vivit
834 5595 850 5647 ;
881 5581 938 5633 et
977 5583 1097 5633 tam
1122 5577 1257 5632 vivit
1283 5575 1473 5630 anima
1495 5574 1555 5629 in
1580 5578 1742 5646 parte

128 5669 375 5738 corporis,
395 5686 570 5742 quam
594 5671 654 5726 in
677 5676 796 5728 toto
817 5688 1085 5744 corpore;
1113 5675 1339 5727 tantum
1357 5685 1492 5739 ergo
1521 5667 1650 5723 vitm
1678 5667 1739 5724 in

127 5765 266 5826 parte
294 5765 544 5836 corporis
584 5769 689 5832 est,
717 5770 996 5838 quantum
1021 5766 1080 5821 in
1109 5759 1224 5821 toto
1253 5779 1506 5835 corpore,
1536 5768 1593 5818 et
1630 5763 1740 5818 vita

128 5850 235 5910 hmc
258 5857 450 5915 anima
466 5863 548 5918 est
564 5877 579 5920 :
609 5875 718 5920 nec
739 5859 918 5920 locale
947 5865 1033 5920 est
1048 5859 1202 5935 quod
1221 5861 1340 5917 tam
1362 5872 1636 5931 magnum
1655 5861 1741 5916 est

1865 531 2037 586 quam
2077 513 2138 570 in
2183 531 2413 588 magno.
2462 517 2584 572 Non
2609 516 2786 590 igitur
2834 517 3022 574 localis
3059 524 3143 576 est
3189 519 3396 576 anima.
3428 522 3499 578 Et

1864 607 2139 682 quidquid
2193 609 2413 666 illocale
2456 613 2560 681 est,
2623 626 2959 682 corporeum
3004 629 3120 668 non
3166 618 3268 669 est.
3318 613 3497 686 Igitur

1863 701 2053 757 anima
2091 718 2294 775 corpus
2335 719 2452 759 non
2503 708 2606 760 est.
2637 705 2778 759 Item
2825 705 3231 762 ratiocinatur:
3287 708 3492 764 Anima

1863 795 2156 851 rationalis
2183 800 2286 866 est,
2309 801 2366 853 et
2407 797 2847 856 substantialiter
2873 799 3020 856 inest
3041 801 3247 857 animm
3277 802 3495 859 ratioci-

1861 889 2006 958 nari,
2034 894 2090 946 et
2120 890 2262 946 ratio
2291 891 2659 964 incorporalis
2687 898 2857 966 atque
2908 894 3138 950 illocalis
3167 900 3286 952 est:
3316 895 3494 968 igitur

1862 983 2229 1056 incorporalis
2271 988 2356 1040 est
2395 985 2604 1042 anima.
2660 988 2798 1042 Item
2835 989 3095 1044 voluntas
3121 989 3328 1044 animm
3355 991 3490 1046 sub-

1863 1077 2068 1133 stantia
2087 1078 2209 1150 ejus
2242 1083 2344 1148 est,
2375 1084 2433 1135 et
2465 1080 2509 1135 si
2545 1085 2662 1136 tota
2693 1080 2812 1137 vult
2837 1082 3048 1154 anima,
3089 1086 3205 1139 tota
3234 1085 3491 1140 voluntas

1863 1175 1964 1242 est,
1999 1175 2054 1227 et
2081 1171 2338 1228 voluntas
2381 1190 2585 1246 corpus
2632 1192 2749 1230 non
2797 1180 2898 1232 est.
2929 1177 3108 1248 Igitur
3158 1177 3348 1234 anima
3374 1195 3490 1234 non

1862 1268 1948 1320 est
1968 1282 2194 1338 corpus.
2224 1268 2362 1322 Item
2386 1268 2659 1324 memoria
2685 1269 2916 1326 illocalis
2931 1271 3193 1344 qumdam
3215 1273 3492 1344 capacitas

1862 1363 1964 1430 est,
1993 1375 2120 1432 qum
2143 1376 2247 1416 nec
2276 1361 2638 1418 multitudine
2663 1363 3098 1420 recordabilium
3129 1365 3488 1435 distenditur,

1861 1468 1964 1507 nec
2023 1453 2306 1525 paucitate
2372 1459 2671 1524 tenuatur,
2715 1460 2773 1512 et
2825 1457 3254 1529 incorporaliter
3319 1459 3490 1515 etiam

1861 1542 2239 1614 corporalium
2264 1543 2664 1601 reminiscitur.
2693 1547 2760 1600 Et
2789 1562 2921 1600 cum
2956 1546 3218 1601 meminit
3243 1547 3487 1619 animus,

1859 1639 2011 1691 totus
2053 1637 2334 1707 meminit,
2365 1641 2422 1693 et
2459 1643 2608 1693 totus
2634 1640 2906 1694 memoria
2951 1643 3054 1710 est,
3083 1641 3182 1713 qui
3230 1641 3493 1699 meminit

1860 1733 2010 1785 totus
2036 1748 2050 1784 :
2085 1735 2142 1786 et
2165 1731 2440 1786 memoria
2457 1749 2660 1804 corpus
2685 1749 2803 1787 non
2818 1738 2920 1788 est.
2939 1735 3059 1789 Non
3084 1735 3262 1807 igitur
3286 1751 3490 1808 corpus

1859 1827 1944 1879 est
1967 1824 2210 1879 animus.
2240 1826 2378 1880 Item
2417 1842 2620 1896 corpus
2653 1843 2758 1880 nec
2783 1828 3199 1900 appropinquat
3226 1830 3361 1898 Deo,
3384 1846 3488 1885 nec

1857 1917 2067 1974 recedit
2085 1935 2118 1971 a
2149 1919 2289 1988 Deo;
2319 1919 2545 1973 animus
2569 1925 2761 1975 autem
2786 1925 2842 1976 et
2868 1921 3152 1992 proximat
3177 1926 3233 1977 et
3257 1922 3485 1994 longin-

1857 2015 1992 2084 quat
2020 2011 2346 2081 illocaliter;
2375 2011 2553 2084 igitur
2603 2013 2827 2068 animus
2874 2013 3067 2069 localis
3096 2031 3211 2070 non
3239 2021 3338 2070 est.
3363 2035 3388 2068 ι)
3419 2018 3488 2072 Et

1856 2105 2140 2160 hactenus
2165 2104 2233 2158 de
2273 2104 2727 2177 incorporalitate
2756 2106 2961 2163 animm
2998 2107 3344 2179 disputatum
3389 2110 3484 2166 sit.

1927 2243 2225 2300 Videamus
2271 2244 2533 2317 deinceps
2554 2250 2752 2302 utrum
2777 2247 3010 2303 assertio
3024 2253 3217 2304 nostra
3240 2264 3308 2304 eo
3334 2250 3487 2321 quod

1854 2338 2187 2410 angelorum
2225 2343 2428 2394 natura
2453 2338 2523 2395 sit
2551 2339 2903 2412 incorporea,
2933 2341 3122 2414 aliquo
3160 2341 3484 2398 testimonio

1855 2431 2168 2488 roboretur.
2198 2433 2399 2488 Beatus
2449 2437 2600 2489 certe
2649 2434 3021 2506 Augustinus,
3051 2435 3180 2490 licet
3204 2435 3264 2490 in
3288 2436 3484 2491 multis

1854 2525 2133 2597 opusculis
2156 2530 2368 2581 astruat
2390 2528 2623 2599 angelos
2643 2527 3034 2600 incorpoream
3059 2546 3178 2584 esse
3197 2527 3480 2600 naturam,

1852 2623 2244 2676 veruntamem
2267 2619 2326 2674 in
2353 2619 2498 2675 libro
2525 2621 2808 2676 Trinitatis
2833 2638 2948 2677 non
2992 2623 3177 2678 solum
3202 2639 3272 2678 ex
3295 2623 3484 2678 incor-

1851 2729 2046 2786 poreo,
2078 2728 2275 2767 verum
2302 2713 2476 2768 etiam
2515 2731 2583 2768 ex
2614 2731 2903 2786 corporeo,
2932 2715 2991 2770 id
3020 2721 3104 2771 est
3157 2733 3227 2772 ex
3264 2716 3477 2788 duplici

1851 2806 2182 2876 substantia,
2208 2823 2303 2861 eos
2332 2823 2452 2862 esse
2482 2813 2783 2878 asseverat,
2811 2813 2876 2863 ut
2895 2825 2963 2863 ex
2992 2826 3102 2865 una
3129 2810 3200 2864 ad
3224 2809 3325 2865 Dei
3352 2826 3483 2865 con-

1851 2900 2278 2972 templationem
2303 2916 2418 2955 non
2444 2901 2726 2972 recedant,
2757 2903 3072 2958 secundum
3107 2903 3256 2975 quod
3288 2903 3482 2958 Domi-

1850 3010 1960 3049 nus
1987 2994 2048 3049 in
2075 2993 2377 3066 Evangelio
2401 3010 2532 3048 cum
2548 2994 2618 3050 de
2643 3012 2759 3050 non
2779 2996 3221 3052 condemnandis
3237 2997 3484 3068 parvulis

1851 3091 2046 3159 ageret
2075 3105 2088 3142 :
2123 3089 2263 3156 Quia
2306 3088 2488 3158 angeli
2513 3104 2694 3144 eorum
2715 3105 2920 3160 semper
2946 3092 3132 3146 vident
3158 3093 3484 3158 faciem'Pa-

1770 3176 1826 3252 C
1851 3184 1950 3237 tris
1977 3183 2100 3244 mei,
2131 3183 2227 3252 qui
2249 3184 2307 3235 in
2331 3183 2474 3236 caelis
2499 3187 2578 3238 est
2602 3199 2619 3252 ;
2673 3199 2744 3238 ex
2786 3183 2898 3238 alia
2924 3184 2994 3238 ad
3036 3185 3227 3257 aliqua
3262 3185 3482 3256 agenda

1849 3275 1908 3330 in
1937 3279 2240 3347 conspectu
2257 3274 2558 3330 hominum
2579 3276 2850 3332 veraciter
2873 3284 3202 3350 appareant.
3224 3278 3311 3335 Sic
3330 3278 3484 3334 enim

1849 3369 1908 3424 in
1934 3369 2078 3424 libro
2121 3385 2159 3424 ιι
2209 3368 2462 3439 ejusdem
2502 3369 2728 3438 operis:
2787 3393 2814 3420 ‹‹
2843 3373 3225 3440 Assumentes,
3273 3371 3478 3442 inquit,

1848 3461 2036 3534 angeli
2081 3461 2427 3532 corporalem
2475 3461 2721 3534 speciem
2751 3479 2785 3516 a
2809 3467 3066 3519 creatura
3115 3480 3382 3536 corporea
3415 3465 3477 3519 in

1847 3572 2015 3611 usum
2058 3553 2358 3610 ministerii
2408 3553 2514 3621 sui,
2544 3554 2688 3610 sicut
2715 3556 2919 3628 cuique
2971 3574 3113 3629 opus
3163 3562 3328 3624 esset,
3382 3564 3484 3614 aut

1846 3650 2036 3722 ipsum
2061 3665 2264 3721 corpus
2280 3664 2446 3705 suum
2465 3649 2559 3704 cui
2577 3665 2693 3706 non
2713 3650 3052 3719 subduntur,
3073 3651 3171 3706 sed
3190 3651 3480 3706 subditum

1847 3748 2072 3816 regunt,
2101 3743 2162 3798 in
2187 3746 2399 3816 species
2437 3764 2577 3820 quas
2601 3747 2793 3802 volent
2829 3745 3278 3802 accommodatas
3313 3749 3481 3817 atque

1847 3840 2006 3908 aptas
2033 3837 2349 3894 actionibus
2388 3841 2504 3897 suis
2554 3841 2921 3896 immutantes
2961 3843 3130 3911 atque
3179 3841 3480 3910 vertentes,

1847 3933 2157 3990 secundum
2210 3934 2540 3991 attributam
2581 3935 2688 3989 sibi
2716 3951 2750 3988 a
2792 3935 3054 3989 Creatore
3109 3932 3477 4004 potentiam.»

1846 4025 1988 4079 Item
2009 4023 2068 4080 in
2095 4024 2241 4082 libro
2258 4043 2321 4082 ιιι
2339 4045 2509 4100 supra
2535 4032 2982 4084 memoratarum
3001 4026 3282 4082 librorum
3303 4027 3481 4082 :«Non

1845 4118 2031 4174 solum
2056 4119 2254 4192 malos,
2288 4121 2494 4195 inquit,
2523 4123 2622 4178 sed
2664 4139 2769 4178 nec
2801 4122 2982 4177 bonos
3026 4121 3261 4192 angelos
3285 4121 3370 4175 fas
3395 4123 3481 4175 est

1845 4212 2036 4284 putari
2085 4219 2381 4283 creatores,
2431 4217 2496 4284 si,
2523 4233 2630 4288 pro
2680 4215 2990 4271 subtilitate
3045 4213 3132 4268 sui
3181 4229 3378 4268 sensus
3425 4217 3482 4268 et

1845 4307 2118 4378 corporis,
2141 4308 2357 4364 semina
2385 4325 2576 4365 rerum
2606 4307 2843 4364 istarum
2869 4307 3030 4362 nobis
3056 4305 3359 4361 occultiora
3379 4321 3480 4360 no-

1844 4404 2100 4456 verunt.»
2132 4403 2199 4456 Et
2223 4402 2393 4473 paqu
2419 4407 2575 4474 post:
2607 4403 2790 4466 «Qum
2817 4401 2878 4455 in
2907 4399 3061 4454 coelis
3088 4403 3239 4469 sunt,
3268 4398 3476 4470 inquit,

1845 4509 1960 4548 non
2016 4493 2442 4566 investigamus,
2481 4511 2595 4567 quo
2644 4511 2838 4550 rerum
2885 4508 3113 4565 genere,
3142 4497 3200 4548 et
3244 4510 3480 4566 corpora

1847 4585 2104 4659 angelica
2131 4587 2444 4642 secundum
2479 4587 2769 4660 propriam
2817 4586 3172 4660 dignitatem,
3195 4591 3252 4644 et
3279 4603 3477 4645 eorum

1845 4680 2106 4752 qumdam
2125 4681 2428 4753 corporalis
2445 4681 2591 4736 actio
2615 4680 2994 4737 continetur.»
3025 4683 3166 4735 Item
3183 4680 3327 4737 libro
3352 4699 3472 4753 vm,

1846 4775 2050 4830 docens
2071 4774 2375 4830 Dominum
2405 4792 2519 4830 non
2548 4791 2665 4831 esse
2692 4791 2916 4847 corpus,
2945 4791 3050 4830 nec
3075 4775 3220 4832 sicut
3260 4775 3476 4848 cogita-

1846 4865 1958 4936 tur,
1985 4867 2202 4940 inquit:
2237 4868 2471 4941 «angeli
2495 4869 2698 4925 mundi
2723 4868 2954 4941 spiritus
2977 4869 3220 4925 cmlestia
3238 4885 3478 4940 corpora

1845 4961 2205 5034 inspirantes,
2249 4967 2417 5035 atque
2445 4963 2519 5018 ad
2565 4963 2862 5018 arbitrium
2910 4979 3024 5034 quo
3059 4961 3311 5018 serviunt
3362 4963 3476 5018 Deo
3559 5033 3574 5042 ί

1844 5061 2148 5125 mutantes,
2177 5060 2348 5128 atque
2373 5073 2432 5113 se
2452 5061 2756 5126 vertentes,
2784 5071 2888 5112 nec
2915 5055 2961 5110 si
2989 5072 3185 5112 omnes
3205 5072 3335 5111 cum
3365 5056 3479 5112 sint

1843 5149 2024 5205 millia
2050 5149 2301 5205 millium
2333 5150 2396 5206 in
2422 5167 2604 5206 unum
2634 5149 2848 5204 collecti
2871 5165 3020 5204 unus
3046 5149 3204 5221 ﬁant,
3231 5166 3337 5206 nec
3366 5151 3476 5207 tale

1845 5243 2060 5315 aliquid
2089 5245 2233 5300 Deus
2260 5249 2362 5314 est,
2385 5260 2488 5300 nec
2517 5243 2563 5298 si
2589 5243 2816 5298 eosdem
2857 5241 3088 5315 spiritus
3115 5243 3235 5300 sine
3276 5261 3474 5317 corpo-
3582 5307 3587 5312 _

1843 5336 2001 5392 ribus
2029 5337 2260 5409 cogites,
2290 5337 2440 5410 quod
2467 5335 2699 5409 quidem
2727 5336 2937 5392 carnali
2978 5337 3303 5410 cogitationi
3333 5337 3477 5394 diffi-

1843 5429 2122 5486 cillimum
2149 5434 2252 5486 est.

1913 5575 2206 5642 Memores,
2241 5572 2438 5644 frater,
2469 5573 2688 5630 dilectm
2733 5574 3028 5631 sententim
3067 5573 3308 5638 Domini,
3340 5571 3472 5642 quia

1842 5667 2085 5723 duorum
2111 5671 2212 5722 aut
2237 5667 2410 5723 trium
2429 5667 2727 5725 hominum
2748 5668 3136 5725 testimonium
3157 5681 3354 5721 verum
3375 5664 3466 5736 sit,

1843 5760 2017 5815 labori
2045 5765 2238 5817 nostro
2254 5761 2313 5818 in
2337 5766 2492 5817 arcto
2513 5767 2765 5834 tempore
2795 5760 3170 5834 providentes,
3189 5757 3292 5812 hos
3323 5757 3465 5812 duos

1841 5855 2342 5916 excellentissimos
2392 5859 2738 5927 tractatores,
2769 5859 2836 5912 ut
2880 5851 3099 5910 facilius
3151 5850 3363 5924 credat,
3412 5852 3472 5909 in
