3940 6178
489 285 593 338 699

1158 282 1392 338 SANCTI
1440 280 1687 336 VERANI
1734 280 2127 348 SENTENTIA,
2168 280 2257 336 DE
2294 280 2656 338 CASTlTATE
2707 281 3168 339 SACERDOTUM.
3594 336 3599 373 ζ
3666 303 3747 356 τοο

488 396 767 465 quantum
794 390 1076 463 quivimus
1100 404 1168 444 ex
1193 387 1473 460 Opusculis
1497 403 1697 443 eorum
1721 387 2000 443 memoria
2021 404 2113 443 re-
2136 400 2196 474 Α
2214 389 2373 454 Quod
2409 388 2457 444 si
2484 387 2573 444 his
2601 389 2847 447 noluerit
2877 389 3169 458 assentire,
3203 404 3302 446 nec
3330 391 3653 464 plurimorum
3681 411 3746 464 te.

489 487 702 553 tinere,
761 484 967 556 scripta
1016 498 1119 555 per
1169 497 1265 537 vos
1313 481 1655 538 notescenda
1702 482 2113 567 mandavimus.

2216 482 2408 553 stium,
2442 481 2489 538 si
2514 483 2774 555 producti
2796 483 3031 553 fuerint,
3064 484 3329 542 assentire
3352 490 3558 553 curabit.

496 645 3714 674 MM

1068 814 1077 821 ο
1382 774 1732 841 LICINIAN
1737 775 1784 853 Ι,
1831 773 2521 841 CARTHAGINENSIS
2564 774 2942 854 EPISCOPI,

930 940 1485 1034 EPISTOLA
1552 940 1702 1046 111,
1776 941 1927 1032 AD
1994 937 2690 1033 VINCENTIUM
2767 905 3395 1035 EPISCOPUM

1840 1122 2205 1170 EBOSITANE
2245 1123 2502 1170 INSULIE.

565 1242 813 1309 Contra
852 1261 955 1307 eos
991 1245 1112 1327 qui
1147 1243 1495 1307 credebant
1519 1240 1821 1325 epistolas
1849 1242 1929 1305 de
1976 1242 2133 1305 coelo
2174 1241 2474 1305 cecidisse
2514 1243 2582 1305 in
2626 1242 3018 1305 memoriam
3057 1240 3270 1304 sancti
3304 1239 3471 1305 Petri
3491 1242 3689 1311 Romae.

1481 1377 1646 1442 (Nunc
1666 1374 1894 1441 primum
1917 1374 2054 1426 edita
2073 1389 2136 1425 ex
2156 1375 2253 1427 Ms.
2274 1373 2524 1427 Ecclesiae.
2550 1373 2844 1438 Toletanis.)

551 1643 702 1696 Inter
728 1640 905 1695 varias
934 1640 1363 1696 tribulationum
1405 1641 1693 1713 angustias
1732 1657 1850 1696 non
1879 1657 1985 1696 nos
2010 1641 2103 1713 pi-
2125 1652 2182 1725 Β
2204 1643 2488 1712 torquere,
2517 1641 2575 1694 et
2612 1637 2683 1694 ad
2726 1636 3083 1693 excitandam
3132 1634 3423 1691 libidinem
3456 1635 3760 1708 nugatoribus

484 1734 625 1806 guit,
665 1738 901 1806 cogente
943 1734 1215 1790 charitate
1257 1735 1493 1807 Christi,
1537 1736 1659 1791 haec
1697 1736 2111 1809 qualiacunque

482 1832 632 1896 sunt,
664 1829 734 1882 ad
784 1828 1144 1884 Sanctitatem
1169 1834 1415 1884 vestram
1454 1830 1624 1885 verba
1661 1830 1928 1903 dirigere,
1971 1831 2106 1885 insi-

479 1926 720 1977 nuantes
770 1922 1045 1993 accepisse
1094 1939 1196 1977 nos
1239 1923 1455 1978 litteras
1497 1926 1642 1993 tuas,
1690 1928 1747 1979 et
1794 1925 1864 1979 de
1908 1929 2109 1980 vestrae

480 2016 762 2087 sospitatis
800 2016 951 2071 bono
998 2016 1233 2089 gavisos.
1262 2017 1369 2073 Sed
1395 2017 1455 2071 in
1479 2016 1538 2071 id
1563 2034 1678 2072 non
1706 2017 1942 2074 minime
1971 2036 2107 2074 con—

478 2109 681 2164 tristati
723 2127 938 2179 sumus,
970 2111 1120 2182 quod
1156 2111 1370 2165 litteras
1396 2111 1710 2182 cujusdam,
1736 2128 1879 2183 quas
1904 2113 1976 2168 ad
2001 2130 2108 2168 nos

480 2202 779 2273 direxistis,
808 2204 953 2259 sicut
1001 2209 1116 2260 tuae
1148 2204 1404 2261 indicant
1449 2204 1669 2274 litteraa,
1698 2206 2024 2277 susceperis,
2055 2210 2111 2262 et

480 2296 551 2350 de
576 2297 843 2352 tribunali
861 2298 1084 2369 populis
1105 2315 1197 2353 eas
1224 2298 1420 2353 feceris
1445 2299 1793 2354 annuntiari.
1814 2300 1931 2371 Ego
1953 2300 2109 2355 enim

430 2452 436 2457 ,
483 2406 616 2444 mox
645 2406 678 2444 a
723 2395 780 2445 te
821 2392 1175 2448 transmissas
1232 2392 1442 2464 accepi,
1476 2393 1538 2447 in
1587 2393 1886 2463 prasentia
1934 2393 2111 2465 ipsius

481 2484 783 2556 perlatoris
809 2486 1103 2541 exordium
1134 2486 1459 2542 litterarum
1484 2487 1736 2557 ipsarum
1783 2486 1979 2559 legens
2005 2505 2021 2558 ;
2055 2493 2112 2544 et

477 2594 597 2632 non
649 2578 929 2649 patienter
964 2580 1167 2648 ferens,
1197 2558 1302 2636 nec
1349 2580 1589 2652 dignum
1635 2582 1846 2635 ducens
1892 2582 2110 2636 nmnias

480 2669 631 2743 ipsas
656 2673 965 2744 perlegere,
1011 2675 1199 2729 statim
1243 2674 1400 2743 scidi,
1428 2678 1484 2729 et
1508 2691 1602 2729 eas
1640 2675 1700 2728 in
1729 2678 1941 2730 terram
1974 2692 2107 2747 pro-

475 2764 608 2835 jeci,
629 2765 915 2821 admirans
944 2768 1097 2839 quod
1124 2768 1212 2823 his
1239 2768 1502 2823 credulus
1530 2768 1724 2837 fueris,
1755 2771 1812 2822 et
1829 2772 1961 2840 post
1974 2786 2107 2840 pro-

479 2860 787 2931 phetarum
814 2861 1096 2931 vaticinia,
1125 2866 1181 2917 et
1224 2862 1430 2917 Christi
1476 2862 1792 2934 Evangelia,
1824 2863 2108 2934 apostolo-

481 2969 726 3024 rumque
752 2954 874 3024 ejus
903 2956 1195 3026 Epistolas,
1225 2957 1413 3011 nescio
1444 2957 1603 3027 cujus
1626 2956 1873 3011 hominis
1896 2957 2110 3012 litteras

482 3046 585 3101 sub
603 3046 835 3102 nomine
860 3024 1067 3104 Christi
1104 3024 1295 3119 factas,
1324 3051 1446 3122 ejus
1472 3024 1592 3105 esse
1617 3050 1919 3105 credideris
1938 3068 1957 3120 ;
2007 3051 2109 3106 ubi
2128 3024 2183 3099 Ο

481 3157 585 3196 nec
626 3157 811 3197 sermo
857 3142 1109 3215 elegans,
1160 3159 1266 3199 nec
1309 3143 1566 3199 doctrina
1614 3159 1749 3198 sana
1791 3144 2001 3216 poterit
2024 3161 2111 3200 re-

480 3230 676 3302 periri.

549 3328 613 3381 In
637 3325 920 3399 principio
946 3325 1123 3399 ipsius
1149 3327 1398 3400 epistolae
1428 3327 1672 3401 legimus
1694 3331 1760 3384 ut
1787 3328 1904 3384 dies
1924 3329 2111 3384 Domi-

478 3420 641 3475 nicus
668 3421 904 3476 colatur.
953 3421 1087 3487 Quis
1124 3421 1281 3476 enim
1324 3421 1693 3493 Christianus,
1724 3439 1840 3477 non
1878 3428 2112 3495 propter

476 3514 668 3586 ipsum
721 3515 894 3585 diem,
934 3516 1030 3570 sed
1071 3520 1305 3588 prepter
1355 3516 1827 3573 resurrectionem
1876 3517 2109 3573 Domini

474 3608 653 3663 nostri
674 3610 802 3663 Jesu
832 3609 1058 3678 Christi,
1092 3626 1159 3665 eo
1190 3611 1343 3682 quod
1364 3610 1424 3665 in
1453 3610 1575 3682 ipso
1600 3627 1634 3665 a
1659 3610 1900 3666 mortuis
1926 3627 2111 3667 resur-

478 3701 644 3769 rexit,
670 3703 1202 3761 revenendissimum
1233 3720 1349 3758 non
1382 3704 1589 3760 habeat
1612 3705 1639 3760 ?
1672 3705 1800 3772 Sed,
1830 3710 2109 3776 quantum

479 3794 679 3863 sentio,
705 3795 831 3851 ideo
854 3813 1033 3851 novus
1056 3797 1161 3852 iste
1199 3797 1536 3868 praedicator
1582 3799 1689 3853 hoc
1735 3797 1888 3866 dicit,
1918 3802 1983 3853 ut
2006 3815 2108 3854 nos

472 3887 758 3959 judaizare
807 3891 1128 3961 compellat,
1179 3894 1245 3945 ut
1286 3891 1477 3945 nullus
1509 3891 1614 3945 sibi
1661 3892 1722 3946 in
1765 3892 1964 3947 eodem
2017 3892 2108 3948 die

478 3981 793 4037 necessaria
833 3982 1012 4037 victus
1046 3988 1351 4055 praeparet,
1381 3989 1480 4038 aut
1503 3984 1652 4039 viam
1696 3985 1968 4041 ambulet.
2000 3986 2107 4042 Sed

477 4076 585 4129 hoc
621 4092 792 4147 quam
837 4076 1146 4147 pessimum
1194 4076 1285 4143 sit,
1318 4076 1592 4131 Sanctitas
1637 4080 1735 4132 tua
1772 4079 2104 4150 perpendat.

477 4170 705 4224 Utinam
731 4170 976 4241 populus
995 4170 1345 4225 Christianus
1373 4170 1418 4224 si
1432 4170 1522 4224 die
1543 4170 1664 4241 ipso
1685 4172 1974 4226 ecclesiam
1992 4188 2107 4227 non

475 4262 815 4334 frequentat,
850 4263 1079 4335 aliquod
1111 4263 1297 4333 operis
1335 4264 1565 4333 faceret,
1594 4268 1652 4319 et
1693 4281 1808 4319 non
1855 4264 2102 4321 saltaret.

474 4357 777 4428 Meliusque
806 4362 926 4413 erat
949 4357 1069 4413 viro
1105 4357 1337 4415 hortum
1373 4357 1577 4428 facere,
1606 4357 1715 4413 iter
1741 4374 1931 4431 agere,
1971 4375 2100 4413 mu-

474 4449 600 4503 lieri
625 4451 815 4505 colum
857 4456 1073 4518 tenere,
1101 4456 1158 4506 et
1200 4467 1337 4520 non,
1365 4455 1432 4506 ut
1481 4451 1709 4521 dicitur,
1738 4452 1965 4522 ballare,
1994 4453 2099 4507 sal-

476 4548 615 4610 tare,
648 4548 705 4599 et
738 4546 993 4600 membra
1015 4562 1049 4600 a
1074 4546 1189 4601 Deo
1223 4546 1368 4602 bene
1399 4546 1624 4601 condita
1660 4545 1917 4602 saltando
1958 4546 2104 4602 male

2208 1733 2563 1789 cantionibus
2588 1731 2961 1805 proclamare.

2222 1865 2232 1872 -
2278 1826 2435 1882 Absit
2453 1842 2589 1898 ergo
2607 1842 2640 1881 a
2666 1826 2969 1882 Sanctitate
2988 1828 3085 1880 tua
3103 1824 3211 1879 hoc
3232 1824 3470 1894 credere,
3491 1827 3548 1878 ut
3569 1822 3761 1894 epistola

2208 1941 2361 1980 nunc
2386 1924 2548 1979 nobis
2571 1924 2870 1980 mittantur
2897 1940 2929 1978 a
2966 1923 3207 1979 Christo.
3237 1921 3477 1978 Sufﬁciat
3495 1920 3628 1976 enim
3651 1919 3766 1992 quod

2209 2019 2426 2073 locutus
2468 2022 2553 2073 est
2583 2017 2645 2073 in
2686 2017 2977 2089 prophetis
3000 2033 3105 2089 per
3130 2032 3189 2071 se
3238 2016 3439 2088 ipsum,
3468 2020 3519 2070 et
3556 2030 3645 2086 per
3670 2028 3765 2067 suos

2208 2113 2507 2184 apostolos.
2535 2113 2677 2166 Nam
2703 2117 2759 2167 et
2794 2111 2885 2166 his
2928 2127 3043 2165 non
3082 2110 3301 2167 litteras
3344 2107 3712 2164 transmittebat
3746 2121 3767 2159 e

2209 2205 2366 2273 coelo,
2399 2205 2495 2260 sed
2520 2204 2732 2276 Spiritu
2768 2208 2958 2259 sancto
2985 2219 3184 2260 eorum
3226 2202 3393 2258 corda
3418 2201 3660 2274 replebat.
3686 2200 3765 2253 Ex-

2209 2298 2383 2370 ceptis
2397 2298 2553 2354 enim
2581 2298 2774 2353 decem
2801 2296 3115 2370 praeceptis,
3144 2313 3275 2369 qua:
3294 2296 3353 2351 in
3377 2294 3568 2351 tabulis
3591 2291 3771 2364 lapideis

2209 2392 2546 2447 mirabiliter
2566 2392 2697 2446 data
2739 2395 2890 2461 sunt,
2921 2391 2993 2446 ad
3036 2391 3262 2446 nullum
3295 2389 3668 2462 prophetarum
3701 2387 3773 2437 aut

2208 2485 2594 2558 apostolorum
2634 2485 2898 2558 Epistolas
2926 2485 3117 2539 missae
3141 2488 3279 2539 sunt
3303 2483 3371 2538 de
3398 2482 3545 2537 coelo.
3570 2479 3671 2534 Non
3694 2477 3773 2548 igi-

2206 2583 2303 2634 tur
2327 2579 2522 2635 credas
2564 2595 2693 2651 quae
2724 2594 3020 2650 nunquam
3066 2577 3215 2633 facta
3244 2578 3543 2649 leguntur:
3580 2589 3674 2644 que
3697 2571 3774 2626 etsi

2206 2673 2351 2728 facta
2381 2678 2586 2739 essent,
2608 2677 2737 2746 post
2762 2671 3239 2745 praedicationem
3276 2668 3554 2741 Evangelii
3582 2668 3687 2738 jam
3706 2680 3778 2719 ne-

2207 2767 2445 2822 cessaria
2461 2783 2577 2821 non
2609 2770 2758 2821 sunt.
2779 2767 2846 2821 Et
2870 2765 2915 2820 si
2931 2766 3075 2821 forte
3100 2764 3299 2836 ipsum
3322 2779 3523 2819 nomen
3545 2775 3722 2816 novum
3737 2763 3776 2811 te

2207 2860 2519 2928 delectavit,
2548 2860 2680 2932 quia
2706 2860 2825 2931 ipsa
2863 2860 3116 2931 epistola,
3146 2858 3297 2914 sicut
3337 2856 3613 2913 simulator
3640 2852 3777 2922 scrip-

2206 2954 2338 3026 psit,
2373 2955 2443 3009 de
2471 2954 2610 3009 coelo
2655 2953 2943 3009 descendit
2971 2968 3142 3024 super
3178 2952 3360 3008 altare
3401 2948 3591 3007 Christi
3614 2947 3663 3001 in
3684 2960 3776 3000 me-

2208 3047 2391 3103 moria
2418 3047 2596 3103 sancti
2620 3047 2770 3102 Petri
2790 3046 3049 3119 apostoli,
3073 3046 3213 3101 scito
3234 3045 3441 3101 diaboli
3471 3059 3580 3099 esse
3595 3041 3784 3112 ﬁgmen-

2207 3147 2352 3208 tum,
2375 3144 2433 3196 et
2455 3157 2687 3197 omnem
2713 3141 3053 3212 scripturam
3085 3140 3368 3210 divinam,
3398 3137 3682 3209 epistolam,
3711 3134 3783 3185 aut

2209 3235 2469 3308 epistolas
2513 3250 2633 3290 esse
2683 3234 2959 3305 caelestes,
3010 3238 3067 3290 et
3107 3234 3181 3290 ad
3221 3250 3329 3290 nos
3375 3233 3445 3289 de
3483 3231 3611 3287 coelo
3655 3225 3785 3282 fuisse

2207 3328 2584 3385 transmissas.

2279 3423 2555 3479 Emendet
2579 3438 2715 3496 ergo
2738 3422 2890 3495 quod
2917 3426 3131 3479 temere
3162 3421 3409 3478 credidit
3430 3417 3678 3477 Sanctitas
3695 3418 3783 3479 tua,

2210 3521 2267 3573 et
2291 3516 2351 3572 in
2379 3516 2683 3588 prementia
2710 3516 2909 3589 populi
2932 3517 3115 3589 ipsam
3141 3516 3465 3589 epistolam,
3494 3513 3538 3568 si
3561 3516 3633 3567 est
3653 3520 3784 3580 penes

2207 3614 2285 3679 te,
2311 3610 2565 3666 rescinde
2598 3626 2612 3665 :
2662 3614 2719 3666 et
2748 3612 2861 3666 hoc
2874 3616 2936 3667 te
2970 3610 3244 3683 poeniteat
3274 3610 3432 3682 quod
3465 3608 3531 3664 de
3569 3598 3786 3661 tribunali

2209 3721 2333 3760 eam
2357 3705 2557 3760 feceris
2597 3705 2840 3773 recitari,
2867 3704 3019 3760 beati
3069 3704 3315 3776 apostoli
3360 3717 3590 3774 sequens
3625 3692 3784 3752 doctri-

2208 3814 2365 3865 nam,
2395 3798 2550 3870 quod
2575 3797 2726 3853 inter
2750 3802 2953 3854 caetera
2986 3798 3057 3852 ad
3083 3798 3314 3853 Galatas
3342 3794 3597 3868 scripsit:
3630 3791 3680 3849 Si
3698 3787 3787 3858 quis

2207 3893 2657 3961 euangelizaveﬁt
2690 3892 2840 3947 vobis
2862 3896 3063 3963 praeter
3100 3893 3162 3947 id
3202 3892 3356 3962 quod
3379 3888 3658 3959 accepistis,
3689 3895 3789 3935 απαν

2208 3986 2385 4040 thema
2409 3987 2502 4041 sit.
2531 3984 2639 4041 Sed
2658 3988 2715 4040 et
2743 3985 2883 4040 illud
2904 3985 3280 4056 Evangelium
3306 3983 3494 4039 omnis
3520 3982 3605 4036 lex
3622 3982 3670 4033 et
3687 3988 3787 4046 pm-

2205 4079 2393 4150 phetm
2418 4094 2596 4150 usque
2625 4078 2696 4133 ad
2724 4080 3001 4134 Joannem
3031 4079 3543 4150 prophetaverunt.
3570 4071 3790 4135 Deinceps

2206 4173 2251 4227 si
2281 4189 2392 4244 qua
2421 4189 2566 4227 nova
2589 4171 2679 4226 vel
2713 4171 2981 4227 inusitata
3021 4172 3317 4245 divulgata
3358 4169 3584 4234 fuerint,
3607 4160 3790 4220 omnino

2203 4265 2517 4336 abjicienda
2554 4270 2610 4320 et
2633 4266 2958 4322 detestanda
3002 4265 3283 4322 Sanctitas
3318 4271 3421 4321 tua
3453 4259 3669 4319 noverit.
3708 4254 3790 4307 Ora

2203 4375 2307 4430 pro
2351 4359 2531 4427 nobis,
2560 4359 2787 4415 domine
2829 4365 3021 4416 sancte
3062 4363 3121 4415 et
3146 4360 3206 4415 in
3249 4358 3480 4416 Christo
3523 4347 3789 4412 charissim

2202 4452 2394 4509 frater.
2996 4449 3004 4459 ’

1764 4870 1930 4916 ANNO
1970 4871 2188 4918 DOMINI
2218 4872 2388 4917 DLXX
2394 4873 2509 4920 XVI
2519 4903 2533 4918 .

964 5014 2015 5221 SANCTUS
2168 5018 3385 5226 VERANUS.

475 5309 3794 5341 ____________________________________.

1118 5442 1613 5510 OBSERVATIO
1662 5443 2041 5510 SIRMONDI
2085 5444 2165 5509 IN
2206 5444 2563 5523 SEQUENS
2607 5444 3181 5513 FRAGMENTUM.

529 5584 659 5635 Satis
683 5590 897 5650 apparet
927 5587 1063 5637 hanc
1089 5588 1395 5638 sententiain
1421 5589 1474 5639 in
1498 5590 1698 5654 synodo
1725 5590 1897 5655 aliqua
1922 5590 2115 5641 dictam
2139 5605 2171 5641 a
2188 5592 2393 5641 Verano
2416 5589 2683 5656 episcopo.
2711 5591 2811 5641 Sed
2836 5591 2985 5655 cujus
3007 5591 3144 5640 sedis
3168 5589 3339 5642 fuerit
3360 5591 3649 5655 episcopus.

470 5667 635 5716 sancti
662 5666 923 5728 Germani,
948 5668 1087 5717 unde
1115 5672 1361 5730 excerpta
1390 5674 1487 5729 est,
1516 5683 1624 5719 non
1648 5671 1908 5733 exprimit.
1942 5672 2072 5721 Cum
2104 5671 2207 5721 hoc
2233 5671 2353 5721 loco
2378 5671 2718 5734 intexeretur,
2745 5672 2994 5722 veniebat
3018 5671 3074 5721 in
3097 5675 3343 5721 mentem
3376 5672 3607 5724 Veranus
3627 5658 3808 5714 081)εηὶ-

472 5746 643 5795 censis
683 5747 980 5811 cpiscopus,
1013 5746 1107 5810 qui
1145 5748 1395 5810 proximas
1439 5749 1641 5812 synodo
1681 5750 2045 5801 Matisconensi
2084 5764 2124 5801 II
2162 5752 2459 5802 subscribit.
2487 5755 2636 5803 Nunc
2674 5767 2800 5802 vero
2839 5753 3007 5817 aptius
3041 5752 3205 5803 tribui
3232 5766 3397 5818 posse
3422 5751 3622 5802 videtur
3642 5745 3811 5793 Venno

478 5824 824 5891 Lugdunensl,
854 5827 920 5877 ad
947 5839 1100 5892 quem
1125 5831 1326 5879 exstant
1354 5828 1514 5879 Hilari
1537 5842 1686 5894 papas
1710 5830 1960 5896 epistolae,
1984 5832 2050 5883 ab
2087 5846 2254 5899 eoque
2280 5837 2393 5885 tum
2415 5833 2577 5901 dicta,
2601 5847 2724 5887 cum
2746 5834 2801 5886 in
2828 5833 3030 5902 synodo
3053 5833 3426 5901 provinciales
3445 5843 3568 5884 suos
3589 5825 3808 5880 ιπεΐθιαῐ·
