4058 6190
1141 361 1154 372 α

208 369 3544 400 mw

471 515 1176 650 SANCTI
1271 439 2013 646 VERANI
2107 511 3279 645 SENTENTIA.

668 746 732 790 IN
772 743 1002 799 ALIQUA
1042 743 1236 792 HUIUS
1279 741 1586 790 TEMPORIS
1629 740 1871 788 SYNODO
1913 739 2116 799 DICTA,
2163 741 2242 786 DE
2285 739 2622 787 CASTITATE
2665 738 3092 786 SACERDOTUM.

263 865 516 919 Veranus
539 863 833 937 episcopus
859 864 1001 920 dixit
1031 881 1045 920 :
1072 863 1204 930 Quis
1229 863 1625 938 praesidentem
1655 863 1823 920 sacris
1841 871 1902 947 Α
1921 861 2068 918 doch
2089 877 2208 918 non
2231 862 2390 936 prius
2413 877 2588 935 panes
2615 859 3014 934 propositionis
3032 859 3280 931 tradidit,
3301 875 3474 934 quam
3493 875 3554 916 se

191 957 491 1028 altaribus,
519 963 690 1032 atque
718 959 789 1015 ad
829 959 948 1032 ipsa
986 963 1180 1016 sancta
1229 963 1553 1015 sanctorum
1591 959 1825 1016 honoris

188 1051 491 1125 privilegio
521 1052 842 1109 venientem
878 1053 1283 1126 indignissimis
1321 1053 1637 1109 carnalium
1660 1054 1822 1109 volu-

185 1150 415 1218 ptatum
439 1147 812 1202 contaminari
847 1146 1122 1204 illecebris
1146 1147 1433 1220 patiatur;
1459 1163 1523 1202 ac
1563 1147 1668 1203 sub
1703 1147 1824 1220 ipso

189 1241 506 1312 conjugalis
530 1240 771 1296 licentiae
786 1240 1018 1296 nomine
1037 1241 1354 1314 acquiescat
1370 1241 1700 1314 quempiam
1719 1241 1826 1298 cle-

187 1333 462 1405 ricorum,
493 1337 550 1390 et
575 1335 875 1394 sacerdotis
901 1351 1071 1408 agere
1097 1334 1374 1406 ofﬁcium,
1406 1337 1463 1390 et
1497 1335 1686 1390 mariti
1712 1335 1822 1390 im-

185 1427 345 1499 plere
362 1444 664 1500 personam
680 1446 698 1499 ;
718 1445 847 1484 cum
862 1428 1173 1502 puriﬁcatis
1189 1427 1444 1500 corporis
1457 1432 1626 1502 atque
1644 1429 1824 1486 animi

185 1521 449 1576 moribus
484 1521 661 1577 multa
717 1521 1058 1595 cogitatione
1103 1522 1603 1594 perpendendum,
1651 1539 1824 1594 quam

187 1613 430 1670 idoneus
467 1631 588 1670 esse
625 1615 794 1671 debet
829 1615 876 1670 is
912 1616 1011 1688 qui
1049 1616 1119 1671 ad
1164 1616 1498 1672 celebranda
1524 1616 1821 1690 mysterio-

182 1723 318 1763 rum
341 1709 470 1764 loca
491 1725 608 1764 non
633 1710 820 1764 solum
845 1725 948 1782 pro
975 1709 1108 1779 suis,
1137 1725 1335 1766 verum
1361 1709 1531 1764 etiam
1554 1726 1659 1780 pro
1683 1709 1820 1766 alie-

183 1803 270 1857 nis
296 1803 546 1876 peccatis
571 1803 976 1859 intercessurus
999 1803 1230 1860 accedit.
1261 1805 1640 1876 lncongruum
1654 1803 1826 1876 siqui-

185 1896 317 1951 dem
345 1897 494 1952 mihi
518 1897 760 1966 videtur,
805 1898 876 1954 de
917 1897 1203 1970 conjugali
1240 1899 1371 1952 toro
1410 1897 1660 1969 aliquem
1687 1914 1818 1952 con-

184 1995 523 2064 surgentem
564 1991 898 2047 altariorum
925 1997 1084 2064 septa
1108 1977 1424 2064 penetrare.
1473 1989 1580 2062 [psi
1620 1991 1821 2062 utique

182 2085 492 2141 illuminati
535 2095 592 2142 et
636 2087 784 2142 docti
819 2087 888 2142 de
918 2085 1132 2159 Spiritu
1157 2089 1346 2141 sancto
1367 2127 1381 2156 ,
1411 2085 1622 2158 optime
1646 2085 1822 2140 nostis

1923 959 1982 1012 et
2006 972 2212 1028 pueros
2239 973 2367 1011 suos
2399 955 2523 1028 jam
2549 955 2638 1011 die
2664 953 2833 1011 tertio
2860 954 3101 1010 mundos
3126 969 3244 1010 esse
3274 970 3310 1009 a
3344 951 3550 1008 mulie-

1922 1049 2083 1106 ribus
2121 1049 2421 1120 fateretur;
2469 1049 2596 1122 quis
2635 1049 3026 1104 immaculatas
3061 1048 3198 1120 agni
3247 1063 3442 1104 carnes
3481 1047 3554 1104 ad

1921 1143 2162 1200 salutem
2201 1144 2404 1202 mundi
2445 1144 2724 1217 praestitas
2763 1146 2892 1216 post
2921 1141 3247 1215 passionum
3287 1141 3552 1214 inquina-

1921 1242 2134 1308 menta,
2167 1239 2255 1294 vel
2285 1237 2456 1294 etiam
2498 1239 2704 1294 audeat
2730 1237 3098 1293 consecrare?
3123 1237 3326 1292 Beatus
3348 1236 3554 1292 Paulus

1921 1333 2205 1403 apostolus
2245 1331 2306 1386 in
2331 1332 2565 1388 veritate
2590 1349 2694 1387 nos
2718 1335 3064 1388 contestatur
3087 1330 3276 1388 dicens
3305 1347 3319 1386 :
3347 1329 3554 1386 Probet

1922 1441 1981 1481 se
2023 1425 2413 1498 unusquisque
2457 1426 2869 1492 ministrorum,
2919 1429 2977 1480 et
3017 1425 3096 1480 sic
3138 1439 3343 1496 panem
3385 1423 3552 1479 illum

1921 1521 2234 1591 praesumat
2269 1519 2471 1576 offerre
2498 1519 2548 1592 (Ι
2566 1519 2686 1576 Cor.
2712 1521 2814 1591 x1).
2842 1521 3049 1576 Notum
3075 1518 3231 1573 vobis
3260 1520 3344 1572 est
3361 1560 3377 1584 ,
3406 1517 3554 1572 circa

1920 1611 2044 1668 loca
2063 1613 2432 1670 beatitudinis
2457 1617 2678 1682 vestras,
2711 1614 2815 1668 sub
2847 1629 3192 1685 magnorum
3220 1613 3452 1666 Patrum
3475 1609 3558 1666 di-

1921 1707 2174 1778 sciplina,
2204 1708 2617 1764 monachorum
2642 1706 3111 1780 congregationes
3137 1722 3256 1761 esse
3279 1721 3396 1760 non
3420 1719 3551 1776 par-

1921 1817 2038 1870 vas,
2066 1801 2218 1858 unde
2243 1801 2314 1856 ad
2341 1801 2654 1874 supplenda
2691 1800 3030 1856 clericorum
3055 1799 3237 1856 ofﬁcia
3277 1799 3339 1854 in
3365 1810 3553 1870 prom-

1921 1899 2025 1966 ptu
2053 1899 2138 1950 est
2177 1895 2325 1950 viros
2354 1895 2536 1951 bonos
2574 1894 2808 1950 assumi.
2847 1894 3046 1950 Utilior
3068 1898 3154 1948 est
3179 1893 3334 1949 enim
3359 1893 3418 1947 in
3439 1875 3549 1946 Ἐε-

1919 1988 2093 2044 αἰθείθ,
2118 2004 2431 2061 paucorum
2459 1989 2741 2045 bonorum
2773 1989 2946 2044 electa
2969 1987 3248 2060 probatio,
3277 2003 3450 2058 quam
3469 2001 3555 2042 er-

1921 2083 2111 2138 raticas
2151 2082 2530 2140 multitudinis
2569 2081 2872 2155 praesentia
2911 2081 3280 2154 conglobata;
3325 2094 3390 2134 ac
3424 2080 3551 2151 plus

182 2179 513 2235 oblaturum
541 2179 806 2252 spiritalis
839 2179 1093 2236 sacriﬁcii
1117 2179 1370 2234 victimas
1390 2179 1542 2251 quali
1567 2180 1878 2252 oporteat_
1923 2176 2304 2233 aediﬁcationis
2342 2176 2588 2232 afferunt
2630 2193 2757 2232 rara
2799 2175 3022 2231 virtutis
3059 2173 3350 2248 exempla,
3379 2189 3551 2245 quam

180 2273 316 2346 igne
346 2250 612 2346 ﬂagrare.
654 2273 711 2330 Si
735 2275 890 2330 enim
916 2273 976 2328 in
999 2274 1125 2346 lege
1158 2272 1354 2341 veteri,
1384 2250 1623 2329 ubidum
1647 2288 1816 2328 evan-
1838 2250 1896 2322 Β
1917 2271 2204 2344 popularis
2263 2271 2505 2328 licentiae
2563 2270 2860 2328 abundans
2905 2274 2966 2326 et
3027 2267 3344 2326 incorrecta
3397 2283 3550 2341 prae-

181 2368 384 2440 gelicm
407 2367 768 2440 perfectionis
794 2367 1100 2424 auctoritas
1128 2367 1480 2440 prmfulgeat,
1509 2370 1701 2422 sancto
1724 2367 1822 2420 Da-

179 2462 294 2533 vid,
325 2478 464 2518 cum
486 2461 640 2535 fuga:
664 2461 994 2520 necessitate
1040 2465 1417 2535 premeretur,
1445 2460 1701 2518 sacerdos
1720 2460 1820 2518 Sa-

1919 2363 2188 2437 sumptio.

1569 2803 1736 2850 ΔΝΝΟ
1766 2801 1984 2849 DOMINI
2015 2801 2158 2848 DXC.

521 2801 2819 3163 PELAGIEEWPAPA
2958 2950 3230 3150 Π.

1259 3250 1514 3332 (Mansz'
1543 3247 1847 3316 Callectz'o
1881 3245 2126 3315 Cancz'l.
2161 3254 2315 3312 tam.
2347 3245 2500 3328 IX.)

180 3427 3546 3460 MM

875 3608 1378 3714 NOTITIA,
1455 3605 1600 3692 EX
1683 3603 2022 3690 LIBRO
2113 3598 2866 3686 PONTIFIGALI.

244 3763 518 3837 Pelagius
560 3763 586 3792 ⁸
627 3761 853 3820 natione
901 3762 1190 3821 Romanus
1227 3775 1297 3816 ex
1333 3761 1494 3834 patre
1533 3756 1812 3832 Vinigildo
1832 3767 1888 3843 ρ
1918 3752 2064 3826 [Cod.
2110 3754 2262 3816 Luc.,
2309 3749 2631 3824 Unigeldo],
2679 3749 2823 3806 sedit
2857 3763 3039 3806 annos
3075 3748 3290 3819 decem,
3331 3762 3550 3803 menses

1485 3917 1682 3974 NOTAE
1721 3911 2032 3972 SEVERINI
2069 3908 2249 3966 ΒΙΝΠ.

245 4039 273 4068 ³
307 4033 444 4087 Post
463 4030 812 4085 vacationem
836 4029 1010 4084 trium
1028 4027 1313 4084 mensium
1342 4029 1400 4083 et
1413 4025 1679 4082 undecim
1700 4024 1814 4080 die-

175 4120 338 4172 rum,
394 4102 487 4160 die
535 4105 590 4156 ll
641 4100 968 4156 Novembris
1021 4100 1156 4172 anni
1204 4103 1305 4172 577
1349 4103 1476 4171 post
1504 4097 1814 4172 Christum

175 4169 404 4240 natum,
418 4173 733 4245 sublegitur
749 4172 878 4245 Pela
885 4172 1010 4244 gius
1017 4171 1214 4245 junior
1229 4169 1814 4245 ejuspominissecun-

173 4247 286 4302 dus
315 4241 607 4300 Romanus
635 4241 910 4314 pontifex,
936 4241 1094 4314 patre
1123 4241 1422 4312 Vinigildo,
1450 4244 1525 4308 et,
1556 4244 1622 4294 ut
1645 4244 1811 4312 puta-

173 4325 272 4372 tur
302 4333 372 4370 ex
389 4313 1287 4386 nomine,’Gothicop’otiusiquam
1308 4315 1560 4368 Romano
1584 4326 1811 4386 genere.

173 4387 546 4445 Pontiﬁcatus
563 4385 710 4442 illius
741 4381 936 4441 incidit
955 4385 1016 4440 in
1035 4381 1358 4439 calamitosa
1377 4381 1653 4454 tempora,
1683 4381 1812 4454 qui-

175 4461 286 4514 bus
309 4457 666 4530 Langobardi
687 4458 900 4530 Italiam
925 4455 1234 4530 vastabant,
1261 4459 1430 4527 atque
1458 4451 1815 4530 occidentalis

178 4525 697 4600 EcclesiaIpropter
713 4528 992 4600 synodum
1011 4543 1044 4579 v
1058 4543 1091 4581 a
1114 4527 1253 4600 sede
1262 4525 1584 4600 apostolica
1606 4539 1812 4600 appro-

179 4603 396 4668 batam,
420 4595 541 4655 diro
568 4595 868 4655 schismate
889 4613 1077 4670 usque
1104 4595 1464 4670 adiﬂibémos
1479 4595 1812 4670 divisaerat.

179 4675 276 4729 His
314 4665 675 4728 consulturus
722 4665 1426 4735 pontifex—sanctissimus,
1479 4665 1710 4721 consilio
1761 4669 1818 4720 et

178 4744 398 4800 auxilio
425 4743 600 4798 sancti
628 4735 884 4814 Gregorii
909 4739 1241 4814 successoris
1281 4737 1617 4814 suirlibrum
1643 4735 1818 4814 edidit

177 4833 285 4898 pro
310 4814 512 4898 quinta
536 4807 770 4886 synodo:
793 4829 964 4898 quam
984 4810 1303 4898 defendens
1319 4807 1818 4898 aitgitrlizi

170 4877 303 4956 jure
327 4877 654 4957 meritoque
679 4877 1215 4957 condemnataesse.
1256 4879 1510 4957 Meminit
1545 4879 1717 4950 hujus
1745 4877 1814 4931 li-

178 4952 313 5013 belli
343 4952 960 5028 sanctus—Gregoriusin
980 4953 1214 5028 epistola
1232 4953 1301 5028 ad_
1324 4952 1616 5028 Hibernos,
1645 4963 1818 5028 quem

179 5030 346 5109 infra_
348 5029 510 5109 inter.
521 5019 798 5109 epistolas
819 5019 1034 5109 Pelagii:
1044 5041 1198 5106 nunc
1218 5023 1472 5109 primum
1492 5039 1561 5109 ex
1581 5019 1814 5109 Annalif

179 5101 285 5176 bus
304 5090 626 5176 Baroniiin
649 5100 847 5176 ilicem
878 5090 1188 5176 eqiittimus
1218 5090 1236 5148 Ξ
1264 5095 1332 5149 de
1359 5110 1473 5176 quo
1500 5093 1668 5176 plura
1693 5090 1818 5144 vide

181 5172 329 5226 infra
359 5171 450 5226 in-
463 5170 609 5225 notis
645 5169 882 5223 ibidem.
930 5167 1107 5238 Hujus
1145 5164 1498 5236 temporibus
1534 5181 1567 5218 a
1607 5164 1818 5218 Joanne

181 5260 355 5299 sacrm
375 5243 642 5298 Romanae
662 5239 920 5296 Ecclesia;
947 5237 1275 5310 presbytero
1307 5240 1560 5310 erectum
1587 5237 1671 5310 est
1699 5249 1820 5310 gra-

181 5315 406 5394 ιοινίωη.
435 5313 595 5394 ,αριξά
631 5312 884 5394 .thermss
921 5302 1297 5394 Ᾱειῖίρξῖίξξειεν,
1318 5307 1470 5378 ειυοά
1499 5302 1814 5394 saepe
1835 5308 1897 5382 D

181 5374 800 5448 monachisnimirum,
827 5374 1415 5451 inservit-etilludq—ue
1444 5376 1714 5432 reditibus
1741 5374 1819 5451 lo:

179 5456 745 5527 cupietavit,scripto
771 5446 840 5508 de
869 5453 962 5527 his
974 5450 1246 5527 omnibus
1257 5446 1635 5527 testamento:
1663 5446 1817 5527 quod

179 5517 314 5582 cuin
343 5517 571 5598 Pelagio
598 5517 761 5598 papae
785 5522 1133 5598 tradidisset,
1163 5537 1234 5598 ex
1257 5521 1364 5598 hac
1393 5521 1504 5598 vita
1528 5517 1812 5598 migravit.

179 5587 781 5671 Gmgoﬁussucéessor
792 5593 1002 5671 Pelagii
1017 5587 1234 5671 mutata
1242 5591 1524 5671 voluntate
1539 5587 1817 5671 testatoris

179 5671 242 5725 in
269 5659 470 5726 ἐδόθη]
491 5685 671 5723 sacras
696 5659 1245 5738 virgines'coilocavit
1265 5663 1370 5738 sub
1391 5678 1526 5738 cura
1539 5659 1816 5738 religiosae,

181 5743 414 5796 feminae
457 5743 626 5796 Bonm
666 5731 977 5793 abbatissae.
1022 5737 1256 5791 Exstant
1297 5733 1366 5788 de
1419 5732 1506 5787 his
1552 5731 1816 5787 omnibus

185 5814 364 5882 ipsius
403 5811 581 5867 sancti
605 5808 858 5882 Gregorii
888 5808 1031 5879 epist
1075 5807 1222 5882 libro
1246 5821 1337 5859 vn.
1369 5804 1530 5882 [lude
1550 5801 1816 5872 intelligis

184 5875 506 5942 Romanum
529 5875 855 5956 pontiﬁcem
881 5875 1348 5937 testamentorum
1377 5876 1448 5933 ad
1476 5875 1596 5949 pias
1620 5889 1815 5930 causas

1913 4019 2271 4076 conditorum
2290 4015 2572 4071 arbitrum
2590 4030 2732 4088 esse,
2753 4015 2831 4088 ita
2853 4015 2994 4088 utin
3011 4015 3190 4071 alium
3209 4032 3370 4088 teque
3389 4014 3552 4088 pium

1912 4107 2082 4169 usum
2109 4090 2204 4144 illa
2222 4091 2446 4169 mutare
2466 4087 2660 4169 pessit,
2683 4087 2731 4142 si
2751 4087 2808 4169 id
2828 4087 2970 4169 ra_t_io
2999 4086 3355 4169 persuadeat.
3377 4086 3552 4169 Justi-

1912 4179 2030 4243 nus.
2041 4163 2348 4243 imperator
2367 4157 2634 4243 precibus
2654 4161 2860 4243 sancta:
2883 4157 3072 4214 Mariae
3092 4157 3554 4243 vinginismentis

1913 4228 2144 4288 sanitati
2159 4228 2472 4300 restitutus,
2499 4229 2799 4302 designato
2821 4245 3138 4302 successore
3157 4228 3401 4297 Tiberio,
3424 4231 3554 4299 post

1914 4310 2136 4384 exactos
2162 4302 2390 4384 imperii
2432 4300 2936 4384 annos-sexdecim
2968 4313 3554 4384 mensesqueinovem

1914 4393 2047 4431 cum
2066 4370 2412 4444 dimidio,ex
2443 4374 2548 4428 hac
2568 4372 2681 4427 vita
2702 4371 2950 4444 recessit.
2968 4370 3554 4444 T_iberius_antequaru

1915 4439 2443 4512 coronaretur,'loca
2462 4448 2654 4497 sancta
2673 4441 2867 4508 obivit,
2890 4439 3113 4512 Sophia:
3132 4440 3324 4495 uxoris
3349 4439 3553 4512 Justini

1915 4517 2144 4572 insidias
2163 4514 2261 4570 Dei
2286 4511 2504 4568 auxilio
2525 4513 2717 4581 evasit,
2741 4518 2798 4568 et
2829 4511 2982 4568 dumi
3000 4512 3358 4568 insidiantem
3386 4511 3554 4566 bonis

1915 4587 2180 4643 omnibus
2227 4584 2555 4656 spoliasset,
2593 4583 2877 4656 eamdem,
2905 4583 2966 4638 in
3006 4583 3264 4639 ordinem
3309 4583 3552 4656 redegit.

1917 4659 2072 4716 Unde
2108 4654 2320 4727 factum
2342 4654 2482 4727 sine
2525 4655 2696 4727 dubio
2734 4655 2886 4727 quod
2923 4671 3040 4710 non
3089 4657 3309 4727 tantum
3358 4654 3554 4710 contra

1916 4731 2126 4809 hostes,
2157 4722 2253 4782 sed
2280 4722 2771 4809 etiam‘adversus—
2789 4726 3048 4809 iteratam
3091 4726 3320 4809 Seph_iae
3356 4727 3553 4798 conju-

1915 4800 2199 4856 rationem
2210 4813 2343 4870 cum
2355 4797 2673 4870 Iustiniano
2688 4798 2894 4853 Justini
2912 4804 3152 4870 cognato
3171 4797 3404 4870 initam,
3413 4797 3558 4870 pras-

1917 4873 2062 4927 clare
2088 4868 2609 4942 triumpharit.—Hic
2645 4885 2777 4942 cum
2806 4868 3180 4942 aegrotantem
3216 4868 3556 4942 Eutychium

1916 4939 2600 5013 Constantinopoiitanum
2615 4939 3452 5013 episcopum,Constantinopoli
3465 4940 3561 4994 be-

1917 5011 2294 5068 nedictionem
2323 5011 2394 5064 ab
2423 5027 2490 5066 eo
2526 5011 2920 5083 percepturus,
2949 5013 3244 5080 invisisset,
3275 5011 3558 5068 intellexit

1918 5101 1978 5139 se
1995 5088 2125 5155 post
2147 5086 2403 5155 qua‘tuor,
2413 5097 2637 5155 menses
2657 5099 2724 5138 ex
2743 5084 2848 5137 hac
2866 5083 2979 5155 vita
2999 5083 3370 5138 evocandum.
3385 5085 3558 5148 Quar-

1917 5162 1975 5211 to
1994 5153 2190 5210 mense
2209 5153 2542 5209 adveniente
2561 5153 2622 5208 in
2648 5155 2916 5208 morbum
2937 5154 3212 5221 incidens,
3233 5155 3556 5212 Mauritium

1918 5226 2077 5300 civili
2099 5230 2154 5281 et
2197 5226 2468 5300 castrensi
2484 5224 2700 5300 militia
2729 5225 2983 5300 clarum_,
3025 5227 3304 5281 catholica
3331 5243 3559 5300 quoque

1919 5297 2194 5370 religione
2225 5301 2281 5350 et
2305 5295 2611 5370 virtutibus
2626 5295 2921 5370 illustrem,
2939 5297 3224 5370 Caesarem
3253 5295 3424 5367 creat,
3457 5295 3558 5354 da-

1917 5365 2087 5442 taque
2112 5368 2196 5422 illi
2223 5383 2398 5442 uxore
2435 5365 2550 5442 filia
2561 5365 2945 5442 _(_30nstantina
2965 5411 2978 5437 ,
3025 5367 3335 5442 imperium
3372 5365 3557 5442 eidem

1915 5437 2020 5518 pro
2045 5441 2173 5518 dote
2201 5437 2526 5518 assignavit.
2561 5438 2748 5518 Mense
2787 5437 3206 5518 Augustoanni
3237 5443 3361 5518 5_86,
3390 5441 3556 5496 Tibe-

1917 5508 2034 5568 rius
2075 5511 2390 5582 imperator
2428 5508 2721 5582 piissimus
2760 5508 2971 5582 magno
3027 5511 3219 5568 dolore
3273 5508 3555 5582 bonorum

1917 5578 2179 5638 omnium
2201 5579 2271 5633 ab
2298 5578 2844 5653 imperioinquieto,
2862 5578 3047 5653 prout
3070 5583 3132 5638 in
3159 5583 3371 5637 somnis
3394 5581 3551 5653 vide-

1915 5659 2023 5722 rat,
2053 5653 2120 5725 ad
2157 5655 2420 5725 pacatum
2460 5649 2694 5725 caeleste
2715 5649 2962 5725 regnum
2987 5655 3230 5709 transiit.
3259 5651 3551 5725 Mauritiuﬁs

1913 5721 2222 5796 imperium
2247 5721 2506 5796 adeptus,
2528 5739 2633 5794 per
2652 5721 2873 5796 litteras
2901 5725 2972 5778 ad
2999 5725 3356 5796 Theodorum
3374 5723 3554 5796 archi-

1915 5792 2257 5851 mafndritam
2286 5792 2444 5866 datas
2469 5792 2692 5866 rogavit
2729 5810 2924 5866 prose
2951 5795 3129 5866 arari,
3159 5797 3222 5848 ut
3250 5792 3556 5864 imperium

1915 5868 1974 5923 in
2001 5883 2139 5942 pace
2163 5865 2332 5936 tueri,
2359 5871 2416 5922 et
2442 5865 2512 5920 ab
2537 5863 2794 5940 hostibus
2817 5863 3118 5920 defendere
3144 5863 3353 5937 posset.
