  <div class='ocr_page' id='page_1' title='image "/cluster/home/n/w/nwhite01/storage/ocr_20150623/72/hvd.32044054758768/357.png"; bbox 0 0 3940 6178; ppageno 0'>
   <div class='ocr_carea' id='block_1_1' title="bbox 530 269 2086 356">
    <p class='ocr_par' dir='ltr' id='par_1_1' title="bbox 530 271 2086 356">
     <span class='ocr_line' id='line_1_1' title="bbox 530 271 2086 356; baseline -0.002 -26"><span class='ocrx_word' id='word_1_1' title='bbox 530 275 630 340; x_wconf 75' lang='lat'>703</span> <span class='ocrx_word' id='word_1_2' title='bbox 940 335 966 356; x_wconf 51' lang='grc'>,</span> <span class='ocrx_word' id='word_1_3' title='bbox 1923 271 2086 328; x_wconf 88' lang='lat' dir='ltr'>PELA</span> 
     </span>
    </p>
   </div>
   <div class='ocr_carea' id='block_1_2' title="bbox 2227 269 3783 356">
    <p class='ocr_par' dir='ltr' id='par_1_2' title="bbox 2227 269 3783 350">
     <span class='ocr_line' id='line_1_2' title="bbox 2227 269 3783 350; baseline -0.001 -23"><span class='ocrx_word' id='word_1_4' title='bbox 2227 271 2415 327; x_wconf 64' lang='lat' dir='ltr'>eam</span> <span class='ocrx_word' id='word_1_5' title='bbox 2453 269 2498 325; x_wconf 83' lang='grc' dir='ltr'>[ι</span> <span class='ocrx_word' id='word_1_6' title='bbox 3707 294 3783 350; x_wconf 53' lang='grc' dir='ltr'>τοί,</span> 
     </span>
    </p>
   </div>
   <div class='ocr_carea' id='block_1_3' title="bbox 530 387 3788 475">
    <p class='ocr_par' dir='ltr' id='par_1_3' title="bbox 530 387 3788 475">
     <span class='ocr_line' id='line_1_3' title="bbox 530 387 3788 475; baseline 0.003 -27"><span class='ocrx_word' id='word_1_7' title='bbox 530 392 691 465; x_wconf 90' lang='lat' dir='ltr'>duos,</span> <span class='ocrx_word' id='word_1_8' title='bbox 723 393 844 450; x_wconf 90' lang='lat' dir='ltr'>dies</span> <span class='ocrx_word' id='word_1_9' title='bbox 879 393 1072 448; x_wconf 85' lang='lat' dir='ltr'>decem</span> <span class='ocrx_word' id='word_1_10' title='bbox 1099 399 1146 446; x_wconf 79' lang='grc' dir='ltr'>ι.</span> <span class='ocrx_word' id='word_1_11' title='bbox 1194 390 1290 445; x_wconf 88' lang='lat' dir='ltr'>Hic</span> <span class='ocrx_word' id='word_1_12' title='bbox 1339 389 1636 446; x_wconf 84' lang='lat' dir='ltr'>ordinatur</span> <span class='ocrx_word' id='word_1_13' title='bbox 1682 389 1754 460; x_wconf 90' lang='lat' dir='ltr'>(a)</span> <span class='ocrx_word' id='word_1_14' title='bbox 1793 389 2005 462; x_wconf 84' lang='lat' dir='ltr'><strong>absque</strong></span> <span class='ocrx_word' id='word_1_15' title='bbox 2041 389 2160 461; x_wconf 86' lang='lat' dir='ltr'>jus-</span> <span class='ocrx_word' id='word_1_16' title='bbox 2181 401 2240 475; x_wconf 76' lang='grc' dir='ltr'><strong>Α</strong></span> <span class='ocrx_word' id='word_1_17' title='bbox 2259 391 2452 444; x_wconf 90' lang='lat' dir='ltr'>mento</span> <span class='ocrx_word' id='word_1_18' title='bbox 2489 392 2894 456; x_wconf 84' lang='lat' dir='ltr'>constructam,</span> <span class='ocrx_word' id='word_1_19' title='bbox 2939 391 2996 444; x_wconf 91' lang='lat' dir='ltr'>et</span> <span class='ocrx_word' id='word_1_20' title='bbox 3039 387 3243 444; x_wconf 88' lang='lat' dir='ltr'>tabulis</span> <span class='ocrx_word' id='word_1_21' title='bbox 3284 396 3532 464; x_wconf 75' lang='lat' dir='ltr'>argenteis</span> <span class='ocrx_word' id='word_1_22' title='bbox 3560 409 3788 466; x_wconf 64' lang='lat' dir='ltr'>exornavit</span> 
     </span>
    </p>
   </div>
   <div class='ocr_carea' id='block_1_4' title="bbox 530 481 3787 560">
    <p class='ocr_par' dir='ltr' id='par_1_4' title="bbox 530 481 3787 560">
     <span class='ocr_line' id='line_1_4' title="bbox 530 481 3787 560; baseline 0.001 -19"><span class='ocrx_word' id='word_1_23' title='bbox 530 486 688 543; x_wconf 86' lang='lat' dir='ltr'><strong>sione</strong></span> <span class='ocrx_word' id='word_1_24' title='bbox 713 485 987 560; x_wconf 87' lang='lat' dir='ltr'>principis</span> <span class='ocrx_word' id='word_1_25' title='bbox 1010 526 1024 553; x_wconf 93' lang='lat'>,</span> <span class='ocrx_word' id='word_1_26' title='bbox 1053 500 1118 539; x_wconf 93' lang='lat' dir='ltr'>eo</span> <span class='ocrx_word' id='word_1_27' title='bbox 1144 483 1296 556; x_wconf 90' lang='lat' dir='ltr'>quod</span> <span class='ocrx_word' id='word_1_28' title='bbox 1342 482 1693 555; x_wconf 84' lang='lat' dir='ltr'>Langobardi</span> <span class='ocrx_word' id='word_1_29' title='bbox 1730 482 2050 539; x_wconf 84' lang='lat' dir='ltr'>obsiderent</span> <span class='ocrx_word' id='word_1_30' title='bbox 2078 483 2158 538; x_wconf 91' lang='lat' dir='ltr'>ci-</span> <span class='ocrx_word' id='word_1_31' title='bbox 2260 483 2584 555; x_wconf 85' lang='lat' dir='ltr'>sepulcrum</span> <span class='ocrx_word' id='word_1_32' title='bbox 2595 481 2847 553; x_wconf 84' lang='lat' dir='ltr'>ejus.Qui</span> <span class='ocrx_word' id='word_1_33' title='bbox 2859 485 3228 552; x_wconf 89' lang='lat' dir='ltr'>mortuusest,</span> <span class='ocrx_word' id='word_1_34' title='bbox 3240 487 3293 538; x_wconf 91' lang='lat' dir='ltr'>et</span> <span class='ocrx_word' id='word_1_35' title='bbox 3305 486 3787 558; x_wconf 74' lang='lat' dir='ltr'>sepultusadbeamm</span> 
     </span>
    </p>
   </div>
   <div class='ocr_carea' id='block_1_5' title="bbox 528 575 3786 661">
    <p class='ocr_par' dir='ltr' id='par_1_5' title="bbox 528 575 3786 661">
     <span class='ocr_line' id='line_1_5' title="bbox 528 575 3786 661; baseline 0.002 -26"><span class='ocrx_word' id='word_1_36' title='bbox 528 580 759 637; x_wconf 87' lang='lat' dir='ltr'>vitatem</span> <span class='ocrx_word' id='word_1_37' title='bbox 785 583 1117 648; x_wconf 85' lang='lat' dir='ltr'>Romanam,</span> <span class='ocrx_word' id='word_1_38' title='bbox 1146 583 1202 633; x_wconf 90' lang='lat' dir='ltr'>et</span> <span class='ocrx_word' id='word_1_39' title='bbox 1237 575 1418 634; x_wconf 87' lang='lat' dir='ltr'>multa</span> <span class='ocrx_word' id='word_1_40' title='bbox 1447 577 1680 632; x_wconf 77' lang='lat' dir='ltr'>vastatio</span> <span class='ocrx_word' id='word_1_41' title='bbox 1707 576 1776 631; x_wconf 91' lang='lat' dir='ltr'>ab</span> <span class='ocrx_word' id='word_1_42' title='bbox 1806 577 1885 632; x_wconf 93' lang='lat' dir='ltr'>eis</span> <span class='ocrx_word' id='word_1_43' title='bbox 1914 577 1974 632; x_wconf 92' lang='lat' dir='ltr'>in</span> <span class='ocrx_word' id='word_1_44' title='bbox 2006 576 2163 632; x_wconf 85' lang='lat' dir='ltr'>Italia</span> <span class='ocrx_word' id='word_1_45' title='bbox 2261 578 2492 632; x_wconf 90' lang='lat' dir='ltr'>Petrum</span> <span class='ocrx_word' id='word_1_46' title='bbox 2519 576 2843 647; x_wconf 82' lang='lat' dir='ltr'>apostolum</span> <span class='ocrx_word' id='word_1_47' title='bbox 2873 592 2928 630; x_wconf 82' lang='lat' dir='ltr'>vr</span> <span class='ocrx_word' id='word_1_48' title='bbox 2953 576 3080 632; x_wconf 92' lang='lat' dir='ltr'>ldus</span> <span class='ocrx_word' id='word_1_49' title='bbox 3111 576 3424 634; x_wconf 83' lang='lat' dir='ltr'>Februarias</span> <span class='ocrx_word' id='word_1_50' title='bbox 3452 580 3521 654; x_wconf 88' lang='lat' dir='ltr'>[In</span> <span class='ocrx_word' id='word_1_51' title='bbox 3545 588 3652 644; x_wconf 88' lang='lat' dir='ltr'>Cod.</span> <span class='ocrx_word' id='word_1_52' title='bbox 3671 594 3786 661; x_wconf 59' lang='grc' dir='ltr'>ιω,</span> 
     </span>
    </p>
   </div>
   <div class='ocr_carea' id='block_1_6' title="bbox 530 668 3787 743">
    <p class='ocr_par' dir='ltr' id='par_1_6' title="bbox 530 668 3787 743">
     <span class='ocr_line' id='line_1_6' title="bbox 530 668 3787 743; baseline -0 -13"><span class='ocrx_word' id='word_1_53' title='bbox 530 674 708 730; x_wconf 90' lang='lat' dir='ltr'>ﬁeret.</span> <span class='ocrx_word' id='word_1_54' title='bbox 727 673 938 728; x_wconf 90' lang='lat' dir='ltr'>Eodem</span> <span class='ocrx_word' id='word_1_55' title='bbox 959 677 1215 743; x_wconf 90' lang='lat' dir='ltr'>tempore</span> <span class='ocrx_word' id='word_1_56' title='bbox 1231 675 1413 728; x_wconf 66' lang='lat' dir='ltr'>tanta:</span> <span class='ocrx_word' id='word_1_57' title='bbox 1437 670 1644 743; x_wconf 81' lang='lat' dir='ltr'>pluviae</span> <span class='ocrx_word' id='word_1_58' title='bbox 1673 670 1927 740; x_wconf 85' lang='lat' dir='ltr'>fuerunt,</span> <span class='ocrx_word' id='word_1_59' title='bbox 1954 675 2020 726; x_wconf 91' lang='lat' dir='ltr'>ut</span> <span class='ocrx_word' id='word_1_60' title='bbox 2037 687 2160 726; x_wconf 86' lang='lat' dir='ltr'>om-</span> <span class='ocrx_word' id='word_1_61' title='bbox 2261 687 2314 725; x_wconf 85' lang='lat' dir='ltr'>v1</span> <span class='ocrx_word' id='word_1_62' title='bbox 2339 671 2467 726; x_wconf 91' lang='lat' dir='ltr'>Idus</span> <span class='ocrx_word' id='word_1_63' title='bbox 2494 669 2828 725; x_wconf 85' lang='lat' dir='ltr'>Februarias</span> <span class='ocrx_word' id='word_1_64' title='bbox 2855 668 3044 742; x_wconf 80' lang='lat' dir='ltr'>deest].</span> <span class='ocrx_word' id='word_1_65' title='bbox 3075 669 3172 724; x_wconf 88' lang='lat' dir='ltr'>Hic</span> <span class='ocrx_word' id='word_1_66' title='bbox 3197 669 3322 726; x_wconf 85' lang='lat' dir='ltr'>fecit</span> <span class='ocrx_word' id='word_1_67' title='bbox 3345 674 3666 737; x_wconf 76' lang='lat' dir='ltr'>ordinationes</span> <span class='ocrx_word' id='word_1_68' title='bbox 3683 685 3787 741; x_wconf 61' lang='lat' dir='ltr'>duas</span> 
     </span>
    </p>
   </div>
   <div class='ocr_carea' id='block_1_7' title="bbox 533 762 3785 840">
    <p class='ocr_par' dir='ltr' id='par_1_7' title="bbox 533 762 3785 840">
     <span class='ocr_line' id='line_1_7' title="bbox 533 762 3785 840; baseline -0.001 -17"><span class='ocrx_word' id='word_1_69' title='bbox 533 784 632 823; x_wconf 92' lang='lat' dir='ltr'>nes</span> <span class='ocrx_word' id='word_1_70' title='bbox 657 767 926 836; x_wconf 87' lang='lat' dir='ltr'>dicerent,</span> <span class='ocrx_word' id='word_1_71' title='bbox 975 765 1110 838; x_wconf 87' lang='lat' dir='ltr'>quia</span> <span class='ocrx_word' id='word_1_72' title='bbox 1151 781 1316 837; x_wconf 83' lang='lat' dir='ltr'>aquae</span> <span class='ocrx_word' id='word_1_73' title='bbox 1361 765 1586 820; x_wconf 52' lang='lat' dir='ltr'>diluvia</span> <span class='ocrx_word' id='word_1_74' title='bbox 1624 763 2161 837; x_wconf 85' lang='lat' dir='ltr'>superinundarent,</span> <span class='ocrx_word' id='word_1_75' title='bbox 2260 779 2364 836; x_wconf 90' lang='lat' dir='ltr'>per</span> <span class='ocrx_word' id='word_1_76' title='bbox 2386 779 2643 819; x_wconf 89' lang='lat' dir='ltr'>mensem</span> <span class='ocrx_word' id='word_1_77' title='bbox 2677 762 3066 832; x_wconf 88' lang='lat' dir='ltr'><strong>Decembrem,</strong></span> <span class='ocrx_word' id='word_1_78' title='bbox 3093 763 3434 835; x_wconf 80' lang='lat' dir='ltr'>presbyteros</span> <span class='ocrx_word' id='word_1_79' title='bbox 3455 783 3624 840; x_wconf 75' lang='lat' dir='ltr'>una,</span> <span class='ocrx_word' id='word_1_80' title='bbox 3647 775 3785 832; x_wconf 76' lang='lat' dir='ltr'>diaco-</span> 
     </span>
    </p>
   </div>
   <div class='ocr_carea' id='block_1_8' title="bbox 528 855 3784 932">
    <p class='ocr_par' dir='ltr' id='par_1_8' title="bbox 528 855 3784 932">
     <span class='ocr_line' id='line_1_8' title="bbox 528 855 3784 932; baseline 0.002 -15"><span class='ocrx_word' id='word_1_81' title='bbox 528 863 596 917; x_wconf 87' lang='lat' dir='ltr'>Et</span> <span class='ocrx_word' id='word_1_82' title='bbox 624 859 748 915; x_wconf 90' lang='lat' dir='ltr'>talis</span> <span class='ocrx_word' id='word_1_83' title='bbox 774 859 959 914; x_wconf 90' lang='lat' dir='ltr'>clades</span> <span class='ocrx_word' id='word_1_84' title='bbox 978 858 1103 928; x_wconf 88' lang='lat' dir='ltr'>fuit,</span> <span class='ocrx_word' id='word_1_85' title='bbox 1135 859 1364 932; x_wconf 89' lang='lat' dir='ltr'>qualem</span> <span class='ocrx_word' id='word_1_86' title='bbox 1389 875 1420 912; x_wconf 92' lang='lat' dir='ltr'>a</span> <span class='ocrx_word' id='word_1_87' title='bbox 1450 857 1658 914; x_wconf 82' lang='lat' dir='ltr'>saeculo</span> <span class='ocrx_word' id='word_1_88' title='bbox 1684 858 1876 913; x_wconf 89' lang='lat' dir='ltr'>nullus</span> <span class='ocrx_word' id='word_1_89' title='bbox 1901 857 2165 914; x_wconf 87' lang='lat' dir='ltr'><strong>meminit</strong></span> <span class='ocrx_word' id='word_1_90' title='bbox 2260 873 2362 914; x_wconf 92' lang='lat' dir='ltr'>nes</span> <span class='ocrx_word' id='word_1_91' title='bbox 2411 873 2530 925; x_wconf 84' lang='lat' dir='ltr'>VIII,</span> <span class='ocrx_word' id='word_1_92' title='bbox 2582 855 2872 930; x_wconf 89' lang='lat' dir='ltr'>episcopos</span> <span class='ocrx_word' id='word_1_93' title='bbox 2906 872 3012 929; x_wconf 92' lang='lat' dir='ltr'>per</span> <span class='ocrx_word' id='word_1_94' title='bbox 3039 857 3258 914; x_wconf 90' lang='lat' dir='ltr'>diversa</span> <span class='ocrx_word' id='word_1_95' title='bbox 3292 858 3402 914; x_wconf 89' lang='lat' dir='ltr'>loca</span> <span class='ocrx_word' id='word_1_96' title='bbox 3438 877 3643 922; x_wconf 89' lang='lat' dir='ltr'>numero</span> <span class='ocrx_word' id='word_1_97' title='bbox 3664 886 3784 928; x_wconf 79' lang='lat' dir='ltr'>mm</span> 
     </span>
    </p>
   </div>
   <div class='ocr_carea' id='block_1_9' title="bbox 527 950 3784 1037">
    <p class='ocr_par' dir='ltr' id='par_1_9' title="bbox 527 950 3784 1037">
     <span class='ocr_line' id='line_1_9' title="bbox 527 950 3784 1037; baseline 0.002 -27"><span class='ocrx_word' id='word_1_98' title='bbox 527 953 716 1010; x_wconf 85' lang='lat' dir='ltr'>fuisse.</span> <span class='ocrx_word' id='word_1_99' title='bbox 752 953 964 1009; x_wconf 89' lang='lat' dir='ltr'>Eodem</span> <span class='ocrx_word' id='word_1_100' title='bbox 997 957 1252 1025; x_wconf 86' lang='lat' dir='ltr'>tempore</span> <span class='ocrx_word' id='word_1_101' title='bbox 1293 952 1576 1008; x_wconf 91' lang='lat' dir='ltr'>investivit</span> <span class='ocrx_word' id='word_1_102' title='bbox 1601 968 1806 1024; x_wconf 92' lang='lat' dir='ltr'>corpus</span> <span class='ocrx_word' id='word_1_103' title='bbox 1839 951 1988 1008; x_wconf 89' lang='lat' dir='ltr'>beati</span> <span class='ocrx_word' id='word_1_104' title='bbox 2014 951 2165 1007; x_wconf 89' lang='lat' dir='ltr'>Petri</span> <span class='ocrx_word' id='word_1_105' title='bbox 2269 950 2417 1024; x_wconf 85' lang='lat' dir='ltr'>[Cod.</span> <span class='ocrx_word' id='word_1_106' title='bbox 2463 953 2612 1021; x_wconf 83' lang='lat' dir='ltr'>Luc.,</span> <span class='ocrx_word' id='word_1_107' title='bbox 2656 951 3016 1024; x_wconf 84' lang='lat' dir='ltr'>presbyteros</span> <span class='ocrx_word' id='word_1_108' title='bbox 3061 967 3248 1021; x_wconf 79' lang='lat' dir='ltr'>xxvm,</span> <span class='ocrx_word' id='word_1_109' title='bbox 3296 951 3537 1011; x_wconf 83' lang='lat' dir='ltr'>diaconos</span> <span class='ocrx_word' id='word_1_110' title='bbox 3570 975 3649 1028; x_wconf 87' lang='lat' dir='ltr'>vn,</span> <span class='ocrx_word' id='word_1_111' title='bbox 3670 963 3784 1037; x_wconf 63' lang='lat' dir='ltr'>etc].</span> 
     </span>
    </p>
   </div>
   <div class='ocr_carea' id='block_1_10' title="bbox 529 1043 3782 1126">
    <p class='ocr_par' dir='ltr' id='par_1_10' title="bbox 529 1043 3782 1126">
     <span class='ocr_line' id='line_1_10' title="bbox 529 1043 3782 1126; baseline 0.001 -24"><span class='ocrx_word' id='word_1_112' title='bbox 529 1047 766 1120; x_wconf 80' lang='lat' dir='ltr'>apostoli</span> <span class='ocrx_word' id='word_1_113' title='bbox 783 1047 992 1102; x_wconf 86' lang='lat' dir='ltr'>tabulis</span> <span class='ocrx_word' id='word_1_114' title='bbox 1010 1047 1296 1119; x_wconf 83' lang='lat' dir='ltr'>argenteis</span> <span class='ocrx_word' id='word_1_115' title='bbox 1315 1045 1614 1102; x_wconf 89' lang='lat' dir='ltr'>deauratis.</span> <span class='ocrx_word' id='word_1_116' title='bbox 1633 1043 1729 1101; x_wconf 87' lang='lat' dir='ltr'>Hic</span> <span class='ocrx_word' id='word_1_117' title='bbox 1749 1047 1983 1102; x_wconf 90' lang='lat' dir='ltr'>domum</span> <span class='ocrx_word' id='word_1_118' title='bbox 2004 1061 2165 1101; x_wconf 89' lang='lat' dir='ltr'>suam</span> <span class='ocrx_word' id='word_1_119' title='bbox 2263 1044 2508 1102; x_wconf 81' lang='lat' dir='ltr'>Cessavit</span> <span class='ocrx_word' id='word_1_120' title='bbox 2543 1044 2900 1117; x_wconf 79' lang='lat' dir='ltr'>episcopatus</span> <span class='ocrx_word' id='word_1_121' title='bbox 2936 1043 3060 1116; x_wconf 88' lang='lat' dir='ltr'>ejus</span> <span class='ocrx_word' id='word_1_122' title='bbox 3086 1060 3304 1100; x_wconf 89' lang='lat' dir='ltr'>menses</span> <span class='ocrx_word' id='word_1_123' title='bbox 3337 1062 3407 1117; x_wconf 64' lang='grc' dir='ltr'>τι,</span> <span class='ocrx_word' id='word_1_124' title='bbox 3447 1048 3549 1106; x_wconf 88' lang='lat' dir='ltr'>dies</span> <span class='ocrx_word' id='word_1_125' title='bbox 3569 1068 3655 1107; x_wconf 80' lang='lat' dir='ltr'>xxv</span> <span class='ocrx_word' id='word_1_126' title='bbox 3675 1053 3782 1126; x_wconf 60' lang='grc' dir='ltr'>[θοὰ.</span> 
     </span>
    </p>
   </div>
   <div class='ocr_carea' id='block_1_11' title="bbox 527 1137 3782 1216">
    <p class='ocr_par' dir='ltr' id='par_1_11' title="bbox 527 1137 3782 1216">
     <span class='ocr_line' id='line_1_11' title="bbox 527 1137 3782 1216; baseline 0.002 -18"><span class='ocrx_word' id='word_1_127' title='bbox 527 1140 945 1198; x_wconf 84' lang='lat' dir='ltr'>xenodochium</span> <span class='ocrx_word' id='word_1_128' title='bbox 980 1140 1113 1196; x_wconf 90' lang='lat' dir='ltr'>fecit</span> <span class='ocrx_word' id='word_1_129' title='bbox 1151 1156 1472 1212; x_wconf 89' lang='lat' dir='ltr'>pauperum</span> <span class='ocrx_word' id='word_1_130' title='bbox 1516 1155 1738 1197; x_wconf 90' lang='lat' dir='ltr'>senum.</span> <span class='ocrx_word' id='word_1_131' title='bbox 1768 1139 1866 1194; x_wconf 79' lang='lat' dir='ltr'>Hic</span> <span class='ocrx_word' id='word_1_132' title='bbox 1890 1140 2025 1195; x_wconf 90' lang='lat' dir='ltr'>fecit</span> <span class='ocrx_word' id='word_1_133' title='bbox 2048 1155 2162 1196; x_wconf 87' lang='lat' dir='ltr'>coe-</span> <span class='ocrx_word' id='word_1_134' title='bbox 2261 1141 2412 1210; x_wconf 84' lang='lat' dir='ltr'>Luc.,</span> <span class='ocrx_word' id='word_1_135' title='bbox 2469 1153 2691 1195; x_wconf 91' lang='lat' dir='ltr'>menses</span> <span class='ocrx_word' id='word_1_136' title='bbox 2742 1155 2826 1208; x_wconf 85' lang='lat' dir='ltr'>III,</span> <span class='ocrx_word' id='word_1_137' title='bbox 2883 1137 3002 1194; x_wconf 86' lang='lat' dir='ltr'>dies</span> <span class='ocrx_word' id='word_1_138' title='bbox 3053 1154 3183 1210; x_wconf 79' lang='lat' dir='ltr'>xxv,</span> <span class='ocrx_word' id='word_1_139' title='bbox 3237 1139 3335 1195; x_wconf 87' lang='lat' dir='ltr'>sub</span> <span class='ocrx_word' id='word_1_140' title='bbox 3379 1141 3462 1198; x_wconf 89' lang='lat' dir='ltr'>die</span> <span class='ocrx_word' id='word_1_141' title='bbox 3500 1148 3528 1198; x_wconf 88' lang='lat'><strong>7</strong></span> <span class='ocrx_word' id='word_1_142' title='bbox 3551 1144 3782 1216; x_wconf 78' lang='lat' dir='ltr'>Februarii,</span> 
     </span>
    </p>
   </div>
   <div class='ocr_carea' id='block_1_12' title="bbox 529 1231 2486 1306">
    <p class='ocr_par' dir='ltr' id='par_1_12' title="bbox 529 1231 2486 1306">
     <span class='ocr_line' id='line_1_12' title="bbox 529 1231 2486 1306; baseline -0.002 -16"><span class='ocrx_word' id='word_1_143' title='bbox 529 1235 833 1292; x_wconf 89' lang='lat' dir='ltr'>meterium</span> <span class='ocrx_word' id='word_1_144' title='bbox 859 1233 1008 1290; x_wconf 89' lang='lat' dir='ltr'>beati</span> <span class='ocrx_word' id='word_1_145' title='bbox 1036 1234 1309 1290; x_wconf 84' lang='lat' dir='ltr'>Hermetis</span> <span class='ocrx_word' id='word_1_146' title='bbox 1350 1235 1636 1306; x_wconf 80' lang='lat' dir='ltr'>martyris.</span> <span class='ocrx_word' id='word_1_147' title='bbox 1678 1234 1778 1289; x_wconf 85' lang='lat' dir='ltr'>Hic</span> <span class='ocrx_word' id='word_1_148' title='bbox 1817 1233 1949 1290; x_wconf 90' lang='lat' dir='ltr'>fecit</span> <span class='ocrx_word' id='word_1_149' title='bbox 1995 1250 2168 1305; x_wconf 89' lang='lat' dir='ltr'>supra</span> <span class='ocrx_word' id='word_1_150' title='bbox 2263 1232 2382 1289; x_wconf 91' lang='lat' dir='ltr'>ind.</span> <span class='ocrx_word' id='word_1_151' title='bbox 2409 1231 2486 1306; x_wconf 84' lang='lat'>5].</span> 
     </span>
    </p>
   </div>
   <div class='ocr_carea' id='block_1_13' title="bbox 530 1327 2161 1403">
    <p class='ocr_par' dir='ltr' id='par_1_13' title="bbox 530 1327 2161 1403">
     <span class='ocr_line' id='line_1_13' title="bbox 530 1327 2161 1403; baseline -0.002 -18"><span class='ocrx_word' id='word_1_152' title='bbox 530 1346 733 1403; x_wconf 89' lang='lat' dir='ltr'>corpus</span> <span class='ocrx_word' id='word_1_153' title='bbox 753 1327 902 1386; x_wconf 88' lang='lat' dir='ltr'>beati</span> <span class='ocrx_word' id='word_1_154' title='bbox 922 1329 1208 1386; x_wconf 87' lang='lat' dir='ltr'>Laurentii</span> <span class='ocrx_word' id='word_1_155' title='bbox 1227 1329 1491 1401; x_wconf 87' lang='lat' dir='ltr'>martyris</span> <span class='ocrx_word' id='word_1_156' title='bbox 1510 1327 1537 1369; x_wconf 73' lang='grc' dir='ltr'>δ</span> <span class='ocrx_word' id='word_1_157' title='bbox 1563 1327 1849 1384; x_wconf 87' lang='lat' dir='ltr'>basilicam</span> <span class='ocrx_word' id='word_1_158' title='bbox 1885 1346 1918 1382; x_wconf 87' lang='lat' dir='ltr'>a</span> <span class='ocrx_word' id='word_1_159' title='bbox 1957 1327 2161 1382; x_wconf 83' lang='lat' dir='ltr'>funda-</span> 
     </span>
    </p>
   </div>
   <div class='ocr_carea' id='block_1_14' title="bbox 1823 1437 2584 1494">
    <p class='ocr_par' dir='ltr' id='par_1_14' title="bbox 1823 1437 2584 1494">
     <span class='ocr_line' id='line_1_14' title="bbox 1823 1437 2584 1494; baseline -0.005 0"><span class='ocrx_word' id='word_1_160' title='bbox 1823 1439 2019 1494; x_wconf 63' lang='lat' dir='ltr'>NOTA‘J</span> <span class='ocrx_word' id='word_1_161' title='bbox 2058 1437 2368 1494; x_wconf 82' lang='lat' dir='ltr'>SEVERINI</span> <span class='ocrx_word' id='word_1_162' title='bbox 2405 1437 2584 1494; x_wconf 83' lang='lat' dir='ltr'>BINII.</span> 
     </span>
    </p>
   </div>
   <div class='ocr_carea' id='block_1_15' title="bbox 599 1523 3786 1600">
    <p class='ocr_par' dir='ltr' id='par_1_15' title="bbox 599 1523 3786 1600">
     <span class='ocr_line' id='line_1_15' title="bbox 599 1523 3786 1600; baseline 0.001 -17"><span class='ocrx_word' id='word_1_163' title='bbox 599 1537 627 1566; x_wconf 71' lang='grc' dir='ltr'>ι</span> <span class='ocrx_word' id='word_1_164' title='bbox 653 1531 814 1583; x_wconf 85' lang='lat' dir='ltr'>Anno</span> <span class='ocrx_word' id='word_1_165' title='bbox 852 1527 1067 1600; x_wconf 80' lang='lat' dir='ltr'>Christi</span> <span class='ocrx_word' id='word_1_166' title='bbox 1096 1531 1218 1596; x_wconf 80' lang='lat'>590,</span> <span class='ocrx_word' id='word_1_167' title='bbox 1254 1543 1314 1600; x_wconf 72' lang='lat' dir='ltr'>vr</span> <span class='ocrx_word' id='word_1_168' title='bbox 1356 1527 1482 1582; x_wconf 87' lang='lat' dir='ltr'>idus</span> <span class='ocrx_word' id='word_1_169' title='bbox 1511 1525 1800 1582; x_wconf 87' lang='lat' dir='ltr'>Februarii</span> <span class='ocrx_word' id='word_1_170' title='bbox 1827 1527 2157 1582; x_wconf 89' lang='lat' dir='ltr'>defunctum</span> <span class='ocrx_word' id='word_1_171' title='bbox 2259 1525 2378 1582; x_wconf 87' lang='lat' dir='ltr'>ritii</span> <span class='ocrx_word' id='word_1_172' title='bbox 2401 1523 2762 1599; x_wconf 87' lang='lat' dir='ltr'>imperatoris</span> <span class='ocrx_word' id='word_1_173' title='bbox 2783 1542 3000 1582; x_wconf 91' lang='lat' dir='ltr'>annum</span> <span class='ocrx_word' id='word_1_174' title='bbox 3029 1527 3353 1600; x_wconf 89' lang='lat' dir='ltr'>septimum.</span> <span class='ocrx_word' id='word_1_175' title='bbox 3375 1527 3496 1584; x_wconf 88' lang='lat' dir='ltr'>Vide</span> <span class='ocrx_word' id='word_1_176' title='bbox 3518 1530 3786 1600; x_wconf 80' lang='lat' dir='ltr'>Baron.590,</span> 
     </span>
    </p>
   </div>
   <div class='ocr_carea' id='block_1_16' title="bbox 471 1598 2503 1672">
    <p class='ocr_par' dir='ltr' id='par_1_16' title="bbox 471 1598 2503 1672">
     <span class='ocr_line' id='line_1_16' title="bbox 471 1598 2503 1672; baseline -0.001 -18"><span class='ocrx_word' id='word_1_177' title='bbox 471 1608 484 1615; x_wconf 83' lang='lat'><strong><em>‘</em></strong></span> <span class='ocrx_word' id='word_1_178' title='bbox 529 1614 650 1672; x_wconf 83' lang='lat' dir='ltr'>esse</span> <span class='ocrx_word' id='word_1_179' title='bbox 674 1599 986 1672; x_wconf 82' lang='lat' dir='ltr'>Pelagium,</span> <span class='ocrx_word' id='word_1_180' title='bbox 1016 1616 1148 1654; x_wconf 90' lang='lat' dir='ltr'>cum</span> <span class='ocrx_word' id='word_1_181' title='bbox 1174 1598 1409 1672; x_wconf 83' lang='lat' dir='ltr'>sedisset</span> <span class='ocrx_word' id='word_1_182' title='bbox 1436 1614 1622 1672; x_wconf 71' lang='lat' dir='ltr'>annos</span> <span class='ocrx_word' id='word_1_183' title='bbox 1637 1614 1734 1668; x_wconf 82' lang='lat' dir='ltr'>xu,</span> <span class='ocrx_word' id='word_1_184' title='bbox 1761 1613 1989 1672; x_wconf 83' lang='lat' dir='ltr'>menses</span> <span class='ocrx_word' id='word_1_185' title='bbox 2009 1613 2070 1672; x_wconf 86' lang='lat' dir='ltr'>u_,</span> <span class='ocrx_word' id='word_1_186' title='bbox 2103 1601 2161 1652; x_wconf 91' lang='lat' dir='ltr'>et</span> <span class='ocrx_word' id='word_1_187' title='bbox 2257 1598 2503 1672; x_wconf 21' lang='lat' dir='ltr'>num.g2l</span> 
     </span>
    </p>
   </div>
   <div class='ocr_carea' id='block_1_17' title="bbox 530 1667 3790 1744">
    <p class='ocr_par' dir='ltr' id='par_1_17' title="bbox 530 1667 3790 1744">
     <span class='ocr_line' id='line_1_17' title="bbox 530 1667 3790 1744; baseline 0.001 -19"><span class='ocrx_word' id='word_1_188' title='bbox 530 1667 858 1744; x_wconf 14' lang='lat' dir='ltr'>diesixxvn&#39;,</span> <span class='ocrx_word' id='word_1_189' title='bbox 889 1675 1105 1724; x_wconf 89' lang='lat' dir='ltr'>constat</span> <span class='ocrx_word' id='word_1_190' title='bbox 1133 1687 1201 1724; x_wconf 80' lang='lat' dir='ltr'>ex</span> <span class='ocrx_word' id='word_1_191' title='bbox 1231 1670 1390 1744; x_wconf 84' lang='lat' dir='ltr'>initio</span> <span class='ocrx_word' id='word_1_192' title='bbox 1433 1668 1788 1744; x_wconf 77' lang='lat' dir='ltr'>pontificatus</span> <span class='ocrx_word' id='word_1_193' title='bbox 1819 1668 1996 1744; x_wconf 81' lang='lat' dir='ltr'>sancti</span> <span class='ocrx_word' id='word_1_194' title='bbox 2029 1669 2160 1723; x_wconf 88' lang='lat' dir='ltr'>Gre-</span> <span class='ocrx_word' id='word_1_195' title='bbox 2330 1669 2381 1744; x_wconf 9' lang='lat' dir='ltr'>Vb</span> <span class='ocrx_word' id='word_1_196' title='bbox 2409 1669 2552 1744; x_wconf 85' lang='lat' dir='ltr'>Cum</span> <span class='ocrx_word' id='word_1_197' title='bbox 2577 1669 2753 1744; x_wconf 82' lang='lat' dir='ltr'>sancti</span> <span class='ocrx_word' id='word_1_198' title='bbox 2771 1667 3058 1724; x_wconf 83' lang='lat' dir='ltr'>Laurentii</span> <span class='ocrx_word' id='word_1_199' title='bbox 3078 1684 3287 1744; x_wconf 77' lang='lat' dir='ltr'>corpus</span> <span class='ocrx_word' id='word_1_200' title='bbox 3297 1669 3369 1744; x_wconf 81' lang='lat' dir='ltr'>ab</span> <span class='ocrx_word' id='word_1_201' title='bbox 3387 1671 3621 1744; x_wconf 71' lang='lat' dir='ltr'>Oper-ariis</span> <span class='ocrx_word' id='word_1_202' title='bbox 3634 1689 3790 1744; x_wconf 67' lang='lat' dir='ltr'>quam-</span> 
     </span>
    </p>
   </div>
   <div class='ocr_carea' id='block_1_18' title="bbox 531 1739 3789 1818">
    <p class='ocr_par' dir='ltr' id='par_1_18' title="bbox 531 1739 3789 1818">
     <span class='ocr_line' id='line_1_18' title="bbox 531 1739 3789 1818; baseline 0 -21"><span class='ocrx_word' id='word_1_203' title='bbox 531 1741 823 1818; x_wconf 76' lang='lat' dir='ltr'>gorii,_q_ui</span> <span class='ocrx_word' id='word_1_204' title='bbox 846 1739 1157 1813; x_wconf 79' lang='lat' dir='ltr'>postquam</span> <span class='ocrx_word' id='word_1_205' title='bbox 1195 1741 1353 1794; x_wconf 90' lang='lat' dir='ltr'>sedes</span> <span class='ocrx_word' id='word_1_206' title='bbox 1376 1740 1684 1818; x_wconf 89' lang='lat' dir='ltr'>apostol_i_ca</span> <span class='ocrx_word' id='word_1_207' title='bbox 1707 1756 1760 1794; x_wconf 81' lang='lat' dir='ltr'>v1</span> <span class='ocrx_word' id='word_1_208' title='bbox 1789 1739 2078 1818; x_wconf 74' lang='lat' dir='ltr'>mensibus</span> <span class='ocrx_word' id='word_1_209' title='bbox 2105 1743 2160 1818; x_wconf 81' lang='lat' dir='ltr'>et</span> <span class='ocrx_word' id='word_1_210' title='bbox 2258 1743 2434 1818; x_wconf 84' lang='lat' dir='ltr'>retur,</span> <span class='ocrx_word' id='word_1_211' title='bbox 2461 1739 2718 1818; x_wconf 64' lang='lat' dir='ltr'>miranda</span> <span class='ocrx_word' id='word_1_212' title='bbox 2745 1744 2929 1818; x_wconf 71' lang='lat' dir='ltr'>atque</span> <span class='ocrx_word' id='word_1_213' title='bbox 2955 1739 3211 1811; x_wconf 82' lang='lat' dir='ltr'>pavenda</span> <span class='ocrx_word' id='word_1_214' title='bbox 3253 1739 3679 1818; x_wconf 78' lang='lat' dir='ltr'>illa_co_ntigerurit</span> <span class='ocrx_word' id='word_1_215' title='bbox 3699 1761 3789 1818; x_wconf 69' lang='lat' dir='ltr'>qua</span> 
     </span>
    </p>
   </div>
   <div class='ocr_carea' id='block_1_19' title="bbox 530 1809 3789 1893">
    <p class='ocr_par' dir='ltr' id='par_1_19' title="bbox 530 1809 3789 1893">
     <span class='ocr_line' id='line_1_19' title="bbox 530 1809 3789 1893; baseline 0 -26"><span class='ocrx_word' id='word_1_216' title='bbox 530 1809 639 1867; x_wconf 69' lang='lat' dir='ltr'>ixv</span> <span class='ocrx_word' id='word_1_217' title='bbox 664 1809 873 1893; x_wconf 59' lang='lat' dir='ltr'>diebus</span> <span class='ocrx_word' id='word_1_218' title='bbox 903 1809 1124 1893; x_wconf 61' lang='lat' dir='ltr'>pastore</span> <span class='ocrx_word' id='word_1_219' title='bbox 1167 1809 1431 1893; x_wconf 70' lang='lat' dir='ltr'>vacasset,</span> <span class='ocrx_word' id='word_1_220' title='bbox 1477 1828 1538 1893; x_wconf 75' lang='lat' dir='ltr'>Iit</span> <span class='ocrx_word' id='word_1_221' title='bbox 1579 1812 1779 1893; x_wconf 40' lang='lat' dir='ltr'>Nonas.</span> <span class='ocrx_word' id='word_1_222' title='bbox 1810 1809 2159 1893; x_wconf 64' lang='lat' dir='ltr'>Septembris</span> <span class='ocrx_word' id='word_1_223' title='bbox 2259 1815 2482 1893; x_wconf 76' lang='lat' dir='ltr'>sanctus</span> <span class='ocrx_word' id='word_1_224' title='bbox 2525 1809 2856 1893; x_wconf 57' lang='lat' dir='ltr'>Gregorius&#39;</span> <span class='ocrx_word' id='word_1_225' title='bbox 2872 1809 3018 1865; x_wconf 76' lang='lat' dir='ltr'>libro</span> <span class='ocrx_word' id='word_1_226' title='bbox 3057 1811 3404 1893; x_wconf 64' lang='lat' dir='ltr'>in,_epistola</span> <span class='ocrx_word' id='word_1_227' title='bbox 3427 1809 3789 1893; x_wconf 31' lang='lat' dir='ltr'>30,7enarrat&#39;his</span> 
     </span>
    </p>
   </div>
   <div class='ocr_carea' id='block_1_20' title="bbox 530 1881 3790 1953">
    <p class='ocr_par' dir='ltr' id='par_1_20' title="bbox 530 1881 3790 1953">
     <span class='ocr_line' id='line_1_20' title="bbox 530 1881 3790 1953; baseline 0 -16"><span class='ocrx_word' id='word_1_228' title='bbox 530 1899 680 1938; x_wconf 91' lang='lat' dir='ltr'>anno</span> <span class='ocrx_word' id='word_1_229' title='bbox 701 1900 734 1936; x_wconf 86' lang='lat' dir='ltr'>v</span> <span class='ocrx_word' id='word_1_230' title='bbox 754 1881 993 1937; x_wconf 87' lang='lat' dir='ltr'>Mauritii</span> <span class='ocrx_word' id='word_1_231' title='bbox 1018 1882 1390 1953; x_wconf 88' lang='lat' dir='ltr'>imperatoris,</span> <span class='ocrx_word' id='word_1_232' title='bbox 1419 1882 1519 1953; x_wconf 88' lang='lat' dir='ltr'>qui</span> <span class='ocrx_word' id='word_1_233' title='bbox 1545 1887 1627 1936; x_wconf 90' lang='lat' dir='ltr'>est</span> <span class='ocrx_word' id='word_1_234' title='bbox 1651 1881 1856 1936; x_wconf 89' lang='lat' dir='ltr'>Christi</span> <span class='ocrx_word' id='word_1_235' title='bbox 1881 1881 2160 1953; x_wconf 85' lang='lat' dir='ltr'>Redemp-</span> <span class='ocrx_word' id='word_1_236' title='bbox 2179 1930 2234 1953; x_wconf 57' lang='grc' dir='ltr'><strong>η</strong></span> <span class='ocrx_word' id='word_1_237' title='bbox 2259 1881 2446 1936; x_wconf 83' lang='lat' dir='ltr'>verbis</span> <span class='ocrx_word' id='word_1_238' title='bbox 2475 1897 2489 1936; x_wconf 89' lang='lat'><strong>:</strong></span> <span class='ocrx_word' id='word_1_239' title='bbox 2522 1903 2550 1931; x_wconf 92' lang='grc'><em>‹‹</em></span> <span class='ocrx_word' id='word_1_240' title='bbox 2581 1881 2800 1936; x_wconf 70' lang='lat' dir='ltr'>sancta:</span> <span class='ocrx_word' id='word_1_241' title='bbox 2829 1882 3122 1936; x_wconf 70' lang='lat' dir='ltr'>memoria:</span> <span class='ocrx_word' id='word_1_242' title='bbox 3141 1881 3392 1937; x_wconf 75' lang='lat' dir='ltr'>decessor</span> <span class='ocrx_word' id='word_1_243' title='bbox 3411 1899 3556 1938; x_wconf 90' lang='lat' dir='ltr'>meus</span> <span class='ocrx_word' id='word_1_244' title='bbox 3576 1884 3727 1938; x_wconf 87' lang='lat' dir='ltr'>itidem</span> <span class='ocrx_word' id='word_1_245' title='bbox 3741 1884 3790 1938; x_wconf 87' lang='lat' dir='ltr'>ad</span> 
     </span>
    </p>
   </div>
   <div class='ocr_carea' id='block_1_21' title="bbox 528 1930 3790 2033">
    <p class='ocr_par' dir='ltr' id='par_1_21' title="bbox 528 1930 3790 2033">
     <span class='ocr_line' id='line_1_21' title="bbox 528 1930 3790 2033; baseline 0 -26"><span class='ocrx_word' id='word_1_246' title='bbox 528 1930 676 2033; x_wconf 57' lang='grc' dir='ltr'>ᾧξῖἑ</span> <span class='ocrx_word' id='word_1_247' title='bbox 693 1930 1524 2033; x_wconf 54' lang='grc' dir='ltr'>έθόξῦὲὶξξξῖὸἺῇᾚὸΗξίίίοέῐιὶ</span> <span class='ocrx_word' id='word_1_248' title='bbox 1550 1930 1856 2033; x_wconf 57' lang='grc' dir='ltr'>ἑῖιξεέἆὲᾷὶῗ</span> <span class='ocrx_word' id='word_1_249' title='bbox 1874 1930 2161 2033; x_wconf 47' lang='lat' dir='ltr'>naiasin</span> <span class='ocrx_word' id='word_1_250' title='bbox 2179 1930 2237 2004; x_wconf 94' lang='grc' dir='ltr'><strong>Β</strong></span> <span class='ocrx_word' id='word_1_251' title='bbox 2265 1930 2694 2033; x_wconf 31' lang='lat' dir='ltr'>saansaan&quot;</span> <span class='ocrx_word' id='word_1_252' title='bbox 2702 1930 3556 2033; x_wconf 48' lang='lat' dir='ltr'>mgaa&#39;ﬁggesﬁueﬁaa</span> <span class='ocrx_word' id='word_1_253' title='bbox 3569 1930 3790 2033; x_wconf 59' lang='grc' dir='ltr'>ὦὲῑῖὀῖςιὲ</span> 
     </span>
    </p>
   </div>
   <div class='ocr_carea' id='block_1_22' title="bbox 529 2024 3789 2108">
    <p class='ocr_par' dir='ltr' id='par_1_22' title="bbox 529 2024 3789 2108">
     <span class='ocr_line' id='line_1_22' title="bbox 529 2024 3789 2108; baseline 0 -30"><span class='ocrx_word' id='word_1_254' title='bbox 529 2024 706 2108; x_wconf 77' lang='lat' dir='ltr'>igitur</span> <span class='ocrx_word' id='word_1_255' title='bbox 734 2042 932 2108; x_wconf 73' lang='lat' dir='ltr'>errore</span> <span class='ocrx_word' id='word_1_256' title='bbox 949 2024 1218 2108; x_wconf 80' lang='lat' dir='ltr'>labuntur</span> <span class='ocrx_word' id='word_1_257' title='bbox 1228 2025 1341 2108; x_wconf 63' lang='lat' dir='ltr'>qui</span> <span class='ocrx_word' id='word_1_258' title='bbox 1367 2024 1735 2108; x_wconf 67' lang='lat' dir='ltr'>depravatum</span> <span class='ocrx_word' id='word_1_259' title='bbox 1755 2024 2032 2108; x_wconf 77' lang='lat' dir='ltr'>Anastasii</span> <span class='ocrx_word' id='word_1_260' title='bbox 2048 2027 2168 2078; x_wconf 81' lang='lat' dir='ltr'>tex-</span> <span class='ocrx_word' id='word_1_261' title='bbox 2265 2024 2606 2108; x_wconf 72' lang='lat' dir='ltr'>desiderans,</span> <span class='ocrx_word' id='word_1_262' title='bbox 2634 2025 2774 2108; x_wconf 81' lang='lat' dir='ltr'>dum</span> <span class='ocrx_word' id='word_1_263' title='bbox 2796 2024 3168 2108; x_wconf 49' lang='lat' dir='ltr'>nescit&#39;ur‘ubi</span> <span class='ocrx_word' id='word_1_264' title='bbox 3192 2024 3497 2108; x_wconf 68' lang='lat' dir='ltr'>venerabile</span> <span class='ocrx_word' id='word_1_265' title='bbox 3518 2042 3684 2108; x_wconf 76' lang='lat' dir='ltr'>corpus</span> <span class='ocrx_word' id='word_1_266' title='bbox 3703 2026 3789 2094; x_wconf 84' lang='lat' dir='ltr'>ejus</span> 
     </span>
    </p>
   </div>
   <div class='ocr_carea' id='block_1_23' title="bbox 529 2094 3788 2167">
    <p class='ocr_par' dir='ltr' id='par_1_23' title="bbox 529 2094 3788 2167">
     <span class='ocr_line' id='line_1_23' title="bbox 529 2094 3788 2167; baseline -0 -18"><span class='ocrx_word' id='word_1_267' title='bbox 529 2094 650 2150; x_wconf 85' lang='lat' dir='ltr'>tum</span> <span class='ocrx_word' id='word_1_268' title='bbox 681 2097 883 2164; x_wconf 89' lang='lat' dir='ltr'>secuti,</span> <span class='ocrx_word' id='word_1_269' title='bbox 917 2096 1050 2150; x_wconf 90' lang='lat' dir='ltr'>huic</span> <span class='ocrx_word' id='word_1_270' title='bbox 1084 2094 1337 2167; x_wconf 90' lang='lat' dir='ltr'>pontiﬁci</span> <span class='ocrx_word' id='word_1_271' title='bbox 1365 2094 1543 2167; x_wconf 83' lang='lat' dir='ltr'>annos</span> <span class='ocrx_word' id='word_1_272' title='bbox 1577 2094 1854 2167; x_wconf 82' lang='lat' dir='ltr'>duntaxat</span> <span class='ocrx_word' id='word_1_273' title='bbox 1881 2111 1916 2148; x_wconf 70' lang='grc' dir='ltr'><strong>χ</strong></span> <span class='ocrx_word' id='word_1_274' title='bbox 1944 2110 2167 2167; x_wconf 82' lang='lat' dir='ltr'>menses</span> <span class='ocrx_word' id='word_1_275' title='bbox 2265 2099 2410 2167; x_wconf 89' lang='lat' dir='ltr'>esset</span> <span class='ocrx_word' id='word_1_276' title='bbox 2435 2095 2803 2167; x_wconf 84' lang='lat' dir='ltr'>collocatum;</span> <span class='ocrx_word' id='word_1_277' title='bbox 2838 2099 2895 2150; x_wconf 92' lang='lat' dir='ltr'>et</span> <span class='ocrx_word' id='word_1_278' title='bbox 2919 2094 3182 2150; x_wconf 76' lang='lat' dir='ltr'>effoditur</span> <span class='ocrx_word' id='word_1_279' title='bbox 3202 2095 3548 2167; x_wconf 82' lang='lat' dir='ltr'>exquirendo,</span> <span class='ocrx_word' id='word_1_280' title='bbox 3566 2094 3711 2150; x_wconf 78' lang='lat' dir='ltr'>subito</span> <span class='ocrx_word' id='word_1_281' title='bbox 3732 2112 3788 2148; x_wconf 85' lang='lat' dir='ltr'>se-</span> 
     </span>
    </p>
   </div>
   <div class='ocr_carea' id='block_1_24' title="bbox 527 2165 3788 2248">
    <p class='ocr_par' dir='ltr' id='par_1_24' title="bbox 527 2165 3788 2248">
     <span class='ocr_line' id='line_1_24' title="bbox 527 2165 3788 2248; baseline -0.001 -26"><span class='ocrx_word' id='word_1_282' title='bbox 527 2184 574 2248; x_wconf 45' lang='lat' dir='ltr'>Il.</span> <span class='ocrx_word' id='word_1_283' title='bbox 593 2173 650 2248; x_wconf 73' lang='lat' dir='ltr'>et</span> <span class='ocrx_word' id='word_1_284' title='bbox 683 2167 800 2248; x_wconf 89' lang='lat' dir='ltr'>dies</span> <span class='ocrx_word' id='word_1_285' title='bbox 817 2184 876 2235; x_wconf 70' lang='grc' dir='ltr'><strong>Χ,</strong></span> <span class='ocrx_word' id='word_1_286' title='bbox 909 2165 1244 2248; x_wconf 58' lang='lat' dir='ltr'>attribuunt.</span> <span class='ocrx_word' id='word_1_287' title='bbox 1270 2168 1336 2248; x_wconf 59' lang='lat' dir='ltr'>[ﬁt</span> <span class='ocrx_word' id='word_1_288' title='bbox 1355 2166 1585 2248; x_wconf 71' lang='lat' dir='ltr'>quidem</span> <span class='ocrx_word' id='word_1_289' title='bbox 1605 2166 1819 2248; x_wconf 75' lang='lat' dir='ltr'>majore</span> <span class='ocrx_word' id='word_1_290' title='bbox 1843 2182 2032 2248; x_wconf 61' lang='lat' dir='ltr'>errore</span> <span class='ocrx_word' id='word_1_291' title='bbox 2063 2165 2163 2246; x_wconf 47' lang='lat' dir='ltr'>de:</span> <span class='ocrx_word' id='word_1_292' title='bbox 2264 2166 2529 2248; x_wconf 81' lang='lat' dir='ltr'>pulcrum</span> <span class='ocrx_word' id='word_1_293' title='bbox 2550 2166 2672 2248; x_wconf 83' lang='lat' dir='ltr'>ejus</span> <span class='ocrx_word' id='word_1_294' title='bbox 2694 2167 3022 2248; x_wconf 76' lang='lat' dir='ltr'>ignoranter</span> <span class='ocrx_word' id='word_1_295' title='bbox 3044 2165 3311 2248; x_wconf 73' lang='lat' dir='ltr'>apertum</span> <span class='ocrx_word' id='word_1_296' title='bbox 3339 2170 3435 2248; x_wconf 63' lang='lat' dir='ltr'>est,</span> <span class='ocrx_word' id='word_1_297' title='bbox 3453 2167 3565 2248; x_wconf 74' lang='lat' dir='ltr'>etii</span> <span class='ocrx_word' id='word_1_298' title='bbox 3589 2167 3667 2238; x_wconf 88' lang='lat' dir='ltr'>qui</span> <span class='ocrx_word' id='word_1_299' title='bbox 3686 2183 3788 2246; x_wconf 69' lang='lat' dir='ltr'>pra:-</span> 
     </span>
    </p>
   </div>
   <div class='ocr_carea' id='block_1_25' title="bbox 528 2235 3790 2308">
    <p class='ocr_par' dir='ltr' id='par_1_25' title="bbox 528 2235 3790 2308">
     <span class='ocr_line' id='line_1_25' title="bbox 528 2235 3790 2308; baseline -0.001 -16"><span class='ocrx_word' id='word_1_300' title='bbox 528 2237 818 2308; x_wconf 87' lang='lat' dir='ltr'>cipiuntur</span> <span class='ocrx_word' id='word_1_301' title='bbox 844 2238 944 2308; x_wconf 90' lang='lat' dir='ltr'>qui</span> <span class='ocrx_word' id='word_1_302' title='bbox 964 2237 1180 2292; x_wconf 88' lang='lat' dir='ltr'>obitum</span> <span class='ocrx_word' id='word_1_303' title='bbox 1199 2235 1426 2308; x_wconf 82' lang='lat' dir='ltr'>Pelagii,</span> <span class='ocrx_word' id='word_1_304' title='bbox 1451 2242 1508 2308; x_wconf 88' lang='lat' dir='ltr'>et</span> <span class='ocrx_word' id='word_1_305' title='bbox 1525 2237 1866 2308; x_wconf 78' lang='lat' dir='ltr'>creationem</span> <span class='ocrx_word' id='word_1_306' title='bbox 1889 2235 2162 2308; x_wconf 82' lang='lat' dir='ltr'>Gregorii,</span> <span class='ocrx_word' id='word_1_307' title='bbox 2264 2235 2446 2308; x_wconf 76' lang='lat' dir='ltr'>sentes</span> <span class='ocrx_word' id='word_1_308' title='bbox 2468 2235 2634 2308; x_wconf 86' lang='lat' dir='ltr'>erant</span> <span class='ocrx_word' id='word_1_309' title='bbox 2657 2235 2826 2308; x_wconf 81' lang='lat' dir='ltr'>atque</span> <span class='ocrx_word' id='word_1_310' title='bbox 2851 2235 3183 2292; x_wconf 76' lang='lat' dir='ltr'>laborabant</span> <span class='ocrx_word' id='word_1_311' title='bbox 3211 2237 3468 2293; x_wconf 90' lang='lat' dir='ltr'>monachi</span> <span class='ocrx_word' id='word_1_312' title='bbox 3489 2243 3538 2292; x_wconf 91' lang='lat' dir='ltr'>et</span> <span class='ocrx_word' id='word_1_313' title='bbox 3557 2235 3790 2308; x_wconf 73' lang='lat' dir='ltr'>mansitma-</span> 
     </span>
    </p>
   </div>
   <div class='ocr_carea' id='block_1_26' title="bbox 528 2305 3791 2380">
    <p class='ocr_par' dir='ltr' id='par_1_26' title="bbox 528 2305 3791 2380">
     <span class='ocr_line' id='line_1_26' title="bbox 528 2305 3791 2380; baseline -0.001 -18"><span class='ocrx_word' id='word_1_314' title='bbox 528 2305 615 2362; x_wconf 76' lang='lat' dir='ltr'>vel</span> <span class='ocrx_word' id='word_1_315' title='bbox 641 2309 701 2380; x_wconf 89' lang='lat' dir='ltr'>in</span> <span class='ocrx_word' id='word_1_316' title='bbox 727 2305 1059 2380; x_wconf 78' lang='lat' dir='ltr'>sequentem</span> <span class='ocrx_word' id='word_1_317' title='bbox 1083 2323 1302 2363; x_wconf 87' lang='lat' dir='ltr'>annum</span> <span class='ocrx_word' id='word_1_318' title='bbox 1331 2305 1624 2380; x_wconf 73' lang='lat' dir='ltr'>rejiciunt,</span> <span class='ocrx_word' id='word_1_319' title='bbox 1648 2308 1735 2362; x_wconf 85' lang='lat' dir='ltr'>vel</span> <span class='ocrx_word' id='word_1_320' title='bbox 1753 2305 1989 2380; x_wconf 83' lang='lat' dir='ltr'>diverso</span> <span class='ocrx_word' id='word_1_321' title='bbox 2005 2305 2162 2362; x_wconf 77' lang='lat' dir='ltr'>anno</span> <span class='ocrx_word' id='word_1_322' title='bbox 2265 2307 2352 2380; x_wconf 80' lang='lat' dir='ltr'>rii,</span> <span class='ocrx_word' id='word_1_323' title='bbox 2381 2307 2712 2380; x_wconf 78' lang='lat' dir='ltr'>quicorpus</span> <span class='ocrx_word' id='word_1_324' title='bbox 2730 2305 2990 2378; x_wconf 74' lang='lat' dir='ltr'>ejusdem</span> <span class='ocrx_word' id='word_1_325' title='bbox 3013 2308 3280 2380; x_wconf 85' lang='lat' dir='ltr'>martyris</span> <span class='ocrx_word' id='word_1_326' title='bbox 3297 2309 3556 2374; x_wconf 87' lang='lat' dir='ltr'>viderunt,</span> <span class='ocrx_word' id='word_1_327' title='bbox 3573 2307 3791 2380; x_wconf 81' lang='lat' dir='ltr'>quodqui-</span> 
     </span>
    </p>
   </div>
   <div class='ocr_carea' id='block_1_27' title="bbox 529 2377 3790 2452">
    <p class='ocr_par' dir='ltr' id='par_1_27' title="bbox 529 2377 3790 2452">
     <span class='ocr_line' id='line_1_27' title="bbox 529 2377 3790 2452; baseline -0.002 -18"><span class='ocrx_word' id='word_1_328' title='bbox 529 2377 833 2452; x_wconf 73' lang='lat' dir='ltr'>contigisse</span> <span class='ocrx_word' id='word_1_329' title='bbox 870 2380 1143 2452; x_wconf 61' lang='lat' dir='ltr'>scribunt,</span> <span class='ocrx_word' id='word_1_330' title='bbox 1183 2377 1584 2452; x_wconf 62' lang='lat' dir='ltr'>Longiusvero</span> <span class='ocrx_word' id='word_1_331' title='bbox 1610 2379 1717 2432; x_wconf 83' lang='lat' dir='ltr'>hac</span> <span class='ocrx_word' id='word_1_332' title='bbox 1747 2379 1806 2432; x_wconf 92' lang='lat' dir='ltr'>in</span> <span class='ocrx_word' id='word_1_333' title='bbox 1843 2395 1904 2433; x_wconf 93' lang='lat' dir='ltr'>re</span> <span class='ocrx_word' id='word_1_334' title='bbox 1941 2379 2166 2452; x_wconf 83' lang='lat' dir='ltr'>aberrat</span> <span class='ocrx_word' id='word_1_335' title='bbox 2263 2377 2658 2452; x_wconf 52' lang='lat' dir='ltr'>dem&#39;mininie</span> <span class='ocrx_word' id='word_1_336' title='bbox 2686 2377 2933 2452; x_wconf 74' lang='lat' dir='ltr'>tangere</span> <span class='ocrx_word' id='word_1_337' title='bbox 2969 2377 3481 2452; x_wconf 60' lang='lat' dir='ltr'>praesuinpserunt,</span> <span class='ocrx_word' id='word_1_338' title='bbox 3507 2377 3790 2434; x_wconf 77' lang='lat' dir='ltr'>omhesintra</span> 
     </span>
    </p>
   </div>
   <div class='ocr_carea' id='block_1_28' title="bbox 531 2449 3790 2521">
    <p class='ocr_par' dir='ltr' id='par_1_28' title="bbox 531 2449 3790 2521">
     <span class='ocr_line' id='line_1_28' title="bbox 531 2449 3790 2521; baseline -0.001 -17"><span class='ocrx_word' id='word_1_339' title='bbox 531 2449 710 2514; x_wconf 72' lang='lat' dir='ltr'>Beda,</span> <span class='ocrx_word' id='word_1_340' title='bbox 740 2449 868 2520; x_wconf 89' lang='lat' dir='ltr'>qui,</span> <span class='ocrx_word' id='word_1_341' title='bbox 898 2451 966 2505; x_wconf 92' lang='lat' dir='ltr'>de</span> <span class='ocrx_word' id='word_1_342' title='bbox 1002 2449 1178 2505; x_wconf 84' lang='lat' dir='ltr'>Gcstis</span> <span class='ocrx_word' id='word_1_343' title='bbox 1203 2450 1371 2521; x_wconf 87' lang='lat' dir='ltr'>Angl.</span> <span class='ocrx_word' id='word_1_344' title='bbox 1412 2449 1556 2503; x_wconf 92' lang='lat' dir='ltr'>libro</span> <span class='ocrx_word' id='word_1_345' title='bbox 1589 2465 1625 2516; x_wconf 79' lang='lat' dir='ltr'>r,</span> <span class='ocrx_word' id='word_1_346' title='bbox 1645 2466 1777 2521; x_wconf 88' lang='lat' dir='ltr'>cap.</span> <span class='ocrx_word' id='word_1_347' title='bbox 1806 2453 1896 2518; x_wconf 85' lang='lat'>23,</span> <span class='ocrx_word' id='word_1_348' title='bbox 1925 2450 2162 2521; x_wconf 77' lang='lat' dir='ltr'>creatio-</span> <span class='ocrx_word' id='word_1_349' title='bbox 2263 2449 2458 2504; x_wconf 90' lang='lat' dir='ltr'>decem</span> <span class='ocrx_word' id='word_1_350' title='bbox 2508 2450 2626 2504; x_wconf 90' lang='lat' dir='ltr'>dies</span> <span class='ocrx_word' id='word_1_351' title='bbox 2671 2449 2922 2504; x_wconf 83' lang='lat' dir='ltr'>defuncti</span> <span class='ocrx_word' id='word_1_352' title='bbox 2963 2449 3112 2519; x_wconf 74' lang='lat' dir='ltr'>sunt,</span> <span class='ocrx_word' id='word_1_353' title='bbox 3159 2449 3246 2505; x_wconf 70' lang='lat' dir='ltr'>ita</span> <span class='ocrx_word' id='word_1_354' title='bbox 3276 2455 3340 2506; x_wconf 92' lang='lat' dir='ltr'>ut</span> <span class='ocrx_word' id='word_1_355' title='bbox 3377 2450 3548 2504; x_wconf 88' lang='lat' dir='ltr'>nullus</span> <span class='ocrx_word' id='word_1_356' title='bbox 3576 2463 3790 2521; x_wconf 57' lang='lat' dir='ltr'>superesse</span> 
     </span>
    </p>
   </div>
   <div class='ocr_carea' id='block_1_29' title="bbox 528 2519 3790 2593">
    <p class='ocr_par' dir='ltr' id='par_1_29' title="bbox 528 2519 3790 2593">
     <span class='ocr_line' id='line_1_29' title="bbox 528 2519 3790 2593; baseline -0.001 -19"><span class='ocrx_word' id='word_1_357' title='bbox 528 2537 663 2575; x_wconf 87' lang='lat' dir='ltr'>nem</span> <span class='ocrx_word' id='word_1_358' title='bbox 689 2519 944 2591; x_wconf 79' lang='lat' dir='ltr'>Gregorii</span> <span class='ocrx_word' id='word_1_359' title='bbox 968 2521 1202 2575; x_wconf 88' lang='lat' dir='ltr'>collocat</span> <span class='ocrx_word' id='word_1_360' title='bbox 1227 2519 1331 2593; x_wconf 87' lang='lat' dir='ltr'>sub</span> <span class='ocrx_word' id='word_1_361' title='bbox 1357 2536 1506 2593; x_wconf 87' lang='lat' dir='ltr'>anno</span> <span class='ocrx_word' id='word_1_362' title='bbox 1535 2519 1754 2593; x_wconf 83' lang='lat' dir='ltr'>decimo</span> <span class='ocrx_word' id='word_1_363' title='bbox 1793 2519 2030 2593; x_wconf 83' lang='lat' dir='ltr'>Mauritii</span> <span class='ocrx_word' id='word_1_364' title='bbox 2062 2521 2164 2593; x_wconf 90' lang='lat' dir='ltr'>im-</span> <span class='ocrx_word' id='word_1_365' title='bbox 2261 2522 2558 2592; x_wconf 88' lang='lat' dir='ltr'>potuisset,</span> <span class='ocrx_word' id='word_1_366' title='bbox 2587 2521 2685 2592; x_wconf 91' lang='lat' dir='ltr'>qui</span> <span class='ocrx_word' id='word_1_367' title='bbox 2711 2525 2969 2593; x_wconf 87' lang='lat' dir='ltr'>sanctum</span> <span class='ocrx_word' id='word_1_368' title='bbox 2989 2526 3052 2593; x_wconf 84' lang='lat' dir='ltr'>et</span> <span class='ocrx_word' id='word_1_369' title='bbox 3072 2522 3297 2592; x_wconf 88' lang='lat' dir='ltr'>justum</span> <span class='ocrx_word' id='word_1_370' title='bbox 3321 2537 3510 2593; x_wconf 89' lang='lat' dir='ltr'>corpus</span> <span class='ocrx_word' id='word_1_371' title='bbox 3536 2519 3660 2593; x_wconf 79' lang='lat' dir='ltr'>illius</span> <span class='ocrx_word' id='word_1_372' title='bbox 3682 2519 3790 2593; x_wconf 41' lang='lat' dir='ltr'>vide:</span> 
     </span>
    </p>
   </div>
   <div class='ocr_carea' id='block_1_30' title="bbox 529 2588 3791 2718">
    <p class='ocr_par' dir='ltr' id='par_1_30' title="bbox 529 2588 3791 2718">
     <span class='ocr_line' id='line_1_30' title="bbox 529 2588 3791 2664; baseline 0 -19"><span class='ocrx_word' id='word_1_373' title='bbox 529 2588 1004 2662; x_wconf 60' lang='lat' dir='ltr'>pcratoris&#39;quam</span> <span class='ocrx_word' id='word_1_374' title='bbox 1025 2607 1174 2646; x_wconf 89' lang='lat' dir='ltr'>anno</span> <span class='ocrx_word' id='word_1_375' title='bbox 1191 2591 1391 2663; x_wconf 90' lang='lat' dir='ltr'>quinto</span> <span class='ocrx_word' id='word_1_376' title='bbox 1416 2591 1670 2662; x_wconf 88' lang='lat' dir='ltr'>ejusdem</span> <span class='ocrx_word' id='word_1_377' title='bbox 1695 2591 2052 2662; x_wconf 86' lang='lat' dir='ltr'>imperatoris</span> <span class='ocrx_word' id='word_1_378' title='bbox 2081 2591 2164 2646; x_wconf 87' lang='lat' dir='ltr'>in-</span> <span class='ocrx_word' id='word_1_379' title='bbox 2261 2588 2367 2646; x_wconf 70' lang='lat' dir='ltr'>rat.</span> <span class='ocrx_word' id='word_1_380' title='bbox 2403 2611 2431 2640; x_wconf 86' lang='lat'><strong>»</strong></span> <span class='ocrx_word' id='word_1_381' title='bbox 2459 2588 2588 2646; x_wconf 57' lang='lat' dir='ltr'>Haec</span> <span class='ocrx_word' id='word_1_382' title='bbox 2602 2588 2930 2664; x_wconf 54' lang='lat' dir='ltr'>—Gregorius</span> <span class='ocrx_word' id='word_1_383' title='bbox 2972 2592 3042 2648; x_wconf 92' lang='lat' dir='ltr'>de</span> <span class='ocrx_word' id='word_1_384' title='bbox 3073 2588 3646 2664; x_wconf 57' lang='lat' dir='ltr'>&#39;inventiene&#39;corporis</span> <span class='ocrx_word' id='word_1_385' title='bbox 3667 2588 3791 2644; x_wconf 81' lang='lat' dir='ltr'>sancti</span> 
     </span>
     <span class='ocr_line' id='line_1_31' title="bbox 529 2661 2568 2718; baseline 0 -2"><span class='ocrx_word' id='word_1_386' title='bbox 529 2663 768 2718; x_wconf 91' lang='lat' dir='ltr'>choante</span> <span class='ocrx_word' id='word_1_387' title='bbox 788 2663 1092 2718; x_wconf 86' lang='lat' dir='ltr'>indictione</span> <span class='ocrx_word' id='word_1_388' title='bbox 1111 2679 1263 2717; x_wconf 90' lang='lat' dir='ltr'>nona</span> <span class='ocrx_word' id='word_1_389' title='bbox 1279 2662 1578 2718; x_wconf 75' lang='lat' dir='ltr'>contigisse</span> <span class='ocrx_word' id='word_1_390' title='bbox 1598 2661 1892 2718; x_wconf 82' lang='lat' dir='ltr'>insinsmet</span> <span class='ocrx_word' id='word_1_391' title='bbox 1909 2662 2163 2718; x_wconf 73' lang='lat' dir='ltr'>Gregorii</span> <span class='ocrx_word' id='word_1_392' title='bbox 2262 2663 2568 2718; x_wconf 86' lang='lat' dir='ltr'>Laurentii.</span> 
     </span>
    </p>
   </div>
   <div class='ocr_carea' id='block_1_31' title="bbox 529 2678 2568 2718">
    <p class='ocr_par' dir='ltr' id='par_1_31' title="bbox 529 2678 2568 2718">
     <span class='ocr_line' id='line_1_32' title="bbox 529 2678 2568 2718; baseline 0 -2"><span class='ocrx_word' id='word_1_393' title='bbox 529 2678 768 2718; x_wconf 82' lang='lat' dir='ltr'>cnoante</span> <span class='ocrx_word' id='word_1_394' title='bbox 788 2678 1092 2718; x_wconf 66' lang='lat'>111010110118</span> <span class='ocrx_word' id='word_1_395' title='bbox 1111 2679 1263 2717; x_wconf 76' lang='lat' dir='ltr'>D0118.</span> <span class='ocrx_word' id='word_1_396' title='bbox 1279 2678 1578 2718; x_wconf 73' lang='grc' dir='ltr'>οοηῐιςζιεδθ</span> <span class='ocrx_word' id='word_1_397' title='bbox 1598 2678 1892 2718; x_wconf 74' lang='grc' dir='ltr'>Ιοδιυδωϐῐ.</span> <span class='ocrx_word' id='word_1_398' title='bbox 1909 2678 2163 2718; x_wconf 72' lang='grc' dir='ltr'>ϋΓΘΩὈΙῚι</span> <span class='ocrx_word' id='word_1_399' title='bbox 2262 2678 2568 2718; x_wconf 69' lang='lat' dir='ltr'>Laurentii.</span> 
     </span>
    </p>
   </div>
   <div class='ocr_carea' id='block_1_32' title="bbox 528 2680 2084 2808">
    <p class='ocr_par' dir='ltr' id='par_1_32' title="bbox 528 2680 2084 2808">
     <span class='ocr_line' id='line_1_33' title="bbox 529 2680 2084 2734; baseline 0.001 -18"><span class='ocrx_word' id='word_1_400' title='bbox 529 2680 768 2718; x_wconf 77' lang='lat' dir='ltr'>cnoante</span> <span class='ocrx_word' id='word_1_401' title='bbox 788 2680 1092 2718; x_wconf 77' lang='lat' dir='ltr'>indictione</span> <span class='ocrx_word' id='word_1_402' title='bbox 1111 2680 1263 2717; x_wconf 91' lang='lat' dir='ltr'>nona</span> <span class='ocrx_word' id='word_1_403' title='bbox 1279 2680 1578 2732; x_wconf 73' lang='lat' dir='ltr'>contigisse</span> <span class='ocrx_word' id='word_1_404' title='bbox 1598 2680 1892 2733; x_wconf 76' lang='lat' dir='ltr'>ipsmsmet</span> <span class='ocrx_word' id='word_1_405' title='bbox 1909 2680 2084 2734; x_wconf 75' lang='lat' dir='ltr'>uregc</span> 
     </span>
     <span class='ocr_line' id='line_1_34' title="bbox 528 2733 2084 2808; baseline 0.001 -22"><span class='ocrx_word' id='word_1_406' title='bbox 528 2733 920 2808; x_wconf 76' lang='lat' dir='ltr'>testiﬁcatione</span> <span class='ocrx_word' id='word_1_407' title='bbox 946 2738 1182 2808; x_wconf 83' lang='lat' dir='ltr'>constat,</span> <span class='ocrx_word' id='word_1_408' title='bbox 1211 2733 1494 2805; x_wconf 89' lang='lat' dir='ltr'>principio</span> <span class='ocrx_word' id='word_1_409' title='bbox 1531 2733 1663 2808; x_wconf 81' lang='lat' dir='ltr'>libri</span> <span class='ocrx_word' id='word_1_410' title='bbox 1692 2750 1732 2787; x_wconf 82' lang='grc' dir='ltr'><strong>ιι</strong></span> <span class='ocrx_word' id='word_1_411' title='bbox 1756 2733 2084 2808; x_wconf 74' lang='lat' dir='ltr'>Epistolarui</span> 
     </span>
    </p>
   </div>
   <div class='ocr_carea' id='block_1_33' title="bbox 2235 2680 3791 2808">
    <p class='ocr_par' dir='ltr' id='par_1_33' title="bbox 2262 2680 3791 2808">
     <span class='ocr_line' id='line_1_35' title="bbox 2262 2680 2568 2718; baseline -0.007 0"><span class='ocrx_word' id='word_1_412' title='bbox 2262 2680 2568 2718; x_wconf 75' lang='lat' dir='ltr'>Laurentii.</span> 
     </span>
     <span class='ocr_line' id='line_1_36' title="bbox 2304 2729 3791 2808; baseline -0.004 -20"><span class='ocrx_word' id='word_1_413' title='bbox 2304 2734 2390 2808; x_wconf 86' lang='lat' dir='ltr'>_(a</span> <span class='ocrx_word' id='word_1_414' title='bbox 2441 2733 2574 2788; x_wconf 92' lang='lat' dir='ltr'>Cod.</span> <span class='ocrx_word' id='word_1_415' title='bbox 2603 2733 2736 2808; x_wconf 88' lang='lat' dir='ltr'>Luc.</span> <span class='ocrx_word' id='word_1_416' title='bbox 2778 2733 2948 2808; x_wconf 89' lang='lat' dir='ltr'>habet</span> <span class='ocrx_word' id='word_1_417' title='bbox 2972 2732 3190 2805; x_wconf 89' lang='lat' dir='ltr'>aliquid</span> <span class='ocrx_word' id='word_1_418' title='bbox 3228 2750 3474 2806; x_wconf 83' lang='lat' dir='ltr'>erasum,</span> <span class='ocrx_word' id='word_1_419' title='bbox 3499 2737 3611 2808; x_wconf 86' lang='lat' dir='ltr'>post</span> <span class='ocrx_word' id='word_1_420' title='bbox 3628 2729 3791 2804; x_wconf 67' lang='lat' dir='ltr'>quale-</span> 
     </span>
    </p>
   </div>
   <div class='ocr_carea' id='block_1_34' title="bbox 529 2803 3434 2877">
    <p class='ocr_par' dir='ltr' id='par_1_34' title="bbox 529 2803 3434 2877">
     <span class='ocr_line' id='line_1_37' title="bbox 529 2803 3434 2877; baseline 0 -18"><span class='ocrx_word' id='word_1_421' title='bbox 529 2805 623 2860; x_wconf 91' lang='lat' dir='ltr'>ubi</span> <span class='ocrx_word' id='word_1_422' title='bbox 651 2804 1006 2877; x_wconf 89' lang='lat' dir='ltr'>pontiﬁcatus</span> <span class='ocrx_word' id='word_1_423' title='bbox 1037 2805 1124 2860; x_wconf 90' lang='lat' dir='ltr'>sui</span> <span class='ocrx_word' id='word_1_424' title='bbox 1149 2803 1368 2860; x_wconf 77' lang='lat' dir='ltr'>annum</span> <span class='ocrx_word' id='word_1_425' title='bbox 1391 2803 1704 2860; x_wconf 80' lang='lat' dir='ltr'>secundum</span> <span class='ocrx_word' id='word_1_426' title='bbox 1728 2803 1992 2860; x_wconf 85' lang='lat' dir='ltr'>numerat</span> <span class='ocrx_word' id='word_1_427' title='bbox 2016 2806 2164 2860; x_wconf 89' lang='lat' dir='ltr'>Mau-</span> <span class='ocrx_word' id='word_1_428' title='bbox 2263 2803 2416 2874; x_wconf 86' lang='lat' dir='ltr'>gitur</span> <span class='ocrx_word' id='word_1_429' title='bbox 2443 2821 2457 2860; x_wconf 88' lang='lat'><strong>:</strong></span> <span class='ocrx_word' id='word_1_430' title='bbox 2487 2809 2636 2875; x_wconf 84' lang='lat' dir='ltr'>cepto</span> <span class='ocrx_word' id='word_1_431' title='bbox 2661 2805 2904 2874; x_wconf 81' lang='lat' dir='ltr'>jussione</span> <span class='ocrx_word' id='word_1_432' title='bbox 3247 2808 3434 2863; x_wconf 65' lang='lat' dir='ltr'>Musr.</span> 
     </span>
    </p>
   </div>
   <div class='ocr_carea' id='block_1_35' title="bbox 1594 2922 2790 2990">
    <p class='ocr_par' dir='ltr' id='par_1_35' title="bbox 1594 2922 2790 2990">
     <span class='ocr_line' id='line_1_38' title="bbox 1594 2922 2790 2990; baseline -0.002 -12"><span class='ocrx_word' id='word_1_433' title='bbox 1594 2923 2009 2978; x_wconf 82' lang='lat' dir='ltr'>OBSERVATIO</span> <span class='ocrx_word' id='word_1_434' title='bbox 2045 2922 2336 2978; x_wconf 84' lang='lat' dir='ltr'>PHILIPPI</span> <span class='ocrx_word' id='word_1_435' title='bbox 2375 2922 2607 2990; x_wconf 82' lang='lat' dir='ltr'>LABBE,</span> <span class='ocrx_word' id='word_1_436' title='bbox 2648 2923 2703 2978; x_wconf 93' lang='lat' dir='ltr'>S.</span> <span class='ocrx_word' id='word_1_437' title='bbox 2743 2923 2790 2978; x_wconf 87' lang='lat' dir='ltr'>J.</span> 
     </span>
    </p>
   </div>
   <div class='ocr_carea' id='block_1_36' title="bbox 603 3005 3795 3082">
    <p class='ocr_par' dir='ltr' id='par_1_36' title="bbox 603 3005 3795 3082">
     <span class='ocr_line' id='line_1_39' title="bbox 603 3005 3795 3082; baseline -0 -20"><span class='ocrx_word' id='word_1_438' title='bbox 603 3008 662 3062; x_wconf 92' lang='lat' dir='ltr'>ln</span> <span class='ocrx_word' id='word_1_439' title='bbox 688 3007 798 3082; x_wconf 73' lang='lat' dir='ltr'>ﬁne</span> <span class='ocrx_word' id='word_1_440' title='bbox 825 3007 959 3082; x_wconf 84' lang='lat' dir='ltr'>God.</span> <span class='ocrx_word' id='word_1_441' title='bbox 997 3025 1102 3082; x_wconf 81' lang='lat' dir='ltr'>ms.</span> <span class='ocrx_word' id='word_1_442' title='bbox 1141 3009 1247 3082; x_wconf 89' lang='lat' dir='ltr'>viri</span> <span class='ocrx_word' id='word_1_443' title='bbox 1263 3009 1568 3082; x_wconf 86' lang='lat' dir='ltr'>clarissimi</span> <span class='ocrx_word' id='word_1_444' title='bbox 1595 3011 1812 3066; x_wconf 89' lang='lat' dir='ltr'>Claudii</span> <span class='ocrx_word' id='word_1_445' title='bbox 1837 3011 2041 3082; x_wconf 86' lang='lat' dir='ltr'>Hardyi</span> <span class='ocrx_word' id='word_1_446' title='bbox 2071 3027 2159 3066; x_wconf 86' lang='lat' dir='ltr'>se-</span> <span class='ocrx_word' id='word_1_447' title='bbox 2261 3010 2496 3066; x_wconf 89' lang='lat' dir='ltr'>stasium</span> <span class='ocrx_word' id='word_1_448' title='bbox 2523 3011 3020 3068; x_wconf 86' lang='lat' dir='ltr'>bibliothecarium</span> <span class='ocrx_word' id='word_1_449' title='bbox 3045 3029 3162 3068; x_wconf 91' lang='lat' dir='ltr'>non</span> <span class='ocrx_word' id='word_1_450' title='bbox 3201 3029 3398 3068; x_wconf 90' lang='lat' dir='ltr'>omnes</span> <span class='ocrx_word' id='word_1_451' title='bbox 3430 3012 3555 3066; x_wconf 86' lang='lat' dir='ltr'>vitas</span> <span class='ocrx_word' id='word_1_452' title='bbox 3585 3005 3795 3078; x_wconf 85' lang='lat' dir='ltr'>scripsisse</span> 
     </span>
    </p>
   </div>
   <div class='ocr_carea' id='block_1_37' title="bbox 527 3078 3795 3156">
    <p class='ocr_par' dir='ltr' id='par_1_37' title="bbox 527 3078 3795 3156">
     <span class='ocr_line' id='line_1_40' title="bbox 527 3078 3795 3156; baseline 0.001 -25"><span class='ocrx_word' id='word_1_453' title='bbox 527 3078 742 3156; x_wconf 74' lang='lat' dir='ltr'>natoris</span> <span class='ocrx_word' id='word_1_454' title='bbox 765 3079 1090 3156; x_wconf 76' lang='lat' dir='ltr'>Parisiensis</span> <span class='ocrx_word' id='word_1_455' title='bbox 1115 3080 1616 3156; x_wconf 22' lang='lat' dir='ltr'>eruditissimiiquo</span> <span class='ocrx_word' id='word_1_456' title='bbox 1645 3083 1918 3136; x_wconf 91' lang='lat' dir='ltr'>hactenus</span> <span class='ocrx_word' id='word_1_457' title='bbox 1947 3078 2032 3136; x_wconf 80' lang='lat' dir='ltr'>usi</span> <span class='ocrx_word' id='word_1_458' title='bbox 2050 3099 2157 3156; x_wconf 87' lang='lat' dir='ltr'>su-</span> <span class='ocrx_word' id='word_1_459' title='bbox 2262 3083 2645 3156; x_wconf 83' lang='lat' dir='ltr'>Romanorum</span> <span class='ocrx_word' id='word_1_460' title='bbox 2683 3083 3041 3156; x_wconf 72' lang='lat' dir='ltr'>pontiﬁcum,</span> <span class='ocrx_word' id='word_1_461' title='bbox 3087 3083 3189 3156; x_wconf 90' lang='lat' dir='ltr'>qui</span> <span class='ocrx_word' id='word_1_462' title='bbox 3218 3101 3252 3138; x_wconf 92' lang='lat' dir='ltr'>a</span> <span class='ocrx_word' id='word_1_463' title='bbox 3292 3083 3659 3156; x_wconf 13' lang='lat' dir='ltr'>Damasiipapa‘.</span> <span class='ocrx_word' id='word_1_464' title='bbox 3682 3082 3795 3156; x_wconf 56' lang='lat' dir='ltr'>aitait)</span> 
     </span>
    </p>
   </div>
   <div class='ocr_carea' id='block_1_38' title="bbox 529 3146 3794 3226">
    <p class='ocr_par' dir='ltr' id='par_1_38' title="bbox 529 3146 3794 3226">
     <span class='ocr_line' id='line_1_41' title="bbox 529 3146 3794 3226; baseline -0.001 -24"><span class='ocrx_word' id='word_1_465' title='bbox 529 3165 663 3226; x_wconf 83' lang='lat' dir='ltr'>mus</span> <span class='ocrx_word' id='word_1_466' title='bbox 682 3149 805 3203; x_wconf 86' lang='lat' dir='ltr'>haec</span> <span class='ocrx_word' id='word_1_467' title='bbox 840 3149 1122 3205; x_wconf 90' lang='lat' dir='ltr'>habentur</span> <span class='ocrx_word' id='word_1_468' title='bbox 1159 3168 1172 3206; x_wconf 92' lang='lat'>:</span> <span class='ocrx_word' id='word_1_469' title='bbox 1213 3153 1262 3208; x_wconf 84' lang='lat' dir='ltr'><strong><em>A</em></strong></span> <span class='ocrx_word' id='word_1_470' title='bbox 1293 3153 1444 3207; x_wconf 84' lang='lat' dir='ltr'>beato</span> <span class='ocrx_word' id='word_1_471' title='bbox 1467 3146 1624 3208; x_wconf 79' lang='lat' dir='ltr'>Pét-ro</span> <span class='ocrx_word' id='word_1_472' title='bbox 1651 3169 1816 3223; x_wconf 81' lang='lat' dir='ltr'>usque</span> <span class='ocrx_word' id='word_1_473' title='bbox 1854 3169 1996 3226; x_wconf 72' lang='lat' dir='ltr'>nunc</span> <span class='ocrx_word' id='word_1_474' title='bbox 2025 3155 2162 3222; x_wconf 78' lang='lat' dir='ltr'>ﬁunt</span> <span class='ocrx_word' id='word_1_475' title='bbox 2203 3223 2232 3226; x_wconf 17' lang='grc' dir='ltr'>ᾧ</span> <span class='ocrx_word' id='word_1_476' title='bbox 2259 3154 2331 3208; x_wconf 91' lang='lat' dir='ltr'>ad</span> <span class='ocrx_word' id='word_1_477' title='bbox 2357 3170 2457 3208; x_wconf 90' lang='lat' dir='ltr'>sua</span> <span class='ocrx_word' id='word_1_478' title='bbox 2481 3146 2742 3226; x_wconf 75' lang='lat' dir='ltr'>tempora</span> <span class='ocrx_word' id='word_1_479' title='bbox 2782 3146 3126 3226; x_wconf 62' lang='lat' dir='ltr'>ﬂoruerunt,</span> <span class='ocrx_word' id='word_1_480' title='bbox 3161 3156 3261 3211; x_wconf 91' lang='lat' dir='ltr'>sed</span> <span class='ocrx_word' id='word_1_481' title='bbox 3287 3172 3354 3210; x_wconf 80' lang='lat' dir='ltr'>ex</span> <span class='ocrx_word' id='word_1_482' title='bbox 3391 3146 3550 3226; x_wconf 70' lang='lat' dir='ltr'>variis</span> <span class='ocrx_word' id='word_1_483' title='bbox 3575 3146 3681 3205; x_wconf 83' lang='lat' dir='ltr'>hinc</span> <span class='ocrx_word' id='word_1_484' title='bbox 3703 3146 3794 3225; x_wconf 75' lang='lat' dir='ltr'>inde</span> 
     </span>
    </p>
   </div>
   <div class='ocr_carea' id='block_1_39' title="bbox 528 3223 3794 3304">
    <p class='ocr_par' dir='ltr' id='par_1_39' title="bbox 528 3223 3794 3304">
     <span class='ocr_line' id='line_1_42' title="bbox 528 3223 3794 3304; baseline 0.001 -30"><span class='ocrx_word' id='word_1_485' title='bbox 528 3223 664 3304; x_wconf 65' lang='lat' dir='ltr'>anni</span> <span class='ocrx_word' id='word_1_486' title='bbox 689 3236 970 3304; x_wconf 62' lang='lat' dir='ltr'>cccciiiiv,</span> <span class='ocrx_word' id='word_1_487' title='bbox 993 3227 1268 3304; x_wconf 50' lang='lat' dir='ltr'>et-pzenses</span> <span class='ocrx_word' id='word_1_488' title='bbox 1287 3239 1362 3286; x_wconf 77' lang='lat' dir='ltr'>vr,</span> <span class='ocrx_word' id='word_1_489' title='bbox 1378 3227 1612 3304; x_wconf 42' lang='lat' dir='ltr'>acceptis</span> <span class='ocrx_word' id='word_1_490' title='bbox 1632 3225 1933 3304; x_wconf 58' lang='lat' dir='ltr'>intervallis</span> <span class='ocrx_word' id='word_1_491' title='bbox 1959 3228 2160 3304; x_wconf 81' lang='lat' dir='ltr'>episco-</span> <span class='ocrx_word' id='word_1_492' title='bbox 2183 3223 2238 3298; x_wconf 69' lang='grc' dir='ltr'>Ο</span> <span class='ocrx_word' id='word_1_493' title='bbox 2263 3223 2685 3304; x_wconf 62' lang='lat' dir='ltr'>coagmentasse</span> <span class='ocrx_word' id='word_1_494' title='bbox 2703 3225 3027 3304; x_wconf 73' lang='lat' dir='ltr'>universam</span> <span class='ocrx_word' id='word_1_495' title='bbox 3053 3227 3232 3298; x_wconf 88' lang='lat' dir='ltr'>illam,</span> <span class='ocrx_word' id='word_1_496' title='bbox 3255 3243 3382 3300; x_wconf 60' lang='lat' dir='ltr'>qua</span> <span class='ocrx_word' id='word_1_497' title='bbox 3397 3226 3494 3282; x_wconf 87' lang='lat' dir='ltr'>sub</span> <span class='ocrx_word' id='word_1_498' title='bbox 3511 3224 3616 3295; x_wconf 89' lang='lat' dir='ltr'>ejus</span> <span class='ocrx_word' id='word_1_499' title='bbox 3630 3223 3794 3276; x_wconf 73' lang='lat' dir='ltr'>nomine</span> 
     </span>
    </p>
   </div>
   <div class='ocr_carea' id='block_1_40' title="bbox 523 3293 2950 3368">
    <p class='ocr_par' dir='ltr' id='par_1_40' title="bbox 523 3293 2950 3368">
     <span class='ocr_line' id='line_1_43' title="bbox 523 3293 2950 3368; baseline 0.002 -22"><span class='ocrx_word' id='word_1_500' title='bbox 523 3297 772 3361; x_wconf 83' lang='lat' dir='ltr'>patuum.</span> <span class='ocrx_word' id='word_1_501' title='bbox 817 3295 983 3348; x_wconf 87' lang='lat' dir='ltr'>Finis.</span> <span class='ocrx_word' id='word_1_502' title='bbox 1035 3293 1191 3348; x_wconf 90' lang='lat' dir='ltr'>Unde</span> <span class='ocrx_word' id='word_1_503' title='bbox 1237 3293 1691 3350; x_wconf 87' lang='lat' dir='ltr'>manifestissime</span> <span class='ocrx_word' id='word_1_504' title='bbox 1731 3293 2002 3368; x_wconf 76' lang='lat' dir='ltr'>arguitur</span> <span class='ocrx_word' id='word_1_505' title='bbox 2023 3300 2167 3351; x_wconf 85' lang='lat' dir='ltr'>Ana-</span> <span class='ocrx_word' id='word_1_506' title='bbox 2200 3293 2237 3298; x_wconf 36' lang='grc' dir='ltr'><em>Ϋ</em></span> <span class='ocrx_word' id='word_1_507' title='bbox 2263 3293 2521 3368; x_wconf 76' lang='lat' dir='ltr'>apparet,</span> <span class='ocrx_word' id='word_1_508' title='bbox 2549 3293 2950 3352; x_wconf 84' lang='lat' dir='ltr'>collectionem.</span> 
     </span>
    </p>
   </div>
   <div class='ocr_carea' id='block_1_41' title="bbox 1388 3584 3007 3749">
    <p class='ocr_par' dir='ltr' id='par_1_41' title="bbox 1388 3584 3007 3749">
     <span class='ocr_line' id='line_1_44' title="bbox 1388 3584 3007 3749; baseline 0.001 -35"><span class='ocrx_word' id='word_1_509' title='bbox 1388 3585 2101 3749; x_wconf 85' lang='lat' dir='ltr'>PELAGII</span> <span class='ocrx_word' id='word_1_510' title='bbox 2238 3584 2740 3716; x_wconf 57' lang='grc' dir='ltr'>ΡΑΡίἘ</span> <span class='ocrx_word' id='word_1_511' title='bbox 2878 3591 3007 3716; x_wconf 94' lang='lat' dir='ltr'>II</span> 
     </span>
    </p>
   </div>
   <div class='ocr_carea' id='block_1_42' title="bbox 1073 3809 3353 3980">
    <p class='ocr_par' dir='ltr' id='par_1_42' title="bbox 1073 3809 3353 3980">
     <span class='ocr_line' id='line_1_45' title="bbox 1073 3809 3353 3980; baseline 0.001 -52"><span class='ocrx_word' id='word_1_512' title='bbox 1073 3809 2002 3980; x_wconf 62' lang='lat' dir='ltr'>sermonm</span> <span class='ocrx_word' id='word_1_513' title='bbox 2110 3810 2350 3931; x_wconf 73' lang='lat'>1:1-</span> <span class='ocrx_word' id='word_1_514' title='bbox 2449 3809 3353 3932; x_wconf 69' lang='lat' dir='ltr'>mann-ra.</span> 
     </span>
    </p>
   </div>
   <div class='ocr_carea' id='block_1_43' title="bbox 2871 4019 2888 4036">
    <p class='ocr_par' dir='ltr' id='par_1_43' title="bbox 2871 4019 2888 4036">
     <span class='ocr_line' id='line_1_46' title="bbox 2871 4019 2888 4036; baseline 0 0"><span class='ocrx_word' id='word_1_515' title='bbox 2871 4019 2888 4036; x_wconf 72' lang='grc' dir='ltr'><strong><em>Ι</em></strong></span> 
     </span>
    </p>
   </div>
   <div class='ocr_carea' id='block_1_44' title="bbox 1978 4003 2424 4018">
    <p class='ocr_par' dir='ltr' id='par_1_44' title="bbox 1978 4003 2424 4018">
     <span class='ocr_line' id='line_1_47' title="bbox 1978 4003 2424 4018; baseline -0.007 -1"><span class='ocrx_word' id='word_1_516' title='bbox 1978 4003 2424 4018; x_wconf 45' lang='grc' dir='ltr'>Ψ</span> 
     </span>
    </p>
   </div>
   <div class='ocr_carea' id='block_1_45' title="bbox 880 4076 3794 4169">
    <p class='ocr_par' dir='ltr' id='par_1_45' title="bbox 880 4076 3794 4169">
     <span class='ocr_line' id='line_1_48' title="bbox 880 4076 3794 4169; baseline -0.005 -21"><span class='ocrx_word' id='word_1_517' title='bbox 880 4094 1203 4151; x_wconf 77' lang='lat' dir='ltr'>EPISTULA</span> <span class='ocrx_word' id='word_1_518' title='bbox 1239 4096 1450 4153; x_wconf 81' lang='lat' dir='ltr'>PRIMA</span> <span class='ocrx_word' id='word_1_519' title='bbox 1494 4096 1653 4169; x_wconf 89' lang='lat' dir='ltr'>[Olim</span> <span class='ocrx_word' id='word_1_520' title='bbox 1681 4096 1802 4169; x_wconf 73' lang='grc' dir='ltr'>ΗΠ,</span> <span class='ocrx_word' id='word_1_521' title='bbox 2258 4094 2596 4150; x_wconf 82' lang='lat' dir='ltr'>Praedictum</span> <span class='ocrx_word' id='word_1_522' title='bbox 2647 4098 2839 4150; x_wconf 90' lang='lat' dir='ltr'>autem</span> <span class='ocrx_word' id='word_1_523' title='bbox 2888 4094 3122 4150; x_wconf 87' lang='lat' dir='ltr'>fratrem</span> <span class='ocrx_word' id='word_1_524' title='bbox 3176 4092 3550 4150; x_wconf 84' lang='lat' dir='ltr'>Sebastianum</span> <span class='ocrx_word' id='word_1_525' title='bbox 3583 4076 3794 4158; x_wconf 83' lang='lat' dir='ltr'>quomodo</span> 
     </span>
    </p>
   </div>
   <div class='ocr_carea' id='block_1_46' title="bbox 974 4175 3792 4262">
    <p class='ocr_par' dir='ltr' id='par_1_46' title="bbox 974 4175 3792 4262">
     <span class='ocr_line' id='line_1_49' title="bbox 974 4175 3792 4262; baseline -0.001 -18"><span class='ocrx_word' id='word_1_526' title='bbox 974 4213 1044 4252; x_wconf 63' lang='lat' dir='ltr'>AD</span> <span class='ocrx_word' id='word_1_527' title='bbox 1077 4213 1389 4256; x_wconf 70' lang='grc' dir='ltr'>οιιιςοοιυωί</span> <span class='ocrx_word' id='word_1_528' title='bbox 1427 4215 1706 4256; x_wconf 58' lang='lat' dir='ltr'>numnum</span> <span class='ocrx_word' id='word_1_529' title='bbox 2257 4188 2689 4261; x_wconf 90' lang='lat' dir='ltr'>susceperimus,</span> <span class='ocrx_word' id='word_1_530' title='bbox 2720 4189 2808 4244; x_wconf 86' lang='lat' dir='ltr'>vel</span> <span class='ocrx_word' id='word_1_531' title='bbox 2833 4187 2890 4244; x_wconf 93' lang='lat' dir='ltr'>in</span> <span class='ocrx_word' id='word_1_532' title='bbox 2927 4188 3085 4260; x_wconf 89' lang='lat' dir='ltr'>quali</span> <span class='ocrx_word' id='word_1_533' title='bbox 3108 4188 3264 4262; x_wconf 89' lang='lat' dir='ltr'>apud</span> <span class='ocrx_word' id='word_1_534' title='bbox 3289 4203 3411 4254; x_wconf 90' lang='lat' dir='ltr'>nos,</span> <span class='ocrx_word' id='word_1_535' title='bbox 3437 4189 3490 4240; x_wconf 86' lang='lat' dir='ltr'>te</span> <span class='ocrx_word' id='word_1_536' title='bbox 3515 4175 3792 4251; x_wconf 47' lang='lat' dir='ltr'>suggerent”:</span> 
     </span>
    </p>
   </div>
   <div class='ocr_carea' id='block_1_47' title="bbox 568 4279 3791 4374">
    <p class='ocr_par' dir='ltr' id='par_1_47' title="bbox 568 4279 3791 4374">
     <span class='ocr_line' id='line_1_50' title="bbox 568 4279 3791 4374; baseline 0.004 -18"><span class='ocrx_word' id='word_1_537' title='bbox 568 4303 635 4356; x_wconf 88' lang='lat' dir='ltr'>Ut</span> <span class='ocrx_word' id='word_1_538' title='bbox 658 4303 728 4357; x_wconf 88' lang='lat' dir='ltr'>ab</span> <span class='ocrx_word' id='word_1_539' title='bbox 752 4305 1078 4374; x_wconf 80' lang='lat' dir='ltr'>imperatore</span> <span class='ocrx_word' id='word_1_540' title='bbox 1105 4306 1375 4360; x_wconf 64' lang='lat' dir='ltr'>auxilium</span> <span class='ocrx_word' id='word_1_541' title='bbox 1399 4311 1585 4362; x_wconf 86' lang='lat' dir='ltr'>contra</span> <span class='ocrx_word' id='word_1_542' title='bbox 1608 4305 1992 4374; x_wconf 83' lang='lat' dir='ltr'>Langobardos</span> <span class='ocrx_word' id='word_1_543' title='bbox 2019 4307 2124 4362; x_wconf 84' lang='lat' dir='ltr'>sibi</span> <span class='ocrx_word' id='word_1_544' title='bbox 2255 4282 2430 4338; x_wconf 63' lang='lat' dir='ltr'>fuerit</span> <span class='ocrx_word' id='word_1_545' title='bbox 2452 4282 2744 4351; x_wconf 47' lang='lat' dir='ltr'>Charm“,</span> <span class='ocrx_word' id='word_1_546' title='bbox 2772 4281 2946 4354; x_wconf 69' lang='grc' dir='ltr'>ίΡδίυδ</span> <span class='ocrx_word' id='word_1_547' title='bbox 2971 4282 3186 4354; x_wconf 62' lang='lat' dir='ltr'>Poteris</span> <span class='ocrx_word' id='word_1_548' title='bbox 3215 4281 3479 4374; x_wconf 41' lang='lat' dir='ltr'>relatione</span> <span class='ocrx_word' id='word_1_549' title='bbox 3500 4279 3791 4374; x_wconf 45' lang='lat'>“09°59”?</span> 
     </span>
    </p>
   </div>
   <div class='ocr_carea' id='block_1_48' title="bbox 1211 4355 3792 4448">
    <p class='ocr_par' dir='ltr' id='par_1_48' title="bbox 1211 4355 3792 4448">
     <span class='ocr_line' id='line_1_51' title="bbox 1211 4355 3792 4448; baseline 0.002 -22"><span class='ocrx_word' id='word_1_550' title='bbox 1211 4355 1583 4448; x_wconf 26' lang='lat' dir='ltr'>algam?“</span> <span class='ocrx_word' id='word_1_551' title='bbox 1608 4355 1879 4374; x_wconf 42' lang='lat' dir='ltr'>ﬂuam&quot;</span> <span class='ocrx_word' id='word_1_552' title='bbox 1900 4355 1988 4362; x_wconf 32' lang='lat' dir='ltr'>ﬁ&quot;</span> <span class='ocrx_word' id='word_1_553' title='bbox 2019 4355 2121 4362; x_wconf 29' lang='lat' dir='ltr'>mw</span> <span class='ocrx_word' id='word_1_554' title='bbox 2256 4375 2356 4448; x_wconf 93' lang='lat' dir='ltr'>qui</span> <span class='ocrx_word' id='word_1_555' title='bbox 2397 4375 2569 4430; x_wconf 91' lang='lat' dir='ltr'>etiam</span> <span class='ocrx_word' id='word_1_556' title='bbox 2608 4375 2869 4448; x_wconf 89' lang='lat' dir='ltr'>promisit</span> <span class='ocrx_word' id='word_1_557' title='bbox 2907 4375 3069 4430; x_wconf 90' lang='lat' dir='ltr'>nobis</span> <span class='ocrx_word' id='word_1_558' title='bbox 3105 4373 3467 4430; x_wconf 75' lang='lat' dir='ltr'>necessitates</span> <span class='ocrx_word' id='word_1_559' title='bbox 3504 4366 3582 4422; x_wconf 64' lang='lat' dir='ltr'>vel</span> <span class='ocrx_word' id='word_1_560' title='bbox 3614 4355 3792 4436; x_wconf 62' lang='grc' dir='ltr'>Ρετίωιδ</span> 
     </span>
    </p>
   </div>
   <div class='ocr_carea' id='block_1_49' title="bbox 595 4463 3790 4575">
    <p class='ocr_par' dir='ltr' id='par_1_49' title="bbox 595 4463 3790 4575">
     <span class='ocr_line' id='line_1_52' title="bbox 595 4463 3790 4575; baseline 0 -54"><span class='ocrx_word' id='word_1_561' title='bbox 595 4467 855 4575; x_wconf 68' lang='lat' dir='ltr'>Pelagius</span> <span class='ocrx_word' id='word_1_562' title='bbox 878 4469 1171 4575; x_wconf 70' lang='lat' dir='ltr'>episcopus</span> <span class='ocrx_word' id='word_1_563' title='bbox 1193 4470 1396 4526; x_wconf 91' lang='lat' dir='ltr'>dilecto</span> <span class='ocrx_word' id='word_1_564' title='bbox 1423 4471 1540 4575; x_wconf 76' lang='lat' dir='ltr'>ﬁlio</span> <span class='ocrx_word' id='word_1_565' title='bbox 1565 4471 1834 4575; x_wconf 69' lang='lat' dir='ltr'>Cregorio</span> <span class='ocrx_word' id='word_1_566' title='bbox 1865 4471 2116 4527; x_wconf 90' lang='lat' dir='ltr'>diacono.</span> <span class='ocrx_word' id='word_1_567' title='bbox 2173 4502 2233 4575; x_wconf 84' lang='lat' dir='ltr'><strong>D</strong></span> <span class='ocrx_word' id='word_1_568' title='bbox 2254 4469 2427 4575; x_wconf 65' lang='lat' dir='ltr'>iotius</span> <span class='ocrx_word' id='word_1_569' title='bbox 2457 4469 2624 4572; x_wconf 64' lang='lat' dir='ltr'>Italia:</span> <span class='ocrx_word' id='word_1_570' title='bbox 2648 4468 2905 4541; x_wconf 89' lang='lat' dir='ltr'>piissimo</span> <span class='ocrx_word' id='word_1_571' title='bbox 2931 4468 3162 4524; x_wconf 89' lang='lat' dir='ltr'>domino</span> <span class='ocrx_word' id='word_1_572' title='bbox 3207 4463 3526 4572; x_wconf 78' lang='lat' dir='ltr'>imperatori</span> <span class='ocrx_word' id='word_1_573' title='bbox 3547 4464 3790 4575; x_wconf 42' lang='lat'>52858::</span> 
     </span>
    </p>
   </div>
   <div class='ocr_carea' id='block_1_50' title="bbox 595 4548 3792 4640">
    <p class='ocr_par' dir='ltr' id='par_1_50' title="bbox 595 4548 3792 4640">
     <span class='ocr_line' id='line_1_53' title="bbox 595 4548 3792 4640; baseline -0.004 -26"><span class='ocrx_word' id='word_1_574' title='bbox 595 4560 797 4615; x_wconf 88' lang='lat' dir='ltr'>Omnia</span> <span class='ocrx_word' id='word_1_575' title='bbox 822 4561 1054 4633; x_wconf 89' lang='lat' dir='ltr'>quidem</span> <span class='ocrx_word' id='word_1_576' title='bbox 1078 4579 1208 4634; x_wconf 64' lang='lat' dir='ltr'>quas</span> <span class='ocrx_word' id='word_1_577' title='bbox 1237 4565 1552 4620; x_wconf 89' lang='lat' dir='ltr'>necessaria</span> <span class='ocrx_word' id='word_1_578' title='bbox 1571 4565 1823 4636; x_wconf 89' lang='lat' dir='ltr'>fuerunt,</span> <span class='ocrx_word' id='word_1_579' title='bbox 1839 4580 1940 4637; x_wconf 92' lang='lat' dir='ltr'>per</span> <span class='ocrx_word' id='word_1_580' title='bbox 1965 4566 2152 4620; x_wconf 88' lang='lat' dir='ltr'>Hono-</span> <span class='ocrx_word' id='word_1_581' title='bbox 2173 4548 2232 4575; x_wconf 73' lang='grc' dir='ltr'><em>υ</em></span> <span class='ocrx_word' id='word_1_582' title='bbox 2254 4561 2576 4636; x_wconf 90' lang='lat' dir='ltr'>Loquimini</span> <span class='ocrx_word' id='word_1_583' title='bbox 2596 4578 2752 4634; x_wconf 88' lang='lat' dir='ltr'>ergo,</span> <span class='ocrx_word' id='word_1_584' title='bbox 2782 4567 2838 4618; x_wconf 91' lang='lat' dir='ltr'>et</span> <span class='ocrx_word' id='word_1_585' title='bbox 2862 4566 3098 4618; x_wconf 80' lang='lat' dir='ltr'>tractata</span> <span class='ocrx_word' id='word_1_586' title='bbox 3121 4561 3356 4634; x_wconf 86' lang='lat' dir='ltr'>pariter,</span> <span class='ocrx_word' id='word_1_587' title='bbox 3385 4551 3638 4631; x_wconf 89' lang='lat' dir='ltr'>quomodo</span> <span class='ocrx_word' id='word_1_588' title='bbox 3651 4548 3792 4640; x_wconf 56' lang='lat' dir='ltr'>nostris</span> 
     </span>
    </p>
   </div>
   <div class='ocr_carea' id='block_1_51' title="bbox 524 4636 3791 4738">
    <p class='ocr_par' dir='ltr' id='par_1_51' title="bbox 524 4636 3791 4738">
     <span class='ocr_line' id='line_1_54' title="bbox 524 4636 3791 4738; baseline 0.005 -31"><span class='ocrx_word' id='word_1_589' title='bbox 524 4657 711 4708; x_wconf 90' lang='lat' dir='ltr'>ratum</span> <span class='ocrx_word' id='word_1_590' title='bbox 729 4655 1014 4710; x_wconf 82' lang='lat' dir='ltr'>notarium</span> <span class='ocrx_word' id='word_1_591' title='bbox 1041 4656 1143 4711; x_wconf 89' lang='lat' dir='ltr'>tibi</span> <span class='ocrx_word' id='word_1_592' title='bbox 1169 4647 1491 4713; x_wconf 70' lang='lat' dir='ltr'>curavimus</span> <span class='ocrx_word' id='word_1_593' title='bbox 1511 4659 1794 4729; x_wconf 85' lang='lat' dir='ltr'>indicare;</span> <span class='ocrx_word' id='word_1_594' title='bbox 1825 4674 2001 4730; x_wconf 89' lang='lat' dir='ltr'>quem</span> <span class='ocrx_word' id='word_1_595' title='bbox 2023 4673 2156 4714; x_wconf 91' lang='lat' dir='ltr'>cum</span> <span class='ocrx_word' id='word_1_596' title='bbox 2254 4655 2479 4730; x_wconf 90' lang='lat' dir='ltr'>possitis</span> <span class='ocrx_word' id='word_1_597' title='bbox 2507 4655 2765 4712; x_wconf 90' lang='lat' dir='ltr'>celeriter</span> <span class='ocrx_word' id='word_1_598' title='bbox 2808 4656 3108 4712; x_wconf 89' lang='lat' dir='ltr'>subvenire</span> <span class='ocrx_word' id='word_1_599' title='bbox 3146 4653 3415 4728; x_wconf 75' lang='lat' dir='ltr'>periculis</span> <span class='ocrx_word' id='word_1_600' title='bbox 3455 4669 3468 4706; x_wconf 75' lang='grc' dir='ltr'><em>τ</em></span> <span class='ocrx_word' id='word_1_601' title='bbox 3513 4647 3626 4720; x_wconf 63' lang='lat' dir='ltr'>quia</span> <span class='ocrx_word' id='word_1_602' title='bbox 3647 4636 3791 4738; x_wconf 30' lang='lat' dir='ltr'>moll,”</span> 
     </span>
    </p>
   </div>
   <div class='ocr_carea' id='block_1_52' title="bbox 520 4734 3792 4828">
    <p class='ocr_par' dir='ltr' id='par_1_52' title="bbox 520 4734 3792 4828">
     <span class='ocr_line' id='line_1_55' title="bbox 520 4734 3792 4828; baseline -0.003 -27"><span class='ocrx_word' id='word_1_603' title='bbox 520 4746 692 4802; x_wconf 87' lang='lat' dir='ltr'>fratre</span> <span class='ocrx_word' id='word_1_604' title='bbox 721 4789 736 4817; x_wconf 94' lang='lat'>,</span> <span class='ocrx_word' id='word_1_605' title='bbox 805 4752 863 4804; x_wconf 90' lang='lat' dir='ltr'>et</span> <span class='ocrx_word' id='word_1_606' title='bbox 910 4749 1240 4822; x_wconf 89' lang='lat' dir='ltr'>coepiscopo</span> <span class='ocrx_word' id='word_1_607' title='bbox 1289 4753 1614 4808; x_wconf 89' lang='lat' dir='ltr'>Sebastiano</span> <span class='ocrx_word' id='word_1_608' title='bbox 1669 4752 1740 4808; x_wconf 91' lang='lat' dir='ltr'>ad</span> <span class='ocrx_word' id='word_1_609' title='bbox 1799 4751 2155 4808; x_wconf 92' lang='lat' dir='ltr'>dilectionem</span> <span class='ocrx_word' id='word_1_610' title='bbox 2253 4751 2622 4821; x_wconf 83' lang='lat' dir='ltr'>coangustata</span> <span class='ocrx_word' id='word_1_611' title='bbox 2645 4753 2729 4804; x_wconf 88' lang='lat' dir='ltr'>est</span> <span class='ocrx_word' id='word_1_612' title='bbox 2751 4749 3096 4821; x_wconf 90' lang='lat' dir='ltr'>respublica,</span> <span class='ocrx_word' id='word_1_613' title='bbox 3131 4755 3197 4805; x_wconf 92' lang='lat' dir='ltr'>ut</span> <span class='ocrx_word' id='word_1_614' title='bbox 3231 4747 3344 4804; x_wconf 90' lang='lat' dir='ltr'>nisi</span> <span class='ocrx_word' id='word_1_615' title='bbox 3382 4747 3516 4800; x_wconf 90' lang='lat' dir='ltr'>Deus</span> <span class='ocrx_word' id='word_1_616' title='bbox 3545 4734 3792 4828; x_wconf 53' lang='lat' dir='ltr'>piissinilil</span> 
     </span>
    </p>
   </div>
   <div class='ocr_carea' id='block_1_53' title="bbox 521 4827 3792 4918">
    <p class='ocr_par' dir='ltr' id='par_1_53' title="bbox 521 4827 3792 4918">
     <span class='ocr_line' id='line_1_56' title="bbox 521 4827 3792 4918; baseline -0.005 -22"><span class='ocrx_word' id='word_1_617' title='bbox 521 4845 677 4896; x_wconf 91' lang='lat' dir='ltr'>tuam</span> <span class='ocrx_word' id='word_1_618' title='bbox 704 4841 1038 4913; x_wconf 82' lang='lat' dir='ltr'>direximus,</span> <span class='ocrx_word' id='word_1_619' title='bbox 1070 4847 1135 4898; x_wconf 93' lang='lat' dir='ltr'>ut</span> <span class='ocrx_word' id='word_1_620' title='bbox 1160 4845 1295 4917; x_wconf 91' lang='lat' dir='ltr'>quia</span> <span class='ocrx_word' id='word_1_621' title='bbox 1319 4845 1428 4900; x_wconf 90' lang='lat' dir='ltr'>illis</span> <span class='ocrx_word' id='word_1_622' title='bbox 1457 4846 1518 4901; x_wconf 91' lang='lat' dir='ltr'>in</span> <span class='ocrx_word' id='word_1_623' title='bbox 1543 4845 1796 4918; x_wconf 88' lang='lat' dir='ltr'>partibus</span> <span class='ocrx_word' id='word_1_624' title='bbox 1837 4847 1909 4901; x_wconf 88' lang='lat' dir='ltr'>ad</span> <span class='ocrx_word' id='word_1_625' title='bbox 1933 4847 2152 4902; x_wconf 85' lang='lat' dir='ltr'>Raven-</span> <span class='ocrx_word' id='word_1_626' title='bbox 2253 4843 2421 4898; x_wconf 90' lang='lat' dir='ltr'>corde</span> <span class='ocrx_word' id='word_1_627' title='bbox 2463 4842 2738 4915; x_wconf 89' lang='lat' dir='ltr'>principis</span> <span class='ocrx_word' id='word_1_628' title='bbox 2763 4842 3142 4915; x_wconf 89' lang='lat' dir='ltr'>inspiraverit,</span> <span class='ocrx_word' id='word_1_629' title='bbox 3184 4847 3250 4898; x_wconf 90' lang='lat' dir='ltr'>ut</span> <span class='ocrx_word' id='word_1_630' title='bbox 3287 4839 3508 4897; x_wconf 89' lang='lat' dir='ltr'>insitam</span> <span class='ocrx_word' id='word_1_631' title='bbox 3529 4832 3619 4889; x_wconf 89' lang='lat' dir='ltr'>sibi</span> <span class='ocrx_word' id='word_1_632' title='bbox 3638 4827 3792 4882; x_wconf 69' lang='lat' dir='ltr'>miseri-</span> 
     </span>
    </p>
   </div>
   <div class='ocr_carea' id='block_1_54' title="bbox 520 4917 3793 5011">
    <p class='ocr_par' dir='ltr' id='par_1_54' title="bbox 520 4917 3793 5011">
     <span class='ocr_line' id='line_1_57' title="bbox 520 4917 3793 5011; baseline -0.002 -22"><span class='ocrx_word' id='word_1_633' title='bbox 520 4951 657 4990; x_wconf 90' lang='lat' dir='ltr'>nam</span> <span class='ocrx_word' id='word_1_634' title='bbox 684 4952 865 5008; x_wconf 89' lang='lat' dir='ltr'>usque</span> <span class='ocrx_word' id='word_1_635' title='bbox 891 4953 1046 4992; x_wconf 88' lang='lat' dir='ltr'>nunc</span> <span class='ocrx_word' id='word_1_636' title='bbox 1088 4955 1220 4994; x_wconf 91' lang='lat' dir='ltr'>cum</span> <span class='ocrx_word' id='word_1_637' title='bbox 1262 4939 1380 4993; x_wconf 91' lang='lat' dir='ltr'>viro</span> <span class='ocrx_word' id='word_1_638' title='bbox 1431 4939 1673 5011; x_wconf 88' lang='lat' dir='ltr'>glorioso</span> <span class='ocrx_word' id='word_1_639' title='bbox 1716 4939 1945 4995; x_wconf 91' lang='lat' dir='ltr'>domino</span> <span class='ocrx_word' id='word_1_640' title='bbox 1990 4940 2154 4996; x_wconf 88' lang='lat' dir='ltr'>Decio</span> <span class='ocrx_word' id='word_1_641' title='bbox 2253 4936 2501 4992; x_wconf 88' lang='lat' dir='ltr'>cordiam</span> <span class='ocrx_word' id='word_1_642' title='bbox 2529 4935 2646 4991; x_wconf 89' lang='lat' dir='ltr'>suis</span> <span class='ocrx_word' id='word_1_643' title='bbox 2672 4936 2902 4992; x_wconf 90' lang='lat' dir='ltr'>famulis</span> <span class='ocrx_word' id='word_1_644' title='bbox 2924 4937 3220 5008; x_wconf 83' lang='lat' dir='ltr'>largiatur,</span> <span class='ocrx_word' id='word_1_645' title='bbox 3243 4940 3301 4991; x_wconf 85' lang='lat' dir='ltr'>et</span> <span class='ocrx_word' id='word_1_646' title='bbox 3321 4947 3488 5006; x_wconf 82' lang='lat' dir='ltr'>snper</span> <span class='ocrx_word' id='word_1_647' title='bbox 3519 4927 3651 4984; x_wconf 82' lang='lat' dir='ltr'>illam</span> <span class='ocrx_word' id='word_1_648' title='bbox 3669 4917 3793 5011; x_wconf 49' lang='lat' dir='ltr'>dia?“</span> 
     </span>
    </p>
   </div>
   <div class='ocr_carea' id='block_1_55' title="bbox 520 5007 3795 5104">
    <p class='ocr_par' dir='ltr' id='par_1_55' title="bbox 520 5007 3795 5104">
     <span class='ocr_line' id='line_1_58' title="bbox 520 5007 3795 5104; baseline -0.002 -22"><span class='ocrx_word' id='word_1_649' title='bbox 520 5007 914 5100; x_wconf 85' lang='lat' dir='ltr'>Patriciofuit,</span> <span class='ocrx_word' id='word_1_650' title='bbox 941 5031 1062 5103; x_wconf 91' lang='lat' dir='ltr'>ipse</span> <span class='ocrx_word' id='word_1_651' title='bbox 1105 5049 1206 5086; x_wconf 91' lang='lat' dir='ltr'>sua</span> <span class='ocrx_word' id='word_1_652' title='bbox 1253 5007 1525 5088; x_wconf 73' lang='lat' dir='ltr'>relatione</span> <span class='ocrx_word' id='word_1_653' title='bbox 1551 5037 1607 5088; x_wconf 88' lang='lat' dir='ltr'>te</span> <span class='ocrx_word' id='word_1_654' title='bbox 1633 5033 1702 5088; x_wconf 92' lang='lat' dir='ltr'>de</span> <span class='ocrx_word' id='word_1_655' title='bbox 1737 5033 2000 5089; x_wconf 90' lang='lat' dir='ltr'>omnibus</span> <span class='ocrx_word' id='word_1_656' title='bbox 2043 5039 2155 5090; x_wconf 92' lang='lat' dir='ltr'>stu-</span> <span class='ocrx_word' id='word_1_657' title='bbox 2252 5029 2437 5102; x_wconf 85' lang='lat' dir='ltr'>posin,</span> <span class='ocrx_word' id='word_1_658' title='bbox 2465 5029 2553 5084; x_wconf 80' lang='lat' dir='ltr'>vel</span> <span class='ocrx_word' id='word_1_659' title='bbox 2577 5045 2760 5085; x_wconf 90' lang='lat' dir='ltr'>unum</span> <span class='ocrx_word' id='word_1_660' title='bbox 2784 5007 3123 5102; x_wconf 78' lang='lat' dir='ltr'>magistrum</span> <span class='ocrx_word' id='word_1_661' title='bbox 3146 5028 3401 5084; x_wconf 86' lang='lat' dir='ltr'>militum</span> <span class='ocrx_word' id='word_1_662' title='bbox 3425 5067 3439 5095; x_wconf 93' lang='lat'>,</span> <span class='ocrx_word' id='word_1_663' title='bbox 3479 5027 3532 5077; x_wconf 92' lang='lat' dir='ltr'>et</span> <span class='ocrx_word' id='word_1_664' title='bbox 3561 5027 3702 5074; x_wconf 81' lang='lat' dir='ltr'>unum</span> <span class='ocrx_word' id='word_1_665' title='bbox 3727 5007 3795 5104; x_wconf 60' lang='lat' dir='ltr'>d‘l&#39;</span> 
     </span>
    </p>
   </div>
   <div class='ocr_carea' id='block_1_56' title="bbox 519 5103 3795 5200">
    <p class='ocr_par' dir='ltr' id='par_1_56' title="bbox 519 5103 3795 5200">
     <span class='ocr_line' id='line_1_59' title="bbox 519 5103 3795 5200; baseline 0.001 -25"><span class='ocrx_word' id='word_1_666' title='bbox 519 5121 649 5177; x_wconf 89' lang='lat' dir='ltr'>deat</span> <span class='ocrx_word' id='word_1_667' title='bbox 674 5123 1022 5181; x_wconf 89' lang='lat' dir='ltr'>informare:</span> <span class='ocrx_word' id='word_1_668' title='bbox 1067 5125 1157 5182; x_wconf 91' lang='lat' dir='ltr'>vel</span> <span class='ocrx_word' id='word_1_669' title='bbox 1201 5125 1248 5180; x_wconf 90' lang='lat' dir='ltr'>si</span> <span class='ocrx_word' id='word_1_670' title='bbox 1288 5142 1402 5198; x_wconf 90' lang='lat' dir='ltr'>qua</span> <span class='ocrx_word' id='word_1_671' title='bbox 1438 5126 1754 5182; x_wconf 90' lang='lat' dir='ltr'>necessaria</span> <span class='ocrx_word' id='word_1_672' title='bbox 1788 5127 2150 5198; x_wconf 88' lang='lat' dir='ltr'>judicaveris,</span> <span class='ocrx_word' id='word_1_673' title='bbox 2252 5139 2378 5179; x_wconf 91' lang='lat' dir='ltr'>cem</span> <span class='ocrx_word' id='word_1_674' title='bbox 2423 5123 2693 5194; x_wconf 90' lang='lat' dir='ltr'>dignetur</span> <span class='ocrx_word' id='word_1_675' title='bbox 2739 5123 3069 5194; x_wconf 91' lang='lat' dir='ltr'>concedere,</span> <span class='ocrx_word' id='word_1_676' title='bbox 3102 5124 3161 5178; x_wconf 89' lang='lat' dir='ltr'>in</span> <span class='ocrx_word' id='word_1_677' title='bbox 3203 5121 3364 5178; x_wconf 90' lang='lat' dir='ltr'>omni</span> <span class='ocrx_word' id='word_1_678' title='bbox 3391 5130 3572 5174; x_wconf 84' lang='lat' dir='ltr'>sumus</span> <span class='ocrx_word' id='word_1_679' title='bbox 3605 5103 3795 5200; x_wconf 62' lang='grc' dir='ltr'>διικνευέ</span> 
     </span>
    </p>
   </div>
   <div class='ocr_carea' id='block_1_57' title="bbox 519 5204 3797 5292">
    <p class='ocr_par' dir='ltr' id='par_1_57' title="bbox 519 5204 3797 5292">
     <span class='ocr_line' id='line_1_60' title="bbox 519 5204 3797 5292; baseline 0.001 -23"><span class='ocrx_word' id='word_1_680' title='bbox 519 5215 696 5286; x_wconf 92' lang='lat' dir='ltr'>possis</span> <span class='ocrx_word' id='word_1_681' title='bbox 745 5217 973 5273; x_wconf 90' lang='lat' dir='ltr'>domino</span> <span class='ocrx_word' id='word_1_682' title='bbox 1022 5219 1356 5292; x_wconf 87' lang='lat' dir='ltr'>imperatori</span> <span class='ocrx_word' id='word_1_683' title='bbox 1406 5236 1736 5292; x_wconf 90' lang='lat' dir='ltr'>suggerere.</span> <span class='ocrx_word' id='word_1_684' title='bbox 1791 5221 1934 5286; x_wconf 87' lang='lat' dir='ltr'>Quia</span> <span class='ocrx_word' id='word_1_685' title='bbox 1980 5225 2153 5277; x_wconf 66' lang='lat' dir='ltr'>tanta:</span> <span class='ocrx_word' id='word_1_686' title='bbox 2253 5216 2529 5286; x_wconf 87' lang='lat' dir='ltr'>destituti,</span> <span class='ocrx_word' id='word_1_687' title='bbox 2554 5216 2691 5290; x_wconf 88' lang='lat' dir='ltr'>quia</span> <span class='ocrx_word' id='word_1_688' title='bbox 2719 5217 2970 5272; x_wconf 82' lang='lat' dir='ltr'>maxime</span> <span class='ocrx_word' id='word_1_689' title='bbox 2996 5221 3186 5290; x_wconf 88' lang='lat' dir='ltr'>partes</span> <span class='ocrx_word' id='word_1_690' title='bbox 3211 5218 3480 5272; x_wconf 63' lang='lat' dir='ltr'>Romanae</span> <span class='ocrx_word' id='word_1_691' title='bbox 3505 5204 3638 5264; x_wconf 70' lang='lat' dir='ltr'>omni</span> <span class='ocrx_word' id='word_1_692' title='bbox 3655 5210 3797 5292; x_wconf 36' lang='lat' dir='ltr'>P35&quot;</span> 
     </span>
    </p>
   </div>
   <div class='ocr_carea' id='block_1_58' title="bbox 517 5289 3867 5388">
    <p class='ocr_par' dir='ltr' id='par_1_58' title="bbox 517 5289 3867 5388">
     <span class='ocr_line' id='line_1_61' title="bbox 517 5289 3867 5388; baseline -0.001 -26"><span class='ocrx_word' id='word_1_693' title='bbox 517 5309 862 5366; x_wconf 86' lang='lat' dir='ltr'>calamitates</span> <span class='ocrx_word' id='word_1_694' title='bbox 887 5329 951 5367; x_wconf 92' lang='lat' dir='ltr'>ac</span> <span class='ocrx_word' id='word_1_695' title='bbox 976 5289 1366 5370; x_wconf 78' lang='lat' dir='ltr'>tribulationes</span> <span class='ocrx_word' id='word_1_696' title='bbox 1396 5289 1557 5370; x_wconf 76' lang='lat' dir='ltr'>nobis</span> <span class='ocrx_word' id='word_1_697' title='bbox 1594 5331 1629 5369; x_wconf 91' lang='lat' dir='ltr'>a</span> <span class='ocrx_word' id='word_1_698' title='bbox 1662 5313 1897 5386; x_wconf 84' lang='lat' dir='ltr'>perﬁdia</span> <span class='ocrx_word' id='word_1_699' title='bbox 1939 5315 2154 5387; x_wconf 89' lang='lat' dir='ltr'>Lango-</span> <span class='ocrx_word' id='word_1_700' title='bbox 2251 5310 2344 5366; x_wconf 91' lang='lat' dir='ltr'>dio</span> <span class='ocrx_word' id='word_1_701' title='bbox 2368 5315 2616 5366; x_wconf 80' lang='lat' dir='ltr'>vacuatae</span> <span class='ocrx_word' id='word_1_702' title='bbox 2642 5310 2922 5366; x_wconf 86' lang='lat' dir='ltr'>videntur.</span> <span class='ocrx_word' id='word_1_703' title='bbox 3068 5310 3354 5368; x_wconf 77' lang='lat' dir='ltr'>Exarchus</span> <span class='ocrx_word' id='word_1_704' title='bbox 3397 5302 3598 5370; x_wconf 88' lang='lat' dir='ltr'>scribit,</span> <span class='ocrx_word' id='word_1_705' title='bbox 3633 5289 3797 5388; x_wconf 45' lang='lat' dir='ltr'>nuli“?</span> <span class='ocrx_word' id='word_1_706' title='bbox 3865 5339 3867 5385; x_wconf 46' lang='lat' dir='ltr'>i</span> 
     </span>
    </p>
   </div>
   <div class='ocr_carea' id='block_1_59' title="bbox 516 5379 3796 5480">
    <p class='ocr_par' dir='ltr' id='par_1_59' title="bbox 516 5379 3796 5480">
     <span class='ocr_line' id='line_1_62' title="bbox 516 5379 3796 5480; baseline -0.002 -24"><span class='ocrx_word' id='word_1_707' title='bbox 516 5403 823 5458; x_wconf 85' lang='lat' dir='ltr'>bardorum</span> <span class='ocrx_word' id='word_1_708' title='bbox 847 5405 1022 5462; x_wconf 73' lang='lat' dir='ltr'>illatae</span> <span class='ocrx_word' id='word_1_709' title='bbox 1057 5412 1208 5478; x_wconf 89' lang='lat' dir='ltr'>sunt,</span> <span class='ocrx_word' id='word_1_710' title='bbox 1236 5413 1431 5464; x_wconf 90' lang='lat' dir='ltr'>contra</span> <span class='ocrx_word' id='word_1_711' title='bbox 1455 5424 1624 5464; x_wconf 90' lang='lat' dir='ltr'>suum</span> <span class='ocrx_word' id='word_1_712' title='bbox 1653 5379 1950 5480; x_wconf 78' lang='lat' dir='ltr'>proprium</span> <span class='ocrx_word' id='word_1_713' title='bbox 1970 5379 2153 5479; x_wconf 71' lang='lat' dir='ltr'>jusju-</span> <span class='ocrx_word' id='word_1_714' title='bbox 2249 5405 2416 5460; x_wconf 90' lang='lat' dir='ltr'>nobis</span> <span class='ocrx_word' id='word_1_715' title='bbox 2441 5420 2607 5476; x_wconf 90' lang='lat' dir='ltr'>posse</span> <span class='ocrx_word' id='word_1_716' title='bbox 2634 5404 2952 5460; x_wconf 88' lang='lat' dir='ltr'>remedium</span> <span class='ocrx_word' id='word_1_717' title='bbox 2980 5405 3181 5473; x_wconf 84' lang='lat' dir='ltr'>facere,</span> <span class='ocrx_word' id='word_1_718' title='bbox 3218 5403 3432 5476; x_wconf 90' lang='lat' dir='ltr'>quippe</span> <span class='ocrx_word' id='word_1_719' title='bbox 3459 5396 3548 5472; x_wconf 89' lang='lat' dir='ltr'>qui</span> <span class='ocrx_word' id='word_1_720' title='bbox 3573 5405 3657 5448; x_wconf 83' lang='lat' dir='ltr'>nec</span> <span class='ocrx_word' id='word_1_721' title='bbox 3677 5383 3730 5439; x_wconf 68' lang='lat' dir='ltr'>ad</span> <span class='ocrx_word' id='word_1_722' title='bbox 3750 5379 3796 5432; x_wconf 67' lang='grc' dir='ltr'>Π·</span> 
     </span>
    </p>
   </div>
   <div class='ocr_carea' id='block_1_60' title="bbox 516 5479 3795 5572">
    <p class='ocr_par' dir='ltr' id='par_1_60' title="bbox 516 5479 3795 5572">
     <span class='ocr_line' id='line_1_63' title="bbox 516 5479 3795 5572; baseline -0.002 -20"><span class='ocrx_word' id='word_1_723' title='bbox 516 5497 780 5566; x_wconf 89' lang='lat' dir='ltr'>randum,</span> <span class='ocrx_word' id='word_1_724' title='bbox 816 5503 877 5555; x_wconf 92' lang='lat' dir='ltr'>ut</span> <span class='ocrx_word' id='word_1_725' title='bbox 904 5501 1094 5556; x_wconf 91' lang='lat' dir='ltr'>nullus</span> <span class='ocrx_word' id='word_1_726' title='bbox 1122 5501 1300 5572; x_wconf 89' lang='lat' dir='ltr'>possit</span> <span class='ocrx_word' id='word_1_727' title='bbox 1343 5502 1417 5557; x_wconf 92' lang='lat' dir='ltr'>ad</span> <span class='ocrx_word' id='word_1_728' title='bbox 1467 5479 1830 5558; x_wconf 84' lang='lat' dir='ltr'>referendum</span> <span class='ocrx_word' id='word_1_729' title='bbox 1869 5501 2148 5558; x_wconf 87' lang='lat' dir='ltr'>sufﬁcere.</span> <span class='ocrx_word' id='word_1_730' title='bbox 2249 5499 2330 5554; x_wconf 90' lang='lat' dir='ltr'>las</span> <span class='ocrx_word' id='word_1_731' title='bbox 2359 5502 2549 5571; x_wconf 80' lang='lat' dir='ltr'>partes</span> <span class='ocrx_word' id='word_1_732' title='bbox 2591 5497 2984 5555; x_wconf 85' lang='lat' dir='ltr'>custodiendas</span> <span class='ocrx_word' id='word_1_733' title='bbox 3020 5515 3079 5554; x_wconf 88' lang='lat' dir='ltr'>se</span> <span class='ocrx_word' id='word_1_734' title='bbox 3122 5502 3364 5554; x_wconf 86' lang='lat' dir='ltr'>testatur</span> <span class='ocrx_word' id='word_1_735' title='bbox 3397 5506 3548 5568; x_wconf 86' lang='lat' dir='ltr'>posse</span> <span class='ocrx_word' id='word_1_736' title='bbox 3583 5479 3795 5540; x_wconf 64' lang='grc' dir='ltr'>διιῧὶεθνθ·</span> 
     </span>
    </p>
   </div>
   <div class='ocr_carea' id='block_1_61' title="bbox 587 5633 3792 5727">
    <p class='ocr_par' dir='ltr' id='par_1_61' title="bbox 587 5633 3792 5727">
     <span class='ocr_line' id='line_1_64' title="bbox 587 5633 3792 5727; baseline -0.002 -26"><span class='ocrx_word' id='word_1_737' title='bbox 587 5647 609 5668; x_wconf 78' lang='grc'>⁸</span> <span class='ocrx_word' id='word_1_738' title='bbox 635 5647 714 5702; x_wconf 81' lang='lat' dir='ltr'>Ex</span> <span class='ocrx_word' id='word_1_739' title='bbox 739 5647 1196 5727; x_wconf 79' lang='lat' dir='ltr'>annotationibus</span> <span class='ocrx_word' id='word_1_740' title='bbox 1213 5647 1436 5703; x_wconf 76' lang='lat' dir='ltr'>Labbaei</span> <span class='ocrx_word' id='word_1_741' title='bbox 1461 5667 1590 5727; x_wconf 67' lang='lat' dir='ltr'>quae</span> <span class='ocrx_word' id='word_1_742' title='bbox 1611 5651 1761 5727; x_wconf 84' lang='lat' dir='ltr'>apud</span> <span class='ocrx_word' id='word_1_743' title='bbox 1791 5651 1965 5708; x_wconf 84' lang='lat' dir='ltr'>Mansi</span> <span class='ocrx_word' id='word_1_744' title='bbox 1985 5655 2151 5727; x_wconf 83' lang='lat' dir='ltr'>erant</span> <span class='ocrx_word' id='word_1_745' title='bbox 2249 5667 2398 5727; x_wconf 75' lang='lat' dir='ltr'>inus.</span> <span class='ocrx_word' id='word_1_746' title='bbox 2435 5651 2573 5727; x_wconf 86' lang='lat' dir='ltr'>Vide</span> <span class='ocrx_word' id='word_1_747' title='bbox 2599 5651 2752 5727; x_wconf 68' lang='lat' dir='ltr'>quod</span> <span class='ocrx_word' id='word_1_748' title='bbox 2777 5651 2837 5707; x_wconf 90' lang='lat' dir='ltr'>in</span> <span class='ocrx_word' id='word_1_749' title='bbox 2881 5652 2994 5709; x_wconf 84' lang='lat' dir='ltr'>ﬁne</span> <span class='ocrx_word' id='word_1_750' title='bbox 3029 5668 3267 5727; x_wconf 89' lang='lat' dir='ltr'>operum</span> <span class='ocrx_word' id='word_1_751' title='bbox 3295 5646 3498 5720; x_wconf 90' lang='lat' dir='ltr'>Pelagii</span> <span class='ocrx_word' id='word_1_752' title='bbox 3533 5633 3792 5698; x_wconf 58' lang='lat' dir='ltr'>notavimus:</span> 
     </span>
    </p>
   </div>
   <div class='ocr_carea' id='block_1_62' title="bbox 519 5717 3865 5789">
    <p class='ocr_par' dir='ltr' id='par_1_62' title="bbox 519 5717 3865 5789">
     <span class='ocr_line' id='line_1_65' title="bbox 519 5717 3865 5789; baseline 0.004 -21"><span class='ocrx_word' id='word_1_753' title='bbox 519 5717 598 5789; x_wconf 82' lang='lat' dir='ltr'>ad</span> <span class='ocrx_word' id='word_1_754' title='bbox 611 5719 934 5789; x_wconf 84' lang='lat' dir='ltr'>marginem</span> <span class='ocrx_word' id='word_1_755' title='bbox 958 5759 972 5784; x_wconf 94' lang='lat'>,</span> <span class='ocrx_word' id='word_1_756' title='bbox 1012 5718 1297 5789; x_wconf 89' lang='lat' dir='ltr'>breviores</span> <span class='ocrx_word' id='word_1_757' title='bbox 1331 5735 1435 5774; x_wconf 90' lang='lat' dir='ltr'>nos</span> <span class='ocrx_word' id='word_1_758' title='bbox 1459 5717 1519 5774; x_wconf 81' lang='lat' dir='ltr'>iii</span> <span class='ocrx_word' id='word_1_759' title='bbox 1548 5717 1706 5777; x_wconf 77' lang='lat' dir='ltr'>textu</span> <span class='ocrx_word' id='word_1_760' title='bbox 1735 5722 1882 5778; x_wconf 88' lang='lat' dir='ltr'>inter</span> <span class='ocrx_word' id='word_1_761' title='bbox 1911 5723 2149 5778; x_wconf 89' lang='lat' dir='ltr'>uncinos</span> <span class='ocrx_word' id='word_1_762' title='bbox 2250 5721 2395 5778; x_wconf 89' lang='lat' dir='ltr'>infra</span> <span class='ocrx_word' id='word_1_763' title='bbox 2423 5722 2528 5778; x_wconf 94' lang='lat' dir='ltr'>col.</span> <span class='ocrx_word' id='word_1_764' title='bbox 2553 5717 2677 5780; x_wconf 51' lang='lat'><strong>75-9.</strong></span> <span class='ocrx_word' id='word_1_765' title='bbox 2708 5723 2860 5782; x_wconf 79' lang='grc' dir='ltr'>Ευιτ.</span> <span class='ocrx_word' id='word_1_766' title='bbox 3065 5717 3084 5727; x_wconf 79' lang='grc'><em>’</em></span> <span class='ocrx_word' id='word_1_767' title='bbox 3434 5717 3452 5720; x_wconf 54' lang='grc'>⁷</span> <span class='ocrx_word' id='word_1_768' title='bbox 3863 5723 3865 5771; x_wconf 67' lang='grc' dir='ltr'><em>ε</em></span> 
     </span>
    </p>
   </div>
   <div class='ocr_carea' id='block_1_63' title="bbox 478 5786 2146 5873">
    <p class='ocr_par' dir='ltr' id='par_1_63' title="bbox 478 5786 2146 5873">
     <span class='ocr_line' id='line_1_66' title="bbox 478 5786 2146 5873; baseline 0.007 -34"><span class='ocrx_word' id='word_1_769' title='bbox 478 5786 878 5873; x_wconf 57' lang='grc' dir='ltr'>⁸(ῖοιιοοθιίιιιε,</span> <span class='ocrx_word' id='word_1_770' title='bbox 926 5788 1209 5864; x_wconf 86' lang='lat' dir='ltr'>longiores</span> <span class='ocrx_word' id='word_1_771' title='bbox 1253 5805 1383 5847; x_wconf 86' lang='lat' dir='ltr'>vero</span> <span class='ocrx_word' id='word_1_772' title='bbox 1423 5791 1573 5847; x_wconf 88' lang='lat' dir='ltr'>infra</span> <span class='ocrx_word' id='word_1_773' title='bbox 1613 5791 1883 5865; x_wconf 87' lang='lat' dir='ltr'>paginam</span> <span class='ocrx_word' id='word_1_774' title='bbox 1924 5795 2146 5867; x_wconf 83' lang='lat' dir='ltr'>relega-</span> 
     </span>
    </p>
   </div>
  </div>
