3940 6178
168 260 249 316 705
1395 250 1734 311 EPISTOLJE
1771 251 1858 311 ET
1892 253 2199 312 DECRETA

3381 259 3482 314 706

174 365 384 437 Imperet
432 377 564 436 ergo
611 359 692 418 illi
736 363 882 420 Deus
926 363 1132 420 nostris
1171 362 1436 420 velociter
1487 363 1754 436 periculis
1774 375 1834 448 Α
1854 364 1989 435 quia
2013 363 2113 436 qui
2128 363 2392 436 nequiter
2412 366 2594 436 agunt
2609 361 3160 436 exterminabuntnr,
3189 366 3247 420 et
3266 361 3484 420 inimici

169 458 449 528 subvenire,
475 461 774 529 antequam
805 457 1224 514 nefandissimae
1260 457 1446 530 gentis
1471 457 1750 512 exercitus

167 553 279 619 loca,
307 567 410 622 que
456 551 638 606 adhuc
679 567 713 604 a
751 551 1042 624 republica
1091 551 1436 622 detinentur,
1479 552 1594 606 Deo
1647 549 1754 604 sibi

168 643 429 712 contrario,
457 644 604 716 quod
629 644 793 712 absit,
819 646 1158 718 praevaleant
1186 660 1483 718 occupare.
1511 644 1753 719 Presby-

169 744 327 794 terum
350 736 373 764 '
401 742 588 793 autem
612 737 680 792 ad
707 755 830 809 nos,
871 739 989 794 Deo
1028 738 1354 810 adjuvante,
1397 735 1752 793 retransmit-

166 837 262 887 tere
285 830 478 886 festina
503 851 520 886 :
547 832 680 903 quia
707 835 765 888 et
789 832 848 887 in
889 833 1230 888 monasterio
1256 838 1354 888 tuo
1382 837 1439 887 et
1457 831 1517 886 in
1561 847 1751 903 opere,

167 925 237 980 cui
263 941 382 980 eum
409 925 843 997 praeposuimus,
875 926 1226 982 necessarius
1253 942 1373 981 esse
1399 925 1632 980 omnino
1657 939 1752 979 co-

169 1017 440 1090 gnoscitur.
470 1019 604 1074 Data
624 1034 679 1073 1v
704 1019 888 1074 Nonas
916 1019 1190 1090 Octobris,
1221 1019 1526 1075 indictione
1553 1021 1608 1074 3.

556 1133 878 1190 EPISTOLA
915 1136 958 1189 ll
1007 1133 1166 1206 [Olim
1203 1135 1332 1207 IV],

243 1243 302 1283 AD
329 1242 710 1283 AUNACHARIUM
742 1244 1046 1284 EPISCOPUM
1076 1243 1576 1284 AUTISIODORENSEM
1605 1227 1632 1267 δ

167 1323 336 1389 Regum
400 1322 726 1376 Francorum
777 1323 937 1392 fidem
983 1323 1338 1378 orthodoxam
1389 1320 1748 1382 commendat,

223 1395 552 1461 hortaturque
574 1398 636 1446 ut
671 1393 783 1448 illis
823 1393 1072 1456 suadeat,
1118 1409 1184 1448 ne
1221 1409 1342 1448 cum
1385 1392 1757 1462 Langobardis

221 1462 376 1529 foedus
400 1463 657 1526 habeant,
684 1469 734 1519 et
763 1464 829 1519 de
851 1466 1100 1534 reliquiis
1127 1480 1262 1534 quas
1288 1465 1477 1518 mittit.

223 1575 570 1633 Dilectissimo
593 1576 755 1631 fratri
794 1577 1039 1632 Aunario
1072 1577 1330 1648 Pelagius
1377 1575 1533 1632 urbis
1560 1577 1755 1632 Romae

165 1667 440 1740 episcOpns.

1855 457 1952 512 Dei
2006 474 2137 512 mox
2187 463 2252 512 ut
2302 457 2735 525 exaltabuntur,
2789 459 2933 513 sicut
2980 459 3171 514 fumus
3223 457 3486 514 deﬁcient

1854 550 2074 621 (Psalm.
2122 567 2282 607 xxxv1
2318 593 2332 621 ,
2362 557 2418 607 et
2462 551 2801 624 generaliter
2840 551 3111 623 peribunt
3169 557 3360 624 gentes
3415 551 3484 606 de

1853 647 2006 699 terra
2031 644 2172 714 ejus.
2200 645 2439 715 Propter
2475 645 2631 716 quod
2657 661 2751 700 vos
2795 645 3078 712 decuerat,
3109 645 3204 718 qui
3233 645 3344 700 illic
3389 661 3482 699 ca-

1855 737 2078 792 tholicae
2129 737 2544 793 membra-estis
2593 738 2872 808 Ecclesiae,
2900 738 3002 794 uni
3047 738 3271 812 corpori
3315 723 3488 793 unius

1853 830 2048 902 capitis
2077 831 2484 902 gubernatione
2515 831 2838 902 conjuncta,
2875 831 3140 886 omnibus
3167 831 3373 902 quibus
3399 831 3480 886 vi-

1853 924 2010 979 ribus
2033 924 2318 994 valeretis,
2347 924 2470 996 paci
2498 925 2787 997 quietique
2811 929 3017 980 nostrae
3035 941 3138 996 pro
3161 924 3282 996 ipsa
3307 927 3486 981 sancti

1855 1016 2098 1088 Spiritus
2115 1017 2335 1073 unitate
2355 1034 2710 1074 concurrere.
2733 1019 2842 1074 Nec
2864 1019 3019 1073 enim
3039 1019 3321 1074 credimus
3341 1019 3479 1074 otio-

1854 1126 2002 1180 sum,
2029 1126 2134 1166 nec
2169 1109 2288 1166 sine
2317 1127 2526 1183 magna
2568 1109 2772 1166 divina
2812 1111 3184 1183 providentiae
3228 1112 3479 1168 admira-

1853 1202 2006 1259 tione
2032 1203 2388 1278 dispositum,
2409 1204 2564 1276 quod
2581 1204 2755 1260 vestri
2780 1220 2944 1276 reges
2968 1205 3224 1260 Romano
3241 1205 3484 1276 imperio

1854 1297 1916 1352 in
1942 1297 2268 1353 orthodoxae
2291 1297 2423 1352 ﬁdei
2453 1297 2799 1352 confessione
2835 1301 2968 1354 sunt
2995 1297 3206 1352 similes
3230 1316 3246 1367 ;
3279 1298 3387 1352 nisi
3422 1303 3482 1354 ut

1853 1389 1989 1445 huic
2009 1391 2156 1460 urbi,
2180 1407 2250 1448 ex
2275 1408 2387 1463 qua
2405 1391 2592 1446 fuerat
2615 1391 2872 1458 oriunda,
2901 1391 2988 1446 vel
3005 1391 3284 1446 universae
3314 1391 3482 1446 Italiae

1852 1483 2152 1554 ﬁnitimos,
2207 1485 2608 1557 adjutoresque
2657 1487 2971 1556 praestaret.
3037 1484 3236 1560 Cavete
3284 1484 3478 1556 igitur,

1855 1577 2184 1634 charissime
2221 1578 2418 1648 frater,
2449 1595 2522 1634 ne
2565 1579 2699 1634 dum
2747 1579 2976 1650 regibus
3013 1577 3210 1634 vestris
3244 1577 3484 1648 juvandi

1855 1687 1958 1726 nos
1983 1671 2162 1726 virtus
2188 1671 2260 1726 sit
2284 1671 2414 1726 data
2453 1671 2742 1740 divinitus,
2776 1672 3069 1727 charitatis
3106 1674 3311 1726 vestra:
3339 1671 3486 1726 circa

225 1762 501 1818 Laudanda
527 1767 646 1817 tute
688 1761 978 1818 charitatis
1018 1767 1144 1818 vota
1191 1761 1518 1833 relegimus,
1550 1747 1833 1834 quibusB
1856 1781 1958 1820 nos
1982 1764 2176 1820 levitas
2201 1769 2510 1837 arguatur:
2543 1765 2643 1836 qui
2667 1764 2776 1819 illis
2802 1768 2858 1819 et
2886 1764 2944 1819 in
2973 1764 3102 1833 ﬁde,
3133 1770 3191 1821 et
3213 1765 3275 1820 in
3305 1763 3485 1822 consi-

168 1859 226 1920 te,
248 1856 344 1910 nisi
370 1856 598 1928 gentilis
637 1861 826 1912 motus
859 1856 1171 1928 obsisteret,
1203 1856 1274 1910 ad
1300 1872 1402 1910 nos
1433 1855 1628 1911 venire
1656 1873 1752 1911 vo-

169 1949 306 2004 luisse
329 1949 628 2021 signiﬁcas.
661 1951 814 2005 Licet
839 1949 992 2005 enim
1029 1949 1378 2021 spiritaliter,
1407 1953 1463 2004 et
1505 1949 1672 2005 simul
1700 1953 1757 2005 et

169 2059 316 2096 unum
335 2059 555 2115 semper
593 2042 770 2098 simus
798 2043 858 2098 in
877 2043 1140 2110 Domino,
1168 2047 1560 2098 verumtamen
1585 2043 1755 2098 etiam

165 2136 447 2206 praesentias
472 2137 801 2208 corporales
827 2141 884 2192 et
917 2137 1266 2208 antiquiores
1288 2141 1497 2208 patres,
1525 2141 1582 2192 et
1606 2136 1756 2208 ipsos

163 2229 386 2299 quaesisse
409 2231 734 2286 invenimus
765 2230 1065 2302 apostolos.
1095 2231 1202 2286 Sed
1245 2229 1384 2286 dum
1423 2233 1520 2284 tua
1544 2230 1758 2286 deside-

163 2323 246 2392 ria,
273 2340 569 2396 causasque
611 2324 817 2396 quibus
858 2324 1160 2382 obstareris
1198 2339 1532 2396 exponeres,
1563 2324 1755 2380 mirati

163 2432 323 2472 sumus
343 2418 530 2474 minus
556 2425 613 2474 te
641 2418 785 2474 illud
816 2418 969 2490 quod
997 2417 1133 2490 ipsis
1161 2417 1415 2474 obviaret
1441 2418 1752 2474 excusatio-

165 2509 298 2565 nibus
315 2511 633 2568 attendisse.
657 2511 713 2568 Si
733 2511 888 2567 enim
914 2511 1128 2566 mundo
1146 2511 1522 2567 venerabilem
1540 2511 1756 2584 judica-

166 2602 361 2660 tishanc
383 2605 609 2676 urbem,
640 2605 687 2660 si
707 2606 778 2661 ad
802 2621 1003 2678 pacem
1021 2604 1166 2661 sedis
1182 2605 1502 2678 apostolicae
1529 2609 1755 2660 cuncta-

165 2712 269 2751 rum
281 2714 465 2769 regere
489 2699 882 2755 moderamina
901 2699 1263 2755 ecclesiarum
1281 2699 1630 2771 przedicatis;
1653 2715 1756 2754 cur

164 2805 256 2846 non
277 2795 328 2847 et
341 2790 739 2860 tribulationes
757 2797 995 2864 nostras,
1025 2798 1082 2848 et
1104 2793 1439 2865 temporales
1466 2793 1754 2866 angustias

164 2883 409 2941 charitatis
452 2887 839 2959 compassione
881 2886 1185 2958 gemiscitis
1211 2888 1238 2942 ‘l
1291 2887 1524 2945 scientes
1563 2887 1755 2944 divino

163 2993 244 3048 per
253 2981 570 3050 Apostolum
587 2979 752 3036 nobis
763 2996 860 3036 ore
877 2980 1136 3035 mandari
1160 2978 1330 3052 [Rom.
1359 2997 1476 3050 χιιι,
1507 2981 1629 3038 Gal.
1650 2981 1752 3055 v1],

162 3075 214 3126 ut
235 3088 327 3128 nos
348 3073 596 3132 invicem
633 3074 954 3146 diligamus,
981 3078 1048 3129 ut
1073 3089 1246 3130 onera
1281 3073 1526 3130 invicem
1563 3080 1756 3131 nostra
1774 3115 1829 3192 Ο

162 3170 410 3192 ηΑ-ιλκ---
457 3173 524 3192 --1.
559 3168 772 3192 ..-λιζλη
798 3168 1036 3192 .Ι.“.-,ιι.......⁸
1072 3167 1388 3192 Α-εξΔιε--ιαλ
1415 3169 1604 3192 --_:L--_
1653 3185 1751 3192 _-_

162 3170 434 3238 portemus,
457 3173 527 3224 ut
556 3168 774 3240 quoties
798 3168 1043 3224 fratrum
1067 3167 1390 3240 quicunque
1415 3169 1622 3238 uritur,
1653 3185 1755 3226 nos

165 3274 365 3315 uramur
391 3279 406 3316 :
439 3261 584 3317 dum
607 3277 752 3334 pene
776 3262 839 3318 in
868 3266 1173 3334 conspectu
1197 3265 1380 3317 vestro
1405 3264 1598 3318 tantus
1626 3277 1752 3318 san-

164 3353 264 3422 guis
285 3354 666 3411 innocentium
702 3355 775 3410 sit
800 3355 1030 3426 effusus,
1059 3355 1138 3409 ita
1179 3371 1335 3410 sacra
1361 3355 1642 3414 violentur
1667 3357 1748 3411 al-

161 3447 292 3517 taria,
332 3449 410 3504 ita
461 3449 751 3505 catholicae
788 3449 917 3505 ﬁdei
967 3448 1038 3504 ab
1085 3448 1399 3504 idololatris
1426 3450 1752 3506 insultetur.

161 3537 388 3597 Novimus
413 3548 469 3600 et
491 3559 614 3614 vos,
643 3543 795 3615 quod
819 3542 1149 3614 temporalia
1171 3542 1280 3598 ista
1305 3541 1528 3615 ﬂagella
1563 3542 1676 3598 sint
1700 3549 1757 3600 et

161 3633 215 3687 ad
235 3635 632 3707 probationem,
663 3636 810 3692 sicut
847 3635 918 3692 de
956 3635 1161 3692 caelesti
1203 3635 1538 3692 conﬁdimus
1592 3635 1757 3692 mise-

163 3727 361 3799 ratione,
387 3729 686 3802 proﬁciant
709 3747 727 3800 ;
757 3734 814 3786 et
831 3729 1178 3802 proximum,
1205 3729 1350 3785 sicut
1366 3746 1400 3785 a
1422 3730 1594 3786 vobis
1615 3730 1754 3786 scri-

161 3822 304 3896 bitur,
337 3828 612 3885 Dominus
637 3830 831 3884 noster
861 3828 929 3884 de
951 3827 1314 3887 tribulatione
1329 3827 1425 3884 det
1451 3828 1750 3901 gaudium:

163 3940 239 4067 In:
268 3942 682 4067 Maxim'iainum,
729 3945 797 4001 de
837 3959 950 4017 quo
997 3948 1222 4000 sanctus
1269 3943 1570 4016 Gregorius
1610 3944 1751 4000 Dial.

227 4051 240 4067 .
268 4030 340 4067 ιιι.
371 4033 419 4067 c.
454 4054 466 4067 .
535 4055 548 4067 .

227 4051 240 4068 .
268 4030 340 4082 111,
371 4033 419 4072 c.
454 4020 548 4073 36.

217 4085 247 4170 ξ
261 4159 271 4170 ⁸
287 4087 1049 4170 (ξθειεὶεξιιιᾴει-ίιιεοιιὶρὶιοκιιῐ
1071 4085 1283 4168 legitur
1301 4087 1512 4170 Pelagii
1523 4087 1688 4170 Papae
1703 4088 1755 4142 Π

163 4156 370 4224 epistola.
387 4156 858 4232 Autisiodorensis
885 4156 1347 4232 episc0pi'verum
1373 4156 1752 4232 et'antiquum

162 4241 336 4303 nomen
359 4231 763 4301 Aunacharius,
795 4247 898 4303 pro
919 4229 1054 4303 ’quo
1074 4229 1381 4303 interdum
1403 4231 1756 4303 Aunaharius

163 4301 208 4372 et
226 4301 542 4372 Aunaarius,
565 4309 622 4358 et
637 4299 937 4370 Aunarius,
950 4299 1020 4358 ut
1042 4301 1149 4356 hoc
1177 4301 1318 4370 loco,
1341 4299 1485 4372 sicut
1506 4316 1577 4372 ex
1592 4300 1755 4372 Chlo-

164 4369 370 4428 tathario
395 4369 610 4430 factum
649 4374 945 4429 Clotarius.
975 4373 1224 4428 Alteram
1280 4370 1492 4442 Pelagii
1521 4371 1755 4442 hujusce

167 4454 298 4526 papa:
322 4444 387 4498 ad
413 4445 726 4526 Aunarium
775 4444 1066 4526 epistolam
1105 4443 1274 4526 paulo
1317 4441 1752 4526 post‘exhibebi-

165 4523 267 4566 mus
289 4530 353 4588 ea
391 4533 522 4588 pag.
554 4516 656 4571 420
693 4514 832 4588 torni
880 4517 896 4569 Ι
933 4514 1286 4570 bibliotheca:
1333 4514 1547 4570 nostra:
1593 4529 1750 4568 novae

166 4596 270 4639 mss.
296 4585 584 4642 librorum.
613 4587 727 4642 Jac.
757 4587 910 4642 Sum.

219 4665 238 4693 ο
281 4657 417 4728 Cum
467 4658 808 4712 innotuisset
875 4655 1100 4728 Pelagio
1170 4657 1424 4728 Romano
1501 4655 1755 4728 pontiﬁci

165 4719 454 4800 liauricium
539 4729 941 4800 imperatorem
990 4719 1118 4800 post
1154 4727 1434 4800 _Tiberum
1476 4719 1750 4800 icorona-

167 4795 284 4871 tum,
307 4801 440 4856 teste
471 4795 664 4855 sancto
691 4798 957 4870 Gregorio
983 4795 1042 4871 in
1078 4797 1310 4870 epistola
1344 4799 1414 4853 ad
1451 4799 1751 4871 Eulogium

165 4867 211 4947 gl
245 4868 509 4947 loannem
558 4867 1246 4947 constantinopolitanum
1263 4913 1277 4939 ,
1308 4886 1518 4947 novum
1549 4871 1573 4947 _(
1587 4867 1756 4947 prout

169 4933 268 4992 ﬁeri
277 4945 648 5013 consueverat)
661 4933 961 4997 diaconum
973 4933 1315 5013 cardinalein
1325 4933 1752 5013 apocrisiarium

167 5011 366 5084 nomine
403 5011 764 5070 Laurentium
790 5014 861 5068 ad
887 5030 1019 5068 eum
1049 5011 1220 5066 misit.
1253 5011 1550 5084 Gregorius
1577 5011 1754 5084 igitur

167 5079 394 5165 tempore
406 5085 611 5140 Tiberii
627 5084 725 5140 illo
740 5099 978 5165 munere
994 5083 1136 5164 bene
1155 5079 1752 5165 functus,.magni_'sque

167 5154 465 5226 muneribus
498 5172 780 5211 sacrarum
803 5153 1197 5226 reliquiarum,
1228 5154 1458 5209 brachio
1476 5153 1753 5210 nimirum

168 5217 210 5274 5.
233 5225 445 5298 Andria,
473 5232 528 5282 et
563 5227 742 5298 capite
779 5226 836 5282 S.
871 5217 1033 5280 Lucas
1085 5217 1442 5298 evangelistze
1489 5227 1750 5298 donatus,

227 5297 274 5374 st
293 5295 502 5352 obitum
525 5295 730 5352 Tiberii
751 5299 986 5354 Romam
1011 5295 1458 5421 reddiitﬁbique
1477 5297 1637 5366 jussu
1658 5299 1755 5352 Pe-

227 5377 279 5421 ῐιι
304 5368 562 5421 adversus
587 5369 914 5421 instruentes
937 5368 1010 5421 ob
1039 5367 1146 5421 tria
1173 5367 1360 5421 canitu
1386 5385 1420 5421 a
1445 5367 1755 5421 schismati-

213 5367 279 5432 gii
304 5368 562 5440 adversus
587 5369 914 5440 ingruentes
937 5368 1010 5422 ob
1039 5367 1148 5440 tria
1173 5367 1420 5438 capitula
1445 5367 1755 5440 Schismati-

167 5447 244 5510 ξοδ
269 5439 465 5510 stylurn
483 5438 750 5494 exercuit.
779 5441 987 5494 Eorum
1000 5439 1256 5494 omnium
1285 5443 1454 5510 caput
1477 5438 1585 5492 fuit
1610 5441 1752 5492 Pau-

169 5500 293 5581 linus
315 5500 672 5580 Aquileiensis
701 5511 946 5580 antistes,
973 5515 1276 5581 posteaque
1301 5500 1422 5581 ejus
1450 5526 1751 5581 successor,

170 5575 278 5630 inde
303 5575 427 5652 vero
448 5581 700 5637 Severus.
730 5582 805 5636 De
839 5575 1216 5652 hisapostolis
1259 5575 1527 5652 Diaconus
1564 5580 1662 5634 lib.
1695 5575 1753 5636 ιιι

170 5657 272 5716 cap.
303 5651 468 5726 lghde
495 5653 663 5726 gestis
701 5651 1055 5724 Langobard.
1084 5653 1207 5726 haec
1235 5651 1456 5726 scribit:
1502 5652 1754 5726 Pelagius

167 5731 293 5796 3913a
317 5723 446 5796 Elia:
471 5723 804 5796 Aquileiensi
837 5723 1080 5796 episcopo
1116 5724 1322 5796 nolenti
1363 5725 1472 5796 tria
1514 5725 1756 5796 capitula

175 5787 572 5856 Chalcedonensis
591 5796 790 5879 synodi
821 5787 1082 5869 suscipere
1109 5795 1314 5869 (potius
1338 5794 1553 5852 nolenti
1574 5787 1757 5852 'trium

1855 1857 1964 1925 liis,
1992 1861 2176 1913 vestro
2201 1858 2510 1917 sacerdotio.
2547 1857 2626 1912 sic
2657 1858 2888 1928 devotis,
2918 1858 3156 1912 suadere
3192 1857 3344 1927 talia,
3385 1863 3483 1914 aut

1855 1951 2165 2024 negligitis,
2195 1957 2294 2006 aut
2319 1951 2572 2008 differtis.
2602 1952 2793 2007 Sacras
2812 1955 3004 2008 autem
3022 1951 3310 2023 reliquias,
3341 1968 3482 2023 quas

1855 2048 1912 2100 et
1937 2048 2038 2100 tua
2063 2045 2324 2111 charitas,
2357 2050 2414 2101 et
2441 2044 2880 2116 gloriosissimus
2907 2043 3056 2099 ﬁlius
3087 2048 3283 2100 noster
3319 2045 3484 2116 petiit

1857 2133 2202 2205 dirigendas,
2225 2149 2356 2188 cum
2380 2134 2687 2190 cohaerenti
2711 2134 2815 2188 sibi
2843 2133 3278 2190 sanctiﬁcatione
3301 2137 3484 2190 trans-

1855 2227 2131 2282 misimus.
2161 2229 2397 2299 Propter
2411 2229 2563 2300 quod
2586 2227 2766 2284 nihilo
2792 2228 2984 2283 minus
3007 2228 3397 2297 admonemus,
3417 2231 3484 2284 ut

1856 2337 2100 2392 quorum
2136 2319 2404 2376 virtutem
2438 2321 2709 2394 quaeritis,
2741 2338 2939 2377 eorum
2982 2322 3194 2394 templa
3216 2339 3249 2376 a
3290 2323 3479 2394 pollu-

1852 2415 2012 2470 tione
2037 2413 2298 2485 gentium
2324 2413 2576 2486 liberari,
2605 2415 2666 2470 in
2695 2420 2971 2487 quantum
3000 2414 3156 2471 vobis
3191 2420 3274 2472 est
3298 2417 3480 2489 possi-

1852 2507 1984 2578 bile,
2016 2508 2290 2564 festinetis
2314 2525 2328 2563 :
2362 2513 2418 2564 et
2441 2509 2640 2564 vestris
2668 2509 2900 2581 regibus
2923 2509 3328 2565 instantissime
3353 2527 3478 2566 sua-

1853 2601 2052 2672 deatis,
2080 2607 2357 2674 quatenus
2389 2603 2458 2658 ab
2487 2603 2748 2659 amicitiis
2777 2608 2834 2658 et
2860 2603 3258 2674 conjunctione
3283 2605 3478 2662 nefan-

1854 2695 2071 2752 dissimi
2094 2696 2292 2762 hostis,
2317 2696 2837 2768 Langobardorum,
2857 2695 3065 2752 salubri
3085 2713 3144 2752 se
3163 2697 3481 2769 provisione
3539 2761 3548 2765 ,

1854 2805 2152 2862 segregare
2170 2789 2464 2860 festinent;
2486 2807 2558 2846 ne
2579 2791 2717 2846 dum
2735 2789 2964 2844 illorum
2978 2790 3240 2846 vindictae
3258 2794 3483 2864 tempus

1853 2883 2168 2955 advenerit,
2192 2883 2335 2939 sicut
2358 2886 2417 2940 et
2435 2885 2613 2940 celere
2635 2883 2760 2940 ﬁeri
2775 2883 2963 2939 divina
2975 2884 3333 2941 miseratione
3353 2901 3483 2941 con-

1854 2978 2101 3048 ﬁdimus,
2121 2993 2321 3034 eorum
2340 2978 2511 3034 etiam
2530 2977 2616 3034 illi
2637 2977 2999 3034 inveniantur
3013 2995 3131 3034 esse
3151 2979 3478 3051 participes:

1854 3072 1987 3146 quia
2012 3072 2286 3145 scriptum
2327 3075 2443 3128 est:
2497 3075 2620 3131 Non
2649 3073 2821 3128 solum
2865 3075 2964 3144 qui
2990 3088 3054 3128 ea
3090 3075 3308 3142 faciunt
3333 3076 3363 3128 ξ)
3387 3075 3482 3130 sed

1853 3169 2016 3222 etiam
2035 3168 2132 3237 qui
2154 3169 2489 3222 consentiunt
2512 3167 2840 3236 facientibus
2875 3167 3174 3240 puniendos
3205 3170 3380 3240 (Rom.
3411 3167 3479 3239 1).

1853 3259 2000 3315 Deus
2027 3265 2083 3314 te
2110 3259 2455 3316 incolumem
2486 3259 2779 3328 custodiat,
2803 3259 3126 3316 charissima
3151 3261 3345 3318 frater.
3375 3263 3479 3317 Da-

1853 3356 1978 3410 tum
2008 3369 2068 3410 ιιι
2106 3354 2292 3408 Nonas
2335 3354 2619 3422 Octobres,
2649 3353 2966 3425 imperante
3007 3354 3216 3410 domno
3257 3355 3478 3412 Tiberio

1853 3446 2341 3519 Constantinopoli
2365 3449 2645 3519 Augusto,
2675 3463 2825 3502 anno
2849 3451 2902 3500 7.

2224 3549 2548 3606 EPISTOLA
2593 3561 2618 3590 c
2667 3550 2736 3604 ιιι
2793 3547 2952 3622 [Olim
2983 3549 3075 3623 V].

1997 3658 2116 3706 QUAE
2144 3659 2236 3698 EST
2262 3659 2425 3699 PRIHA
2452 3659 2522 3698 AD
2552 3659 2714 3700 ELIAI
2739 3659 2803 3698 ΕΤ
2826 3659 3108 3700 EPISCOPOS
3134 3660 3334 3702 ISTRIB.

1927 3735 2309 3793 Dilectissimis
2325 3736 2592 3793 fratribus
2612 3736 2747 3792 Eliee
2771 3735 3010 3810 aliisque
3031 3739 3330 3813 episcopis,
3356 3739 3482 3798 uni-

1855 3829 2028 3886 versis
2065 3829 2196 3886 ﬁliis
2237 3831 2298 3887 in
2338 3831 2592 3887 Ecclesiae
2631 3829 2810 3887 lstriaa
2853 3831 3112 3903 partibus
3139 3833 3477 3906 constitutis,

1855 3947 2230 4021 capitulorum
2257 3946 2688 4021 damnationem
2705 3945 2764 4003 in
2794 3947 2996 4020 quinta
3031 3950 3248 4021 synodo
3272 3951 3482 4010 factam

1854 4019 2166 4090 approbare
2185 4023 2242 4074 et
2257 4023 2445 4074 ratam
2466 4018 2698 4090 habere)
2725 4018 3008 4091 epistolam
3025 4018 3162 4077 satis
3184 4024 3370 4080 utilem
3384 4028 3482 4080 mi-

1853 4091 1944 4153 sit,
1972 4107 2136 4160 quam
2165 4091 2348 4146 beatus
2376 4092 2660 4161 Gregorius
2689 4106 2809 4145 cum
2847 4091 3027 4146 adhuc
3061 4097 3194 4148 esset
3226 4095 3484 4151 diaconus

1851 4165 2085 4234 scripsit.
2115 4163 2243 4216 Haec
2289 4161 2526 4232 epistola
2554 4161 2733 4234 sancti
2760 4161 2986 4234 Pelagii,
3003 4179 3036 4215 a
3064 4163 3334 4234 Gregorio
3377 4166 3478 4220 ad-

1852 4231 1972 4314 huc
1991 4231 2599 4315 diaconomcon‘scripta,
2632 4231 3108 4315 ejusdemIplane‘
3145 4231 3370 4315 generis
3395 4241 3482 4293 est

1854 4303 2014 4374 cujus
2055 4307 2178 4358 erat
2217 4303 2319 4358 illa
2359 4302 2507 4358 beati
2541 4302 2740 4374 Leonis
2784 4302 3002 4374 decima
3042 4303 3112 4374 ad
3153 4302 3481 4362 Flavianum

1853 4371 2092 4447 scripta;
2109 4390 2408 4447 quaecum
2438 4373 2693 4446 epistolae
2717 4373 2950 4428 nomine
2976 4371 3196 4447 scripta
3214 4379 3379 4447 esset,
3406 4377 3478 4434 ob

1855 4445 1944 4500 sui
1967 4444 2406 4516 amplitudinem
2422 4444 2600 4516 atque
2626 4448 2928 4516 tractatum
2953 4448 3140 4499 tomus
3165 4444 3478 4506 dicebatur.

1767 4491 1828 4564 D
1853 4491 3479 4591 ιὶιῖηἷὲῗῖῥζέι“ῦὲῖτὶξίῖ’ἐεῆἒιόἰῖεὶῑίῖξᾷρ’ζειῌὲιῖᾶὲἕῷἓὸ

1852 4587 1996 4663 liber
2023 4591 2478 4663 estnuncupata,
2505 4586 2576 4663 de
2603 4603 2717 4663 quo
2743 4586 2814 4640 ad
2842 4586 3142 4663 lliberniai
3185 4586 3478 4663 episcopos

1854 4603 1996 4642 nner
2023 4603 2114 4668 est
2135 4603 2478 4668 nuncupata,
2505 4603 2576 4642 ac
2603 4603 2717 4712 ﬁo
2743 4603 2814 4640 aa
2859 4603 3139 4642 nmermee
3185 4605 3478 4663 episcopos

1854 4659 1994 4733 dum
2009 4657 2224 4733 scribit,
2243 4658 2479 4733 epistola
2503 4661 2598 4733 36,Δ
2699 4699 2712 4713 .
2736 4673 2819 4733 11.,
2841 4657 2961 4733 haec
2980 4659 3180 4733 habet:
3215 4664 3284 4718 Ut
3309 4665 3482 4733 igitur

1853 4730 1918 4805 de
1943 4729 2113 4805 tribus
2128 4729 2404 4805 capitulis,
2425 4731 2622 4805 animis
2639 4731 2832 4805 uestris
2846 4731 3039 4805 ablata
3055 4729 3480 4805 dubietatelpos-

1855 4803 1928 4857 sit
1942 4802 2244 4868 satisfactio
2262 4801 2605 4857 abundanter
2631 4802 2883 4870 infundi;
2905 4802 3100 4858 librum
3115 4819 3269 4872 quem
3293 4801 3481 4860 de'hac

1851 4888 1912 4929 re
1938 4878 2135 4928 sanctae
2161 4875 2434 4945 memoriae
2461 4873 2695 4928 decessor
2729 4888 2874 4928 meus
2900 4873 3152 4944 Pelagius
3170 4891 3322 4945 papa
3347 4879 3476 4932 scri-

1849 4947 2055 5016 pserat,
2073 4944 2234 5018 _vobis
2261 4945 2397 5018 utile
2409 4945 2660 5014 judicaui
2685 4946 3046 5018 transmittere
3074 4963 3090 4999 :
3121 4944 3276 5018 quem
3302 4949 3352 5001 si
3373 4963 3475 5018 po-

1852 5015 2320 5089 sito_voluntari:e
2361 5016 2684 5089 defensionis
2725 5015 2903 5069 studio
2942 5026 3078 5085 puro
3121 5015 3479 5089 vigilantique

1853 5087 2008 5142 corde
2036 5086 2312 5142 volueritis
2335 5088 2582 5156 relegere,
2612 5102 2730 5142 eum
2753 5101 2844 5140 vos
2865 5101 2968 5155 per
2986 5089 3168 5142 omnia
3185 5086 3479 5156 secuturos,

1853 5163 1905 5213 et
1933 5157 2006 5212 ad
2030 5161 2292 5212 unitatem
2325 5163 2566 5212 nostram
2611 5171 2913 5212 reversuros
2953 5159 3128 5212 nihilo
3163 5162 3338 5216 minus
3371 5177 3479 5218 esse

1852 5228 2056 5298 conﬁdo
2083 5247 2101 5282 :
2132 5229 2368 5293 Quanta
2393 5231 2584 5282 autem
2612 5230 2760 5282 esset
2782 5227 3048 5283 efﬁcaciae
3079 5229 3226 5286 liber
3252 5231 3376 5302 iste,
3408 5249 3481 5290 ex

1852 5299 1942 5353 his
1971 5315 2098 5353 una;
2122 5316 2256 5353 mox
2283 5297 2428 5353 idem
2465 5297 2764 5353 Gregorius
2789 5297 2977 5352 subdit
2999 5298 3318 5353 intelligere
3343 5321 3474 5353 nos-

1851 5299 1942 5355 his
1971 5315 2098 5372 quas
2122 5316 2256 5354 mox
2283 5299 2428 5354 idem
2465 5299 2764 5368 Gregorius
2789 5299 2977 5352 subdit
2999 5299 3318 5374 intelligere
3343 5299 3474 5374 pos-

1854 5387 2074 5439 sumus,
2104 5370 2200 5424 ubi
2229 5368 2310 5440 ait
2337 5385 2350 5423 :
2373 5371 2538 5424 Porro
2561 5371 2610 5424 si
2625 5372 2747 5440 post
2776 5369 2934 5438 hujus
2965 5369 3095 5426 libri
3122 5374 3395 5430 lectionem
3419 5376 3477 5428 in

1852 5459 1916 5496 ea
1941 5458 2052 5514 qua
2075 5443 2198 5496 estis
2224 5439 2500 5495 volueritis
2519 5439 2902 5496 deliberatione
2924 5445 3227 5513 persistere,
3246 5447 3359 5499 sine
3379 5444 3478 5498 du-

1856 5514 1940 5566 bio
1969 5529 2075 5566 non
2099 5513 2306 5566 rationi
2326 5526 2560 5566 onerum.
2579 5511 2672 5566 sed
2695 5512 3044 5566 obstinationi
3064 5530 3155 5566 vos
3179 5516 3310 5566 dare
3332 5527 3475 5566 mon-

1856 5514 1940 5568 bio
1969 5529 2075 5567 non
2099 5514 2306 5566 rationi
2326 5526 2560 5581 operam,
2579 5514 2672 5566 sed
2695 5514 3044 5568 obstinationi
3064 5530 3155 5569 vos
3179 5516 3310 5569 dare
3332 5527 3472 5568 mon-

1849 5585 2058 5639 stratis.
2091 5583 2244 5636 Hanc
2273 5581 2568 5652 epistolam
2595 5583 3006 5639 illustrissimus
3041 5583 3338 5639 cardinalis
3370 5585 3472 5648 Ba-

1855 5653 2340 5737 ron'iusnnancum
2363 5653 2584 5737 duabus
2610 5653 2973 5737 sequentibus
2989 5654 3241 5737 ejusdem
3267 5654 3478 5737 Pelagii

1855 5743 1890 5780 a
1925 5724 2148 5796 Nicolao
2179 5725 2356 5796 Fabro
2390 5724 2708 5782 Parisiensi'
2729 5727 2850 5780 viro
2881 5724 3202 5796 doctissimo
3242 5724 3473 5796 accepit.

1926 5797 2070 5853 Cum
2079 5795 2398 5854 adhibitum
2411 5795 2548 5852 satis
2558 5797 2702 5854 bene
2716 5797 3094 5872 praeparatum
3103 5795 3479 5870 pharmacum
