4058 6190
479 279 581 336 707

1858 271 2120 330 PELAGII
2156 270 2348 328 PAPE
2385 267 2432 326 Il

3735 271 3847 324 708

478 387 744 460 Pelagius
772 384 1069 458 episcopus
1098 383 1304 436 sanctae
1329 377 1586 445 Ecclesiae
1624 378 1911 434 catholicae
1952 379 2106 436 urbis
2125 387 2186 461 Α
2217 451 2226 462 .
2276 379 2383 434 Nos
2413 377 2566 434 enim
2593 377 2753 433 illam
2774 375 2947 435 ﬁdem
2969 377 3303 450 praedictam
3321 378 3604 449 tenemus,
3635 381 3693 434 et
3710 395 3849 434 cum

480 485 706 642 Βοὲῖιῖξί
731 573 801 628 ad
827 569 1187 626 dilectionem
1208 571 1474 635 vestram,
1500 566 1705 622 fratres
1724 564 1939 638 ﬁliique
1965 567 2102 621 cha-

480 667 706 736 rissimi,
733 669 923 720 nostra
945 662 1162 718 tardius
1187 661 1394 732 scripta
1425 659 1748 734 dirigimus,
1777 677 1895 716 non
1921 661 2101 716 male-

479 765 618 819 vola:
643 757 962 824 voluntatis,
991 760 1089 812 aut
1122 736 1700 810 dissimulationis'vel
1737 753 2104 825 negligentiae

475 854 646 912 fuisse
671 853 954 921 credatur,
981 850 1098 920 sed,
1131 850 1273 904 sicut
1295 848 1496 916 nostis,
1512 847 1842 919 temporalis
1865 847 2104 919 qualitas

477 953 534 1006 et
560 946 778 1004 hostilis
805 944 1106 1004 necessitas
1149 943 1425 998 hactenus
1450 941 1762 1013 impedivit.
1790 942 1933 996 Nam
1961 941 2105 996 sicut

473 1043 555 1100 ait
597 1039 869 1096 Dominus
904 1055 1008 1111 per
1049 1037 1416 1110 prophetam:
1463 1036 1726 1106 Nunquid
1774 1036 2105 1090 obliviscitur

473 1136 669 1193 mulier
693 1135 868 1204 ﬁh'um
893 1133 1038 1188 uteri
1053 1133 1143 1187 sui
1169 1132 1293 1200 (Isa.
1321 1128 1463 1201 xux)
1479 1129 1506 1184 ?
1533 1129 1654 1183 Non
1680 1145 1817 1200 ergo
1833 1129 2100 1184 credatur

473 1247 576 1288 nos
601 1229 880 1286 viscerum
908 1225 1232 1280 nostrorum
1278 1222 1612 1278 divisionem
1637 1239 1753 1276 non
1779 1237 1910 1278 cum
1941 1222 2101 1294 gravi

474 1323 612 1380 ﬁetu
640 1339 704 1378 ac
731 1319 946 1393 gemitu
969 1318 1241 1374 doluisse:
1271 1317 1368 1372 sed
1393 1317 1635 1386 utinam,
1667 1315 2000 1386 charissimi,
2029 1315 2100 1370 il-

472 1417 717 1474 luminat
737 1415 1007 1469 Dominus
1032 1412 1222 1470 oculos
1249 1411 1433 1466 cordis
1462 1410 1650 1478 vestri,
1681 1413 1746 1464 ut
1769 1409 1947 1464 nostri
1973 1425 2099 1464 cor-

473 1508 559 1568 dis
601 1509 843 1584 gemitus
881 1523 986 1580 pro
1028 1505 1188 1560 vobis
1227 1504 1419 1560 videre
1470 1503 1714 1576 possitis.
1762 1505 1891 1572 Quis
1939 1506 2098 1566 enim,

473 1605 621 1662 sicut
657 1603 738 1660 ait
773 1603 972 1658 beatus
1023 1599 1308 1670 apostolus
1339 1597 1413 1668 (II
1447 1599 1565 1655 Cor.
1596 1597 1736 1668 xxr),
1767 1598 2098 1666 inﬁrmatur,

473 1703 524 1754 et
562 1713 655 1768 ego
685 1712 792 1750 non
831 1695 1112 1763 infirmor?
1141 1694 1261 1762 quis
1298 1691 1731 1753 scandalizatur,
1759 1694 1811 1745 et
1852 1706 1946 1759 ego
1995 1706 2102 1745 non

2207 473 2360 528 omni
2369 471 2626 544 'puritate
2639 472 3001 528 conscientiae
3022 489 3201 545 usque
3215 472 3286 527 ad
3303 472 3595 545 sanguinis
3620 472 3851 528 eﬁ‘usio-

2176 583 2338 637 \nem
2365 566 2742 637 defendimus,
2791 583 2920 638 quae
2961 566 3034 622 ab
3078 567 3343 639 apostolis
3393 567 3618 636 tradita,
3651 571 3712 622 et
3739 583 3850 639 per

2204 675 2551 718 successores
2576 675 2774 715 eorum
2801 659 3191 716 inviolabiliter
3209 659 3502 729 custodita,
3533 660 3846 716 reverenda

2204 753 2427 808 Nicaena
2455 753 2705 825 synodus
2727 757 3112 810 trecentorum
3143 753 3340 808 decem
3367 759 3425 808 et
3448 757 3577 808 octo
3605 755 3842 809 Patrum

2204 847 2448 919 suscepit
2474 852 2646 918 atque
2675 847 2906 920 reliquit
2926 846 3180 921 [redegit]
3207 847 3267 902 in
3284 847 3632 919 symbolum,
3658 848 3758 902 sed
3785 853 3842 904 et

2201 941 2818 1013 ConstantinOpolitana
2837 945 3066 997 centum
3083 946 3138 997 et
3161 941 3574 1015 quinquaginta
3603 944 3838 998 Patrum

2202 1035 2305 1090 sub
2331 1035 2442 1106 pize
2474 1035 2764 1090 memoriae
2799 1034 3108 1115 Theodosio
3159 1035 3379 1091 seniore
3428 1035 3689 1109 principe
3740 1036 3825 1090 fa-

2202 1133 2401 1198 ctum;
2432 1127 2605 1183 etiam
2648 1127 2930 1199 Ephesina
2969 1128 3176 1200 prima,
3207 1128 3299 1183 cui
3337 1128 3605 1200 praesedit
3653 1128 3837 1183 beatae

2201 1221 2606 1276 recordationis
2622 1221 3002 1292 praedecessor
3018 1226 3212 1276 noster
3222 1221 3554 1278 Ccelestinus
3566 1222 3841 1277 Romanae

2199 1313 2356 1370 urbis
2395 1315 2645 1384 antistes,
2677 1319 2734 1370 et
2775 1313 3011 1386 Cyrillus
3049 1315 3445 1370 Alexandrinae
3494 1315 3833 1387 episcopus:

2167 1407 2177 1416 “
2202 1407 2300 1462 sed
2325 1412 2382 1463 et
2408 1408 2874 1464 Chalcedonensis
2899 1413 3294 1464 sexcentorum
3317 1409 3556 1480 triginta
3583 1414 3837 1480 patrum,

2201 1519 2329 1574 quae
2359 1503 2462 1556 sub
2492 1503 2602 1573 piae
2631 1502 2920 1558 memoriae
2947 1502 3224 1558 Marciano
3253 1503 3596 1575 imperatore
3629 1518 3836 1558 conve-

2201 1595 2318 1650 nit:
2347 1595 2551 1666 cuique
2581 1599 2790 1650 sanctae
2810 1595 3209 1652 recordationis
3235 1613 3380 1668 papa
3404 1597 3514 1652 Leo
3542 1612 3650 1668 per
3675 1597 3838 1669 lega-

2202 1692 2286 1743 tos
2308 1689 2544 1744 vicarios
2573 1706 2700 1744 suos
2740 1689 3040 1761 przesedit;
3083 1693 3142 1746 et
3165 1695 3228 1745 ut
3251 1689 3605 1746 diversarum
3646 1690 3840 1746 haere-

471 1794 640 1848 uror?
666 1793 734 1846 Et
759 1788 896 1844 alibi
920 1788 968 1858 (Ι
991 1788 1112 1845 Cor.
1151 1785 1246 1855 xu)
1279 1803 1292 1840 :
1326 1785 1466 1852 Quia
1491 1787 1708 1857 patitur
1745 1799 1912 1839 unum
1942 1800 2100 1840 mem-
2119 1783 2174 1856 Β
2197 1797 2326 1838 sum
2355 1783 2675 1838 damnanda
2715 1783 2978 1854 exigebat
3015 1783 3341 1855 adversitas,
3372 1785 3636 1840 eamdem
3657 1785 3841 1840 ﬁdem

473 1885 646 1949 brum,
664 1884 1069 1952 compatiuntur
1086 1881 1266 1934 omnia
1284 1879 1540 1933 membra.
1563 1879 1759 1934 Postea
1773 1894 1908 1950 ergo
1927 1894 2100 1950 quam

469 1979 616 2035 Deus
643 1975 1000 2048 omnipotens
1015 1989 1118 2046 pro
1140 1971 1404 2027 felicitate
1425 1971 1874 2028 Christianorum
1895 1973 2100 2044 princi-

467 2090 606 2146 pum
633 2088 736 2144 per
744 2070 964 2125 labores
975 2073 1145 2140 atque
1165 2065 1608 2121 sollicitudinem
1617 2065 1719 2122 ﬁlii
1731 2066 1908 2121 nostri
1921 2066 2099 2121 excel-

467 2163 764 2224 lentissimi
777 2157 1071 2234 Sniaragdi
1089 2159 1314 2216 exarchi
1331 2164 1389 2214 et
1400 2158 1733 2213 chartularii
1744 2159 1886 2214 sacri
1900 2160 2098 2232 palatii

465 2275 665 2332 pacem
677 2256 838 2312 nobis
849 2255 1080 2312 interim
1093 2254 1184 2308 vel
1200 2252 1455 2325 quietem
1471 2251 1683 2308 donare
1703 2253 1970 2324 dignatus
1990 2256 2092 2322 est,

469 2369 600 2408 cum
628 2349 786 2408 omni
807 2348 1178 2406 sollicitudine
1204 2347 1536 2402 festinamus
1561 2346 1862 2417 praesentia
1895 2346 1967 2401 ad
1999 2363 2096 2402 vos

467 2445 677 2517 scripta
705 2444 969 2515 dirigere,
1001 2442 1295 2496 hortantes
1319 2444 1377 2495 et
1405 2439 1783 2510 obsecrantes,
1816 2456 1890 2494 ne
1917 2440 1976 2495 in
2003 2439 2091 2495 di-

464 2538 677 2594 visione
703 2537 957 2592 ecclesiaa
987 2533 1220 2590 ulterius
1247 2535 1550 2606 quisquam
1594 2533 1815 2590 studeat
1857 2551 2091 2606 perma-

463 2647 624 2688 nere.
643 2632 751 2686 Nos
778 2630 936 2686 enim
963 2628 1274 2685 secundum
1289 2627 1670 2700 evangelicam
1694 2643 1890 2684 vocem
1908 2629 2094 2684 stude-

462 2743 593 2782 mus
631 2721 972 2780 fraternitati
998 2739 1062 2778 ac
1098 2722 1391 2778 dilectioni
1436 2724 1658 2792 vestrae,
1703 2721 1762 2776 in
1814 2728 2092 2794 quantum

460 2818 738 2892 fragilitas
760 2821 951 2874 nostra
976 2816 1202 2883 sufﬁcit,
1230 2832 1360 2888 quae
1401 2815 1565 2872 nobis
1583 2815 1740 2888 jussa
1774 2821 1927 2884 sunt,
1956 2833 2089 2871 cum

461 2914 778 2970 sinceritate
807 2910 990 2967 cordis
1009 2909 1307 2965 humiliter
1332 2909 1628 2965 exhibere.
1651 2909 1836 2964 Nostis
1857 2910 2012 2964 enim
2031 2910 2092 2965 in

459 3006 770 3078 Evangelio
800 3003 1108 3060 Dominum
1137 3003 1589 3075 proclamantem
1629 3003 1773 3074 (Luc.
1807 3004 1966 3074 xxn):
2007 3005 2091 3061 Si-

459 3115 603 3164 mon,
623 3101 827 3169 Simon,
847 3114 960 3154 ecce
977 3097 1213 3152 Satanas
1239 3098 1496 3167 expetivit
1522 3111 1633 3159 vos,
1647 3101 1711 3151 ut
1727 3097 1989 3152 cribraret
2016 3099 2088 3152 si-

458 3197 550 3249 cut
576 3161 848 3259 triticum;
882 3206 976 3261 ego
1004 3195 1184 3246 autem
1207 3161 1400 3258 rogavi
1417 3204 1522 3260 pro
1548 3195 1596 3244 te
1622 3191 1858 3253 Patrem,
1883 3195 1948 3246 ut
1980 3207 2086 3247 non
2106 3161 2161 3236 Ο

455 3287 670 3358 deﬁciat
692 3287 822 3357 ﬁdes
839 3291 956 3349 tua,
984 3287 1035 3340 et
1063 3288 1122 3339 tu
1141 3299 1419 3340 conversus
1447 3285 1698 3353 conﬁrma
1723 3283 1930 3354 fratres
1949 3289 2082 3342 tuos.

524 3381 906 3448 Considerate,
938 3377 1275 3447 charissimi,
1299 3377 1432 3450 quia
1459 3377 1666 3433 veritas
1710 3378 1943 3434 mentiri
1971 3395 2087 3438 non

452 3476 653 3549 potuit,
683 3489 789 3531 nec
822 3474 963 3530 ﬁdes
988 3473 1142 3528 Petri
1175 3471 1236 3527 in
1265 3475 1544 3527 aeternum
1587 3471 1842 3544 quassari
1880 3474 2086 3544 poterit

451 3571 539 3625 vel
567 3569 808 3624 mutari:
834 3585 971 3623 nam
996 3583 1126 3624 cum
1156 3582 1362 3622 omnes
1391 3565 1698 3637 discipulos
1722 3566 1978 3622 diabolus
2012 3568 2085 3623 ad

451 3661 894 3719 excribrandum
913 3661 1255 3733 poposcerit,
1274 3677 1378 3732 pro
1397 3660 1514 3714 solo
1531 3661 1696 3715 Petro
1723 3677 1783 3714 se
1806 3661 2083 3717 Dominus

450 3771 676 3828 rogasse
701 3757 964 3823 testatur,
989 3759 1044 3810 et
1069 3754 1138 3809 ab
1165 3770 1232 3809 eo
1258 3754 1435 3810 voluit
1462 3758 1690 3809 caeteros
1713 3755 2038 3810 conﬁrmari
2060 3773 2078 3826 ;

451 3849 542 3904 cui
569 3847 740 3904 etiam
777 3865 881 3919 pro
912 3847 1112 3919 majori
1161 3847 1462 3902 dilectione
1496 3861 1668 3919 quam
1717 3864 1837 3919 prae
1864 3849 2080 3904 caeteris

451 3941 688 3997 Domino
735 3940 1016 4010 exibebat,
1064 3939 1479 4011 paseendarum
1521 3939 1714 3994 ovium
1759 3941 2080 3998 sollicitudo

451 4035 754 4092 commissa
779 4038 890 4090 est:
920 4033 1012 4088 cui
1042 4039 1098 4089 et
1123 4033 1304 4089 claves
1320 4033 1486 4104 regni
1512 4034 1784 4088 caelorum
1812 4035 2074 4106 tradidit;

449 4131 506 4186 et
530 4145 704 4200 super
741 4143 915 4200 quem
945 4126 1247 4182 Ecclesiam
1293 4143 1458 4181 suam
1505 4127 1916 4182 aediﬁcaturum
1958 4144 2078 4186 esse

443 4216 729 4292 promisit,
758 4234 863 4273 uec
887 4222 1077 4289 portas
1095 4215 1306 4271 inferni
1323 4215 1592 4270 adversus
1613 4233 1744 4272 eam
1769 4219 2078 4290 praevalere

443 4318 677 4370 testatus
721 4316 806 4369 est
833 4311 1049 4384 (Matth.
1086 4310 1194 4382 l6).
1234 4309 1340 4366 Sed
1367 4307 1501 4382 quia
1538 4309 1799 4366 inimicus
1836 4313 2078 4368 humani

446 4409 670 4482 generis
682 4423 862 4481 usque
888 4407 947 4462 in
963 4407 1140 4461 ﬁnem
1166 4403 1359 4460 saeculi
1384 4421 1499 4460 non
1521 4404 1758 4476 quiescit
1781 4405 1842 4460 in
1855 4406 2077 4461 Domini

445 4503 746 4560 Ecclesiam
776 4502 926 4558 bono
953 4500 1156 4558 semini
1184 4499 1638 4572 superseminare
1665 4500 1897 4568 zizania,
1919 4500 2071 4557 ideo-

445 4609 556 4668 que
583 4612 655 4652 ne
675 4596 820 4652 forte
835 4596 1138 4668 quisquam
1157 4594 1406 4668 maligno
1432 4593 1619 4649 studio
1645 4594 1835 4666 aliqua
1848 4594 1916 4650 de
1941 4594 2076 4650 ﬁdei

443 4694 651 4746 nostra
676 4689 1003 4762 integritate
1028 4687 1234 4744 diaboli
1274 4687 1638 4760 instigatione
1679 4687 1896 4760 ﬁngere
1925 4705 2071 4761 prae-

443 4783 750 4858 sumpserit
784 4787 842 4838 et
867 4781 1278 4855 argumentari,
1307 4785 1364 4838 et
1405 4799 1476 4837 ex
1501 4783 1606 4837 hoc
1631 4782 1802 4838 vestri
1835 4782 2072 4840 fortasse

440 4873 738 4930 videantur
750 4873 928 4928 animi
953 4871 1293 4944 perturbari,
1305 4872 1682 4927 necessarium
1691 4872 1714 4943 j
1724 4872 2072 4928 udicavimus

441 4980 544 5037 per
566 4971 906 5038 praesentem
935 4965 1230 5040 epistolam
1259 4967 1532 5034 nostram,
1561 4969 1618 5020 et
1647 4966 1717 5020 ad
1744 4965 1954 5022 viscera
1975 4983 2070 5021 vos

439 5059 634 5119 matn's
662 5059 920 5118 Ecclesia:
953 5065 1018 5116 ut
1057 5057 1268 5116 reverti
1311 5057 1583 5128 debeatis,
1631 5075 1762 5114 cum
1805 5059 2070 5133 lacrymis

439 5151 746 5223 exhortari,
763 5157 819 5209 et
833 5149 903 5209 de
919 5152 1049 5210 ﬁdei
1076 5159 1284 5210 nostra».
1308 5151 1632 5224 integritate
1657 5153 1816 5208 vobis
1829 5154 2070 5210 satisfac-

438 5246 685 5302 ctionem
709 5247 963 5304 nostram
993 5249 1250 5319 mittere;
1297 5251 1574 5322 quatenus
1608 5247 1765 5302 nulla
1807 5248 1983 5319 possit
2007 5249 2068 5306 in

439 5339 701 5396 cordibus
728 5340 922 5394 vestris
951 5341 1020 5395 de
1064 5342 1225 5398 nobis
1260 5358 1560 5398 remanere
1609 5341 1873 5414 suspicio,
1899 5346 1966 5398 ut
2005 5341 2068 5397 in

437 5435 610 5491 divini
635 5433 1029 5506 tremendique
1059 5435 1259 5505 judicii
1288 5437 1378 5492 die
1404 5437 1473 5493 de
1509 5435 1888 5493 taciturnitate
1937 5453 2068 5492 mea

436 5546 566 5586 reus
590 5525 829 5585 inveniri
855 5543 970 5582 non
998 5529 1229 5600 possim.

435 5647 641 5729 animis
662 5645 1318 5729 schismaticorummale
1337 5647 1548 5729 aﬁ'ectis
1565 5648 1718 5729 nihil
1746 5647 2062 5729 prodesset,

432 5719 684 5792 imitatus
710 5719 1004 5792 Pelagium
1029 5720 1071 5790 l,
1095 5719 1360 5792 adversus
1382 5719 1534 5790 ipsos
1564 5719 1936 5792 Smara'gdum
1966 5722 2066 5792 υθέ

433 5786 525 5863 lite
565 5786 876 5863 exarchuni
908 5786 1194 5847 Ravennae
1231 5786 1534 5861 degentem
1571 5786 1911 5861 exagitavit:
1965 5791 2064 5863 qui

433 5857 586 5914 haud
623 5860 866 5934 impigre
916 5863 1144 5920 eosdem
1169 5857 1431 5918 coercere
1473 5857 1772 5932 aggreséus
1801 5867 1916 5930 est,
1956 5857 2061 5916 nec

2201 1892 2312 1931 uno
2348 1876 2659 1948 eodemque
2696 1893 2864 1932 sensu
2905 1877 3212 1932 clamanter
3262 1875 3609 1951 [clamantes]
3665 1879 3838 1933 latius

2196 1969 2514 2026 ediderunt.
2545 1970 2654 2026 Sed
2697 1974 2755 2026 et
2791 1969 3084 2042 epistolam
3111 1971 3368 2043 praedicti
3393 1971 3577 2026 beata:
3604 1988 3826 2028 memo-

2196 2063 2296 2118 ria:
2326 2064 2526 2119 Leonis
2550 2065 2620 2120 ad
2641 2065 2975 2120 Flavianum
3006 2065 3694 2138 Constantinopolitanum
3724 2067 3838 2138 cpi—-

2196 2173 2431 2228 scopum
2463 2157 2670 2226 datam,
2699 2175 2827 2231 qua:
2855 2161 2912 2214 et
2938 2163 3126 2214 tomus
3149 2160 3486 2232 appellatur,
3515 2176 3624 2231 per
3640 2160 3836 2215 omnia

2195 2265 2550 2322 veneramur,
2578 2257 2856 2322 tenemus,
2892 2251 3269 2322 defendimus,
3307 2257 3476 2325 atque
3511 2254 3834 2309 secundum

2195 2344 2316 2415 ejus
2348 2349 2630 2416 tenorem,
2667 2345 2969 2417 adiuvante
3014 2346 3279 2412 Domino,
3324 2347 3732 2418 pradicamus.
3764 2348 3834 2402 Et

2194 2437 2338 2493 sicut
2363 2439 2739 2510 przedecessor
2751 2443 2942 2495 noster
2960 2455 3108 2512 saepe
3134 2439 3314 2496 dictus
3330 2440 3512 2496 beatae
3531 2441 3832 2498 memoria

2191 2547 2336 2603 papa
2361 2532 2470 2587 Leo
2499 2533 2778 2604 synodum
2817 2533 3341 2589 Chalcedonensem
3383 2535 3637 2607 suscepit
3657 2539 3831 2608 atque

2191 2624 2457 2692 ﬁrmavit,
2495 2626 2572 2681 ita
2601 2632 2658 2682 et
2681 2644 2782 2682 nos
2807 2644 2912 2700 per
2939 2627 3152 2698 omnia,
3181 2631 3450 2700 operante
3473 2629 3668 2684 divina
3693 2646 3828 2702 gra-

2192 2718 2286 2788 tia,
2319 2735 2674 2790 veneramur,
2697 2721 3048 2777 custodimus
3075 2724 3244 2793 atque
3270 2721 3653 2778 defendimus.

2259 2813 2315 2868 Si
2341 2813 2469 2885 quis
2518 2817 2708 2869 autem
2748 2819 2944 2870 contra
2987 2815 3131 2870 hanc
3175 2815 3346 2870 ﬁdem
3388 2820 3489 2871 aut
3515 2816 3688 2888 sapit,
3731 2821 3829 2872 aut

2189 2904 2386 2976 credit,
2414 2912 2514 2962 aut
2541 2907 2740 2964 docere
2776 2908 3073 2980 presumit
3123 2909 3438 2966 secundum
3483 2909 3826 2966 eorumdem

2187 3001 2419 3056 Patrum
2441 3002 2796 3070 sententiam,
2825 3003 3160 3058 damnatum
3185 3009 3354 3075 atque
3387 3003 3824 3059 anathematiza-

2187 3098 2311 3149 tum
2335 3110 2393 3150 se
2419 3111 2540 3151 esse
2566 3101 2886 3167 cognoscat.
2911 3097 3033 3152 Non
3059 3111 3198 3170 ergo
3223 3096 3519 3170 patiamini
3542 3097 3704 3153 falsis
3735 3115 3824 3154 su-

2185 3188 2529 3260 spicionibus
2557 3193 2655 3244 aut
2673 3190 2996 3246 rumoribus
3023 3192 3210 3248 denuo
3239 3191 3465 3262 agitari,
3499 3195 3556 3246 et
3585 3191 3648 3246 in
3675 3193 3818 3248 divi-

2184 3283 2342 3338 sione
2388 3283 2644 3340 Ecclesiae
2687 3285 2965 3340 malorum
3009 3285 3309 3341 hominum
3355 3287 3819 3357 persuasionibus

2187 3375 2362 3448 (quod
2402 3382 2618 3434 avertat
2659 3378 2950 3450 Dominus)
2977 3395 3289 3436 remanere.
3319 3379 3464 3444 Quid
3493 3381 3652 3435 enim
3677 3397 3816 3437 vosa

2184 3474 2389 3525 sancta:
2419 3471 2677 3526 Ecclesiae
2698 3472 2911 3528 unitate
2939 3472 3185 3529 dividitis
3200 3473 3229 3528 ἲ
3253 3473 3479 3546 quando
3495 3474 3643 3530 nihil
3663 3477 3813 3543 novi,

2183 3563 2324 3618 nihil
2356 3561 2523 3636 [quod
2548 3565 2710 3636 absit]
2739 3566 3091 3623 contrarium
3118 3567 3178 3623 in
3203 3566 3351 3623 dicta
3377 3567 3631 3624 Ecclesia
3671 3586 3813 3642 prae-

2183 3657 2357 3713 dicari
2381 3657 2714 3731 cognoscitis
2739 3660 2827 3716 vel
2851 3661 3077 3717 teneri?
3107 3661 3213 3718 Sed
3239 3677 3412 3716 unam
3437 3662 3815 3737 eamdemque

2181 3751 2371 3823 ﬁdem,
2391 3769 2519 3825 qum
2547 3753 2617 3808 ab
2644 3755 2904 3826 apostolis
2931 3755 3152 3825 tradita,
3181 3760 3238 3811 et
3262 3771 3296 3809 a
3318 3756 3528 3811 sanctis
3557 3758 3816 3814 Patr-ibus

2180 3849 2236 3902 et
2253 3846 2536 3917 praedictis
2561 3853 2806 3920 quatuor
2827 3848 3052 3922 synodis
3080 3849 3380 3922 explanata
3410 3853 3583 3922 atque
3613 3853 3816 3908 conﬁr-

2179 3945 2330 3995 mata
2353 3941 2720 4012 dignoscitur,
2749 3942 3125 3998 sincerissime
3161 3943 3343 4000 teneri
3379 3947 3552 4016 atque
3587 3945 3813 4003 defendi

2179 4034 2360 4090 modis
2388 4035 2650 4090 omnibus
2688 4037 3110 4108 comprobatur.
3141 4037 3243 4093 Ubi
3286 4053 3424 4110 ergo
3449 4038 3518 4093 de
3545 4039 3684 4096 ﬁdei
3725 4041 3814 4096 ﬁr~

2177 4127 2372 4183 mitate
2398 4127 2555 4184 nulla
2578 4129 2736 4184 vobis
2753 4130 2960 4202 poterit
2985 4130 3220 4202 quaestio
3245 4133 3332 4187 vel
3357 4132 3604 4205 suspicio
3633 4151 3808 4207 gene-

2178 4223 2311 4292 rari,
2333 4220 2394 4277 in
2437 4221 2654 4278 unitate
2695 4223 2846 4294 ﬁdei,
2877 4229 3048 4296 atque
3088 4225 3146 4280 in
3194 4226 3319 4281 sinu
3359 4231 3566 4284 sancte
3611 4230 3809 4286 matris

2177 4316 2470 4372 catholica:
2513 4320 2683 4389 atque
2732 4318 3058 4390 apostolicae,
3080 4320 3334 4376 Ecclesiae
3358 4323 3800 4392 permanere.Si

2175 4411 2310 4482 quid
2335 4410 2478 4466 forte
2507 4428 2688 4466 causa:
2718 4415 2818 4480 est,
2850 4412 3002 4468 unde
3031 4413 3201 4468 vestri
3237 4415 3601 4471 scandalizati
3633 4417 3806 4473 animi

2174 4505 2492 4574 videantur,
2519 4509 2813 4562 manentes
2837 4505 2900 4562 in
2927 4507 3161 4562 unitatis
3195 4508 3489 4581 charitate,
3517 4510 3712 4583 eligite
3737 4511 3804 4567 de

2172 4598 2438 4654 fratribus
2468 4615 2532 4654 ac
2573 4599 2701 4654 ﬁliis
2749 4601 2974 4671 nostris,
3003 4617 3145 4674 quos
3193 4602 3264 4657 ad
3306 4619 3428 4673 nos,
3461 4604 3804 4676 inquirendo

2181 4690 2267 4765 [in
2307 4693 2644 4765 quaerendo]
2687 4693 2757 4750 de
2800 4693 3005 4766 quibus
3055 4696 3381 4767 movemini,
3413 4698 3802 4756 transmittam

2173 4786 2422 4842 debeatis
2447 4805 2464 4857 ;
2493 4793 2552 4844 et
2572 4787 2756 4859 parati
2781 4805 2975 4844 sumus
3015 4790 3328 4846 secundum
3363 4793 3804 4864 praeceptionem

2171 4880 2533 4952 apostolicam
2569 4879 2617 4954 [Ι
2636 4885 2780 4938 Petr.
2809 4881 2915 4955 Ill],
2949 4887 3006 4938 et
3040 4899 3172 4938 cum
3191 4883 3464 4941 charitate
3494 4901 3596 4941 eos
3627 4887 3802 4942 susci-

2169 4991 2326 5046 pere,
2360 4979 2565 5030 etcum
2591 4975 2910 5032 humilitate
2935 4977 3008 5032 ad
3031 4977 3235 5049 placita
3253 4978 3649 5035 satisfactionis
3672 4982 3801 5037 red-

2169 5068 2300 5124 dere
2313 5068 2620 5140 rationem;
2653 5075 2708 5126 et
2725 5069 2846 5126 sine
2859 5069 3048 5142 aliquo
3067 5070 3472 5144 impedimento
3486 5090 3624 5130 cum
3646 5073 3802 5131 omni

2169 5162 2484 5234 dilectione,
2515 5163 2744 5236 quando
2770 5165 2976 5222 reverti
2999 5165 3301 5235 voluerint,
3326 5166 3618 5225 voluntate
3632 5169 3805 5226 since-

2167 5255 2390 5312 rissima
2413 5257 2690 5333 relegare.

2235 5351 2544 5408 Audiamus
2570 5355 2763 5407 autem
2789 5350 3082 5408 Doctorem
3121 5354 3379 5426 gentium
3399 5356 3749 5414 clamantem
3780 5375 3796 5415 :

2163 5445 2316 5502 Sicut
2365 5448 2642 5517 accepistis
2688 5448 2960 5504 Christum
3002 5450 3180 5504 Iesum
3229 5452 3542 5516 Dominum,
3576 5454 3637 5506 in
3682 5455 3802 5524 ipso

2166 5540 2459 5604 ambulate,
2487 5540 2726 5596 radicati
2752 5544 2804 5596 et
2831 5543 3252 5614 superavdiﬁcati
3275 5545 3332 5599 in
3357 5546 3498 5616 ipso,
3533 5551 3587 5601 et
3614 5549 3803 5617 conﬁr-

2165 5655 2414 5736 cessavit,
2447 5671 2740 5738 quousque
2760 5656 3491 5738 depascentem__Ecclesiam
3527 5662 3800 5738 morbum

2165 5739 2234 5807 ex
2258 5728 2326 5780 iis
2349 5728 2694 5807 regionibus,
2721 5728 2862 5807 teste
2892 5729 3134 5787 Diacono
3154 5731 3254 5788 lib.
3283 5748 3344 5789 ιιι
3364 5749 3488 5806 cap.
3517 5737 3612 5805 2i,
3637 5735 3802 5807 peni-

2163 5802 2255 5854 tus
2279 5798 2545 5856 auferret.
2578 5798 2705 5856 επ.
2734 5801 2854 5857 Bm.
