4058 6190
253 251 340 307 709

1513 249 1853 308 EPISTOLIE
1891 249 1976 308 ΕΤ
2011 251 2340 310 DECRETA.

3493 257 3598 318 ἨΟ

247 357 372 414 mati
384 355 442 411 in
468 351 596 426 ﬁde,
626 349 766 410 sicut
792 352 1084 419 didicistis,
1116 355 1461 413 abundantes
1479 359 1540 412 in
1557 361 1864 426 gratiarum
1885 372 1944 444 Α
1963 375 2076 416 una
2105 376 2199 430 spe
2223 361 2521 417 vocationis
2550 365 2758 418 vestrae.
2793 362 2944 419 Unus
2969 360 3250 428 Dominus,
3283 377 3399 420 una
3434 367 3590 436 ﬁdes,

243 453 456 507 actione.
499 449 687 506 Videte
711 465 779 504 ne
805 451 927 519 quis
952 465 1044 505 vos
1075 450 1312 522 decipiat
1329 467 1432 521 per
1461 453 1866 523 philosophiam
1963 470 2131 510 unum
2163 455 2454 526 baptisma,
2485 469 2628 511 unus
2653 459 2796 512 Deus
2821 461 2874 512 et
2895 459 3057 514 Pater
3081 460 3341 522 omnium,
3374 461 3472 528 qui
3493 474 3589 514 su-

242 550 288 600 et
311 547 524 600 inanem
547 544 852 612 fallaciam,
886 559 982 600 nec
1015 545 1090 600 ad
1115 548 1503 602 contentionem
1541 552 1640 601 aut
1670 563 1858 617 super-

241 641 367 709 fluas
411 639 731 708 quaestiones
766 642 947 694 vestra
985 639 1219 694 ulterius
1267 640 1452 695 studia
1483 646 1863 698 convertantur

241 732 446 802 (Coloss.
480 730 562 803 II).
595 733 804 787 Vocem
835 732 1099 803 ejusdem
1123 733 1517 805 apostolicum
1537 733 1861 790 humilitate

239 825 414 881 cordis
452 825 770 894 attendite;
803 825 884 881 sic
915 827 1072 882 enim
1105 827 1360 883 scribens
1391 828 1467 882 ad
1497 828 1860 884 Timotheum

241 921 344 974 ait:
376 919 585 975 Stultus
605 924 784 975 autem
805 925 856 976 et
865 923 980 976 sine
1005 921 1298 994 disciplina
1317 925 1636 992 quaestiones
1657 923 1856 987 devita,

237 1015 392 1069 sciens
418 1015 556 1084 quia
577 1019 840 1082 generant
865 1016 1015 1082 lites;
1043 1030 1258 1072 servum
1293 1021 1474 1072 autem
1507 1019 1724 1082 Domini
1751 1032 1860 1072 non

236 1111 428 1178 oportet
457 1107 676 1176 litigare
695 1108 774 1178 (II
803 1111 939 1164 Tim.
973 1109 1064 1182 11);
1088 1113 1146 1165 et
1163 1111 1376 1168 iterum
1401 1110 1474 1166 ad
1495 1109 1853 1167 Corinthios:

241 1203 294 1260 Si
315 1203 434 1271 quis
457 1205 640 1256 autem
659 1201 878 1257 videtur
899 1205 1045 1260 inter
1078 1219 1172 1260 vos
1197 1208 1556 1262 contentiosus
1581 1219 1711 1268 esse,
1749 1221 1858 1260 non

237 1295 387 1350 talem
418 1295 866 1352 consuetudinem
911 1313 1022 1354 non
1066 1299 1342 1363 habemus,
1391 1314 1566 1370 neque
1617 1299 1858 1354 Ecclesia

235 1391 326 1445 Dei
347 1387 396 1461 (Ι
416 1388 536 1444 Cor.
572 1388 680 1461 x1);
712 1392 770 1445 et
816 1389 1028 1446 iterum
1070 1396 1198 1463 post
1244 1393 1400 1448 alia:
1440 1395 1566 1450 Non
1599 1398 1677 1448 est
1713 1395 1856 1448 Deus

239 1482 599 1547 dissensionis,
629 1484 725 1540 sed
739 1487 918 1556 pacis.

299 1575 665 1633 Considerate
682 1578 987 1650 ergo,quia
997 1579 1324 1653 quicunque
1335 1581 1395 1636 in
1409 1597 1551 1654 pace
1563 1583 1622 1637 et
1635 1581 1854 1636 unitate

237 1669 480 1726 Ecclesiae
510 1687 632 1727 non
662 1672 855 1739 fuerit,
887 1674 1200 1729 Dominum
1231 1675 1446 1730 habere
1467 1692 1586 1730 non
1616 1675 1848 1747 poterit.

1954 563 2056 617 per
2075 551 2279 612 omnia,
2309 553 2361 604 et
2373 565 2478 619 per
2507 552 2709 612 omnia,
2738 556 2788 606 et
2827 553 2886 605 in
2909 552 3155 606 omnibus
3184 553 3337 608 nobis
3371 553 3586 624 (Ephes.

1959 641 2036 713 v).
2064 642 2134 696 Et
2174 641 2312 696 dum
2344 643 2490 697 tales
2533 643 2962 700 exhortationes
3000 645 3342 716 apostolicae
3383 645 3596 702 habea-

1959 751 2109 804 mus,
2143 735 2270 808 quis
2317 753 2424 791 nos
2467 737 2758 808 separabit
2800 753 2834 792 a
2877 737 3175 806 charitate,
3223 755 3351 809 quae
3393 742 3480 794 est
3528 739 3588 795 in

1957 829 2179 884 Christo
2207 831 2340 885 Jesu
2368 830 2614 886 Domino
2647 831 2886 886 nostro?
2917 830 2974 886 Si
3005 831 3160 886 enim
3192 847 3322 887 cum
3352 833 3585 888 humili-

1958 925 2075 977 tate
2115 925 2172 976 et
2208 922 2348 978 ﬂetu
2391 924 2702 995 diligenter
2741 925 3116 995 intendimus,
3157 925 3590 983 consideramus

1960 1019 2016 1070 et
2029 1015 2406 1088 intelligimus
2429 1017 2584 1088 quod
2602 1017 2696 1074 ille
2715 1019 2786 1074 sit
2805 1018 3108 1074 insidiator
3131 1023 3346 1088 noster,
3370 1019 3440 1074 de
3471 1037 3586 1092 quo

1959 1108 2178 1164 dictum
2203 1113 2314 1167 est:
2335 1111 2476 1178 Quia
2499 1112 2850 1168 adversarius
2863 1118 3037 1168 vester
3047 1113 3317 1178 diabolus,
3341 1115 3480 1170 sicut
3506 1115 3587 1170 leo

1954 1206 2178 1274 rugiens
2193 1207 2385 1262 circuit
2403 1221 2650 1276 quaerens
2669 1223 2825 1277 quem
2850 1207 3064 1262 devoret
3084 1206 3134 1278 (Ι
3143 1208 3256 1262 Pet.
3271 1206 3358 1279 v);
3391 1207 3482 1262 cui
3493 1224 3583 1263 se-

1957 1297 2208 1353 cundum
2228 1299 2278 1370 ej
2289 1298 2490 1354 usdem
2511 1299 2752 1371 apostoli
2777 1299 3256 1368 exhortationem,
3271 1315 3402 1355 cum
3425 1301 3584 1358 omni

1956 1407 2062 1447 nos
2079 1391 2388 1448 concordia
2409 1396 2468 1447 et
2485 1391 2708 1447 unitate
2726 1393 2786 1447 in
2803 1389 3140 1448 fortitudine
3153 1392 3290 1448 ﬁdei
3317 1393 3582 1450 resistere

1956 1488 2129 1557 atque
2149 1485 2380 1541 obviare
2413 1501 2647 1542 necesse
2669 1489 2774 1541 est.
2792 1487 3064 1558 Exemplo
3087 1485 3244 1541 enim
3265 1502 3467 1542 omnes
3496 1487 3581 1543 di-

1955 1579 2217 1648 dicimus,
2233 1578 2768 1635 charissimifratres
2785 1597 2850 1636 ac
2864 1580 2985 1649 ﬁlii,
3008 1582 3226 1652 quanta
3237 1582 3391 1636 mala
3409 1597 3587 1653 quan-

1953 1675 2126 1745 taque
2143 1673 2372 1745 ﬂagella
2391 1673 2734 1733 divisionem
2746 1673 3008 1729 Ecclesiae
3027 1674 3243 1729 fuerint
3257 1674 3578 1732 subsecuta.

236 1767 362 1819 ltem
399 1765 472 1820 ad
502 1765 735 1822 Galatas
766 1766 1022 1822 scribens
1052 1768 1134 1823 ait
1166 1786 1179 1824 :
1221 1771 1328 1838 Qui
1367 1785 1434 1824 ea:
1468 1770 1574 1839 fide
1614 1745 1762 1834 sunt,
1795 1745 1928 1825 ΜΒ
1953 1766 2113 1822 Unde
2153 1767 2212 1822 in
2244 1766 2420 1838 ipsius
2449 1767 2867 1835 misericordia,
2899 1767 3032 1822 licet
3060 1767 3304 1839 indigni,
3337 1769 3582 1824 conﬁdi-

237 1863 349 1914 sunt
360 1860 460 1928 ﬁlii
470 1859 522 1914 Α
532 1860 714 1915 brahz
725 1860 869 1932 (Gal.
887 1861 988 1933 III).
1005 1862 1316 1918 Providens
1327 1866 1524 1918 autem
1537 1862 1848 1934 Scriptura,

235 1952 356 2024 quia
401 1970 467 2008 ex
507 1953 624 2008 ﬁde
659 1953 938 2024 justiﬁcat
979 1959 1182 2027 gentes
1230 1958 1398 2024 Deus,
1443 1956 1852 2028 praenuntiavit

233 2047 474 2114 Abrahae,
508 2050 646 2117 quia
677 2047 1058 2106 benedicentur
1080 2053 1142 2105 in
1168 2053 1218 2105 te
1241 2064 1422 2105 omnes
1441 2056 1622 2118 gentes
1638 2052 1846 2123 (Genes.

233 2139 366 2210 xm).
402 2139 587 2210 Igitur
617 2141 714 2212 qui
747 2159 815 2196 ex
844 2143 959 2198 ﬁde
989 2146 1141 2212 sunt,
1173 2143 1592 2200 benedicentur
1619 2162 1749 2200 cum
1780 2146 1844 2200 ﬁ-

234 2233 334 2288 deli
345 2233 663 2290 Abraham.
679 2235 866 2301 Quam
881 2253 1020 2309 ergo
1039 2236 1465 2294 excusationem
1484 2238 1636 2310 apud
1659 2239 1849 2294 Domi-

232 2343 356 2382 num
372 2332 499 2400 post
511 2333 865 2400 praesentem
888 2331 1338 2388 satisfactionem
1359 2336 1616 2388 nostram
1634 2332 1848 2388 habere

231 2419 446 2476 ulterius
481 2421 746 2494 potestis,
773 2425 1005 2496 quando
1041 2426 1198 2482 nulla
1221 2425 1383 2482 vobis
1395 2427 1466 2482 de
1486 2425 1622 2481 ﬁdei
1639 2431 1849 2482 nostrae

231 2513 534 2572 sinceritate
557 2520 618 2572 et
627 2517 876 2590 puritate
889 2520 1175 2576 contraria
1196 2521 1438 2593 suspicio
1465 2520 1796 2576 remanebit
1818 2520 1848 2576 ?

232 2607 414 2666 Audite
425 2614 776 2683 potestatem
791 2615 847 2668 et
859 2618 1324 2670 commonentem
1340 2615 1608 2688 eumdem
1623 2618 1848 2688 aposto-

231 2703 367 2760 lum:
397 2706 578 2764 Nolite
606 2706 811 2772 seduci,
844 2713 1194 2780 corrumpunt
1207 2724 1377 2766 mores
1404 2709 1564 2766 bonos
1579 2711 1848 2782 colloquia

232 2799 360 2854 male
379 2799 425 2870 (Ι
441 2799 565 2856 Cor.
589 2799 835 2873 xv).Non
852 2817 990 2874 ergo
1011 2801 1526 2861 circumveniamur
1545 2823 1578 2860 a
1607 2805 1842 2874 Satana,

234 2907 334 2948 non
359 2892 512 2950 enim
545 2892 888 2967 ignoramus
915 2895 1328 2968 cogitationem
1358 2898 1503 2970 ejus.
1535 2899 1680 2954 Cum
1708 2899 1846 2954 dile-

231 2984 398 3043 ctione
414 3004 556 3061 ergo
585 2989 846 3046 fraterna
868 2992 926 3044 et
951 2989 1276 3046 humilitate
1294 2993 1412 3048 Deo
1427 2991 1660 3064 placita,
1680 2992 1725 3047 si
1745 3007 1840 3048 cu-

1948 1877 2099 1929 mus,
2132 1859 2267 1933 quia
2295 1861 2343 1915 si
2374 1861 2682 1917 Ecclesiam
2711 1877 2877 1916 suam
2908 1860 3166 1915 adunare
3187 1865 3358 1932 atque
3383 1863 3583 1934 paciﬁ-

1949 1971 2079 2010 care
2120 1955 2484 2022 concesserit,
2519 1954 2718 2010 omnia
2755 1971 2789 2009 a
2837 1953 3001 2009 nobis
3043 1971 3171 2025 quas
3213 1971 3318 2026 pro
3361 1955 3581 2012 delictis

1948 2049 2158 2104 nostris
2207 2047 2559 2120 suscepimus
2605 2048 2856 2120 ﬂagella,
2908 2047 3148 2102 celerius
3185 2052 3576 2118 removentur,

1948 2145 2006 2196 et
2048 2141 2240 2196 unitas
2283 2157 2349 2196 ac
2389 2141 2630 2196 ﬁrmitas
2671 2141 2828 2213 pacis
2869 2140 3134 2196 Ecclesiae
3175 2157 3380 2213 pacem
3413 2142 3579 2198 nobis

1947 2239 2006 2291 et
2030 2237 2416 2308 temporalem
2449 2234 2672 2291 obtinet
2699 2239 2758 2290 et
2784 2238 3080 2291 internum.

2016 2329 2443 2386 Tantummodo
2460 2345 2756 2402 rogamus,
2779 2331 2839 2384 et
2859 2329 3245 2399 obsecramus,
3281 2333 3339 2386 et
3365 2345 3470 2402 per
3487 2329 3574 2386 di-

1944 2411 2144 2480 vinum
2160 2441 2260 2480 vos
2283 2423 2767 2496 tremendumque
2784 2423 2884 2479 Dei
2898 2423 3180 2495 judicium
3198 2424 3572 2496 obtestamur,

1949 2518 2043 2573 ubi
2055 2517 2162 2573 sibi
2177 2518 2366 2574 nullus
2387 2517 2694 2574 hominum
2708 2517 2920 2589 poterit
2935 2516 3291 2588 argumentis
3303 2518 3392 2572 vel
3409 2534 3574 2574 excu-

1945 2611 2260 2668 sationibus
2285 2611 2619 2679 subvenire;
2649 2628 2720 2666 ne
2741 2610 2980 2666 ulterius
2997 2628 3102 2682 per
3119 2627 3220 2666 vos
3232 2611 3336 2666 Dei
3356 2611 3574 2668 divida-

1944 2709 2038 2760 tur
2055 2705 2449 2775 Ecclesia,-sed
2461 2705 2862 2760 hereditatem
2878 2703 3111 2760 Domini
3128 2705 3428 2760 communi
3447 2722 3575 2777 pos-

1944 2799 2231 2854 sideamus
2267 2802 2326 2856 et
2354 2802 2660 2854 teneamus
2689 2797 2898 2852 studio.
2933 2797 3071 2862 Quae
3100 2801 3295 2852 autem
3339 2799 3412 2854 sit
3450 2798 3588 2870 ejus_

1943 2893 2270 2964 haereditas,
2306 2892 2484 2965 ipsius
2501 2891 2676 2947 verba
2697 2907 2824 2963 quae
2843 2889 2917 2946 ad
2939 2890 3247 2963 discipulos
3267 2892 3420 2949 dicta
3439 2897 3572 2948 sunt

1943 2987 2279 3042 audiamus:
2311 2989 2502 3043 Pacem
2524 3002 2698 3042 meam
2721 2987 2790 3041 do
2807 2985 2979 3050 vobis,
2993 3001 3186 3056 pacem
3204 3002 3377 3043 nieam
3399 2988 3568 3044 relin-

225 3078 308 3150 jus
325 3081 465 3137 forte
484 3081 670 3138 animi
691 3083 1060 3139 scandalizari
1079 3083 1349 3141 videntur
1365 3085 1426 3141 in
1471 3087 1686 3158 aliquo,
1713 3103 1841 3141 ma-
1863 3120 1918 3198 Ο
1943 3097 2048 3152 quo
2073 3082 2222 3136 vobis
2252 3079 2588 3152 (Joan.x1v);
2623 3081 2682 3134 et
2709 3078 2921 3134 iterum
2948 3095 2962 3133 :
3017 3080 3085 3134 In
3118 3079 3216 3135 hoc
3257 3087 3572 3149 cognoscent

232 3171 418 3198 _-_-2_
441 3176 682 3198 -_._2L-12_
704 3176 966 3198 -L-_!L_L-
1010 3195 1037 3198 __
1058 3179 1210 3198 -..μκγὲ
1238 3181 1299 3198 ,_l
1331 3197 1337 3198 ,
1363 3183 1373 3198 ι
1396 3196 1405 3198 _
1449 3196 1456 3198 Α
1554 3197 1564 3198 κ
1588 3195 1611 3198 μ
1641 3197 1647 3198 ,
1673 3196 1687 3198 _
1708 3197 1715 3198 κ
1737 3197 1749 3198 κ
1768 3196 1779 3198 ,
1798 3183 1811 3198 ι
1948 3190 2120 3198 ΑμΑ-ΑΑΑ
2144 3177 2266 3198 ..-..'..
2289 3176 2392 3198 ...Αἰ
2424 3176 2546 3198 κριὲ..
2573 3173 2829 3198 J2--.’M..I.'
2881 3175 2927 3198 ,Δ
2951 3173 3279 3198 Δίἳηηιέλμιι...
3317 3175 3540 3198 ι...1.-.-...⁸

232 3189 358 3229 nens
368 3171 424 3231 in
441 3176 684 3232 unitatis
697 3176 994 3246 charitate,
1008 3179 1309 3251 perquirat
1323 3183 1496 3252 atque
1509 3183 1838 3252 cognoscat.

229 3264 354 3324 Nam
383 3269 525 3326 sicut
543 3272 748 3326 beatus
765 3271 1008 3328 Iacobus
1033 3274 1326 3344 apostolus
1347 3273 1458 3330 ait:
1498 3275 1602 3330 Ubi
1623 3275 1768 3330 zelus
1794 3279 1845 3330 et

231 3367 491 3428 contentio,
545 3366 628 3419 ibi
664 3369 714 3421 et
747 3367 1116 3422 inconstantia
1151 3354 1216 3423 et‘
1240 3384 1390 3424 omne
1435 3385 1569 3440 opus
1605 3384 1843 3440 pravum

231 3455 350 3525 (Jac.
381 3457 492 3531 Ill);
529 3461 591 3513 et
605 3458 814 3514 iterum
845 3461 1058 3517 Doctor
1087 3461 1384 3533 gentium:
1413 3463 1541 3530 Quis
1563 3477 1656 3518 vos
1680 3463 1843 3534 impe-

231 3547 350 3605 divit
371 3552 634 3608 charitati
658 3568 766 3608 non
796 3554 1044 3611 obedire:
1068 3559 1357 3626 persuasio
1389 3557 1500 3612 haec
1525 3573 1633 3612 non
1656 3562 1736 3613 est
1767 3571 1843 3617 ea:

229 3657 279 3697 eo
301 3647 390 3714 qui
408 3647 625 3702 vocavit
640 3662 735 3704 vos
756 3667 773 3704 :
795 3649 1067 3705 modicum
1085 3651 1412 3718 fermentum
1425 3654 1592 3707 totam
1606 3669 1841 3712 massam

230 3742 501 3810 corrumpit
541 3739 686 3814 (Gal.
718 3741 804 3812 v);
839 3745 897 3796 et
928 3742 1060 3798 alibi
1087 3760 1100 3798 :
1134 3745 1248 3812 Ego
1277 3745 1483 3815 conﬁdo
1507 3747 1568 3801 in
1593 3748 1837 3815 Domino,

229 3833 354 3900 quod
375 3835 512 3890 nihil
531 3835 694 3890 aliud
707 3838 972 3906 sapiatis;
1000 3839 1098 3907 qui
1107 3843 1287 3894 autem
1310 3840 1599 3896 conturbat
1609 3857 1701 3898 vos
1705 3860 1837 3914 por-

230 3925 350 3982 tabit
366 3928 643 3998 judicium
669 3933 992 4001 quicumque
1011 3935 1091 3986 est
1109 3932 1201 3986 ille
1230 3931 1438 4005 (Ibid);
1471 3937 1530 3988 et
1558 3933 1616 3988 in
1649 3937 1840 3994 subse-

230 4021 409 4089 quenti
437 4023 516 4078 ait
540 4039 554 4078 :
590 4025 811 4079 Utinam
839 4024 1236 4080 abscindantur
1259 4027 1358 4094 qui
1383 4041 1476 4081 vos
1513 4031 1840 4087 conturbant

231 4109 422 4188 (Ibid)!
454 4117 524 4172 Et
553 4133 780 4172 rursum
809 4117 1132 4178 admonens
1160 4117 1330 4174 dicit:
1361 4118 1516 4186 Quod
1540 4123 1590 4178 si
1609 4124 1838 4182 invicem

230 4209 478 4276 mordetis,
491 4215 548 4268 et
565 4213 859 4276 comeditis,
871 4212 1048 4268 videte
1057 4228 1123 4267 ne
1133 4211 1438 4270 abinvicem
1447 4222 1842 4275 consumamini

231 4298 414 4376 (Ibid);
433 4309 490 4360 et
507 4305 743 4361 iterum:
765 4305 828 4361 Si
841 4307 1043 4377 spiritu
1054 4307 1308 4370 vivimus,
1327 4309 1528 4378 spiritu
1542 4316 1592 4366 et
1603 4313 1837 4370 ambule-

235 4408 364 4464 mus;
392 4414 497 4454 non
522 4401 824 4470 efﬁciamur
841 4401 1030 4455 inanis
1043 4401 1230 4468 gloriae
1249 4403 1454 4472 cupidi,
1476 4405 1698 4460 invicem
1715 4423 1838 4476 pro-

1943 3190 2120 3231 omnes
2137 3177 2270 3246 quia
2287 3176 2392 3230 mei
2419 3176 2546 3230 estis
2567 3173 2846 3242 discipuli,
2877 3175 2927 3228 si
2945 3173 3284 3230 dilectionem
3311 3175 3564 3231 habueri-

1943 3271 2013 3324 tis
2051 3270 2128 3324 ad
2161 3270 2387 3324 invicem
2432 3267 2609 3340 (Joan.
2646 3266 2784 3337 xm).
2813 3267 3062 3336 Idipsum
3086 3271 3287 3332 autem,
3318 3267 3462 3323 sicut
3487 3268 3568 3324 ait

1941 3364 2049 3418 Vas
2079 3361 2393 3425 electionis,
2421 3361 2666 3416 dicamus
2695 3375 2896 3423 omnes,
2940 3364 2990 3414 et
3027 3375 3136 3416 non
3167 3363 3278 3415 sint
3315 3362 3378 3414 in
3413 3361 3572 3428 vobis~

1939 3457 2248 3524 schismata,
2279 3458 2448 3510 simus
2473 3459 2649 3509 autem
2672 3453 2907 3522 perfecti
2927 3454 2988 3506 in
3011 3453 3192 3507 eodem
3217 3467 3379 3508 sensu
3421 3458 3473 3508 et
3504 3456 3567 3510 in

1939 3549 2126 3605 eadem
2149 3551 2378 3604 scientia
2395 3547 2446 3621 (Ι
2471 3547 2590 3602 Cor.
2613 3547 2674 3618 ι),
2695 3549 2755 3600 ut
2775 3545 2836 3600 in
2867 3545 3057 3600 sinum
3075 3545 3278 3600 matris
3301 3547 3565 3604 Ecclesia:

1939 3641 2275 3715 congregati
2305 3641 2625 3696 efﬁciamur
2654 3655 2802 3694 unus
2839 3653 2998 3710 grex,
3051 3641 3109 3692 et
3149 3638 3320 3694 unius
3354 3638 3564 3697 Christi

1938 3737 2192 3809 pastoris
2211 3733 2470 3790 custodia
2500 3733 2572 3788 ab
2602 3732 2872 3788 omnibus
2909 3729 3160 3787 externis
3203 3731 3560 3806 internisque

1937 3830 2118 3886 hostis
2135 3827 2358 3884 insidiis
2379 3828 2502 3899 ejus
2522 3825 2879 3898 protectione
2899 3829 3073 3898 atque
3088 3825 3423 3882 defensione
3447 3844 3562 3883 ser-

1936 3941 2137 3980 vemur
2165 3921 2348 3978 illaesi.
2371 3923 2500 3977 Haec
2519 3924 2716 3976 autem
2749 3919 2822 3975 ad
2850 3936 2949 3975 vos
2978 3919 3290 3976 direximus
3319 3937 3423 3993 per
3450 3921 3562 3978 fra-

1935 4021 2086 4074 trem
2109 4021 2167 4073 et
2185 4016 2590 4088 coepiscopum
2608 4018 2868 4070 nostrum
2882 4013 3269 4086 Redemptum
3295 4018 3354 4070 et
3375 4015 3562 4080 Quod-

1934 4112 2229 4168 vultdeum
2241 4111 2512 4166 abbatem
2533 4107 2871 4164 monasterii
2885 4107 3120 4178 majoris
3135 4107 3385 4164 basilicae
3403 4107 3561 4165 beati

1933 4205 2084 4262 Petri
2106 4205 2368 4278 apostoli,
2387 4221 2532 4276 quos
2549 4205 2738 4262 vestra
2757 4201 2984 4257 dilectio
3007 4204 3066 4256 et
3084 4201 3424 4272 complacita
3442 4201 3557 4259 Deo.

1934 4300 2212 4357 charitate
2251 4298 2540 4370 suscipiat,
2584 4299 2644 4352 et
2683 4295 2758 4351 ad
2798 4311 2904 4350 nos
2933 4310 3066 4350 cum
3095 4294 3329 4349 unitatis
3357 4297 3559 4352 vestras

1935 4395 2146 4467 gaudio
2161 4393 2284 4448 sine
2303 4408 2472 4449 mora
2488 4389 2698 4446 reverti
2718 4387 2975 4443 dimittat
2995 4403 3009 4442 :
3039 4389 3322 4459 quatenus
3341 4403 3557 4459 cogno-

232 4495 476 4554 vocantes,
496 4494 724 4560 invicem
737 4495 1062 4550 invidentes.
1077 4494 1236 4549 Alter
1245 4496 1480 4550 altarius
1491 4512 1654 4554 onera
1658 4505 1837 4569 porte-

1945 4491 2158 4543 scentes
2201 4485 2570 4542 dilectionem
2619 4485 2792 4553 atque
2835 4479 3224 4536 obedientiam
3264 4481 3558 4538 charitatis

231 4595 351 4646 mus,
363 4588 412 4640 et
433 4586 512 4640 sic
539 4585 953 4656 adimplebimus
969 4589 1134 4656 legem
1157 4589 1359 4646 Christi
1379 4589 1592 4662 (Ibid);
1615 4594 1673 4646 et
1698 4593 1834 4648 alibi

233 4669 367 4730 idem
402 4680 694 4750 apostolus
723 4679 803 4735 ait
834 4697 847 4736 :
879 4682 1052 4736 Flecte
1085 4697 1265 4750 genua
1293 4697 1412 4737 mea
1442 4684 1517 4738 ad
1548 4687 1834 4744 Dominum

230 4765 418 4826 Patrem
434 4775 648 4828 Domini
672 4777 848 4830 nostri
867 4775 994 4830 Iesu
1025 4775 1244 4839 Christi,
1259 4791 1326 4832 ea:
1343 4792 1448 4847 quo
1468 4781 1640 4834 omnis
1648 4785 1832 4851 pater-

228 4860 354 4917 nitas
367 4866 422 4920 in
448 4867 593 4922 oculis
620 4872 670 4923 et
694 4869 754 4922 in
781 4872 929 4923 terra
947 4869 1280 4938 nominatur,
1295 4875 1358 4926 ut
1373 4871 1462 4928 det
1475 4873 1624 4928 vobis
1649 4890 1832 4930 secun-

231 4951 340 5010 dum
356 4955 574 5015 divitias
599 4962 786 5029 glorias
811 4977 924 5017 suae
942 4965 1217 5028 virtutem,
1241 4965 1578 5021 corroborari
1595 4985 1700 5038 per
1713 4967 1832 5039 Spi-

229 5046 373 5105 ritum
399 5052 514 5120 ejus
541 5055 602 5109 in
641 5056 948 5112 interiorem
967 5056 1254 5122 hominem,
1273 5059 1522 5115 habitare
1553 5060 1827 5118 Christum

226 5153 311 5206 Per
333 5145 484 5213 ﬁdem
511 5149 572 5203 in
611 5149 862 5205 cordibus
889 5153 1112 5215 vestris,
1143 5153 1203 5207 in
1227 5154 1492 5210 charitate
1519 5156 1759 5210 radicati
1781 5161 1832 5212 et

228 5233 448 5303 fundati,
471 5245 532 5296 ut
553 5244 778 5312 possitis
802 5244 1244 5315 comprehendere
1269 5262 1389 5301 cum
1413 5249 1663 5304 omnibus
1679 5264 1834 5304 sanc-

229 5327 288 5381 tis
323 5329 526 5402 (Ephes.
561 5336 661 5408 III).
697 5337 764 5392 Et
793 5340 924 5408 post
961 5337 1108 5394 alia:
1135 5339 1359 5397 Obsecro
1397 5344 1586 5412 itaque
1618 5359 1712 5398 vos
1737 5359 1829 5411 ego

227 5422 413 5480 vinctus
453 5430 512 5482 in
549 5430 788 5493 Domino,
831 5437 893 5486 ut
933 5433 1096 5500 digne
1135 5435 1418 5490 ambulet-is
1463 5439 1522 5490 in
1555 5439 1830 5492 vocatione

230 5527 322 5581 qua
344 5523 514 5578 vocati
534 5527 681 5588 estis,
695 5540 814 5579 cum
841 5527 1301 5582 omnihumilitate
1317 5534 1368 5584 et
1389 5530 1828 5594 mansuetudine,

229 5618 332 5662 cum
385 5617 653 5682 patientia
699 5623 1080 5690 supportantes
1135 5622 1364 5677 invicem
1413 5625 1475 5677 in
1527 5625 1828 5688 charitate,

230 5700 426 5762 solliciti
465 5724 677 5767 servare
710 5714 974 5769 unitatem
1023 5712 1252 5786 spiritus
1289 5717 1349 5771 in
1395 5717 1613 5773 vinculo
1648 5721 1826 5790 pacis.

237 5792 388 5854 Unum
416 5816 606 5874 corpus
633 5810 686 5862 et
719 5822 862 5862 unus
906 5809 1157 5879 spiritus,
1197 5811 1338 5866 sicut
1373 5813 1553 5868 vocati
1599 5814 1727 5868 estis
1772 5813 1832 5866 in

1932 4585 2156 4650 vestrae,
2189 4596 2319 4636 cum
2351 4577 2563 4634 sanctis
2592 4575 2815 4647 angelis
2843 4573 3232 4630 communiter
3257 4579 3429 4648 atque
3457 4592 3555 4633 ve-

1931 4675 2140 4731 raciter
2169 4673 2359 4729 dicere
2393 4685 2760 4728 mereamur:
2795 4668 2982 4726 Gloria
3025 4671 3086 4725 in
3114 4669 3392 4726 altissimis
3427 4673 3556 4742 Deo,

1931 4775 1983 4826 et
2007 4771 2065 4824 in
2085 4773 2234 4825 terra
2249 4782 2370 4838 pas:
2395 4765 2698 4822 hominibus
2726 4764 2876 4820 bona:
2897 4765 3196 4820 voluntatis
3227 4762 3376 4838 (Luc.
3402 4762 3483 4836 ιι).

2348 4873 2683 4939 EPISTOLA
2710 4881 2779 4937 Iv
2823 4877 2990 4954 [Olim
3023 4879 3130 4953 VI)

2159 4995 2279 5043 QUAS
2308 4993 2404 5035 EST
2433 4993 2673 5034 SBCUNDA
2700 4992 2770 5032 AD
2801 4989 3094 5031 EPISCOPOS
3122 4985 3331 5031 πεῖ-κω.

1931 5073 2321 5132 Dilectissimis
2346 5070 2616 5128 fratribus
2646 5068 2781 5124 Eliae
2808 5069 2898 5141 vel
2931 5066 3054 5122 aliis
3083 5067 3360 5141 episcopis
3379 5064 3557 5127 Istrim

2438 5141 2702 5214 Pelagius
2730 5139 3047 5211 episcopus.

2001 5239 2538 5298 Dilectionisvestree
2549 5250 2654 5307 per
2663 5250 2762 5290 eos
2774 5250 2916 5305 quos
2927 5231 3209 5289 direxistis
3223 5231 3433 5308 scripta
3444 5249 3560 5292 sus-

1929 5337 2205 5410 cepimus,
2228 5331 2567 5401 relectisque
2581 5329 2669 5384 his
2682 5327 2838 5399 gravi
2867 5343 3063 5382 sumus
3072 5345 3321 5384 maerore
3335 5332 3393 5385 et
3403 5328 3559 5386 dolo-

1932 5449 1991 5486 re
2009 5427 2282 5504 perculsi:
2300 5441 2432 5481 cum
2459 5439 2648 5498 neque
2663 5421 2751 5477 his
2773 5437 2902 5494 quae
2918 5439 3024 5478 nos
3048 5423 3208 5478 vobis
3230 5420 3557 5495 scripsimus

1931 5521 2327 5598 respondistis,
2359 5534 2570 5590 neque,
2604 5520 2667 5572 ut
2686 5517 3003 5572 fraternam
3021 5516 3290 5574 decuerat
3307 5513 3552 5570 charita-

1927 5623 2068 5688 tem,
2088 5615 2226 5672 ﬁdei
2251 5616 2462 5670 nostra:
2481 5610 2869 5667 satisfactione
2888 5614 3153 5682 suscepta
3172 5608 3246 5664 ad
3271 5607 3554 5665 unitatem

1930 5711 2188 5769 Ecclesiae
2207 5706 2534 5765 revertendi
2564 5704 2954 5762 obedientiam
2975 5698 3416 5768 commodastis;
3447 5717 3556 5774 po-

1929 5811 2146 5864 stremo
2181 5821 2289 5862 nec
2303 5820 2403 5860 eos
2429 5802 2596 5858 aliter
2616 5799 2713 5872 qui
2727 5798 3014 5854 venerunt
3039 5794 3288 5865 dirigere
3317 5795 3554 5867 pertuli.
