3940 6178
384 275 478 333 7H

1759 273 1845 330 PE
1871 273 2055 332 LAGII
2085 272 2278 331 PAPI‘E
2313 273 2360 331 II

3659 277 3774 330 712

383 382 570 451 stis,ut
586 379 1547 456 apertissimamlucidissimamque
1561 379 2014 438 satisfactionem
2035 396 2096 469 Α
2115 384 2439 451 maverunt,
2470 381 2578 438 nisi
2605 384 2667 437 ut
2695 381 3038 438 inviolabilis
3049 380 3186 437 ﬁdei
3208 379 3469 437 deﬁnitio
3492 397 3767 438 servare-

385 493 445 531 se
471 480 810 548 paterentur
835 477 1126 548 accipere:
1158 475 1260 530 sed
1281 475 1491 546 scripto
1529 473 1695 530 nobis
1718 476 1882 548 quasi
1929 494 2018 531 ca-

383 570 650 642 pitulare,
683 571 771 626 vel
803 569 1174 625 interdictum
1207 569 1398 641 potius
1429 569 1828 636 ostenderunt,
1873 569 2017 624 nihil

385 664 706 736 injunctum
725 663 832 718 sibi
852 681 886 716 a
904 663 1064 718 vobis
1078 662 1234 717 aliud
1246 666 1588 731 asserentes,
1605 663 1713 717 nisi
1737 665 1800 716 ut
1815 666 2018 717 vestra:

393 756 798 813 tantummodo
831 759 1022 810 essent
1040 759 1364 828 portatores
1395 757 1668 828 epistolae.
1702 758 1762 810 In
1796 772 1911 827 qua
1939 759 2024 811 ta-

383 867 519 905 men
545 851 765 904 nullam
787 849 1030 906 rationis
1051 849 1506 906 satisfactionem
1530 849 1798 920 quaesisse
1815 865 1915 904 vos
1941 850 2026 904 le-

383 944 554 1014 gitur,
589 943 694 998 sed
723 943 1226 1015 velutjudicatum
1259 943 1397 1015 quid
1430 942 1594 998 nobis
1639 942 2025 1014 expressisset,

392 1035 547 1107 quod
577 1052 751 1108 quam
782 1054 1022 1109 pravum
1053 1037 1142 1104 sit,
1164 1054 1340 1109 quam
1359 1036 1658 1109 injustum,
1677 1038 2026 1108 Patrumque

387 1131 601 1200 regulis
619 1130 944 1198 inimicum,
962 1131 1010 1184 si
1039 1130 1334 1186 volueritis
1363 1130 1438 1185 ad
1467 1130 1862 1202 cognitionem
1879 1129 2024 1184 veri-

382 1224 523 1278 tatis
541 1224 836 1293 accedere,
859 1223 1321 1296 splendidissime
1340 1241 1473 1279 cum
1489 1223 1684 1280 divino
1701 1223 1910 1278 auxilio
1922 1240 2024 1295 po-

380 1317 539 1372 testis
569 1318 886 1372 addiscere.
933 1319 1094 1372 Unde
1127 1335 1232 1373 nos
1267 1335 1400 1373 cum
1437 1319 1721 1390 propheta
1745 1318 2022 1389 lacryma-

379 1411 573 1467 biliter
618 1411 886 1466 convenit
915 1413 1264 1466 exclamare:
1317 1412 1591 1478 Obmutui,
1621 1416 1671 1466 et
1691 1412 2010 1466 humiliatus

377 1521 518 1570 sum,
549 1511 600 1560 et
621 1506 755 1560 silui
777 1521 812 1559 a
839 1506 1011 1568 bonis,
1040 1511 1092 1560 et
1121 1505 1276 1561 dolor
1295 1506 1474 1560 cordis
1495 1507 1600 1583 mei
1626 1509 1914 1560 renovatus
1933 1509 2008 1560 est

381 1600 550 1671 (Psal.
583 1597 826 1670 XXXVIII).
875 1599 1202 1653 Renovatus
1256 1601 1343 1653 est
1397 1599 1561 1654 dolor
1592 1597 1782 1653 cordis
1809 1597 2010 1664 nostri,

382 1693 614 1765 quando
635 1693 920 1747 diuturnae
936 1691 1227 1746 divisionis
1239 1692 1573 1748 scandalum
1592 1691 1830 1746 minime
1849 1693 2012 1746 tanto

2126 481 2237 532 tur.
2262 478 2404 532 Nam
2424 477 2498 532 ad
2511 476 2778 535 eamdem
2798 477 3085 550 synodum
3103 475 3564 532 conﬁrmandam
3575 476 3770 532 beata:

2125 570 2543 626 recordationis
2558 570 3160 642 prmdecessorjnoster
3179 588 3332 643 papa
3346 571 3460 626 Leo
3481 570 3766 637 scribens,

2127 665 2278 720 inter
2301 664 2414 720 alia
2434 665 2512 719 sic
2533 665 2645 720 ait:
2677 685 2705 716 ί(
2727 667 2805 720 Ne
2828 682 2967 737 ergo
2988 682 3092 737 per
3109 663 3396 736 malignos
3415 664 3770 736 interpretes

2128 757 2441 814 dubitabile
2468 758 2750 828 videatur,
2780 763 2972 814 utrum
2987 776 3115 830 quae
3131 759 3188 813 in
3211 758 3434 830 synodo
3453 757 3771 814 Chalcedo-

2127 851 2292 906 nensi
2315 868 2416 923 per
2436 852 2883 908 unanimitatem
2901 856 3151 908 vestram
3169 851 3240 906 de
3260 852 3374 906 ﬁde
3397 854 3612 906 statuta
3630 854 3771 906 sunt

2128 945 2517 1016 approbarim,
2548 946 2670 1000 haec
2698 947 2772 1001 ad
2808 963 3010 1002 omnes
3049 947 3254 1002 fratres
3295 949 3352 1000 et
3391 945 3766 1016 coepiscopos

2127 1042 2374 1110 nostros,
2405 1038 2502 1110 qui
2527 1039 2800 1111 praedicto
2827 1039 3071 1095 concilio
3097 1039 3508 1106 interfuerunt,
3550 1039 3766 1110 scripta

2129 1132 2328 1201 direxi,
2363 1149 2491 1205 quae
2517 1133 2960 1205 gloriosissimus
2984 1137 3043 1188 et
3079 1131 3558 1188 clementissimus
3601 1132 3761 1203 prin-

2127 1242 2280 1297 ceps,
2307 1226 2451 1281 sicut
2465 1226 2720 1300 poposci,
2741 1227 2801 1281 in
2829 1226 3097 1282 notitiam
3128 1229 3376 1280 vestram
3398 1225 3633 1280 mittere
3655 1242 3762 1296 pro

2127 1319 2422 1375 catholicae
2472 1319 2607 1374 ﬁdei
2659 1337 2858 1375 amore
2910 1319 3277 1391 dignabitur;
3323 1323 3386 1373 ut
3415 1322 3473 1372 et
3499 1319 3766 1374 fraterna

2127 1412 2465 1468 universitas
2495 1417 2554 1468 et
2589 1413 2855 1468 omnium
2882 1413 3144 1468 ﬁdelium
3175 1412 3351 1468 corda
3379 1416 3762 1483 cognoscunt,

2127 1522 2220 1561 me
2253 1523 2371 1561 non
2401 1507 2584 1562 solum
2614 1523 2718 1578 per
2748 1507 2956 1562 fratres
2987 1505 3085 1578 qui
3127 1507 3309 1562 vicem
3353 1521 3550 1560 meam
3601 1523 3764 1560 exse-

2127 1600 2242 1654 cuti
2267 1603 2416 1670 sunt,
2451 1599 2551 1654 sed
2578 1599 2754 1654 etiam
2784 1617 2889 1672 per
2917 1599 3322 1672 probationem
3341 1603 3638 1670 gestorum
3670 1616 3764 1670 sy-

2129 1693 2448 1760 nodalium,
2469 1693 2762 1764 propriam
2781 1693 3076 1749 vobiscum
3097 1694 3352 1748 munisse
3374 1693 3765 1748 sententiam:

378 1787 516 1842 ﬁdei
536 1787 760 1858 fulgore
781 1788 1100 1856 superatur,
1131 1785 1378 1840 maxime
1395 1785 1530 1856 quia
1562 1801 1870 1856 pravorum
1901 1785 2006 1839 ho-
2032 1769 2087 1842 Β
2111 1788 2175 1844 in
2202 1787 2323 1841 sola
2345 1785 2612 1842 videlicet
2632 1787 2766 1842 ﬁdei
2797 1803 2968 1842 causa
3021 1787 3198 1860 (quod
3227 1803 3379 1859 saepe
3428 1786 3768 1856 dicendum)

379 1879 606 1935 minum
635 1877 1004 1950 persuasione
1037 1879 1282 1950 decepti,
1323 1879 1534 1950 scripta
1570 1878 1737 1934 nobis
1779 1877 2011 1933 diversi:

379 1973 593 2028 infecta
619 1971 898 2044 contagiis
926 1969 1210 2027 direxistis
1235 1989 1247 2028 :
1284 1977 1344 2028 et
1368 1972 1524 2044 quod
1550 1972 1609 2026 in
1629 1971 1886 2043 epistolis
1913 1973 2013 2026 Pa-

393 2070 544 2122 trum
582 2067 846 2139 quaedam
896 2065 1230 2121 testimonia
1281 2083 1400 2121 non
1453 2065 1775 2137 incongrua
1813 2066 2022 2133 solum,

395 2160 497 2215 sed
527 2177 632 2215 nec
663 2161 738 2215 ad
767 2176 1000 2215 causam
1028 2159 1382 2232 pertinentia
1409 2159 1676 2214 tentastis
1725 2159 1980 2214 inserere
2006 2201 2020 2226 ,

391 2255 473 2308 ita
497 2257 562 2308 ut
590 2271 697 2308 nec
729 2253 993 2309 ordinem
1023 2253 1506 2321 testimoniorum,
1542 2253 1640 2324 qui
1660 2252 1718 2306 in
1739 2252 1880 2324 ipsis
1910 2251 2024 2324 epi-

379 2347 546 2403 stolis
573 2349 828 2417 Patrum,
863 2347 1185 2416 servaretis,
1221 2347 1433 2419 quippe
1465 2351 1528 2401 ut
1557 2346 1713 2418 quod
1747 2346 2022 2417 scriptum

391 2441 626 2497 nomine
659 2443 894 2498 alterius
922 2441 1130 2509 fuerat,
1165 2441 1398 2496 alterius
1417 2439 1668 2496 nominis
1693 2440 1859 2495 titulo
1887 2456 2018 2511 pro-

387 2539 663 2591 meretur.
684 2537 746 2590 In
770 2552 883 2608 quo
911 2535 1208 2590 evidenter
1229 2534 1444 2590 dictum
1465 2534 1624 2590 vobis
1643 2533 2021 2606 apostolicum

387 2633 611 2686 constat
651 2629 871 2701 aptari:
921 2631 1222 2688 Nescientes
1268 2645 1439 2700 neque
1484 2629 1551 2684 de
1599 2629 1792 2698 quibus
1845 2629 2022 2683 dicent

321 2751 336 2756 -
386 2739 558 2794 neque
583 2724 648 2778 de
677 2724 874 2794 quibus
900 2726 1182 2794 afﬁrmant
1209 2722 1256 2794 (1
1289 2725 1424 2778 Tim.
1461 2722 1518 2794 I).

457 2817 622 2882 Quod
653 2817 888 2889 quidem
919 2833 1036 2872 non
1067 2820 1269 2872 vestra:
1311 2816 1548 2871 malitia:
1592 2817 1679 2872 vel
1725 2815 2019 2871 calliditati

386 2913 673 2969 credimus
703 2910 1131 2980 ascribendum,
1155 2910 1256 2965 sed
1272 2927 1496 2966 veneno
1514 2909 1694 2965 hostis
1721 2909 2018 2981 malignis-

386 3005 518 3062 simi
545 3004 924 3078 perspicimus
953 3004 1321 3076 exquisitum,
1355 3003 1453 3075 qui
1482 3003 1698 3058 zizania
1731 3003 2016 3058 seminare

377 3116 483 3172 per
509 3115 645 3154 vasa
672 3099 774 3154 iraa
797 3115 975 3170 usque
1003 3098 1062 3152 in
1090 3098 1268 3152 finem
1295 3096 1504 3165 saeculi,
1539 3097 1599 3151 in
1623 3095 1725 3152 Dei
1751 3096 2001 3152 Ecclesia

378 3210 496 3250 non
543 3192 920 3266 quiescit.‘Ex
965 3207 1079 3264 quo
1127 3191 1525 3262 intelligimus,
1574 3189 2002 3246 fraternitatem

376 3291 626 3344 vestram
657 3286 947 3359 epistolas,
981 3285 1052 3340 de
1100 3283 1306 3356 quibus
1345 3283 1612 3356 posuistis
1655 3283 2005 3351 testimonia,

377 3396 495 3438 non
520 3381 758 3452 legisse;
790 3395 980 3451 neque
1012 3377 1170 3433 enim
1201 3377 1247 3432 si
1277 3377 1436 3433 vobis
1484 3393 1688 3433 eorum
1728 3376 2009 3449 scriptura

375 3478 682 3542 constaret,
702 3474 800 3528 illa
815 3489 944 3546 quae
965 3471 1324 3544 apertissime
1341 3488 1445 3544 pro
1457 3471 1593 3526 fidei
1605 3471 2006 3527 tantummodo

375 3586 548 3628 causa
567 3571 700 3624 sunt
718 3567 924 3641 posita,
943 3566 1067 3622 aliis
1092 3581 1412 3638 congruere
1432 3565 1748 3637 ﬁngeretis,
1771 3567 2008 3636 propter

375 3663 532 3738 quod
559 3663 630 3718 ab
648 3678 844 3718 errore
865 3660 1178 3729 divisionis,
1196 3660 1257 3715 in
1279 3677 1451 3732 quem
1463 3659 1620 3715 falsis
1641 3659 2008 3732 opinionibus

375 3757 672 3826 incidistis,
713 3756 916 3810 hortor
947 3758 1006 3809 et
1035 3758 1170 3826 opto
1204 3770 1304 3809 vos
1344 3753 1584 3809 celerius
1627 3752 1903 3824 revocari,
1951 3755 2009 3806 et

374 3871 486 3912 non
507 3854 673 3927 (sicut
687 3853 960 3924 scriptum
986 3851 1090 3923 est)
1103 3853 1303 3924 jugum
1323 3868 1445 3908 cum
1467 3851 1777 3922 inﬁdelibus
1814 3851 2008 3906 ducere

376 3951 454 4023 (Π
479 3948 598 4004 Cor.
619 3947 836 4019 vi),sed
863 3945 945 4000 illi
974 3945 1186 4000 iterum
1200 3945 1344 4018 jugo
1365 3947 1667 4001 mansueta
1697 3945 1843 4001 colla
1873 3944 2004 3999 sub-

374 4042 626 4110 mittere,
661 4041 733 4096 de
763 4056 876 4112 quo
925 4039 1048 4112 ipse
1084 4039 1360 4095 Dominus
1415 4039 1553 4094 dicit
1584 4056 1598 4094 :
1629 4041 1830 4107 Iugum
1865 4041 2006 4094 enim

374 4153 550 4194 meum
583 4150 748 4192 suave
783 4139 880 4198 est,
920 4137 972 4188 et
1009 4148 1146 4188 onus
1175 4149 1348 4188 meum
1384 4134 1492 4188 leve
1525 4137 1604 4187 est
1636 4133 1852 4203 (Matth.
1890 4132 1999 4201 x1);

376 4231 533 4305 quod
563 4231 720 4286 nullo
751 4229 926 4284 modo
948 4227 1162 4300 poterit
1188 4227 1314 4299 quis
1345 4228 1432 4282 Vel
1460 4227 1611 4281 ferre
1638 4226 1727 4281 vel
1759 4225 2000 4290 discere,

373 4326 484 4382 nisi
503 4324 694 4380 eidem
713 4324 856 4396 jugo
877 4321 1170 4378 charitatis
1198 4321 1438 4377 vinculis
1462 4319 1999 4391 fueritsubjugatus,

372 4420 482 4494 ipsi
519 4417 684 4494 oneri
721 4434 824 4490 per
857 4416 1226 4472 dilectionem
1271 4415 1483 4487 quippe
1517 4417 1580 4468 ut
1613 4412 1850 4485 spiritali
1881 4430 1999 4468 sar-

2030 3142 2085 3219 C

2128 1883 2360 1951 propter
2390 1897 2565 1952 quam
2598 1882 2869 1952 generale
2900 1881 3227 1949 concilium,
3267 1884 3326 1935 et
3369 1897 3436 1935 ex
3469 1885 3768 1952 praecepto

2127 1973 2748 2030 Christianissimorum
2808 1974 3158 2046 principum,
3217 1977 3276 2029 et
3339 1991 3407 2028 ex
3475 1990 3768 2030 consensu

2125 2067 2452 2139 apostolica:
2491 2067 2663 2136 sedis,
2697 2067 2913 2140 placuit
2943 2067 3304 2142 congregari.
3339 2089 3368 2118 »
3410 2066 3548 2140 [Huc
3580 2083 3766 2138 usque

2123 2161 2297 2216 verba
2327 2161 2508 2216 sancti
2539 2161 2788 2234 Leonis]

2193 2255 2307 2310 Sed
2337 2273 2410 2310 ne
2440 2255 2588 2310 forte
2620 2254 2831 2310 animis
2847 2254 3049 2310 vestris
3063 2255 3258 2328 aliqua
3277 2255 3468 2310 adhuc
3497 2254 3769 2309 videatur

2123 2348 2362 2420 quaestio
2381 2352 2480 2403 aut
2499 2348 2764 2404 dubietas
2779 2365 3105 2418 remanere,
3129 2349 3383 2421 apertius
3405 2365 3534 2421 quae
3557 2348 3634 2403 ad
3651 2349 3766 2403 Ma-

2119 2441 2342 2497 ximum
2383 2441 2756 2504 Antiochense
2796 2442 3062 2498 Ecclesia;
3083 2442 3420 2498 antistitem
3461 2442 3764 2514 scripserit

2120 2536 2338 2608 pariter
2364 2536 2688 2591 curavimus
2718 2531 2993 2592 indicare.
3021 2539 3154 2593 Post
3181 2537 3432 2608 plurima
3460 2537 3661 2608 itaque
3685 2537 3767 2590 sic

2121 2629 2232 2685 ait:
2259 2651 2285 2679 ‹‹
2315 2629 2373 2686 Si
2393 2629 2534 2701 quid
2552 2647 2691 2685 sane
2704 2631 2776 2685 ab
2805 2629 2894 2686 his
2909 2629 3202 2699 fratribus,
3225 2647 3368 2702 quos
3388 2630 3464 2685 ad
3496 2635 3764 2686 sanctam

2121 2723 2407 2794 synodum
2425 2722 2544 2778 vice
2577 2740 2711 2778 mea
2729 2723 2880 2790 misi,
2911 2726 3122 2796 praeter
3142 2723 3202 2778 id
3229 2723 3383 2795 quod
3417 2723 3493 2778 ad
3518 2740 3764 2778 causam

2119 2816 2255 2870 ﬁdei
2280 2817 2625 2888 pertinebat,
2647 2820 2876 2889 gestum
2897 2833 3020 2872 esse
3035 2817 3391 2890 perhibetur,
3414 2816 3633 2872 nullius
3654 2818 3769 2873 erit

2117 2910 2445 2966 ﬁrmitatis:
2494 2911 2629 2983 quia
2659 2911 2734 2966 ad
2763 2911 2873 2967 hoc
2909 2915 3135 2968 tantum
3167 2911 3239 2966 ab
3271 2911 3588 2983 apostolica
3620 2912 3763 2967 sede

2119 3003 2322 3059 directi
2350 3007 2483 3059 sunt
2510 3007 2574 3060 ut
2606 3003 2804 3060 excisis
2847 3004 3184 3072 haeresibus,
3220 3004 3517 3060 catholicae
3557 3009 3762 3060 essent

2117 3097 2253 3152 ﬁdei
2299 3098 2650 3154 defensores.
2699 3097 2988 3171 Quidquid
3023 3097 3180 3154 enim
3222 3102 3434 3170 praeter
3481 3100 3766 3170 speciales

2115 3207 2312 3247 causas
2345 3191 2708 3264 synodalium
2739 3191 3114 3248 conciliorum
3146 3191 3220 3250 ad
3253 3209 3502 3248 examen
3533 3193 3762 3264 episco-

2116 3286 2245 3357 pale
2276 3284 2552 3354 defertur,
2585 3288 2776 3358 potest
2795 3285 3150 3358 dijudicandi
3171 3285 3385 3341 habere
3401 3285 3758 3354 rationem,»

2117 3381 2225 3434 etc.
2259 3379 2421 3448 Ecce,
2471 3379 2616 3435 sicut
2658 3379 2916 3452 superius
2965 3379 3183 3434 dictum
3229 3382 3335 3447 est,
3384 3381 3758 3452 cognoscitis,

2106 3472 2314 3528 fratres
2343 3473 2681 3541 charissimi,
2700 3473 2843 3528 nihil
2873 3473 3030 3528 aliud
3050 3489 3201 3546 saepe
3216 3473 3402 3529 fatum
3421 3474 3750 3545 praedeces-

2107 3581 2300 3627 sorem
2329 3569 2614 3635 nostrum,
2639 3583 2816 3638 quam
2837 3583 2906 3622 ea
2927 3583 3056 3640 quae
3087 3566 3158 3622 de
3174 3566 3310 3622 ﬁdei
3330 3567 3614 3623 ﬁrmitate
3641 3567 3748 3622 de-

2105 3659 2270 3715 ﬁnita
2298 3663 2450 3729 sunt,
2483 3661 2873 3730 conﬁrmasse,
2903 3660 3058 3732 quod
3085 3676 3235 3732 pene
3256 3660 3318 3715 in
3339 3660 3617 3717 omnibus
3637 3660 3752 3735 epi-

2107 3753 2266 3809 stolis
2295 3754 2438 3826 ejus,
2469 3753 2514 3810 si
2539 3753 2850 3822 volueritis,
2864 3754 3090 3826 plenius
3105 3754 3346 3826 potestis
3359 3771 3738 3827 cognoscere.

2105 3848 2248 3903 Nam
2264 3847 2497 3920 privatae
2517 3865 2724 3918 causae,
2755 3865 2883 3921 quae
2899 3848 3017 3904 illic
3033 3851 3162 3921 post
3183 3847 3590 3905 deﬁnitionem
3609 3849 3746 3905 ﬁdei

2106 3944 2246 3997 actin
2275 3945 2426 4012 sunt,
2458 3959 2576 3998 non
2607 3942 2794 3998 solum
2821 3941 3064 3997 minime
3094 3942 3492 4011 iconﬁrmavit,
3543 3944 3644 3999 sed
3691 3946 3748 3999 et

2104 4035 2402 4092 retractari
2451 4039 2623 4108 atque
2664 4035 2964 4108 dijudicari
3013 4035 3311 4092 concessit.
3363 4039 3426 4091 In
3475 4037 3746 4110 encycliis

2103 4146 2238 4185 vero
2261 4129 2438 4202 (quod
2459 4133 2544 4185 est
2571 4129 2982 4202 episcopalium
3003 4130 3264 4186 collectio
3292 4130 3645 4200 litterarum,
3678 4147 3743 4186 ex

2105 4223 2312 4295 quibus
2333 4223 2524 4296 aliqua
2539 4223 2599 4278 in
2614 4223 2837 4296 scriptis
2856 4224 3056 4280 vestris
3068 4224 3402 4280 testimonia
3421 4224 3740 4297 incongrue

2103 4317 2368 4372 similiter
2386 4317 2672 4391 posuistis)
2692 4317 2844 4373 unde
2865 4322 3025 4374 mota
3039 4317 3112 4374 sit
3131 4335 3322 4387 causa,
3341 4318 3430 4374 vel
3471 4319 3614 4391 quid
3633 4319 3738 4391 piae

2101 4411 2521 4468 recordationis
2532 4412 2646 4467 Leo
2659 4411 2977 4484 imperator
2989 4429 3096 4485 per
3115 4413 3408 4468 universas
3419 4411 3738 4484 provincias

371 4514 516 4570 cinae
543 4516 790 4580 mentes,
823 4512 1118 4579 humeros,
1167 4509 1429 4581 viresque
1474 4506 1811 4563 subdiderit.
1847 4507 2002 4563 Sicut
2020 4521 2081 4594 D
2107 4505 2499 4561 sacerdotibus
2529 4506 2819 4578 scripserit
2845 4507 3218 4574 consulendo,
3253 4509 3353 4562 aut
3377 4507 3632 4594 qualiter
3669 4506 3735 4562 ab

372 4623 626 4679 namque
645 4605 980 4662 animositas
993 4603 1354 4660 abscissionis
1375 4602 1730 4657 intellectum
1745 4600 1882 4656 facit
1899 4618 2004 4672 per

371 4692 701 4772 superbiam
723 4699 1017 4771 colligare,
1053 4698 1132 4752 ita
1168 4699 1523 4768 recuperatae
1559 4694 1854 4750 charitatis
1894 4695 1998 4750 hu.

371 4795 584 4850 milites
633 4796 858 4849 mentes
905 4792 963 4846 in
1013 4791 1231 4846 unitate
1279 4790 1415 4846 ﬁdei
1468 4792 1898 4862 perseveranter
1926 4789 2000 4846 ad

371 4889 764 4961 cognitionem
795 4886 1054 4942 veritatis
1082 4884 1387 4940 illuminat.

440 4985 680 5056 Propter
709 4981 863 5056 quod
893 4979 1264 5054 praesentium
1293 4977 1681 5050 portatoribus
1709 4993 1854 5049 quos
1881 4976 1997 5032 fra-

369 5077 608 5132 ternitas
627 5080 814 5132 vestra
842 5075 1067 5143 direxit,
1092 5077 1150 5128 et
1170 5089 1237 5128 ex
1257 5071 1566 5137 ,Codicibus
1583 5075 1643 5128 et
1662 5088 1730 5126 ex
1748 5070 1998 5142 antiquis

366 5169 668 5243 polypticis
689 5166 1068 5242 [polyptichis]
1101 5165 1293 5221 scrinii
1316 5167 1526 5220 sancta:
1554 5164 1704 5218 sedis
1729 5164 1998 5235 apostoli-

369 5281 449 5320 cae
487 5264 701 5318 relecta
730 5265 865 5318 sunt
894 5263 1105 5334 aliqua,
1152 5259 1356 5333 quibus
1399 5258 1698 5314 evidenter
1736 5261 1994 5329 apparet,

369 5357 511 5412 nihil
545 5373 749 5412 eorum
784 5372 911 5427 quae
936 5355 995 5410 in
1026 5357 1213 5410 vestra
1251 5352 1518 5426 posuistis
1547 5351 1788 5424 epistola
1825 5367 1997 5406 causa

367 5451 545 5507 trium
571 5450 952 5522 capitulorum
981 5448 1289 5506 convenire
1321 5449 1626 5515 ullatenus,
1667 5448 1765 5500 aut
1797 5445 1992 5499 verisi-

365 5545 582 5601 militer
616 5544 894 5618 coaptari.
937 5543 1188 5614 Ideoque
1233 5557 1465 5598 necesse
1517 5542 1604 5596 est
1645 5556 1745 5594 vos
1793 5555 1995 5594 omnes

364 5639 634 5712 epistolas
649 5638 953 5712 synodales
967 5636 1204 5692 sollicite
1220 5635 1639 5707 vigilanterque
1655 5649 1992 5706 percurrere

364 5737 428 5788 ut
458 5733 778 5789 evidentius
825 5729 1169 5803 agnoscatis,
1208 5728 1344 5800 quia
1391 5727 1575 5782 sancti
1613 5729 1810 5782 Patres
1850 5727 1991 5782 nihil

365 5825 520 5880 aliud
551 5825 622 5881 de
649 5823 1104 5883 Chalcedonensi
1134 5821 1353 5894 synodo
1380 5821 1440 5874 in
1471 5819 1586 5875 suis
1609 5820 1865 5890 epistolis
1894 5821 1988 5875 ﬁr-

2101 4599 2238 4671 ipsis
2263 4616 2539 4670 responsa
2567 4600 2901 4671 susceperit,
2935 4599 3100 4655 nobis
3133 4616 3366 4672 quoque
3387 4590 3730 4666 tacentibus,

2103 4707 2304 4746 eorum
2355 4691 2600 4748 lectione
2655 4692 2916 4748 valebitis
2958 4693 3186 4764 plenius
3236 4693 3553 4750 informari
3594 4713 3608 4751 :
3679 4697 3734 4748 ut

2101 4787 2259 4841 nulla
2284 4785 2356 4841 de
2385 4789 2592 4841 caetero
2622 4785 2683 4841 in
2714 4785 2914 4841 vestris
2954 4787 3220 4844 cordibus
3255 4789 3539 4861 malignae
3576 4805 3729 4845 exco-

2101 4879 2306 4951 gitatio
2337 4880 2633 4951 pravitatis
2665 4881 2857 4936 locum
2878 4881 3264 4953 subreptionis
3304 4881 3590 4938 inveniat.
3630 4883 3729 4938 Nos

2102 4972 2258 5030 enim
2286 4976 2525 5044 propter
2553 4973 2941 5046 prolixitatem
2966 4974 3137 5045 hujus
3163 4974 3422 5046 epistolae
3473 4977 3726 5032 ordinem

2100 5083 2285 5122 causae
2320 5067 2498 5140 ipsius
2542 5067 2954 5123 declinavimus
3003 5067 3276 5124 indicare.
3320 5069 3470 5124 Nam
3515 5070 3562 5124 si
3609 5086 3726 5126 cum

2099 5161 2289 5217 studio
2320 5161 2633 5229 charitatis,
2667 5178 2796 5233 quae
2826 5179 2860 5217 a
2904 5162 3071 5218 nobis
3108 5162 3458 5230 scribuntur,
3505 5181 3633 5220 cum
3671 5162 3728 5216 ti-

2099 5271 2264 5311 more
2294 5255 2526 5310 Domini
2546 5255 2786 5311 sollicite
2813 5255 3231 5328 vigilanterque
3251 5257 3548 5329 relegatis,
3572 5257 3722 5312 facile

2099 5349 2355 5404 sentietis
2412 5353 2693 5421 quantum
2751 5349 2824 5404 sit
2888 5349 3205 5422 periculum
3263 5367 3370 5422 pro
3435 5349 3724 5424 superﬂuis

2099 5441 2530 5515 qumstionibus,
2561 5447 2619 5498 et
2648 5443 3052 5499 haereticorum
3086 5443 3429 5500 defensione
3457 5445 3720 5518 capitulo-

2097 5552 2250 5607 rum,
2285 5536 2487 5592 tandiu
2512 5537 2584 5592 ab
2617 5537 2924 5593 universali
2953 5538 3205 5593 Ecclesia
3232 5539 3552 5611 segregari.

2168 5629 2352 5686 Nolite
2369 5647 2508 5703 ergo
2521 5647 2720 5686 amore
2729 5630 3045 5703 jactantiaa,
3061 5648 3191 5704 quas
3203 5633 3490 5704 superbim
3507 5648 3723 5705 semper

2096 5727 2182 5780 est
2202 5725 2482 5798 proxima,
2509 5726 2568 5781 in
2591 5726 2991 5782 obstinationis
3005 5727 3144 5784 vitio
3159 5743 3526 5800 permanere,
3549 5745 3719 5802 quan-

2097 5819 2171 5876 do
2198 5819 2258 5874 in
2297 5820 2388 5875 die
2409 5820 2611 5892 judicii
2641 5821 2830 5878 nullus
2859 5825 3114 5878 vestrum
3135 5839 3407 5879 excusare
3436 5841 3497 5879 se
3520 5823 3713 5881 valeat.
