3940 6178
161 313 232 367 713

1333 289 1674 350 EPISTOL/E
1721 286 1806 344 ET
1845 285 2172 343 DECRETA.

3333 291 3434 344 714

153 422 192 474 et
214 425 365 484 neque
387 404 706 464 Theodorus
729 405 1176 477 Mepsuestenus,
1207 418 1394 474 neque
1434 401 1546 456 Iba
1585 397 1702 470 epi~
1728 395 1866 486 Ain
1906 395 2154 451 Ecclesia
2203 409 2320 448 non
2369 397 2498 449 est:
2543 394 2615 449 ad
2658 409 2907 465 regnum
2954 393 3252 466 pervenire
3313 413 3430 452 non

154 509 276 573 stola,
305 519 414 576 qua
443 501 509 555 ab
537 498 876 554 adversariis
903 501 990 552 est
1017 497 1260 568 prolata,
1285 501 1417 551 ante
1450 495 1702 550 tribunal

151 595 455 669 tantijudicis
473 593 627 649 vobis
658 593 845 648 valeat
874 591 1197 646 subvenire.
1234 589 1466 645 Doctori
1507 589 1702 659 itaque

149 692 355 768 gentium
378 703 690 761 pareamus,
726 686 826 757 qui
849 687 907 740 in
937 685 1128 756 prima
1145 684 1218 738 ad
1233 683 1560 740 Corinthios
1581 682 1700 754 epi-

147 787 257 842 stola
280 781 791 838 dicitzlmztlamilti
817 781 1149 834 charismata
1169 779 1413 840 meliora,
1448 783 1498 831 et
1527 777 1705 831 adhuc

149 879 506 936 emtlentiorem
533 876 676 929 viam
695 874 844 928 vobis
867 873 1169 928 demonstro
1197 871 1247 944 (Ι
1271 873 1390 927 Cor.
1430 870 1546 941 xu).
1570 871 1705 934 Qua

147 989 250 1044 ergo
277 970 476 1040 majora
503 967 635 1034 sint,
670 970 728 1022 et
748 983 780 1021 a
813 983 871 1021 se
900 964 1354 1021 demonstranda
1383 963 1702 1036 promittat,

149 1084 194 1121 ex
213 1065 360 1137 ipsius
376 1078 502 1116 voce
535 1060 838 1115 audiamus
869 1059 1147 1114 intentius
1177 1076 1189 1114 :
1219 1060 1280 1114 Si
1311 1060 1512 1126 tinguis
1533 1059 1702 1113 homi-

143 1175 240 1214 num
264 1160 432 1226 loquar
459 1159 509 1210 et
532 1155 862 1223 angelorum,
897 1155 1212 1209 charitatem
1237 1158 1416 1208 autem
1455 1168 1564 1219 non
1605 1153 1701 1206 ha-

147 1253 276 1313 beam,
299 1253 463 1318 factus
487 1263 608 1303 sum
633 1250 772 1303 sicut
796 1263 866 1303 as
890 1263 1112 1311 sonans,
1140 1252 1236 1302 aut
1263 1247 1569 1316 cymbalum
1595 1247 1702 1300 tin-

142 1347 272 1398 niens.
313 1346 374 1400 Et
405 1345 452 1397 si
485 1343 722 1396 habuero
760 1342 1123 1411 prophetiam,
1158 1346 1210 1396 et
1248 1342 1486 1395 noverim
1525 1342 1707 1394 omnia

141 1438 360 1506 mysteria,
391 1440 438 1492 et
481 1438 531 1490 si
569 1436 801 1489 habuero
841 1450 1046 1489 omnem
1081 1435 1263 1504 ﬁdem,
1302 1437 1383 1488 ita
1411 1439 1472 1488 ut
1501 1439 1705 1488 montes

139 1533 428 1598 transferam,
451 1533 500 1584 et
526 1530 576 1583 si
600 1529 925 1582 distribuere
949 1530 1006 1582 in
1025 1528 1169 1582 cibos
1191 1544 1500 1598 pauperum
1527 1541 1706 1580 omnes

137 1624 372 1690 facultates
391 1638 552 1690 meas,
573 1627 622 1676 et
641 1624 691 1676 si
708 1622 986 1676 tradidero
1006 1637 1198 1691 corpus
1219 1637 1396 1676 meum
1411 1625 1470 1676 ut
1491 1621 1704 1683 ardeat,

135 1716 395 1770 chan'tatem
449 1720 632 1770 autem
671 1731 779 1769 non
821 1715 1077 1782 habuero,
1124 1715 1264 1769 nihil
1300 1717 1434 1769 mihi
1485 1716 1708 1785 prodest

1805 490 2037 562 poterit,
2080 489 2176 560 qui
2207 505 2334 542 eam
2366 505 2494 560 qua
2531 492 2846 559 regnatura
2877 492 2962 543 est
2992 489 3317 562 dereliquit.
3363 492 3434 546 Et

1804 587 1936 655 post
1977 583 2135 638 alia:
2185 582 2326 636 Cum
2369 582 2486 636 Deo
2527 599 2765 637 manere
2819 599 2937 637 non
3007 588 3263 653 possunt,
3331 584 3430 656 qui

1806 693 1928 731 esse
1957 677 2017 731 in
2049 675 2298 731 Ecclesia
2328 675 2432 730 Dei
2457 676 2810 730 unanimiter
2838 677 3166 745 noluerunt,
3190 679 3434 733 ardeant

1805 770 1937 824 licet
1966 769 2217 824 flammis
2260 772 2317 823 et
2345 769 2574 840 ignibus
2604 769 2817 837 traditi,
2858 771 2946 823 vel
2990 770 3196 841 objecti
3240 771 3434 826 bestiis

1746 860 1768 876 ’
1806 863 2031 918 animas
2061 880 2192 917 suas
2221 867 2476 934 ponant:
2511 881 2628 918 non
2650 864 2758 918 erit
2786 864 2884 918 illa
2913 863 3048 918 ﬁdei
3078 881 3311 932 corona,
3334 867 3435 920 sed

1805 974 1975 1029 pana
2013 957 2298 1030 perfidiae;
2335 960 2439 1012 nec
2483 957 2766 1028 religiosa
2809 957 3030 1012 virtutis
3075 959 3255 1013 exitus
3311 961 3434 1030 glo-

1806 1051 2021 1122 riosusf,
2070 1051 2172 1105 sed
2221 1051 2637 1122 desperationis
2693 1051 2957 1106 interitus
2999 1069 3011 1106 :
3070 1052 3248 1108 occidi
3307 1053 3436 1108 talis

1806 1147 2015 1216 potest,
2045 1144 2312 1199 coronari
2343 1160 2459 1198 non
2490 1147 2698 1215 potest.

1877 1241 2023 1292 ltem
2045 1238 2339 1308 ejusdem:
2370 1240 2457 1291 An
2492 1255 2614 1292 esse
2647 1237 2755 1292 sibi
2785 1240 2915 1292 cum
2934 1238 3155 1294 Christo
3177 1238 3432 1311 videtur,

1808 1332 1904 1402 qui
1934 1331 2205 1386 adversus
2235 1332 2561 1386 sacerdotes
2591 1331 2800 1386 Christi
2828 1331 3004 1386 facit?
3036 1333 3210 1403 quise
3242 1350 3275 1387 a
3297 1335 3436 1389 cleri

1807 1425 1930 1495 ejus
1973 1430 2031 1479 et
2058 1425 2241 1496 plebis
2270 1425 2542 1480 societate
2573 1425 2859 1479 secernit?
2905 1429 3080 1480 Arma
3109 1426 3205 1480 ille
3234 1432 3435 1482 contra

1807 1519 1989 1573 Deum
2014 1522 2225 1590 portat,
2258 1524 2459 1574 contra
2487 1519 2588 1574 Dei
2629 1519 3064 1591 dispositionem
3102 1523 3389 1591 repugnat
3422 1539 3434 1576 :

1806 1612 1985 1668 hostis
2017 1613 2209 1667 altaris
2240 1614 2508 1668 adversus
2553 1614 2893 1668 sacriﬁcium
2935 1615 3144 1670 Christi
3185 1615 3434 1682 rebellis,

1805 1723 1910 1778 pro
1939 1705 2052 1760 ﬁde
2079 1707 2350 1777 perﬁdus,
2381 1724 2486 1778 pro
2525 1707 2807 1778 religione
2838 1709 3166 1778 sacrilegus,
3209 1708 3434 1763 inobse-

139 1809 259 1878 (Μ.
306 1811 429 1879 xm);
475 1811 536 1863 et
575 1809 785 1862 iterum
819 1825 834 1862 :
867 1809 1045 1872 Fides,
1097 1823 1238 1878 spes,
1287 1809 1548 1872 charitas,
1599 1788 1784 1863 triaB
1809 1816 1991 1872 quens
2008 1817 2219 1867 servus,
2237 1800 2627 1872 ﬁliusimpius,
2646 1800 3124 1868 fraterinimicus,
3143 1807 3440 1875 contemp-

136 1903 231 1966 hac,
258 1903 416 1972 major
449 1908 633 1958 autem
664 1904 747 1957 his
789 1903 1026 1957 charitas
1063 1902 1265 1973 (Ibid).
1310 1903 1492 1966 Quam
1535 1901 1712 1972 igitur

138 1998 237 2049 ante
262 1996 554 2051 Dominum
581 1995 841 2067 poteritis
876 1995 1090 2050 habere
1140 1995 1430 2064 ﬁduciam,
1475 1996 1708 2066 quando

135 2088 308 2143 nullum
329 2090 657 2144 scandalum
682 2088 948 2160 generari
966 2088 1128 2143 vobis
1149 2089 1219 2143 de
1243 2089 1378 2142 ﬁdei
1399 2092 1608 2144 nostra
1629 2089 1712 2143 in-

135 2181 350 2252 tegritate
365 2187 686 2250 cernentes,
705 2182 880 2236 tantis
907 2182 1261 2253 temporibus
1279 2199 1382 2254 per
1394 2183 1712 2253 superﬂuas

131 2276 420 2344 quaestiones
441 2277 512 2330 ab
537 2275 786 2330 Ecclesia
807 2275 928 2342 Dei,
954 2291 1080 2346 qua
1103 2293 1218 2330 una
1239 2279 1342 2343 est,
1365 2279 1424 2330 et
1452 2293 1486 2330 a
1505 2277 1707 2330 frater-

131 2382 187 2420 na
209 2367 457 2424 charitate
491 2385 596 2423 vos
627 2368 804 2422 dividi
832 2367 1068 2422 duratis.
1100 2368 1205 2424 Ubi
1237 2385 1488 2440 namque
1521 2369 1591 2423 sit
1618 2386 1708 2424 ec-

129 2459 263 2516 clesia
287 2463 604 2529 constituta,
646 2462 781 2516 licet
809 2461 984 2532 ipsius
1009 2461 1235 2545 meini
1260 2479 1396 2516 voce
1421 2464 1482 2516 in
1513 2466 1710 2517 saneto

130 2552 384 2624 Evangelia
395 2555 464 2610 sit
478 2555 916 2627 apertum,quid
935 2557 1132 2610 tamen
1149 2556 1352 2610 beatus
1363 2556 1711 2627 Augustinus

131 2646 338 2716 ejusdem
363 2649 670 2705 dominica
695 2666 922 2704 memor
946 2649 1246 2704 sententia
1277 2649 1585 2718 deﬁnierit,
1618 2667 1713 2704 au-

129 2738 326 2796 diamus.
353 2744 409 2797 In
438 2743 530 2798 his
548 2759 820 2814 namque,
841 2743 940 2812 ait,
964 2760 1086 2797 esse
1115 2743 1214 2797 Dei
1235 2744 1544 2798 Ecclesiam
1574 2760 1711 2798 eon-

128 2831 358 2903 stitutam,
391 2837 486 2908 qui
529 2836 761 2891 sedibus
801 2836 1126 2908 apostolicis
1146 2853 1265 2908 .per
1297 2838 1713 2892 successionem

125 2929 385 2994 prasulum
423 2931 740 3002 praesidere
785 2934 1116 2986 noscuntur.
1163 2933 1232 2986 Et
1269 2931 1596 3002 quicunque
1641 2932 1712 2985 ab

127 3022 414 3078 earumdem
445 3024 674 3080 sedium
705 3041 766 3080 se
799 3024 1206 3080 communione
1238 3027 1326 3079 vel
1374 3025 1712 3080 auctoritate

123 3117 456 3186 suspenderit,
473 3135 603 3174 esse
620 3118 680 3172 in
702 3118 1008 3173 schismate
1033 3119 1480 3173 demonstratur.
1501 3121 1568 3173 Et
1586 3123 1716 3191 post

124 3205 224 3261 alia.
248 3209 455 3266 Positus
474 3211 642 3282 foris,
673 3212 900 3266 etiamsi
927 3228 1032 3283 pro
1058 3211 1264 3268 Christi
1293 3213 1528 3267 nomine
1556 3229 1712 3268 mor-

122 3300 223 3354 tuus
237 3303 594 3376 fueris,.inter
613 3306 877 3360 membra
891 3305 1094 3360 Christi
1119 3304 1254 3378 [non
1269 3306 1684 3380 numeraberis]
1697 3348 1710 3361 .

123 3389 284 3449 Patere
308 3413 407 3468 pro
438 3398 690 3466 Christo,
723 3399 950 3452 harens
979 3399 1225 3470 corpori,
1253 3415 1448 3471 pugna
1479 3417 1583 3471 pro
1615 3418 1710 3456 ca-

121 3485 226 3554 pite.
255 3487 360 3545 Sed
385 3497 442 3546 et
461 3493 672 3548 beatus
699 3492 1012 3564 Cyprianus
1035 3493 1305 3564 egregius
1319 3497 1538 3564 martyr
1562 3494 1622 3548 in
1653 3495 1717 3548 li-

118 3574 198 3634 bro
216 3598 375 3653 quem
397 3586 468 3641 de
492 3586 732 3642 unitatis
749 3586 984 3641 nomine
1017 3587 1282 3654 titulavit,
1318 3587 1471 3642 inter
1498 3587 1610 3642 alia
1636 3588 1714 3642 sic

121 3669 259 3728 dicit:
280 3677 594 3734 Exordium
618 3679 688 3734 ab
711 3679 930 3734 unitate
948 3679 1343 3752 proﬁciscitur;
1358 3683 1416 3735 et
1434 3681 1714 3752 primatus

116 3761 253 3822 Petro
294 3770 480 3842 datur,
518 3777 586 3828 ut
623 3790 740 3828 una
783 3773 990 3829 Christi
1029 3774 1278 3828 Ecclesia
1331 3779 1389 3828 et
1440 3775 1714 3830 cathedra

118 3867 466 3922 monstretur:
497 3871 564 3922 et
588 3870 845 3939 pastores
863 3872 995 3922 sunt
1017 3885 1238 3937 omnes,
1272 3868 1375 3922 sed
1401 3884 1538 3940 grex
1569 3885 1714 3924 unus

123 3956 422 4029 ostenditur,
464 3961 569 4033 qui
619 3961 690 4016 ab
728 3961 1000 4032 apostolis
1039 3962 1303 4017 unanimi
1335 3963 1713 4018 consensione

119 4053 365 4115 pascatur.
399 4055 470 4110 Et
494 4058 630 4128 post
671 4072 853 4127 pauca
893 4073 906 4110 :
941 4057 1098 4111 Hanc
1136 4057 1398 4112 Ecclesia
1435 4059 1714 4114 unitatem

117 4142 191 4208 qui
218 4159 325 4200 non
355 4151 541 4219 tenet,
575 4155 774 4204 tenere
813 4166 872 4204 se
907 4149 1083 4204 fidem
1113 4131 1334 4205 credit?
1373 4151 1482 4216 Qui
1527 4153 1716 4208 cathe-

113 4229 250 4293 dram
277 4240 450 4311 Petri,
482 4259 660 4314 super
679 4259 854 4315 quam
883 4243 1398 4314 Ecclesiafundata
1423 4249 1528 4313 est,
1557 4245 1717 4301 dese-

113 4326 184 4393 rit,
206 4336 258 4385 et
280 4336 513 4405 resistit,
535 4337 597 4391 in
625 4337 875 4392 Ecclesia
889 4355 950 4392 se
975 4355 1097 4393 esse
1119 4339 1396 4394 conﬁdit?
1426 4341 1565 4394 Item
1586 4343 1716 4411 post

110 4419 234 4479 alia:
271 4428 355 4483 Ad
401 4431 567 4501 pacis
601 4431 900 4502 pramium
941 4433 1243 4503 pervenire
1289 4449 1406 4486 non
1454 4436 1712 4504 possunt,

111 4516 217 4581 quia
241 4536 438 4590 pacem
469 4524 704 4580 Domini
734 4525 1034 4580 discordia
1060 4521 1254 4592 furore
1283 4530 1578 4598 ruperunt.

163 4609 287 4668 ltem
316 4632 382 4671 ex
411 4618 631 4674 eodem
659 4619 805 4674 libro
831 4619 909 4674 sic
931 4619 1013 4673 ait
1043 4636 1057 4674 :
1089 4619 1548 4679 Ad-sacriﬁcium
1580 4637 1712 4675 cum

111 4698 422 4766 dissentione
440 4713 746 4768 venientes
761 4717 991 4768 revocat
1006 4713 1078 4768 ab
1101 4713 1286 4782 altari,
1309 4718 1366 4768 et
1377 4714 1544 4785 jubet
1559 4715 1714 4786 prius

109 4801 424 4860 concordare
472 4822 610 4860 cum
651 4806 849 4874 fratre,
893 4811 1028 4861 tunc
1065 4823 1199 4862 eum
1224 4824 1367 4878 pace
1404 4807 1716 4863 redeuntes

109 4885 316 4950 Domino
348 4915 571 4954 munus
591 4899 798 4955 offerre
824 4901 1038 4973 (Matth.
1055 4901 1131 4974 v);
1171 4902 1307 4974 quia
1334 4919 1441 4957 nec
1471 4902 1544 4957 ad
1575 4903 1714 4959 Cain

106 4995 314 5046 munera
333 4993 595 5065 respexit
610 4995 758 5049 Deus
780 4995 986 5066 (Genes.
1003 4997 1098 5069 1v);
1118 5003 1307 5070 neque
1320 4997 1478 5052 enim
1499 4997 1714 5052 habere

105 5073 383 5141 Dominum
415 5092 694 5159 pacatum
715 5091 962 5161 poterat,
992 5092 1089 5162 qui
1131 5093 1471 5159 cum,fratre
1511 5109 1714 5164 pacem

101 5183 184 5238 per
199 5178 298 5234 zeli
327 5179 691 5238 discordiam
721 5201 838 5238 non
864 5184 1132 5241 habebat.
1167 5186 1351 5251 Quam
1391 5187 1499 5242 sibi
1539 5186 1717 5258 igitur

100 5277 270 5332 pacem
298 5275 662 5345 promittunt
687 5277 903 5334 inimici
930 5280 1174 5336 fratrum
1195 5281 1222 5336 ?
1265 5281 1400 5346 Qua
1441 5281 1714 5336 sacriﬁcia

99 5361 356 5424 celebrare
380 5386 444 5425 se
467 5371 719 5426 credunt
730 5373 923 5428 amuli
943 5375 1346 5432 sacerdotum?
1367 5377 1574 5431 Secum
1591 5392 1714 5429 esse

97 5451 355 5518 Christum
383 5481 525 5519 cum
553 5466 776 5524 collecti
799 5469 1018 5523 fuerint
1038 5469 1368 5542 opinantur,
1395 5471 1457 5524 hi
1485 5469 1582 5541 qui
1617 5485 1712 5526 ex-

96 5547 167 5604 tra
189 5552 509 5615 Ecclesiam
541 5560 888 5634 colliguntur
907 5563 934 5618 ?
959 5565 1121 5618 Tales
1149 5565 1324 5619 etiam
1366 5565 1411 5618 si
1446 5563 1612 5619 occisi
1654 5563 1711 5618 in

94 5647 439 5708 confessione
460 5654 718 5710 nominis
733 5656 967 5726 fuerint,
981 5659 1208 5714 macula
1222 5658 1337 5713 ista-
1359 5675 1466 5713 nec
1478 5657 1711 5730 sangui-

95 5749 154 5793 ne
183 5741 453 5804 abluitur.
483 5749 849 5822 lnexpiabilis
893 5754 952 5806 et
983 5752 1170 5824 gravis
1211 5753 1380 5825 culpa
1413 5751 1710 5810 discordia

95 5846 185 5890 nec
203 5841 478 5910 passione
506 5847 807 5917 purgatur.
839 5847 974 5903 Esse
991 5850 1212 5922 martyr
1241 5864 1358 5906 non
1385 5849 1593 5922 potest,
1617 5847 1714 5921 qui

402 5939 686 6010 Panos.
738 5943 972 6012 LXXII.

1735 3162 1790 3237 C

1811 1893 1882 1948 tis
1903 1893 2179 1964 episcopis
2201 1897 2258 1947 et
2275 1894 2370 1948 Dei
2391 1894 2781 1949 sacerdotibus
2803 1895 3108 1962 derelictis,
3133 1895 3440 1950 constitue-

1811 2003 1873 2041 re
1907 1987 2083 2041 audet
2107 1987 2261 2042 aliud
2280 1988 2479 2042 altare.
2505 1989 2646 2042 ltem
2671 1988 2831 2058 cujus
2851 2005 3054 2058 supra:
3077 1988 3244 2058 Pejus
3261 1989 3435 2042 schis-

1811 2080 1984 2138 matis
2014 2081 2232 2135 crimen
2260 2083 2364 2149 est,
2385 2097 2560 2152 quam
2587 2081 2742 2151 quod
2765 2081 2822 2135 hi
2843 2081 2938 2152 qui
2959 2081 3437 2149 sacriﬁcaverunt,

1812 2174 1909 2246 qui
1939 2177 2138 2228 tamen
2171 2174 2227 2228 in
2257 2174 2593 2245 panitentia
2614 2173 2873 2228 criminis
2909 2175 3203 2230 constituti
3241 2174 3439 2229 Domi-

1811 2284 1952 2321 num
1983 2267 2165 2338 plebis
2194 2268 2675 2323 satisfactionibus
2701 2269 3216 2340 deprecanturJiic
3250 2270 3437 2323 Eccle-

1813 2361 1897 2415 sia
1921 2362 2196 2432 quaritur
2221 2367 2280 2416 et
2315 2366 2571 2434 rogatur,
2605 2362 2721 2417 illic
2762 2363 3025 2418 Ecclesia
3063 2366 3438 2434 repugnatur.

1811 2455 1911 2509 Hic
1939 2459 2131 2526 potest
2159 2457 2468 2511 necessitas
2489 2457 2680 2524 fuisse,
2714 2457 2827 2512 illic
2847 2458 3110 2512 voluntas
3130 2461 3359 2511 tenetur
3383 2457 3442 2510 in

1813 2550 2047 2603 scelere.
2063 2550 2159 2604 Hic
2182 2551 2280 2621 qui
2296 2552 2487 2621 lapsus
2505 2555 2608 2618 est,
2625 2551 2729 2605 sibi
2745 2555 2971 2606 tantum
2987 2551 3202 2618 nocuit,
3219 2551 3330 2605 illic
3346 2551 3445 2622 qui

1813 2641 2080 2696 haresim
2111 2644 2199 2697 vel
2223 2644 2471 2698 schisma
2491 2645 2681 2698 facere
2711 2650 2970 2713 conatur,
3000 2647 3211 2699 multos
3246 2663 3442 2704 secum

1813 2735 2097 2790 trahendo
2121 2737 2364 2807 decepit.
2397 2737 2492 2792 Hic
2511 2738 2718 2793 anima
2733 2739 2898 2793 unius
2912 2745 2998 2794 est
3014 2741 3312 2811 damnum,
3333 2743 3445 2798 illic

1812 2829 2132 2900 periculum
2157 2831 2560 2901 plurimorum.
2580 2834 2742 2886 Cert‘e
2771 2849 2829 2886 se
2844 2850 3108 2904 peccasse
3121 2836 3214 2891 hic
3233 2837 3441 2892 intelli-

1814 2923 1900 2993 git
1929 2927 1987 2977 et
2010 2923 2253 2995 plangit,
2278 2925 2373 2978 ille
2391 2929 2620 2980 tumens
2635 2926 2689 2979 in
2705 2931 2939 2997 peccato
2957 2945 3079 2997 suo,
3109 2934 3164 2984 et
3186 2930 3321 3002 ipsis
3338 2931 3444 2986 sibi

1815 3016 2037 3072 delictis
2052 3018 2346 3088 placens,a
2360 3022 2546 3073 matre
2558 3019 2705 3074 ﬁlios
2720 3024 3006 3093 segregat,
3026 3039 3160 3078 oves
3171 3041 3203 3078 a
3214 3029 3444 3096 pastore

1815 3111 2099 3180 sollicitat,
2138 3112 2240 3166 Dei
2274 3116 2634 3168 sacramenta
2668 3114 2970 3184 disturbat,
3002 3121 3060 3172 et
3089 3135 3219 3172 cum
3253 3120 3444 3192 lapsus

1816 3205 1994 3260 semel
2019 3206 2356 3277 peccaverit,
2373 3206 2466 3261 ille
2481 3207 2736 3278 quotidie
2753 3214 2969 3280 peccat.
2992 3213 3292 3269 Postremo
3319 3214 3444 3285 lap-

1815 3315 1910 3353 sus
1931 3299 2273 3370 martyrium
2302 3302 2676 3371 postmodum
2705 3307 3041 3358 consecutus
3070 3311 3257 3376 potest
3279 3307 3446 3378 regni

1813 3393 2097 3464 promissa
2129 3394 2466 3465 percipere:
2497 3395 2591 3449 ille
2633 3395 2679 3450 si
2723 3399 2882 3451 extra
2922 3398 3232 3454 Ecclesiam
3272 3400 3448 3455 fuerit

1815 3487 2051 3555 occisus,
2085 3487 2158 3541 ad
2183 3487 2445 3543 Ecclesia
2478 3504 2596 3544 non
2627 3492 2817 3561 potest
2840 3491 3081 3561 pramia
3122 3493 3442 3564 pervenire.

1885 3583 2030 3635 ltem
2057 3581 2156 3652 qui
2181 3598 2354 3653 supra
2380 3598 2394 3636 :
2429 3583 2595 3646 Quod
2619 3583 2665 3638 si
2690 3583 2750 3638 in
2779 3584 3082 3656 Scripturis
3103 3587 3313 3642 sanctis
3335 3588 3446 3644 fre-

1815 3677 2059 3746 quenter
2087 3679 2146 3730 et
2169 3675 2381 3748 ubique
2413 3676 2714 3748 disciplina
2748 3679 3096 3751 pracipitur,
3147 3684 3205 3736 et
3246 3682 3450 3738 funda-

1815 3772 2079 3823 mentum
2109 3769 2405 3841 religionis
2435 3788 2469 3826 a
2507 3771 2642 3826 ﬁdei
2683 3772 3082 3830 observatione
3126 3793 3192 3831 ac
3230 3778 3444 3832 timore

1814 3861 2208 3944 proﬁciscitur,
2251 3863 2390 3935 quid
2434 3865 2694 3936 cupidius
2733 3871 3030 3939 appetere,
3079 3870 3219 3942 quid
3253 3872 3442 3944 magis

1814 3942 1958 4010 velle
2002 3973 2068 4011 ac
2105 3959 2305 4012 tenere
2353 3975 2458 4013 nos
2491 3960 2778 4028 convenit,
2831 3959 3007 4033 quam
3050 3967 3111 4018 ut
3156 3942 3445 4022 radicibus

1815 4049 2019 4105 fortius
2044 4050 2188 4119 ﬁxis,
2217 4054 2275 4106 et
2320 4051 2621 4108 domiciliis
2659 4055 2868 4110 nostris
2919 4074 3092 4128 super
3135 4063 3313 4130 petra
3355 4077 3442 4116 ro-

1813 4144 1996 4200 busta
2013 4146 2168 4200 mole
2186 4145 2459 4215 solidatis,
2482 4147 2804 4204 inconcussi
2834 4150 2908 4205 ad
2930 4153 3210 4222 procellas
3239 4169 3304 4208 ac
3333 4133 3447 4208 tur-

1812 4237 1976 4295 bines
2005 4239 2194 4294 saeculi
2219 4243 2456 4308 stemus,
2490 4245 2552 4295 ut
2579 4241 2654 4296 ad
2690 4243 2792 4298 Dei
2833 4259 3077 4299 munera
3113 4263 3219 4317 per
3251 4246 3444 4302 divina

1815 4336 2103 4404 pracepta
2130 4334 2324 4388 venire
2349 4334 2632 4404 possimus
2648 4334 2676 4388 ?

1886 4427 1956 4480 Et
1979 4427 2109 4480 ideo
2140 4427 2443 4481 hortamur
2467 4428 2835 4483 dilectionem
2865 4434 3134 4500 vestram,
3181 4436 3238 4489 et
3275 4434 3441 4492 obse-

1729 4535 1790 4608 D
1812 4505 2057 4588 eramus,
2081 4523 2145 4574 ut
2167 4523 2288 4575 tam
2318 4521 2593 4576 terribilia
2619 4524 2854 4577 Patrum
2871 4525 3204 4583 testimonia
3231 4545 3448 4600 cogno-

1814 4617 2056 4682 scentes,
2080 4615 2236 4668 nullo
2263 4614 2439 4669 modo
2469 4615 2770 4686 patiamini
2806 4618 3042 4674 ulterius
3071 4620 3131 4676 in
3159 4621 3436 4680 divisione

1814 4709 2076 4764 Ecclesiae
2099 4707 2404 4780 persistere
2429 4726 2442 4776 ;
2463 4709 2562 4764 sed
2576 4710 2636 4764 in
2653 4710 2870 4768 viscera
2890 4718 3100 4771 sancta
3127 4718 3331 4772 matris
3350 4735 3439 4774 ca-

1813 4803 2040 4858 tholica
2056 4806 2228 4874 atque
2250 4804 2578 4874 apostolica
2593 4807 2824 4878 regredi
2850 4811 2972 4864 tota
3001 4812 3213 4867 mentis
3250 4813 3438 4870 inten-

1814 4897 1971 4953 tione
2001 4899 2246 4952 celerate
2280 4895 2666 4973 [eccelerate):
2699 4905 2764 4957 ut
2785 4901 3027 4962 radicati
3062 4905 3121 4959 in
3161 4907 3440 4963 charitate

1816 4992 2052 5047 unitatis
2074 4994 2246 5065 atque
2261 4993 2487 5048 fundati
2500 4993 2690 5050 dicere
2712 5013 3042 5052 mereamur
3070 5015 3082 5054 :
3115 5003 3246 5056 Ecce
3271 5019 3438 5072 quam

1817 5087 2012 5142 bonum
2041 5091 2092 5142 et
2119 5103 2282 5158 quam
2300 5089 2628 5158 jucundum,
2657 5085 2904 5146 habitdre
2933 5094 3140 5159 fratres
3171 5097 3231 5152 in
3273 5113 3442 5155 unum

1816 5180 1980 5252 (Psat.
2012 5181 2245 5253 cxxxu):
2285 5183 2566 5237 veraciter
2601 5185 3022 5242 exclamantes:
3055 5190 3335 5260 Repletum
3365 5201 3445 5252 est

1813 5275 2017 5344 gaudio
2046 5291 2103 5331 os
2130 5281 2393 5341 nostrum,
2423 5283 2472 5332 et
2497 5278 2688 5346 lingua
2715 5285 2904 5335 nostra
2923 5283 3252 5342 eauttatione
3269 5287 3436 5361 (Psal.

1816 5371 1994 5442 cxxv).
2025 5370 2242 5435 Quibus
2268 5370 2530 5426 breviore
2559 5372 2795 5443 quidem
2820 5375 2985 5447 style,
3007 5377 3327 5437 abundanti
3357 5387 3443 5439 ta-

1815 5479 1952 5518 men
1989 5464 2270 5520 charitate
2307 5465 2614 5536 responsis,
2648 5471 2707 5521 et
2731 5468 2802 5524 de
2833 5471 3210 5530 fraternitatis
3241 5479 3444 5532 vestra

1813 5558 2125 5625 mentibus,
2149 5561 2212 5612 et
2227 5557 2305 5614 de
2320 5559 2525 5616 divina
2546 5561 2952 5622 misericordia
2978 5568 3187 5624 virtute
3209 5569 3444 5624 conﬁdis

1813 5667 1962 5721 mus,
1976 5667 2076 5707 vos
2092 5655 2301 5708 sancta
2322 5652 2488 5708 citius
2506 5655 2815 5714 reformari
2827 5659 3226 5716 indubitanter
3238 5659 3428 5718 Eccle-

1814 5745 1931 5801 sia.
1961 5745 2021 5802 Si
2051 5748 2248 5802 tamen
2274 5763 2379 5821 pro
2410 5749 2620 5805 nostris
2645 5750 2833 5807 adhuc
2853 5753 3072 5808 delictis
3099 5753 3317 5826 aliquid
3333 5755 3436 5812 inid

1812 5839 1996 5900 Inicus
2019 5840 2348 5899 animarum
2366 5843 2526 5900 vobis
2542 5843 2942 5903 obstinationis
2959 5847 3136 5920 (quod
3153 5848 3319 5924 absit)
3341 5856 3442 5914 aut

3055 5953 3132 6013 23
