4058 6190
475 319 577 374 715

1854 309 2116 368 PELAGII
2151 309 2343 368 PAPzE
2380 307 2427 366 Il

3728 315 3834 370 ’716

475 423 782 482 dubietatis
803 420 1081 490 intulerit,
1103 418 1416 476 secundum
1443 420 1598 493 quod
1624 419 1987 476 interlocutio
2003 437 2101 476 no-
2121 434 2180 507 Α
2198 422 2373 492 longo
2405 419 2698 475 divisionis
2727 437 2833 475 usu
2863 420 3080 492 quanto
3099 417 3312 476 mentis
3333 417 3547 494 frigore
3569 419 3836 477 fraterni-

475 525 593 576 stra
625 524 916 592 gestorum
947 515 1099 588 apud
1135 532 1240 571 nos
1268 515 1596 570 habitorum
1631 531 1898 587 suprema
1942 532 2099 570 com-

471 615 758 688 plectitur,
793 617 849 666 et
886 611 1031 665 sicut
1054 609 1526 664 excellentissimo
1559 609 1796 664 domino
1827 609 1943 664 ﬁlio
1995 626 2098 664 no-

473 714 591 764 stro
622 703 940 776 Smaragdo
958 704 1201 758 exarcho
1222 703 1394 758 Italia:
1413 703 1732 775 supplicare
1754 703 2096 769 curavimus,

471 803 774 857 instructas
797 799 907 852 huc
933 797 1007 852 ad
1033 815 1137 851 nos
1156 814 1452 868 personas,
1488 797 1693 869 quibus
1717 797 1938 852 facilius
1967 797 2097 851 red-

471 893 663 950 denda
693 891 1137 963 recipiendaque
1165 891 1239 946 sit
1261 891 1428 959 ratio,
1457 891 1687 946 mittere
1717 891 2006 958 festinate,
2038 893 2102 944 ut

471 988 629 1042 nulla
666 987 936 1057 deinceps
981 1002 1293 1040 consensus
1330 984 1502 1039 vestri
1553 985 1815 1040 dubietas
1835 984 2097 1056 supersit,

469 1084 569 1136 aut
607 1079 866 1146 tarditas,
915 1080 961 1132 si
1009 1080 1090 1133 eis
1141 1079 1451 1134 satisfactio
1481 1080 1652 1150 plena
1675 1078 1970 1132 reddatur.
2001 1078 2100 1132 Vel

470 1175 518 1228 si
548 1191 651 1246 pro
681 1172 1105 1243 longinquitate
1148 1174 1426 1240 locorum,
1445 1173 1532 1226 vel
1565 1175 1893 1243 temporum
1915 1171 2097 1242 quali-

469 1271 587 1322 tate
619 1265 935 1338 pavescitis,
969 1266 1082 1320 illic
1114 1269 1400 1322 Ravenna:
1447 1266 1548 1320 ﬁat
1601 1264 1978 1336 congregatio
2017 1283 2101 1320 sa-

471 1360 791 1426 cerdotum,
823 1375 936 1430 quo
969 1375 1074 1413 nos
1101 1359 1278 1413 etiam
1312 1359 1410 1430 qui
1439 1360 1564 1414 loco
1595 1362 1789 1413 nostro
1811 1358 2098 1426 intersint,

471 1453 767 1508 divinitate
787 1451 1054 1524 propitia,
1089 1452 1425 1522 dirigemus,
1459 1470 1494 1507 a
1524 1452 1730 1523 quibus
1760 1451 2097 1507 satisfactio-

471 1563 608 1601 nem
627 1546 1022 1618 plenissimam
1053 1546 1324 1616 capiatis;
1359 1562 1431 1599 ne
1455 1547 1698 1617 amplius
1723 1545 1935 1600 animae
1963 1546 2098 1600 sim-

469 1641 645 1712 plices
693 1639 886 1694 divisa:
947 1657 980 1694 a
1034 1642 1231 1694 sancta
1300 1639 1551 1694 Ecclesia
1623 1657 1728 1711 pro
1799 1639 2100 1710 superﬂuis

471 1733 881 1806 quaestionibus
927 1735 1047 1786 tam
1094 1733 1270 1803 longa
1308 1732 1691 1788 obstinatione
1732 1735 2096 1800 remaneant,

2197 518 2286 569 tas
2316 518 2502 569 vestra
2530 515 2830 586 torpuerit,
2875 531 3002 586 quae
3038 531 3143 570 nec
3189 514 3468 570 confricta
3515 515 3829 570 recalescit.

2201 608 2348 674 Quid
2379 608 2556 680 igitur
2579 608 2735 663 inter
2772 609 2895 663 haac
2919 607 3151 678 faciam,
3181 609 3288 664 nisi
3317 611 3380 664 ut
3413 626 3516 680 pro
3563 609 3726 664 vobis
3759 608 3833 664 ad

2197 702 2478 774 lacrymas
2499 706 2692 757 vertar
2705 702 2734 757 ?
2753 702 2896 766 Quia
2909 703 3066 757 enim
3081 703 3172 758 leo
3197 702 3434 774 rugiens
3461 703 3664 758 circuit
3683 719 3832 774 quae-

2199 813 2334 850 rens
2368 813 2540 868 quem
2587 796 2823 851 devoret
2852 796 2903 868 (Ι
2931 799 3074 852 Petr.
3108 797 3184 869 v),
3231 796 3345 851 scio
3397 799 3454 850 et
3490 813 3592 851 vos
3618 799 3832 850 stantes

2201 893 2359 944 extra
2388 891 2580 944 caulas
2605 890 2797 945 ovium
2825 890 3248 962 (devorandos).
3281 891 3405 945 Non
3437 890 3692 962 demptis
3716 891 3826 944 fru-

2200 983 2382 1038 ctibus
2410 984 2679 1055 palmites
2706 983 2964 1053 attendo,
2997 984 3098 1038 sed
3121 984 3398 1039 abscissos
3417 1001 3451 1038 a
3481 984 3680 1039 radice
3709 983 3830 1037 vitis

2200 1078 2433 1149 aspicio.
2455 1079 2526 1132 Et
2541 1077 2814 1132 sudantes
2841 1095 2939 1133 vos
2961 1078 3256 1149 operarios
3281 1094 3476 1146 cerno,
3510 1078 3613 1132 sed
3634 1081 3828 1132 tamen

2199 1171 2465 1230 laborare
2483 1174 2641 1226 extra
2656 1171 2882 1226 vineam
2901 1188 3018 1226 non
3035 1172 3261 1242 ignoro.
3277 1175 3416 1226 Ecce
3429 1176 3679 1243 urgente
3699 1171 3826 1239 fine,

2199 1268 2402 1320 cuncta
2420 1268 2734 1333 vastantur,
2756 1265 2828 1319 ad
2857 1265 3228 1320 solitudinem
3249 1269 3402 1320 terra
3421 1265 3608 1336 redigi
3619 1269 3731 1331 tur,
3753 1269 3831 1318 at-

2201 1359 2409 1430 quc(ut
2424 1358 2502 1412 ita
2514 1358 2776 1428 dixerim)
2795 1359 3048 1430 procella
3074 1359 3266 1413 diluvii
3281 1359 3567 1414 mundum
3591 1359 3824 1424 subruit,

2201 1457 2257 1507 et
2285 1456 2474 1506 vestra
2497 1453 2826 1506 fraternitas
2848 1469 3045 1506 arcam
3078 1453 3244 1524 fugit.
3282 1453 3422 1508 Cum
3459 1453 3714 1506 Ieremia
3757 1451 3830 1506 di-

2200 1562 2360 1600 cam:
2394 1545 2524 1612 Quis
2553 1546 2704 1600 dabit
2735 1549 2904 1616 capiti
2932 1562 3046 1601 meo
3076 1563 3277 1616 aquam
3301 1552 3354 1601 et
3381 1548 3552 1601 oculis
3574 1548 3710 1600 meis
3719 1549 3834 1613 fon-

2200 1644 2303 1694 te-m
2330 1640 2693 1708 lacrymarum
2712 1639 2840 1711 (Jer.
2872 1639 2978 1710 1x);
3015 1643 3073 1692 et
3097 1656 3326 1694 rursum
3351 1657 3364 1694 :
3388 1641 3678 1695 Deducant
3700 1641 3835 1694 oculi

2199 1734 2374 1787 nostri
2434 1733 2722 1801 lacrymas,
2765 1737 2815 1788 et
2847 1734 3128 1804 palpebrae
3168 1739 3369 1789 nostra
3393 1733 3640 1802 deﬂuant
3682 1736 3836 1803 aquis

472 1803 580 1883 nec
623 1844 724 1898 per
769 1843 887 1894 vos,
931 1841 1074 1897 quos
1107 1818 1384 1880 dominici
1424 1825 1616 1897 gregis
1659 1826 1826 1880 decet
1852 1843 1975 1880 esse
2005 1803 2176 1898 pa-B
2201 1827 2414 1898 (Ibid.);
2455 1826 2642 1881 dicam
2681 1843 2812 1881 cum
2843 1803 3186 1880 illoliterum
3222 1843 3234 1882 :
3284 1827 3514 1882 Plorabo
3547 1833 3598 1882 et
3629 1829 3838 1897 requie-

469 1925 671 1989 stores,
705 1937 836 1974 oves
861 1937 895 1974 a
915 1919 1088 1990 septis
1115 1920 1509 1974 ecclesiasticis
1530 1923 1837 1991 evagantes
1874 1919 2098 1992 rapacis

468 2018 585 2090 lupi
613 2018 882 2072 dentibus
906 2022 1342 2074 consumantur.

886 2162 1220 2218 EPISTOLA
1255 2163 1299 2215 v
1335 2161 1494 2234 [Olim
1526 2161 1676 2235 VII],

577 2282 696 2332 Οἱ]ιὲ
721 2281 820 2323 EST
843 2281 1034 2322 TERTIA
1065 2282 1136 2321 AD
1160 2281 1322 2320 ELIAM
1345 2281 1431 2334 ET,
1445 2280 1742 2321 EPISCOPOS
1779 2280 1987 2320 ῙΒΤΒΙᾸΞ.

440 2371 650 2438 ἨυῙυε
677 2370 912 2439 epistolae
938 2369 1181 2423 meminit
1203 2369 1388 2424 beatus
1405 2367 1693 2436 Gregorius
1723 2369 1816 2422 lib.
1842 2384 1902 2436 ιι,
1939 2370 2093 2438 epist.

539 2444 628 2508 36,
666 2441 740 2495 ad
769 2442 1040 2510 episcopos
1078 2440 1370 2500 Hiberniae,
1409 2455 1574 2508 quam
1605 2441 1803 2493 librum
1832 2441 2094 2510 appellat.

535 2514 674 2566 Eam
699 2511 768 2564 ab
799 2511 978 2564 eodem
1006 2511 1157 2564 beato
1189 2511 1463 2577 Gregorio,
1487 2526 1605 2564 cum
1622 2511 1800 2564 adhuc
1820 2517 1954 2564 esset
1983 2512 2099 2564 dia-

537 2597 703 2636 conus
727 2583 985 2650 scriptam
999 2583 1173 2648 fuisse
1202 2584 1415 2636 nomine
1437 2582 1648 2648 Pelagii
1661 2597 1844 2651 papae,
1871 2586 2100 2636 testatur

533 2654 742 2708 Paulus
790 2653 1176 2719 Wamefridus
1214 2653 1309 2706 lib.
1343 2669 1401 2706 ιιι
1428 2653 1496 2706 de
1525 2653 1696 2709 Gestis
1721 2653 2100 2719 Langobardo-

533 2740 676 2788 rum,
704 2740 822 2794 cap.
855 2727 941 2790 10,
975 2725 1051 2778 al.
1078 2726 1166 2778 20.

534 2841 926 2899 Dilectissimis
966 2842 1260 2912 fratribus,
1301 2842 1457 2911 Elite,
1513 2843 1600 2897 vel
1651 2843 1928 2898 universis
1975 2842 2094 2915 epi-

465 2937 649 3008 scopis
689 2937 747 2990 in
792 2936 968 2991 Istriaa
1015 2936 1273 3008 partibus
1307 2936 1651 3006 constitutis,
1683 2936 1948 3008 Pelagius
1984 2935 2098 3008 epi-

465 3047 688 3102 scopus.

535 3125 576 3178 I.
605 3123 885 3176 Virtutum
911 3124 1098 3176 mater
1126 3122 1374 3176 charitas
1403 3124 1452 3194 (Ι
1470 3126 1588 3182 Cor.
1636 3123 1776 3194 xm),
1821 3140 1948 3195 quas
1985 3124 2093 3178 Be-

466 3215 782 3288 demptoris
802 3215 888 3270 sui
908 3215 1078 3269 lucris
1098 3216 1370 3285 serviens,
1397 3233 1525 3288 quas
1547 3233 1846 3288 nunquam
1877 3233 1946 3272 ea
1968 3233 2094 3288 qua:

464 3328 568 3366 sua
597 3313 730 3365 sunt
756 3309 978 3381 quaerit,
1007 3308 1292 3364 desiderio
1311 3310 1608 3365 anhelanti
1634 3327 1726 3364 me
1745 3310 1971 3382 impulit
1997 3311 2096 3365 du-

464 3404 602 3460 dum
644 3401 991 3458 fraternitati
1035 3407 1236 3457 vestraa
1289 3404 1464 3474 plena
1521 3403 1838 3458 dulcedinis
1887 3404 2098 3474 scripta

463 3497 874 3564 transmittere,
904 3513 1030 3567 qua:
1057 3495 1342 3566 disjuncta
1364 3496 1462 3550 diu
1482 3496 1703 3568 possint
1734 3513 1836 3552 suo
1867 3496 2096 3569 corpori

461 3591 667 3646 Christi
684 3590 946 3645 membra
955 3589 1261 3644 sociare.ln
1278 3590 1484 3661 quibus
1498 3591 1626 3662 plus
1638 3591 1901 3662 precibus
1922 3605 2095 3661 quam

465 3683 701 3740 monitis
725 3685 987 3754 loquens,
1006 3683 1213 3738 affectu
1237 3700 1350 3755 quo
1371 3683 1542 3752 valui,
1562 3685 1850 3739 exhortari
1884 3683 2094 3752 curavi,

469 3779 533 3832 ut
570 3793 713 3848 quos
761 3780 924 3847 aptos
955 3775 1328 3832 discutiendae
1363 3777 1576 3832 rationi
1603 3777 1958 3850 prasviderit,
1985 3779 2097 3834 huc

465 3869 703 3924 Dilectio
730 3871 918 3922 vestra
949 3867 1244 3939 dirigeret,
1273 3873 1558 3940 quatenus
1585 3871 1645 3924 in
1671 3871 1848 3926 trium
1871 3871 2090 3944 capitu-

466 3963 658 4018 lorum
686 3961 941 4031 negotio,
984 3962 1072 4016 vel
1103 3978 1348 4033 quinque
1378 3967 1574 4035 aperta
1619 3969 1752 4019 sunt
1792 3980 2098 4038 cognosce-

467 4059 618 4124 rent,
650 4055 737 4110 vel
759 4071 1002 4126 quaeque
1029 4055 1225 4110 forsan
1246 4057 1487 4111 obscura
1505 4057 1856 4127 viderentur,
1877 4061 1998 4114 hinc
2017 4060 2099 4114 eis

468 4149 694 4207 collatio
726 4147 974 4220 pacificus
1003 4148 1338 4204 intentionis
1367 4150 1642 4220 aperiret:
1671 4152 1908 4207 tandem
1947 4155 2092 4208 Dile-

467 4243 672 4301 ctionis
717 4246 916 4298 vestrae
968 4243 1180 4315 scripta
1237 4243 1478 4314 suscepi,
1529 4260 1658 4315 quae
1707 4263 1822 4301 non
1859 4247 2101 4304 rationis

467 4355 666 4396 causas
697 4339 1043 4408 quaererent,
1079 4336 1180 4392 sed
1217 4337 1532 4392 deliberata
1571 4339 1724 4409 apud
1767 4356 1866 4394 vos
1893 4341 2100 4412 judicii

469 4431 758 4488 sententia
782 4431 1158 4502 imperarent.
1187 4431 1302 4486 Hoc
1333 4434 1528 4486 autem
1559 4433 1714 4503 quod
1749 4449 1848 4489 vos
1885 4435 2098 4492 audere

471 4532 544 4585 de
556 4534 743 4584 vestra
757 4525 1040 4597 sapientia
1051 4525 1236 4592 video,
1259 4526 1463 4594 fateor,
1481 4525 1684 4581 dolens
1698 4527 1898 4596 miror;
1913 4533 1970 4584 et
1983 4531 2101 4602 qui-

473 4624 603 4679 dem
632 4641 736 4694 per
765 4605 1033 4693 epistolas
1055 4620 1335 4690 exempla,
1361 4623 1424 4673 ut
1450 4625 1610 4691 puto,
1635 4621 1889 4677 ostendit
1905 4623 2097 4678 humi-

473 4718 668 4786 litatis,
691 4715 906 4771 amoris
927 4713 1216 4786 specimen
1238 4713 1473 4784 praebui.
1499 4714 1613 4768 Sed
1633 4715 1770 4770 dum
1784 4716 1922 4771 nihil
1947 4712 2101 4790 apud

414 4804 425 4815 ί
472 4831 570 4871 vos
590 4807 780 4884 reperi
812 4805 1224 4864 admonitionis
1249 4823 1396 4860 mete
1420 4807 1595 4862 verba
1621 4810 1920 4881 proﬁcere,
1955 4810 2102 4866 ﬂens

474 4920 826 4980 gemensque
849 4913 978 4958 cum
1000 4899 1284 4972 propheta
1307 4915 1484 4971 cogor
1514 4903 1834 4958 exclamare
1865 4921 1877 4960 :
1925 4905 2098 4960 Cura-

471 5004 646 5058 vimus
682 4998 1028 5067 Babylonem,
1057 4998 1108 5049 et
1141 5008 1252 5048 non
1279 4998 1358 5047 est
1389 4992 1588 5050 sanata
1632 4997 1871 5068 (Imm).
1901 4999 2101 5070 Ignem

477 5096 758 5165 quantum
795 5089 942 5144 valui
989 5085 1284 5143 charitatis
1324 5087 1582 5156 accendi,
1633 5093 1692 5144 et
1739 5094 1916 5147 tanta:
1973 5093 2104 5148 scis-

479 5186 651 5241 sionis
676 5201 912 5240 exurere
939 5181 1268 5253 rubiginem
1293 5180 1478 5246 volui;
1515 5181 1615 5235 sed
1645 5182 1946 5255 impletam
1975 5204 2102 5259 pro-

477 5281 666 5352 pheta:
693 5277 1039 5332 sententiam
1071 5275 1318 5347 peccatis
1357 5274 1716 5346 exigentibus
1758 5277 1971 5348 inveni,
2005 5283 2104 5354 qui

479 5373 592 5430 ait:
625 5374 851 5428 Frustra
879 5371 1125 5438 conﬂavit
1155 5372 1434 5440 con/lator,
1465 5373 1647 5426 scoriw
1673 5371 1791 5441 ejus
1833 5389 1942 5429 non
1975 5381 2106 5432 sunt

476 5469 806 5536 consumpta?
825 5463 950 5532 (Jer.
979 5463 1076 5531 1v).
1107 5465 1270 5518 Nulla
1291 5465 1348 5518 in
1375 5466 1663 5538 rescriptis
1706 5466 1948 5524 ﬂamma
1975 5469 2105 5526 cha-

476 5561 662 5620 ritatis
691 5557 981 5630 aspicitur,
1003 5557 1221 5614 nullam
1237 5559 1326 5612 vel
1345 5564 1476 5629 post
1493 5563 1824 5634 exemplum
1847 5563 2101 5620 dulcedi-

477 5673 615 5714 nem
631 5653 898 5710 redolent
915 5649 974 5706 in
1004 5649 1222 5704 cunctis
1235 5651 1348 5705 suis
1375 5655 1756 5726 sermonibus,
1784 5657 1925 5713 nihil
1949 5659 2104 5730 quod

478 5753 552 5807 ad
583 5765 786 5822 pacem
825 5743 1142 5820 perveniat,
1193 5747 1376 5800 sonat.
1425 5747 1687 5816 Pensate,
1735 5767 1948 5822 quaeso,
1994 5753 2104 5809 hoc

475 5844 652 5918 (quod
674 5843 864 5898 dicere
883 5839 992 5895 nisi
1014 5837 1268 5910 singultu
1289 5835 1746 5913 interrumpente
1778 5863 1895 5902 non
1917 5847 2102 5919 valeo)

2195 1919 2514 1984 scam.Quia
2543 1919 2700 1974 enim
2730 1920 2985 1992 quietem
3016 1920 3337 1976 concordiae
3356 1920 3416 1974 in
3436 1923 3628 1975 vestro
3665 1920 3837 1975 corde

2197 2030 2315 2068 non
2335 2013 2756 2081 invenio,fessa3
2774 2015 2954 2069 menti
2975 2016 3257 2087 lacrymas
3269 1997 3482 2069 sterno.
3507 2014 3648 2079 Qua
3677 2013 3833 2068 enim

2195 2108 2312 2162 mei
2343 2107 2572 2178 spiritus
2592 2107 2822 2179 requies
2847 2125 2970 2162 esse
3001 2112 3210 2180 potest,
3241 2109 3287 2162 si
3313 2108 3386 2162 ab
3417 2109 3643 2163 occulto
3665 2108 3836 2162 hoste

2196 2200 2476 2255 inﬂictum
2501 2203 2706 2256 vulnus
2726 2201 2950 2256 mederi
2976 2219 3094 2258 non
3115 2201 3349 2273 potest?
3372 2203 3513 2256 Ecce
3531 2201 3589 2256 in
3613 2201 3836 2256 cunctis

2196 2294 2397 2349 mundi
2411 2295 2668 2366 partibus
2686 2299 2882 2350 sancta
2904 2299 2962 2350 et
2980 2295 3314 2350 universalis
3329 2295 3581 2350 Ecclesia
3593 2295 3833 2350 unitatis

2197 2404 2313 2441 suae
2340 2388 2518 2442 radiis
2543 2389 2744 2460 fulget,
2779 2389 2879 2443 sed
2899 2393 3095 2444 tamen
3128 2389 3314 2444 adhuc
3343 2389 3611 2443 umbram
3632 2391 3840 2444 vestrm

2198 2481 2489 2536 divisionis
2516 2481 2776 2537 sustinet.
2809 2481 3030 2554 Ubique
3058 2483 3115 2538 in
3155 2483 3288 2536 ﬁdei
3335 2486 3487 2537 statu
3513 2483 3834 2554 perdurat;

2199 2575 2296 2629 sed
2311 2574 2566 2645 gaudere
2582 2591 2713 2629 eam
2735 2575 2805 2629 de
2831 2593 2937 2634 sua
2949 2577 3130 2631 salute
3146 2577 3414 2647 prohibet
3427 2577 3656 2642 vulnus,
3678 2575 3834 2647 quod

2199 2668 2268 2722 de
2299 2673 2486 2722 vestra
2507 2669 2853 2723 abscissione
2875 2671 3102 2724 tolerat.
3117 2671 3314 2741 Neque
3340 2670 3497 2724 enim
3519 2687 3732 2724 sanum
3751 2686 3840 2724 ca-

2196 2765 2300 2832 put
2320 2762 2570 2816 brachiis
2591 2763 2962 2818 moarentibus
2983 2763 3230 2834 gaudet;
3259 2779 3364 2818 nec
3391 2780 3450 2817 se
3477 2763 3647 2835 quasi
3677 2764 3837 2818 inco-

2196 2856 2353 2910 lume
2385 2872 2506 2910 esse
2525 2857 2977 2927 pectusletatur,
3001 2873 3130 2911 cum
3148 2857 3838 2928 subjectorumviscerum

2197 2949 2490 3004 doloribus
2516 2950 2810 3022 tangitur;
2845 2954 2964 3005 tota
2995 2967 3245 3022 namque
3267 2951 3522 3022 corporis
3545 2967 3837 3024 compago

2197 3043 2461 3110 afﬁcitur,
2486 3043 2528 3096 si
2551 3061 2683 3115 pars
2705 3043 2828 3114 ejus
2845 3045 2929 3098 vel
2951 3047 3210 3099 extrema
3226 3043 3838 3116 laceratur.Quidquid

2197 3153 2336 3207 ergo
2359 3139 2443 3190 est
2465 3137 2619 3208 quod
2641 3137 2814 3192 aliam
2835 3137 2955 3208 pati
2976 3138 3168 3205 sentit,
3193 3138 3251 3192 in
3267 3155 3326 3192 se
3350 3139 3664 3193 harmonia
3699 3140 3838 3192 cha-

2195 3229 2380 3283 ritatis
2397 3230 2661 3294 attrahit,
2691 3231 2868 3284 Paulo
2897 3233 3226 3298 attestante,
3247 3231 3345 3302 qui
3375 3231 3455 3286 ait
3482 3248 3495 3286 :
3533 3235 3604 3288 Et
3631 3234 3686 3286 si
3701 3232 3842 3302 quid

2191 3325 2406 3392 patitur
2429 3340 2596 3378 unum
2618 3324 2932 3388 membrum,
2962 3327 3569 3395 compatiunturcaetera
3591 3326 3838 3380 membra

2199 3415 2248 3487 (Ι
2271 3418 2388 3474 Cor.
2407 3416 2502 3486 χι).
2525 3417 2637 3470 Nos
2663 3415 2856 3490 itaque
2878 3433 3092 3484 sumus,
3123 3417 3222 3488 qui
3243 3420 3430 3472 vestro
3459 3417 3663 3472 dolore
3683 3421 3840 3472 tran-

2197 3510 2476 3580 sligimur,
2513 3527 2618 3564 nos
2637 3510 2734 3580 qui
2750 3511 2950 3564 vestris
2980 3510 3344 3568 scissionibus
3359 3512 3837 3565 secamur.’l‘anto

2196 3602 2372 3673 igitur
2403 3602 2630 3656 damnis
2656 3603 2856 3658 vestris
2877 3603 3085 3658 festina
3121 3603 3398 3658 debemus
3436 3605 3837 3660 consolatione

2198 3712 2548 3762 succurrere,
2585 3699 2802 3768 quanto
2835 3714 2904 3751 ea
2951 3713 3055 3768 per
3093 3697 3434 3752 charitatem
3476 3697 3750 3768 cogimur
3775 3701 3838 3751 ut

2199 3793 2392 3844 nostra
2419 3789 2652 3844 sentire.
2686 3790 2830 3844 Nam
2867 3789 2976 3844 etsi
3008 3789 3238 3844 differre
3277 3790 3516 3845 forsitan
3545 3791 3837 3855 volumus,

2197 3899 2460 3954 supernae
2490 3883 2898 3954 increpationis
2923 3900 3060 3938 voce
3085 3887 3390 3951 terremur,
3425 3900 3554 3955 quae
3589 3883 3842 3955 ignavos

2197 3981 2456 4048 pastores
2485 3976 2789 4048 increpans
2804 3977 2974 4032 dicit:
3001 3977 3153 4044 Quod
3175 3979 3414 4046 fractum
3446 3983 3588 4041 erat,
3615 3993 3730 4032 non
3763 3979 3844 4033 al—

2199 4072 2431 4139 ligastis,
2455 4076 2506 4126 et
2525 4071 2674 4141 quod
2691 4071 2960 4141 abjeetum
2983 4085 3092 4125 non
3119 4071 3434 4134 reduxistis,
3471 4077 3522 4126 et
3552 4072 3706 4141 quod
3708 4087 3840 4142 per-

2199 4165 2373 4219 ditum
2396 4181 2502 4220 non
2531 4166 2815 4235 quaesistis.
2847 4164 2904 4219 Si
2933 4163 3162 4220 differre
3186 4165 3466 4232 volumus,
3505 4164 3842 4219 indiscreta

2176 4286 2187 4292 -
2202 4255 2548 4313 inventionis
2562 4258 3069 4328 increpamur,qua
3081 4273 3186 4328 per
3198 4257 3546 4330 prophetam
3561 4259 3844 4314 Dominus

2202 4351 2339 4406 dicit
2363 4368 2374 4406 :
2402 4353 2684 4422 Nmnquid
2701 4354 2886 4416 resina
2906 4367 3015 4406 non
3031 4356 3111 4406 est
3133 4354 3192 4406 in
3204 4351 3440 4416 Galaad,
3473 4357 3573 4406 aut
3595 4353 3842 4408 medicus

2199 4462 2306 4501 non
2333 4451 2410 4500 est
2441 4447 2556 4500 ibi?
2577 4446 2754 4512 Quare
2778 4459 2902 4513 ergo
2928 4461 3036 4500 non
3067 4451 3145 4500 est
3174 4446 3408 4500 obducta
3444 4448 3681 4501 cicatriz:
3713 4448 3846 4516 ﬁliae

2119 4548 2178 4620 D
2195 4517 2392 4610 populi
2417 4542 2523 4594 mei
2548 4541 2754 4612 (Ezech.
2791 4538 3018 4612 xxxw)?
3063 4538 3211 4603 Quid
3244 4539 3398 4594 enim
3425 4555 3532 4611 per
3555 4531 3837 4607 resinam,

2201 4649 2328 4704 qua:
2363 4634 2690 4688 fomentum
2715 4631 2866 4704 ignis
2899 4635 3004 4699 est,
3049 4647 3174 4704 quas
3217 4635 3275 4686 et
3317 4631 3374 4686 in
3421 4638 3839 4688 ornamentum

2201 4727 2410 4781 domus
2432 4742 2728 4781 marmora
2750 4725 3022 4798 dissipata
3065 4725 3384 4798 conjungit,
3431 4725 3547 4780 nisi
3589 4726 3841 4782 charitas

2202 4819 2574 4892 designatur?
2605 4819 2742 4884 Quae
2771 4817 2901 4873 etin
2929 4833 3128 4874 amore
3160 4818 3335 4874 corda
3359 4819 3678 4887 succendit,
3709 4823 3765 4874 et
3777 4823 3842 4874 ut

2201 4916 2459 4967 sanctam
2484 4913 2794 4968 Ecclesiam
2833 4912 3068 4968 unitatis
3107 4915 3452 4968 ornamento
3497 4915 3838 4984 componat,

2203 5006 2494 5062 discordes
2524 5005 2827 5062 hominum
2850 5009 3077 5062 mentes
3101 5022 3207 5078 per
3232 5004 3387 5078 pacis
3415 5007 3476 5061 in
3501 5023 3562 5061 se
3584 4997 3841 5061 studium

2202 5100 2379 5172 ligat?
2404 5100 2553 5166 Quid
2581 5117 2687 5172 per
2712 5100 2946 5167 Galaad,
2971 5117 3096 5172 qua
3129 5116 3364 5156 acervus
3392 5101 3712 5156 testimonii
3759 5101 3848 5154 ἱιιι

2202 5197 2570 5266 terpretatur,
2598 5194 2708 5250 nisi
2729 5194 2788 5248 in
2814 5194 3123 5266 Scriptura:
3155 5210 3328 5249 sacra:
3365 5193 3734 5248 altitudinem
3761 5193 3849 5248 in-

2204 5305 2439 5344 numera
2453 5289 2871 5343 sententiarum
2884 5287 3138 5343 densitas
3154 5287 3332 5343 dicit?
3354 5287 3501 5352 Quid
3511 5287 3850 5360 permedjci

2202 5382 2560 5448 vocabulum,
2593 5381 2702 5438 nisi
2732 5381 3129 5453 unusquisque
3144 5381 3536 5454 praedicator?
3564 5381 3708 5446 Quid
3735 5396 3850 5453 per

2204 5493 2321 5531 non
2338 5475 2642 5532 obductam
2662 5475 2793 5531 ﬁliae
2815 5475 3156 5546 cicatricem,
3179 5475 3288 5530 nisi
3305 5475 3472 5546 culpa
3491 5475 3678 5547 plebis
3699 5479 3844 5529 ante

2203 5571 2306 5626 Dei
2327 5571 2519 5625 oculos
2550 5570 2704 5624 nuda
2723 5569 3123 5626 monstratus?
3156 5569 3362 5624 Resina
3380 5585 3522 5640 ergo
3551 5569 3608 5623 in
3629 5565 3845 5624 Galaad

2204 5661 2450 5719 defuisse
2482 5663 2911 5732 convincitur,si
2928 5679 3036 5736 pro
3057 5661 3410 5718 ostendenda
3430 5663 3696 5730 veritate,
3711 5677 3850 5718 cum

2204 5759 2359 5812 tanta
2385 5757 2577 5814 adsint
2603 5758 2911 5830 Scriptura
2934 5773 3106 5813 sacras
3117 5753 3472 5824 testimonia,
3495 5755 3851 5814 associando

2203 5867 2303 5907 vos
2327 5855 2540 5910 sancte
2557 5852 2842 5918 Ecclesia,
2865 5866 3230 5923 nequaquam
3262 5850 3439 5922 digne
3461 5849 3690 5908 ardoris
3713 5851 3857 5906 cha-
