4058 6190
324 339 431 392 717

1498 384 1508 392 .
1581 336 1918 394 EPISTOLAE
1955 336 2040 393 ET
2078 306 2406 394 necuim.

315 445 454 499 ritas
479 441 814 514 exhibetur;
841 447 898 500 et
922 443 1073 500 velut
1093 444 1323 500 absente
1353 445 1571 501 medico
1583 446 1814 502 cicatrix
1833 463 1949 501 non
1969 459 2029 532 Α
2049 446 2208 532 disti:
2241 446 2388 501 nihil
2415 463 2646 518 prorsus
2671 446 2738 501 de
2768 445 2912 502 bene
2940 446 3261 519 compositis
3287 451 3676 506 rectractetur.

313 538 635 605 obducitur,
663 538 725 593 in
747 539 1138 594 exhortatione
1170 545 1443 610 cessante,
1471 544 1643 594 tanta:
1669 541 1949 596 scissionis
1969 526 2029 532 ﬂ
2050 526 2324 596 Ultimum
2346 557 2476 595 vero
2502 558 2536 594 a
2562 540 2715 595 vobis
2747 541 2980 613 ponitur
3008 541 3414 609 testimonium,
3441 543 3593 614 quod
3621 543 3680 598 in

316 633 484 704 culpa
503 633 658 688 nullo
671 633 946 687 velamine
968 633 1357 704 subsequentis
1381 633 1533 704 pacis
1551 635 1822 705 operitur.
1843 635 1948 690 Sed

304 727 430 797 jam
458 732 682 798 tempus
713 732 816 796 est,
861 727 980 797 ipsa
1018 744 1120 781 nos
1165 727 1589 799 susceptionum
1632 734 1948 783 vestrarum

310 820 554 874 vulnera
571 826 823 891 tangere,
853 820 1044 891 eisque
1064 826 1290 876 auctore
1323 822 1434 878 Deo
1455 822 1832 878 medicamina
1853 839 1948 895 pa-

309 913 532 972 tefactae
561 913 809 968 veritatis
838 914 1127 968 adhibere.

389 1007 564 1061 ll.Per
575 1023 640 1060 ea
650 1022 777 1077 quae
791 1006 900 1077 piae
911 1007 1200 1062 memoria:
1214 1007 1512 1062 Justiniani
1525 1008 1794 1079 principis
1807 1012 1947 1063 tem-

307 1099 542 1172 poribus
577 1104 698 1154 acta
716 1104 868 1169 sunt,
900 1099 1226 1154 fraternitas
1266 1105 1452 1155 vestra
1480 1100 1797 1172 suspicatur
1822 1119 1945 1156 san-

309 1197 462 1248 ctam
472 1193 984 1248 Chalcedonensem
997 1195 1277 1265 synodum
1292 1194 1465 1249 fuisse
1479 1197 1822 1250 convulsam.
1837 1196 1942 1251 Sed

306 1287 454 1341 absit
477 1288 582 1342 hoc
595 1286 955 1342 aChristiano
983 1303 1175 1358 opere,
1193 1289 1552 1343 aChristiana
1578 1289 1938 1360 cogitatione.

305 1380 508 1452 lnipsa
522 1381 734 1452 quippe
755 1380 1001 1448 Nicaena,
1019 1382 1656 1452 Constantinopolitana,
1676 1399 1740 1436 ac
1760 1382 1943 1454 prima

305 1473 555 1545 synodus
579 1473 858 1544 Ephesina
884 1473 1107 1528 firmata
1127 1479 1242 1545 est;
1274 1480 1328 1530 et
1353 1475 1608 1547 quisquis
1633 1475 1792 1530 illam
1818 1493 1942 1548 par-

301 1572 423 1622 tem
439 1567 626 1638 aliqua
649 1567 960 1622 convellere
986 1568 1205 1638 nititur,
1227 1568 1350 1623 illas
1367 1569 1645 1623 nimirum
1663 1569 1937 1637 funditus,

307 1677 440 1732 quae
467 1677 572 1732 per
593 1661 741 1716 hanc
782 1661 1018 1716 ﬁrmatae
1053 1667 1202 1732 sunt,
1231 1663 1517 1718 destruere
1553 1669 1808 1718 conatur.
1838 1663 1940 1718 Cui

305 1754 614 1825 suspicioni
635 1755 694 1809 in
722 1755 944 1826 scriptis
970 1756 1168 1811 vestris
1192 1773 1262 1811 ex
1299 1757 1474 1810 sancti
1513 1757 1938 1827 praedecessoris

2047 635 2224 705 priori
2251 635 2372 704 ejus
2421 635 2682 706 epistola,
2733 635 2800 690 de
2841 652 2955 708 qua
2991 635 3171 690 multa
3203 636 3328 708 jam
3356 637 3681 692 testimonia

2047 728 2264 799 prolata
2279 729 2521 797 fuerant,
2561 729 2901 800 continetur,
2926 731 3179 801 primum
3218 731 3426 784 dicitur
3455 732 3631 803 (Ibid)
3659 748 3672 785 :

2046 822 2180 886 Quae
2199 822 2322 892 jam
2347 822 2627 892 patefacta
2658 827 2790 876 sunt
2814 839 3091 892 quaerere,
3114 839 3240 894 quae
3267 823 3516 894 perfecta
3546 828 3678 879 sunt

2045 919 2367 983 retractare,
2383 921 2439 970 et
2457 932 2585 987 qum
2607 921 2738 969 sunt
2755 916 2984 971 deﬁnita
3001 917 3335 987 convellere,
3357 917 3494 988 quid
3519 917 3676 972 aliud

2046 1012 2148 1077 est,
2177 1026 2350 1080 quam
2377 1009 2444 1064 de
2481 1009 2700 1081 adeptis
2729 1011 2969 1081 gratiam
2998 1027 3113 1064 non
3141 1010 3372 1080 referre,
3401 1015 3458 1064 et
3486 1011 3556 1065 ad
3581 1011 3672 1066 in-

2044 1102 2296 1157 terdictae
2319 1103 2537 1158 arboris
2588 1103 2781 1158 cibum
2829 1103 3116 1174 improbos
3166 1104 3446 1175 appetitus
3472 1105 3673 1159 morti-

2043 1195 2180 1250 ferae
2220 1196 2544 1268 cupiditatis
2591 1196 2893 1251 extendere
2918 1199 2944 1251 ?
2988 1199 3114 1252 llaec
3163 1189 3313 1268 sunt,
3343 1197 3544 1252 fratres
3595 1198 3675 1252 di-

2043 1289 2346 1357 lectissimi,
2375 1307 2502 1361 quae
2536 1290 2688 1346 beati
2730 1290 2930 1345 Leonis
2969 1291 3042 1345 ad
3068 1291 3313 1346 Leonem
3357 1291 3672 1362 principem

2042 1382 2213 1438 verba
2257 1384 2560 1455 posuistis;
2615 1401 2746 1456 quae
2773 1371 3037 1439 videlicet
3077 1385 3148 1438 ab
3181 1401 3246 1438 eo
3275 1401 3377 1455 pro
3421 1385 3672 1439 custodia

2039 1476 2270 1532 illibatae
2313 1477 2462 1547 ﬁdei,
2517 1495 2634 1532 non
2676 1483 2869 1532 autem
2906 1495 3009 1549 pro
3057 1478 3238 1532 causis
3277 1479 3666 1549 episcoporum

2041 1571 2392 1642 specialibus,
2419 1589 2548 1643 quae
2573 1572 2724 1643 apud
2749 1572 3157 1628 (.halcedoncm
3189 1576 3360 1643 gestae
3381 1577 3530 1642 sunt,
3547 1589 3670 1644 pro-

2038 1663 2318 1719 feruntur.
2349 1665 2488 1718 Nam
2519 1665 2650 1736 quia
2690 1683 2793 1736 pro
2820 1666 2994 1720 solius
3023 1665 3156 1720 ﬁdei
3193 1665 3528 1720 intemerata
3567 1665 3667 1720 ob-

2037 1758 2347 1812 servatione
2377 1759 2600 1827 dixerit,
2625 1760 2978 1830 pensandum
3009 1765 3092 1814 est
3120 1759 3180 1813 in
3211 1759 3407 1813 eadem
3438 1759 3670 1830 epistola

301 1848 482 1902 nostri
511 1848 708 1903 Leonis
734 1849 982 1920 epistolis
1006 1866 1070 1903 ac
1094 1849 1356 1921 encycliis
1384 1849 1702 1904 testimonia
1731 1851 1935 1922 adjun-
1956 1850 2014 1922 B
2038 1851 2174 1923 quid
2200 1852 2512 1924 praemisit;
2539 1853 2617 1906 ait
2647 1853 2820 1923 enim,
2849 1853 2920 1908 ad
2945 1853 3212 1908 eumdem
3240 1852 3560 1924 principem
3592 1853 3670 1907 lo-

303 1941 460 2013 gitis,
481 1945 545 1996 ut
558 1943 850 2014 praefatam
869 1949 1118 1998 sanctam
1131 1943 1646 2000 Chalcedonensem
1661 1945 1938 2016 synodum

299 2035 578 2090 illibatam
595 2036 796 2092 debere
822 2037 1106 2092 observari
1121 2040 1486 2092 monstretur.
1519 2037 1656 2102 Quae
1679 2039 1934 2109 quidem,

299 2128 507 2183 fratres
555 2130 888 2196 charissimi,
921 2147 990 2186 ex
1035 2130 1227 2202 paucis
1253 2130 1503 2202 epistolis
1550 2137 1774 2202 sumpta
1801 2147 1934 2203 per-

300 2223 483 2277 mixto
510 2222 708 2278 ordine
729 2225 1075 2295 confusoque
1094 2224 1374 2295 posuistis,
1398 2227 1464 2278 ut
1488 2225 1626 2279 dum
1644 2225 1936 2296 interjecta

298 2316 409 2370 alia
428 2317 679 2387 epistola,
717 2318 790 2372 ad
827 2318 936 2372 alia
959 2317 1163 2389 prioris
1198 2317 1453 2390 epistolas
1483 2318 1650 2373 verba
1693 2319 1933 2374 recurri-

297 2414 414 2476 tur,
442 2409 602 2481 quasi
631 2426 701 2464 ex
727 2411 922 2465 multis
950 2409 1205 2481 epistolis
1237 2413 1455 2482 prolata
1486 2411 1834 2467 viderentur.
1867 2413 1934 2467 Et

298 2503 460 2558 valde
489 2503 788 2574 miramur,
817 2521 919 2559 cur
955 2503 1276 2559 fraternitas
1303 2510 1483 2559 vestra
1513 2505 1583 2560 de
1622 2511 1738 2560 tam
1771 2505 1936 2578 [sicut

299 2596 565 2670 diximus)
597 2599 790 2669 paucis
819 2597 1066 2670 epistolis
1095 2615 1211 2652 non
1240 2615 1423 2670 pauca
1449 2599 1774 2670 sumpserit,
1803 2617 1933 2655 cum

298 2693 516 2746 constet
558 2692 708 2763 quod
757 2692 825 2746 de
864 2697 1070 2746 sanctae
1099 2693 1566 2748 Chalcedonensis
1592 2693 1792 2764 synodi
1817 2694 1930 2748 illi-

295 2783 428 2839 bata
445 2785 808 2840 veneratione
834 2789 892 2840 et
904 2786 1388 2857 praedecessorum
1410 2790 1734 2842 nostrorum
1755 2803 1932 2843 asser-

293 2878 375 2932 tio
417 2877 740 2948 innumera,
787 2883 844 2934 et
889 2879 1200 2937 multorum
1242 2881 1472 2936 Patrum
1517 2897 1819 2936 consensus
1871 2881 1930 2937 in

295 2972 581 3042 encycliis,
626 2973 784 3044 quasi
832 2973 1095 3044 quaedam
1131 2990 1188 3028 se
1234 2975 1467 3046 mundo,
1515 2975 1680 3030 nobis
1725 2975 1931 3031 infudit

299 3061 522 3138 [Forsan
551 3066 828 3121 sumendo
873 3068 972 3122 lux
1023 3068 1237 3122 mundo
1283 3085 1340 3124 se
1371 3085 1428 3124 n.
1462 3069 1613 3142 inf.].
1662 3070 1769 3125 Sed
1795 3071 1928 3141 quia

292 3175 522 3230 semper
545 3160 946 3216 dictandiordo
975 3167 1131 3216 tanta
1159 3162 1388 3218 sibimet
1413 3164 1764 3220 connexione
1801 3165 1928 3220 sub-

283 3253 574 3325 jungitur,
597 3261 661 3310 ut
684 3261 740 3310 et
753 3255 1130 3326 praecedentia
1153 3257 1626 3329 subsequentibus
1656 3259 1923 3327 serviant,
1947 3231 2000 3306 (ἶ

292 3352 350 3401 et
378 3348 778 3420 subsequentia
797 3366 868 3404 ex
893 3351 1338 3420 pracedentibus
1353 3353 1802 3424 suspendantur:
1829 3369 1925 3408 eo-

291 3457 424 3496 rum
462 3457 692 3498 sensum
721 3460 848 3515 quaa
875 3445 1091 3516 prolata
1117 3451 1270 3513 sunt,
1296 3446 1500 3500 melius
1534 3447 1856 3518 pandimus,
1879 3448 1924 3502 si

291 3534 440 3590 infra
485 3553 769 3608 supraque
815 3539 1086 3609 legentes,
1114 3539 1202 3594 vel
1229 3555 1340 3610 quo
1375 3539 1630 3610 tendant,
1659 3541 1746 3595 vel
1773 3541 1924 3596 unde

291 3630 595 3701 pendeant,
623 3620 1094 3688 demonstremus.

363 3724 517 3778 HLA
543 3724 838 3780 dilectione
865 3724 1040 3796 igitur
1058 3729 1238 3781 vestra
1263 3726 1514 3798 primum
1533 3725 1921 3782 testimonium

292 3817 468 3872 sancti
495 3818 921 3889 praedecessoris
947 3819 1124 3875 nostri
1165 3819 1361 3874 Leonis
1397 3819 1644 3890 ponitur,
1685 3822 1836 3893 quod
1861 3822 1918 3875 in

290 3911 413 3982 ejus
438 3911 670 3982 epistola
711 3913 914 3967 ultima
949 3913 1268 3968 continetur
1329 3912 1532 3986 [Epist
1563 3917 1630 3969 78
1661 3916 1736 3970 ad
1761 3918 1918 3971 Leon.

289 4004 471 4076 imp.],
499 4022 612 4076 quo
637 4005 744 4060 ait:
775 4007 851 4062 De
877 4007 1045 4062 rebus
1069 4008 1221 4079 apud
1234 4007 1485 4062 Nicaeam
1515 4013 1572 4064 et
1589 4009 1737 4080 apud
1765 4009 1921 4064 Chal-

288 4099 563 4153 cedouem
580 4099 722 4154 sicut
740 4099 856 4156 Deo
877 4101 1088 4172 placuit
1109 4101 1372 4173 deﬁnitis,
1399 4103 1622 4158 nullum
1642 4104 1919 4159 audemus

285 4191 435 4247 inire
456 4198 776 4265 tractatum,
799 4199 1070 4267 tanquam
1097 4195 1266 4252 dubia
1283 4198 1369 4251 vel
1383 4197 1610 4254 inﬁrma
1637 4198 1766 4266 sint,
1789 4215 1918 4270 quae

283 4291 445 4342 tanta
474 4304 576 4358 per
602 4288 875 4360 Spiritum
903 4294 1159 4344 sanctum
1179 4290 1303 4346 ﬁxit
1331 4292 1656 4347 auctoritas.
1689 4293 1812 4363 (Cui
1837 4308 1920 4348 se-

285 4381 542 4436 cundum
569 4383 954 4438 testimonium
983 4400 1053 4438 ex
1089 4400 1154 4439 ea
1197 4385 1434 4456 epistola
1469 4402 1503 4439 a
1527 4385 1685 4440 vobis
1711 4387 1915 4458 adjun-

284 4475 464 4547 gitur,
488 4476 640 4548 quod
655 4477 769 4532 illic
797 4477 970 4550 paulo
995 4479 1256 4550 superius
1280 4479 1542 4547 habetur,
1573 4496 1686 4551 quo
1713 4481 1918 4535 dicitur

287 4567 472 4642 [Ibid.]
501 4586 514 4624 :
543 4570 687 4634 Quia
722 4571 866 4626 sicut
890 4578 1081 4628 sancte
1107 4573 1488 4645 veraciterque
1519 4573 1754 4642 dixistis,
1783 4591 1914 4646 per-
1933 4607 1994 4680 D

279 4662 452 4719 fectio
489 4663 926 4735 incrementum,
956 4673 1013 4722 et
1052 4667 1425 4740 adiectionem
1468 4667 1760 4739 plenitudo
1801 4685 1916 4724 non

279 4757 525 4829 recipit.)
551 4759 863 4830 Interjectis
897 4767 1088 4816 autem
1115 4762 1332 4816 duobus
1355 4761 1690 4817 testimoniis
1715 4763 1783 4818 de
1813 4780 1914 4819 en-

279 4850 472 4923 cycliis
496 4854 822 4926 assumptis,
854 4856 1077 4927 praefati
1105 4856 1531 4928 praedecessoris
1559 4856 1737 4912 nostri
1776 4859 1914 4914 Leo-

276 4945 371 4999 nis
396 4945 534 5001 item
576 4947 648 5002 ad
674 4949 918 5004 Leonem
941 4950 1258 5022 principem
1289 4950 1495 5022 scripto
1532 4956 1715 5006 vestro
1748 4953 1918 5008 verba

277 5039 634 5110 replicantur
656 5042 862 5113 quibus
892 5043 1134 5098 dicitur:
1181 5044 1484 5116 Legitimas
1513 5045 1783 5101 divinitus
1823 5046 1913 5101 in-

277 5133 522 5204 spiratas
546 5136 971 5192 constitutiones
995 5137 1134 5192 velle
1163 5154 1410 5210 movere,
1439 5155 1554 5194 non
1581 5144 1665 5194 est
1699 5140 1915 5211 paciﬁci

275 5227 550 5300 hominis,
583 5230 679 5285 sed
705 5230 946 5299 rebellis,
967 5231 1186 5287 dicente
1213 5233 1468 5304 apostolo
1494 5251 1508 5288 :
1567 5235 1754 5292 Verbis
1789 5250 1912 5289 con-

276 5323 515 5386 tendere,
543 5324 619 5378 ad
631 5325 771 5379 nihil
790 5329 868 5380 est
884 5327 1035 5389 utile,
1058 5329 1166 5381 nisi
1185 5327 1260 5381 ad
1281 5328 1673 5384 subversionem
1693 5329 1916 5384 audien-

274 5419 419 5472 tium
466 5417 483 5490 (
502 5420 560 5474 Π
594 5421 728 5475 Tim.
760 5420 865 5490 11).
899 5419 1045 5474 Nam
1083 5420 1130 5474 si
1159 5421 1424 5477 humanis
1455 5422 1913 5494 persuasionibus

271 5526 506 5582 semper
528 5511 838 5584 disceptare
864 5513 938 5570 sit
961 5514 1224 5585 liberum,
1266 5533 1568 5588 nunquam
1589 5517 1780 5572 deesse
1807 5534 1911 5589 po-

269 5609 472 5660 terunt
497 5605 598 5678 qui
627 5607 847 5662 veritati
873 5608 1118 5664 audeant
1144 5611 1436 5665 resultare.
1470 5611 1558 5682 (Et
1578 5611 1700 5682 ejus
1717 5628 1912 5667 rursus

269 5698 347 5754 ad
374 5715 508 5755 eum
535 5719 551 5756 :
579 5701 705 5756 Non
725 5701 872 5758 sinas
895 5707 1089 5759 contra
1116 5703 1362 5759 dexterae
1386 5705 1791 5777 omnipotentis
1810 5705 1911 5761 Dei

268 5791 599 5866 triumphos
618 5795 877 5853 redivivis
894 5813 1172 5872 exurgere
1193 5799 1441 5855 motibus
1467 5800 1717 5857 extincta
1738 5805 1916 5858 certa-

271 5886 476 5960 mina).
504 5888 678 5962 Cujus
696 5890 882 5947 adhuc
906 5891 1296 5950 testimonium
1334 5898 1461 5967 post
1486 5911 1670 5968 pauca.
1715 5894 1908 5952 subdi-

2037 1962 2215 2017 quens
2245 1944 2458 2018 (Ibid):
2493 1947 2671 2018 Supra
2690 1963 2886 2000 curam
2907 1963 3100 2000 rerum
3131 1946 3532 2016 temporalium
3583 1963 3670 2002 re-

2037 2039 2255 2110 ligiosa:
2302 2039 2670 2110 providentiae
2720 2041 3059 2096 famulatum
3086 2039 3286 2094 divinis
3335 2042 3393 2093 et
3437 2039 3668 2094 aeternis

2036 2128 2491 2204 dispositionibus
2533 2135 2960 2200 perseveranter
2985 2127 3331 2201 impenditis,
3362 2131 3425 2182 ut
3459 2127 3668 2182 scilicet

2036 2221 2304 2276 catholica
2333 2221 2492 2288 ﬁdes,
2521 2239 2649 2294 qua:
2686 2224 3005 2277 humanum
3050 2239 3226 2294 genus
3252 2221 3372 2276 sola
3405 2221 3663 2289 viviﬁcat,

2035 2315 2149 2369 sola
2177 2315 2501 2386 sanctiﬁcat,
2547 2317 2608 2371 in
2652 2334 2769 2371 una
2817 2316 3162 2371 confessione
3200 2320 3529 2388 permaneat
3563 2332 3580 2383 ;
3611 2318 3669 2368 et

2035 2408 2403 2464 dissensiones
2417 2427 2544 2482 quae
2569 2411 2638 2465 de
2666 2414 3022 2466 terrenarum
3050 2409 3386 2482 opinionum
3399 2408 3667 2462 varietate

2033 2508 2362 2574 nascuntur,
2391 2521 2424 2557 a
2453 2504 2732 2559 soliditate
2776 2503 2926 2558 illius
2961 2509 3156 2575 petrae,
3186 2519 3357 2575 supra
3381 2518 3557 2574 quam
3585 2500 3664 2555 ci-

2031 2599 2170 2656 vitas
2194 2601 2290 2656 Dei
2317 2601 2643 2673 aediﬁcatur,
2679 2602 3001 2674 abigantur.
3023 2602 3096 2674 (Si
3123 2601 3298 2673 igitur
3325 2602 3518 2670 ﬁdem,
3545 2600 3662 2654 fra-

2031 2698 2144 2749 tres
2185 2695 2518 2765 charissimi,
2548 2697 2607 2750 in
2646 2689 2862 2752 cunctis
2915 2696 3114 2751 mundi
3143 2696 3396 2767 partibus
3432 2710 3550 2748 uno
3601 2709 3665 2747 ac

2030 2787 2208 2842 solido
2233 2793 2381 2843 statu
2407 2790 2597 2861 vigere
2622 2806 2739 2844 non
2777 2789 3102 2859 cerneretis,
3133 2788 3468 2843 convulsum
3492 2786 3661 2858 quid-

2029 2898 2202 2953 quam
2228 2883 2297 2937 de
2325 2888 2520 2938 sancta
2547 2883 2982 2938 Chalcedonensi
3009 2883 3222 2954 synodo
3259 2885 3410 2937 recte
3443 2880 3659 2936 dicere-

2029 2975 2120 3032 tis.
2156 2977 2228 3030 At
2261 2979 2560 3049 postquam
2587 2977 2732 3032 nihil
2773 2993 2925 3032 nunc
2951 2976 3108 3030 aliud
3155 2975 3262 3029 nisi
3297 2975 3366 3030 de
3394 2973 3654 3045 personis

2027 3070 2236 3142 agitur,
2269 3070 2414 3124 nihil
2463 3071 2532 3126 de
2569 3075 2759 3126 sancta
2809 3069 3274 3126 Chalcedonensis
3304 3068 3503 3140 synodi
3549 3067 3659 3123 ﬁde

2027 3164 2298 3236 qumritis,
2325 3165 2716 3219 auctoritatem
2735 3167 2964 3236 patrum
2990 3163 3151 3235 quasi
3177 3162 3466 3234 sequendo
3497 3161 3662 3217 decli-

2025 3257 2164 3312 nati.
2196 3258 2448 3329 Namque
2475 3263 2542 3313 ut
2579 3258 2776 3313 iisdem
2816 3257 3013 3312 beatus
3042 3258 3152 3312 Leo
3197 3255 3535 3326 ostenderet,
3563 3271 3654 3311 re-

2024 3350 2250 3407 tractari
2277 3367 2405 3422 qua:
2427 3352 2675 3424 perfecta
2711 3355 2842 3406 sunt
2879 3367 2997 3406 non
3025 3349 3217 3404 deberi
3242 3367 3255 3418 ;
3288 3366 3402 3422 qua
3427 3349 3548 3402 haec
3574 3349 3658 3403 in-

2025 3447 2274 3502 tentione
2324 3447 2595 3515 dixisset,
2648 3445 2800 3499 illico
2843 3443 3090 3499 subdidit
3145 3443 3322 3513 (Ibid.)
3357 3459 3370 3496 :
3401 3441 3544 3506 Quia
3585 3442 3656 3497 ad

2023 3555 2222 3614 pawm
2271 3539 2599 3595 universalis
2637 3537 2894 3592 Ecclesiae
2920 3579 2934 3608 ,
2984 3541 3040 3591 et
3085 3535 3156 3590 ad
3202 3533 3512 3590 custodiam
3561 3551 3651 3589 ca-

2021 3633 2247 3688 tholicae
2272 3633 2404 3688 ﬁdei
2445 3649 2580 3710 cura
2604 3630 2924 3703 dignemini
2966 3629 3290 3684 sollicitiore
3333 3628 3518 3684 vivere
3547 3629 3656 3700 [re-

2023 3727 2278 3800 spicere].
2307 3727 2454 3792 Quid
2487 3726 2664 3799 igitur
2693 3741 2824 3790 cum
2868 3723 3195 3796 prohiberet
3241 3722 3470 3778 deﬁnita
3507 3740 3644 3801 cop-

2021 3821 2172 3890 velli,
2199 3820 2644 3876 admonitionem
2683 3819 2941 3891 protinus
2969 3819 3039 3874 de
3067 3818 3320 3872 custodia
3364 3817 3652 3873 catholica:

2020 3915 2153 3970 ﬁdei
2179 3914 2490 3987 subjunxit,
2523 3917 2581 3970 et
2606 3913 2738 3986 quia
2763 3931 2880 3968 non
2905 3913 3010 3968 hoc
3037 3912 3105 3968 de
3133 3912 3500 3967 retractandis
3525 3929 3653 3967 cau-

2021 4009 2096 4064 sis
2123 4009 2475 4082 specialibus,
2507 4009 2607 4064 sed
2643 4008 2713 4064 de
2741 4008 2858 4063 sola
2900 4006 3030 4062 ﬁdei
3075 4005 3424 4078 professione
3471 4006 3647 4061 dixis-

2019 4109 2122 4174 set,
2152 4103 2454 4158 indicavit?
2476 4104 2572 4158 llla
2601 4119 2848 4175 namque
2868 4118 3020 4157 nunc
3046 4101 3106 4155 in
3130 4106 3312 4156 vestra
3331 4101 3645 4172 quaestione

2019 4204 2328 4268 vertentur,
2357 4215 2484 4271 quas
2510 4199 2630 4270 ipse
2655 4213 2879 4270 quoque
2906 4195 3286 4267 praedecessor
3311 4198 3501 4247 noster
3522 4192 3650 4247 bea-

2019 4296 2110 4348 tus
2133 4293 2244 4348 Leo
2273 4293 2578 4364 dijudicat;
2625 4291 2763 4346 dum
2783 4307 2898 4346 non
2922 4289 3030 4346 nisi
3057 4305 3122 4342 ea
3147 4303 3274 4360 qua:
3299 4285 3451 4357 apud
3477 4286 3644 4340 Chal-

2019 4387 2292 4442 cedonem
2320 4387 2389 4441 de
2414 4386 2525 4441 ﬁde
2552 4389 2684 4440 sunt
2710 4389 2936 4451 statuta,
2961 4382 3276 4436 conﬁrmat.
3296 4383 3416 4451 Ipse
3436 4379 3646 4450 quippe

2019 4481 2090 4535 ad
2115 4479 2437 4535 Anatolium
2481 4477 3108 4548 Constantinopolitanae
3133 4474 3290 4528 urbis
3317 4473 3645 4545 episcopum

2017 4572 2286 4643 scribens,
2308 4573 2446 4627 dum
2469 4588 2601 4628 eum
2620 4571 2691 4626 de
2718 4569 2964 4643 quodam
2986 4585 3132 4623 novo
3151 4583 3290 4622 ausu
3315 4565 3644 4638 corriperet,

2017 4671 2152 4727 dicit
2187 4670 2374 4741 (Epist.
2431 4667 2565 4738 58):
2597 4666 2667 4720 Ut
2715 4667 2966 4719 sanctam
3029 4661 3308 4735 synodum
3349 4659 3418 4716 ad
3467 4659 3646 4716 extin-

2017 4765 2304 4838 guendam
2333 4762 2516 4816 solum
2536 4753 2821 4830 haeresim,
2844 4761 2902 4814 et
2919 4758 2988 4813 ad
3009 4756 3496 4812 confirmationem
3514 4754 3646 4809 ﬁdei

2015 4858 2303 4916 catholica:
2327 4855 2512 4911 studio
2544 4852 3004 4910 Christianissimi
3031 4851 3304 4924 principis
3331 4865 3644 4921 congrega-

2013 4958 2152 5022 tam,
2207 4952 2267 5007 in
2318 4949 2668 5006 occasionem
2729 4947 2972 5003 ambitus
3039 4945 3250 4999 trahas.
3291 4945 3374 5014 (Et
3417 4958 3646 4997 rursum

2021 5047 2228 5120 (Ibid):
2257 5049 2337 5102 Ita
2375 5044 2532 5100 abuti
2557 5043 2734 5098 voluit
2756 5041 2990 5096 concilio
3032 5037 3306 5111 synodali,
3333 5041 3401 5092 ut
3445 5037 3646 5092 fratres

2015 5143 2076 5198 in
2110 5141 2242 5198 ﬁdei
2283 5137 2674 5196 tantummodo
2717 5135 2946 5207 negotio
2975 5137 3322 5202 convocatos,
3353 5134 3410 5186 et
3453 5131 3648 5187 deﬁni-

2017 5237 2184 5293 tionis
2213 5235 2334 5307 ejus
2359 5250 2544 5304 causa,
2572 5247 2703 5304 qua:
2721 5233 2842 5286 erat
2859 5227 3126 5303 curanda,
3149 5229 3464 5300 pertractos
3483 5225 3644 5298 [deﬁ-

2014 5331 2228 5387 nitione
2269 5329 2394 5401 ejus
2411 5343 2615 5396 causae,
2650 5341 2708 5396 q.
2735 5340 2785 5380 e.
2815 5341 2864 5378 c.
2891 5321 3260 5396 perfunctos],
3302 5321 3374 5376 ad
3415 5335 3646 5376 consen-

2013 5425 2271 5482 tiendum
2293 5422 2397 5480 sibi
2409 5424 2510 5477 aut
2523 5418 2882 5492 depravando
2907 5417 3244 5485 traduceret,
3263 5420 3362 5471 aut
3380 5413 3644 5471 terrendo

2015 5517 2418 5592 compelleret).
2447 5514 2553 5579 Qui
2580 5518 2645 5569 ut
2671 5512 2814 5568 nihil
2853 5529 2911 5568 se
2938 5511 3266 5570 omnimodo
3303 5510 3372 5564 de
3415 5507 3642 5562 Chalce-

2015 5611 2253 5671 donensi
2281 5609 2492 5683 synodo
2529 5608 2830 5681 suscipere,
2875 5605 2987 5662 nisi
3013 5607 3082 5662 de
3126 5607 3238 5660 sola
3265 5602 3376 5656 ﬁde
3421 5604 3644 5670 gestum

2012 5709 2218 5778 fuerat,
2262 5706 2697 5775 demonstraret,
2753 5701 2938 5760 eidem
2989 5699 3202 5772 synodo
3253 5693 3521 5763 scribens,
3567 5691 3648 5748 ait

2017 5805 2206 5876 (Epist.
2228 5801 2352 5873 61):
2399 5801 2470 5857 Ut
2509 5805 2567 5856 et
2605 5800 2858 5856 fraterna
2888 5791 3246 5855 universitas,
3278 5791 3334 5842 et
3382 5786 3646 5843 omnium

2013 5897 2268 5955 ﬁdelium
2307 5896 2476 5954 corde
2521 5893 2881 5969 cognoscant,
2918 5899 3034 5940 non
3065 5883 3248 5940 solum
3277 5895 3380 5954 per
3417 5880 3643 5953 fratres,

3577 345 3680 397 7l8
3747 327 3754 330 ’
