4058 6190
359 313 461 368 ’719

359 423 459 494 qui
475 421 657 476 vicem
682 435 876 476 meam
899 416 1118 474 executi
1145 420 1296 484 sunt,
1325 417 1425 473 sed
1457 416 1632 472 etiam
1660 435 1764 490 per
1784 435 1987 492 appro-
2007 440 2065 512 Α

355 516 552 572 bation
562 533 654 571 em
672 519 963 588 gestorum
986 512 1351 583 synodalium
1374 512 1669 584 propriam
1689 512 1985 567 vobiscum

359 611 532 666 inisse
559 607 927 672 sententiam,
950 606 1008 660 in
1037 606 1158 660 sola
1181 605 1446 660 videlicet
1464 605 1600 661 ﬁdei
1617 623 1806 672 causa,
1830 606 1986 677 quod

359 722 509 776 saepe
537 701 842 757 dicendum
877 703 980 753 est.
1017 699 1141 770 (Qui
1173 716 1310 771 ergo
1351 699 1480 754 unit
1517 716 1648 754 cum
1670 699 1982 755 Chalcedo-

357 797 524 852 nensi
561 793 780 866 synodo
808 792 866 846 in
895 793 1017 848 sola
1045 792 1180 846 ﬁdei
1211 809 1382 848 causa
1420 797 1748 860 convocata,
1781 797 1986 848 cuncta

358 907 483 962 quae
512 889 622 942 illic
653 885 974 958 specialiter
1001 891 1162 958 gesta
1190 891 1341 954 sunt,
1372 903 1431 942 se
1458 888 1653 959 procul
1681 887 1854 942 dubio
1887 904 1980 942 ex-

352 987 621 1038 traneum
638 980 1014 1035 demonstrat.
1035 980 1173 1034 Hinc
1185 983 1272 1034 est
1287 997 1514 1034 rursum
1531 979 1686 1051 quod
1702 997 1830 1034 cum
1843 996 1986 1051 pras-

351 1077 470 1131 fato
507 1073 773 1129 Anatolio
807 1073 877 1128 de
907 1073 1239 1145 recipiendo
1265 1074 1450 1129 Attico
1479 1073 1814 1145 presbytero
1845 1073 1978 1128 scri-

350 1169 508 1236 bere,
543 1168 679 1223 dicit
707 1167 900 1238 (Epist.
932 1169 1016 1239 77)
1037 1184 1050 1222 :
1073 1169 1157 1222 Ita
1187 1169 1250 1221 ut
1271 1167 1750 1223 Chalcedonensis
1777 1167 1983 1240 synodi

352 1261 752 1318 deﬁnitionem
783 1262 854 1315 de
884 1261 1019 1329 ﬁde,
1051 1261 1142 1316 cui
1165 1261 1340 1316 etiam
1372 1261 1600 1317 dilectio
1627 1265 1724 1316 tua
1744 1261 1983 1316 subscri-

344 1356 537 1412 bendo
563 1354 871 1421 consensit,
897 1371 1072 1426 quam
1095 1355 1423 1426 apostolicae
1445 1355 1595 1410 sedis
1611 1356 1863 1410 ﬁrmavit
1884 1373 1980 1410 au-

349 1450 600 1518 ctoritas,
630 1449 970 1520 proﬁteatur
995 1465 1056 1503 se
1087 1465 1192 1520 per
1213 1449 1410 1504 omnia
1439 1448 1842 1521 servaturum.)
1873 1448 1980 1514 Qui

348 1541 829 1600 Chalcedonensis
854 1541 1059 1613 synodi
1081 1541 1478 1598 deﬁnitionem
1500 1542 1714 1612 dicens,
1734 1541 1981 1614 Vigilan-

347 1641 436 1692 ter
481 1637 680 1703 etiam,
715 1635 784 1689 de
814 1635 950 1701 ﬁde,
993 1651 1108 1690 non
1142 1635 1404 1703 adderet,
1438 1636 1546 1690 nisi
1587 1653 1805 1704 causas,
1850 1653 1978 1708 quin

346 1731 458 1786 illic
502 1729 826 1801 specialiter
865 1731 1040 1782 motae
1083 1729 1332 1797 fuerant,
1384 1730 1750 1801 reprobasset
1777 1731 1978 1801 (solam

1756 309 2016 366 PELAGII
2055 302 2246 367 ΡΑΡᾹΞ
2284 308 2330 366 ΙΙ

3616 313 3721 365 720

2088 423 2186 474 aut
2209 419 2422 474 violare
2445 434 2646 474 eorum
2666 433 2792 492 quae
2821 415 2892 471 ab
2918 425 3005 498 ea"
3015 418 3168 474 recte
3195 419 3328 473 sunt
3349 419 3406 473 et
3424 415 3724 472 inviolabi-

2085 513 2217 568 liter
2257 513 2540 585 deﬁnita.)
2569 513 2642 566 At
2670 513 2844 583 longe
2877 514 2962 566 est
3005 511 3182 580 aliud,
3211 528 3330 568 non
3359 527 3527 583 posse
3551 527 3718 566 com-

2085 606 2304 662 moveri
2335 623 2403 660 ea
2415 623 2541 678 quae
2560 607 2790 662 decreta
2803 608 2954 674 sunt,
2978 607 3035 660 et
3052 621 3166 660 non
3181 623 3349 677 posse
3365 604 3721 660 commoveri

2085 717 2154 754 ea
2183 717 2308 772 quae
2327 704 2480 755 recte
2501 704 2559 754 et
2575 699 3000 772 inculpabiliter
3018 701 3152 754 sunt
3169 699 3415 755 decreta.
3445 688 3720 755 Sciebant

2086 793 2244 848 enim
2285 793 2389 848 viri
2415 792 2750 862 doctissimi,
2781 811 2850 848 ea
2880 811 3008 866 quae
3036 795 3151 850 illic
3191 797 3350 865 gesta
3379 793 3616 848 fuerant
3644 793 3716 848 de

2084 887 2267 942 causis
2317 887 2673 960 specialibus,
2729 905 2764 943 a
2809 887 3232 960 praedecessore
3276 891 3474 942 nostro
3521 875 3716 942 Leone

2082 984 2314 1054 recepta
2341 981 2681 1037 omnimodo
2699 999 2814 1036 non
2837 981 3041 1050 fuisse;
3066 985 3125 1036 et
3147 981 3358 1037 idcirco
3385 980 3717 1035 cautissime

2083 1075 2356 1142 scribunt,
2387 1075 2739 1130 commoveri
2769 1079 2868 1130 aut
2896 1075 3095 1130 violari
3123 1092 3249 1147 quae
3278 1077 3433 1130 recte
3463 1074 3535 1128 ab
3559 1089 3628 1128 ea
3661 1077 3720 1127 et

2080 1169 2506 1240 inculpabiliter
2523 1169 2760 1224 deﬁnita
2789 1173 2942 1239 sunt,
2973 1185 3089 1224 non
3122 1167 3319 1224 deberi
3345 1185 3359 1234 ;
3393 1184 3466 1222 ne
3494 1167 3540 1221 si
3581 1183 3719 1221 cun-

2081 1267 2172 1317 cta
2200 1263 2546 1318 conﬁrmare
2568 1279 2628 1317 se
2651 1263 2928 1330 dicerent,
2949 1263 3249 1317 sententia:
3267 1279 3416 1334 saepe
3447 1260 3554 1316 fati
3572 1277 3718 1333 prae-

2079 1355 2393 1412 decessoris
2447 1356 2626 1410 nostri
2670 1355 2876 1411 Leonis
2922 1356 3239 1410 obviarent.
3274 1354 3436 1411 Unde
3482 1358 3543 1408 et
3597 1354 3713 1408 illic

2080 1449 2230 1505 illico
2259 1449 2652 1522 subjungunt:
2681 1451 2763 1504 Ita
2794 1449 3087 1522 sapiamus
3107 1465 3358 1521 semper,
3393 1448 3540 1503 sicut
3565 1447 3717 1520 sapit

2079 1543 2391 1616 apostolica
2419 1544 2817 1599 Romanorum
2847 1544 2999 1598 sedis
3027 1543 3320 1614 Ecclesia.)
3355 1563 3372 1570 -

2146 1639 2210 1692 V.
2237 1639 2372 1694 Post
2401 1639 2522 1693 haec
2547 1653 2778 1710 quoque
2804 1639 3066 1710 exempla
3095 1637 3357 1709 ejusdem
3388 1637 3710 1709 praedeces-

2078 1731 2222 1786 soris
2251 1731 2432 1787 nostri
2457 1732 2664 1787 Leonis
2684 1731 2756 1786 ad
2787 1731 3058 1787 Basilium
3087 1731 3420 1804 episcopum
3451 1731 3715 1786 testimo-

345 1807 722 1879 nihilominus
743 1821 1045 1893 exciperet)
1069 1823 1142 1893 (α)
1172 1839 1300 1893 quae
1327 1823 1378 1877 ei
1395 1823 1764 1895 singulariter
1783 1823 1972 1895 displi-
1989 1815 2046 1888 B
2071 1825 2233 1880 nium
2264 1825 2551 1896 posuistis,
2577 1842 2690 1897 quo
2715 1825 2828 1881 ait:
2861 1825 3108 1882 Obsecro
3135 1825 3516 1880 Dilectionem
3543 1827 3710 1879 tuam

344 1921 557 1973 cerent.
589 1919 662 1970 At
689 1918 999 1987 postquam
1049 1915 1193 1970 nihil
1236 1915 1390 1970 aliud
1439 1917 1662 1988 synodi,
1691 1917 1800 1972 nisi
1837 1916 1972 1971 ﬁdei

341 2010 742 2066 deﬁnitionem
769 2009 1022 2080 recepit:
1058 2005 1195 2080 quid
1227 2013 1315 2064 est
1341 2009 1516 2080 aliud,
1546 2010 1654 2065 nisi
1677 2011 1834 2082 quod
1862 2027 1969 2066 caa-

339 2108 466 2160 tera
494 2120 622 2176 quae
649 2103 761 2158 illic
787 2102 1112 2175 specialiter
1141 2106 1301 2158 mota
1327 2107 1478 2172 sunt,
1517 2103 1828 2159 refutavit?
1871 2105 1974 2159 Ne-

302 2265 308 2280 Ι
341 2213 450 2270 que
475 2198 631 2252 enim
659 2197 705 2251 si
739 2198 927 2265 vellet,
957 2213 1134 2251 unam
1155 2197 1558 2253 tantummodo
1577 2215 1810 2252 causam
1831 2214 1972 2268 prae-

337 2293 441 2348 fati
474 2291 728 2347 Anatolii
769 2291 1194 2363 reprehendere
1225 2294 1538 2360 vereretur,
1565 2291 1662 2363 qui
1691 2292 1840 2351 hanc
1867 2309 1969 2347 suo

331 2385 550 2458 judicio
570 2403 686 2441 non
703 2385 1102 2456 approbatam,
1124 2389 1181 2440 et
1197 2385 1577 2440 serenissimis
1593 2385 1966 2458 principibus,

337 2484 394 2534 et
423 2480 642 2535 auctori
673 2479 796 2551 ejus
827 2479 1018 2533 eidem
1048 2479 1313 2534 Anatolio
1346 2496 1462 2534 non
1493 2483 1576 2534 est
1602 2480 1814 2535 veritus
1835 2480 1967 2535 scri-

335 2574 448 2646 ptis
495 2573 945 2628 discurrentibus
1001 2573 1272 2635 indicare.
1319 2575 1461 2628 Cum
1490 2591 1624 2628 vero
1669 2577 1728 2628 et
1770 2574 1841 2628 de
1871 2573 1970 2629 illa
2000 2579 2018 2595 '

336 2668 578 2740 praafato
603 2668 870 2722 Anatolio
899 2665 1116 2738 private
1144 2666 1416 2738 loquitur,
1445 2670 1504 2722 et
1533 2684 1756 2722 rursum
1792 2667 1866 2722 ad
1884 2685 1968 2738 sy-

335 2763 554 2818 nodum
577 2761 1024 2832 scribens,quod
1043 2760 1114 2814 de
1142 2761 1264 2816 sola
1278 2761 1391 2815 ﬁde
1418 2765 1646 2833 gestum
1674 2762 1882 2829 fuerat,
1907 2777 1966 2815 se

333 2857 588 2932 recipere
617 2856 960 2922 conﬁtetur;
1008 2859 1233 2910 constat
1268 2855 1424 2926 quod
1455 2859 1514 2909 et
1535 2855 1867 2910 Anatolium
1895 2855 1965 2910 de

335 2949 570 3022 speciali
596 2948 855 3004 criminis
882 2965 1053 3003 causa
1082 2948 1398 3019 redarguit,
1429 2952 1486 3002 et
1511 2952 1716 3004 cuncta
1743 2948 1967 3019 privata

339 3043 593 3114 negotia,
624 3059 752 3114 quae
782 3045 940 3096 mota
977 3042 1037 3096 in
1090 3041 1310 3112 synodo
1365 3042 1614 3110 fuerant,
1666 3041 1966 3097 retractari

333 3137 633 3192 concessit.

290 3237 292 3240 ’
402 3232 488 3286 IV.
548 3231 795 3286 Rursum
831 3229 890 3284 in
940 3229 1150 3300 scripto
1199 3232 1388 3284 vestro
1443 3227 1840 3284 testimonium
1897 3185 2040 3284 acc

332 3326 658 3398 exemplum
685 3325 755 3380 de
777 3324 1044 3398 encycliis
1069 3323 1322 3396 ponitur,
1348 3323 1504 3396 quod
1525 3324 1688 3378 multi
1712 3323 1964 3396 episcopi
1989 3364 1994 3370 .

331 3420 500 3476 simul
518 3420 742 3476 dicunt:
758 3421 950 3491 Neque
978 3435 1156 3474 unum
1175 3417 1295 3474 iota
1311 3419 1398 3472 vel
1417 3418 1642 3490 apicem
1659 3435 1964 3490 possumus

331 3518 431 3571 aut
459 3530 845 3581 commovere,
887 3516 986 3568 aut
1015 3517 1371 3568 commutare
1416 3527 1617 3568 eorum
1655 3530 1782 3584 qua:
1811 3512 1963 3585 and

331 3609 755 3665 Chalcedonem
784 3608 1014 3662 decreta
1044 3611 1194 3662 sunt.
1219 3607 1335 3679 (Cui
1363 3607 1518 3662 aliud
1543 3624 1773 3679 quoque
1804 3607 1960 3662 testi-

331 3705 595 3761 mo‘nium
627 3701 788 3774 quasi
810 3718 876 3756 ex
897 3701 1104 3756 eadem
1132 3701 1372 3772 epistola
1394 3701 1780 3772 subjunxistia,
1809 3702 1963 3774 quod

332 3798 596 3853 videlicet
611 3794 861 3850 Anatolii
873 3794 1523 3866 Constantinopolitanae
1541 3795 1696 3851 urbis
1711 3795 1962 3868 episcopi

335 3909 456 3948 esse
485 3907 602 3945 non
655 3888 896 3942 dubium
929 3890 1034 3954 est,
1081 3905 1195 3958 quo
1228 3889 1308 3942 ait
1336 3905 1348 3942 :
1382 3889 1460 3943 De
1509 3889 1960 3946 Chalcedonensi

333 4003 468 4042 vero
497 3985 694 4068 sanlcta
719 3981 938 4054 synodo
967 3979 1115 4049 dico,
1146 3981 1422 4052 quoniam
1471 3983 1656 4054 ipsum
1703 4000 1960 4055 quaerere

334 4079 594 4146 omnino,
625 4079 723 4132 aut
757 4075 1048 4132 revolvere
1081 4074 1298 4146 aliquid
1344 4092 1545 4132 eorum
1572 4093 1698 4148 quae
1727 4077 1798 4131 ab
1839 4077 1963 4149 ipsa

333 4175 496 4232 ﬁnita
525 4176 678 4242 sunt,
701 4168 1003 4226 hominum
1032 4173 1118 4223 est
1145 4168 1538 4225 insidiantium
1559 4171 1960 4226 tantummodo

332 4268 614 4336 Ecclesiis,
645 4269 701 4322 et
740 4264 1044 4320 universali
1087 4263 1293 4320 Christi
1327 4263 1500 4336 paci.)
1527 4265 1586 4319 In
1609 4281 1722 4336 quo
1751 4265 1960 4320 revolvi

333 4371 392 4422 et
421 4363 661 4422 convelli
711 4359 1036 4432 prohibeat,
1091 4359 1210 4430 ipse
1244 4357 1586 4429 subjungat;
1644 4359 1726 4413 ait
1766 4362 1957 4414 enim;

333 4457 576 4526 Quando
599 4453 914 4528 apostolica
938 4453 1174 4525 quidem
1194 4456 1252 4508 et
1268 4456 1506 4524 paterna
1525 4452 1800 4525 dogmata
1821 4453 1959 4508 olim

2073 1923 2135 1973 ut
2171 1919 2655 1974 Chalcedonensis
2709 1919 2913 1992 synodi
2957 1919 3386 1975 deﬁnitionibus
3428 1918 3488 1973 in
3549 1918 3711 1972 nullo

2070 2013 2331 2068 animum
2349 2014 2642 2080 relaxetis;
2667 2017 2724 2069 et
2740 2031 2868 2085 quin
2883 2031 2950 2068 ex
2969 2013 3162 2068 divina
3182 2017 3315 2068 sunt
3330 2013 3708 2085 inspiratione
3786 2029 3809 2044 δ

2071 2109 2412 2179 composita,
2465 2109 2622 2162 nulla
2669 2108 2974 2180 patiamini
3025 2107 3279 2162 novitate
3309 2105 3588 2162 temerari
3628 2107 3708 2176 (et

2069 2217 2330 2256 rursum:
2359 2203 2430 2256 Ut
2454 2205 2649 2256 autem
2670 2202 2850 2274 possit
2865 2202 2988 2256 haec
3006 2201 3326 2256 exhortatio
3349 2200 3422 2255 ad
3439 2201 3710 2254 omnium

2068 2295 2310 2350 fratrum
2337 2298 2395 2349 et
2419 2294 2890 2367 coepiscoporum
2921 2295 3189 2350 notitiam
3210 2294 3536 2366 pervenire,
3579 2293 3713 2347 dili-

2068 2393 2274 2460 genter
2321 2392 2522 2443 vestraa
2569 2389 2963 2444 Fraternitatis
3010 2405 3147 2443 cura
3198 2387 3525 2460 perspiciat,
3570 2386 3710 2458 quia

2070 2481 2246 2553 (quod
2287 2498 2438 2553 smpe
2481 2481 2787 2536 dicendum
2823 2482 2928 2552 est)
2968 2485 3092 2537 tota
3133 2481 3336 2552 religio
3377 2479 3708 2536 Christiana

2067 2576 2350 2644 turbatur,
2367 2576 2411 2629 si
2429 2575 2745 2647 quidquam
2765 2575 2834 2630 de
2857 2575 2946 2630 his
2967 2592 3093 2646 quae
3110 2574 3264 2646 apud
3275 2573 3709 2630 Chalcedonem

2067 2669 2377 2724 constituta
2415 2673 2566 2736 sunt,
2601 2668 2994 2739 convellatur.)
3028 2668 3139 2724 Sed
3168 2660 3362 2722 utrum
3403 2667 3474 2722 de
3517 2667 3709 2722 causis

2067 2762 2451 2834 quarumdam
2482 2779 2862 2834 personarum
2890 2761 3252 2834 specialibus,
3283 2779 3357 2816 an
3385 2761 3458 2816 de
3486 2765 3706 2816 sancta:

2067 2857 2202 2910 ﬁdei
2215 2856 2552 2912 deﬁnitione
2571 2857 3138 2928 asserat,inquiratur
3154 2856 3272 2928 ipse
3285 2855 3423 2928 quid
3441 2855 3708 2928 superius

2067 2949 2246 3017 dicat;
2271 2949 2350 3006 ait
2369 2949 2525 3004 enim
2551 2967 2563 3004 :
2589 2951 2715 3006 Haac
2735 2949 2942 3021 scripta
2974 2949 3174 3018 direxi,
3199 2950 3405 3021 quibus
3430 2949 3702 3004 Dilectio-

2065 3060 2202 3098 nem
2228 3047 2477 3098 vestram
2505 3044 2723 3099 credidi
2764 3043 3277 3112 commonendam,
3301 3046 3365 3098 ut
3404 3043 3702 3098 sceleratis

2065 3137 2296 3193 ausibus
2322 3142 2518 3193 sancta
2544 3137 2865 3194 constantia
2887 3137 3182 3205 resistatis,
3215 3155 3288 3192 ne
3313 3137 3372 3192 in
3401 3154 3705 3209 quoquam

2065 3235 2263 3287 nostra
2303 3232 2628 3287 communis
2657 3232 2800 3286 ﬁdes
2827 3236 2926 3287 aut
2953 3232 3180 3304 trepida
3212 3231 3564 3300 inveniatur,
3603 3235 3706 3286 aut

2061 3325 2278 3397 tepida.
2313 3325 2440 3398 (Qui
2495 3327 2670 3398 igitur
2706 3326 3171 3382 admonitionem
3223 3325 3520 3382 servandae
3561 3325 3701 3381 ﬁdei

2063 3419 2360 3491 praemisit,
2382 3420 2479 3474 ubi
2505 3420 2775 3475 custodiri
2798 3420 3082 3491 synodum
3103 3421 3298 3486 voluit,
3315 3419 3609 3476 indicavit.
3641 3419 3703 3475 Si

2065 3518 2259 3568 autem
2271 3513 2328 3568 in
2346 3514 2515 3584 hujus
2528 3513 2784 3585 epistolas
2797 3514 3158 3570 sermonibus
3175 3513 3547 3585 ambigimus,
3565 3531 3704 3570 eum

2065 3624 2130 3662 ex
2157 3607 2282 3661 aliis
2309 3606 2424 3662 suis
2454 3607 2708 3679 epistolis
2737 3624 2850 3678 quo
2878 3624 3049 3662 sensu
3088 3608 3208 3663 hmo
3241 3607 3466 3675 dixerit,
3498 3609 3699 3680 requi-

2062 3717 2279 3756 ramus.
2314 3701 2600 3756 Marciano
2630 3717 2884 3773 namque
2923 3704 3183 3773 Augusto
3215 3701 3426 3774 scripta
3460 3718 3564 3756 sua
3591 3719 3700 3774 pro

2063 3795 2270 3850 eadem
2303 3794 2523 3867 synodo
2544 3794 2817 3866 dirigens,
2835 3795 2916 3850 ait
2941 3796 3136 3866 (Epist.
3165 3795 3290 3867 59):
3323 3795 3410 3849 Ad
3440 3795 3699 3850 Gloriam

2061 3892 2309 3943 vestram
2339 3891 2398 3944 et
2414 3889 2487 3943 ad
2511 3888 3212 3961 Constantinopolitanum
3233 3888 3552 3944 antistitem
3567 3890 3704 3945 scri-

2062 3985 2160 4054 pta
2189 3982 2388 4049 direxi,
2423 3999 2550 4054 quas
2571 3982 2864 4037 evidenter
2895 3982 3286 4050 ostenderent,
3321 3999 3435 4049 me,
3466 3999 3596 4054 quas
3625 3983 3700 4040 de

2061 4075 2174 4130 ﬁde
2203 4075 2484 4130 catholica
2507 4075 2566 4129 in
2592 4075 2866 4147 praedicta
2910 4075 3130 4147 synodo
3161 4075 3398 4130 deﬁnita
3439 4076 3697 4147 fuerant,

2062 4169 2425 4242 approbare.)
2458 4169 2565 4234 Qui
2593 4169 2640 4223 si
2666 4173 2900 4224 cunctas
2927 4172 2984 4224 et
3013 4169 3288 4241 speciales
3313 4186 3516 4225 causas
3543 4171 3696 4242 ejus-

2063 4263 2197 4318 dem
2229 4263 2434 4334 synodi
2487 4263 2723 4335 recepit,
2758 4280 2858 4319 cur
2901 4279 2970 4318 ea
3000 4281 3060 4318 se
3087 4264 3409 4336 approbare
3441 4281 3572 4336 quae
3619 4265 3694 4320 de

2061 4357 2342 4412 catholica
2369 4357 2482 4411 ﬁde
2505 4357 2564 4411 in
2591 4357 2866 4430 praedicta
2885 4357 3105 4429 synodo
3134 4357 3372 4413 deﬁnita
3392 4363 3548 4425 sunt,
3573 4375 3700 4431 spe-

2063 4451 2284 4506 cialiter
2315 4450 2563 4506 asserit?
2619 4452 2864 4506 Rursum
2899 4468 3127 4524 quoque
3153 4453 3398 4523 praefato
3445 4453 3698 4525 principi

331 4553 500 4611 nobis
523 4549 756 4619 tradita,
789 4549 848 4602 in
877 4565 944 4602 eo
966 4548 1235 4602 roborata
1257 4550 1390 4602 sunt
1416 4549 1587 4619 atque
1607 4548 1856 4602 ﬁrmata.
1888 4548 1966 4620 (Si
1986 4560 2046 4633 D
2071 4545 2324 4600 scribens
2355 4545 2572 4616 (Ibid):
2615 4544 2761 4610 Quia
2787 4545 3056 4600 omnibus
3081 4545 3272 4602 modis
3300 4546 3704 4602 obediendum

333 4648 510 4719 igitur
529 4643 1028 4718 insidiantium_est
1043 4641 1345 4696 hominum
1363 4641 1676 4713 apostolica
1692 4641 1966 4714 dogmata

337 4745 392 4796 et
421 4743 662 4813 paterna
679 4735 1026 4802 convellere,
1049 4733 1145 4806 qui
1172 4735 1376 4788 eadem
1405 4739 1645 4806 paterna
1667 4739 1725 4790 et
1741 4739 1965 4808 aposto-

334 4837 442 4891 lica
459 4835 733 4905 dogmata
747 4829 969 4885 illibata
989 4828 1290 4898 recipiunt,
1311 4831 1535 4882 constat
1553 4830 1750 4900 procul
1765 4829 1960 4899 dubio,

337 4929 470 5000 quia
501 4926 839 4982 insidiantes
863 4939 980 4977 non
1013 4923 1162 4976 sunt.
1188 4919 1456 4991 Ejusdem
1478 4939 1726 4994 namque
1757 4923 1962 4995 synodi

334 5022 511 5077 ﬁdem
542 5021 952 5074 intemeratam
993 5016 1109 5070 Deo
1151 5017 1384 5070 auctore
1430 5015 1766 5085 retinemus,
1800 5021 1857 5071 et
1883 5017 1961 5073 sic

335 5111 556 5185 privata
601 5107 835 5178 negotia
863 5123 992 5177 qua:
1036 5103 1152 5160 illic
1195 5108 1360 5176 gesta
1401 5107 1552 5174 sunt,
1586 5122 1717 5160 cum
1762 5110 1959 5166 sancto

335 5203 756 5280 praedecessore
783 5201 979 5254 nostro
1017 5199 1204 5259 Leone
1249 5197 1632 5272 praeterimus,
1663 5203 1726 5253 ut
1755 5199 1956 5254 deﬁni-

335 5299 557 5358 tionem
581 5293 718 5347 ﬁdei
747 5293 860 5346 illic
885 5293 1193 5362 prolatam,
1223 5293 1522 5364 proposita
1547 5292 1721 5348 etiam
1749 5297 1956 5362 morte,

333 5404 712 5452 reservemus.
736 5387 796 5440 In
822 5386 1170 5456 praecedenti
1191 5389 1386 5442 autem
1407 5387 1736 5446 testimonio
1754 5387 1960 5443 multo-

330 5506 462 5546 rum
490 5482 657 5540 simul
680 5479 1080 5552 episctrporum
1106 5483 1298 5535 utrum
1324 5481 1586 5550 dictator,
1615 5499 1689 5536 an
1717 5481 1960 5554 scriptor

334 5579 627 5646 erraverit,
646 5576 1014 5648 ignoramus;
1039 5588 1224 5644 neque
1242 5575 1398 5628 enim
1417 5575 1475 5628 in
1491 5575 1757 5647 encycliis
1782 5575 1958 5632 conti-

333 5681 521 5744 netur,
571 5675 634 5728 ut
658 5669 768 5744 ipsi
819 5667 877 5722 in
923 5664 1144 5737 scriptis
1175 5667 1374 5721 vestris
1421 5669 1706 5739 posuistis.
1759 5671 1954 5743 Neque

333 5771 490 5826 enim
519 5768 638 5823 iota
655 5780 838 5820 unum
869 5764 970 5818 aut
1011 5759 1233 5834 apicem
1259 5777 1563 5832 possumus
1589 5779 1955 5821 commovere

405 5890 475 5963 (ει)
503 5889 708 5968 Deesse
733 5885 822 5940 his
847 5881 1143 5960 quidpiam
1176 5879 1417 5938 videtur.
1447 5883 1618 5941 Hm).

2069 4643 2154 4694 est
2173 4637 2444 4710 potestati
2469 4638 2710 4710 [pietati]
2741 4643 2943 4695 vestrae
2965 4643 3022 4695 et
3039 4640 3487 4711 religiosissime:
3503 4642 3706 4698 volun-

2065 4732 2186 4800 tati,
2211 4733 2712 4788 constitutionibus
2742 4733 3127 4805 synodalibus,
3156 4751 3284 4806 quaa
3305 4734 3446 4790 mihi
3468 4735 3543 4790 de
3565 4753 3702 4791 con-

2061 4826 2390 4881 ﬁrmatione
2427 4826 2565 4882 ﬁdei
2606 4827 2901 4884 catholicae
2931 4828 3272 4900 placuerunt
3291 4829 3476 4884 libens
3509 4829 3703 4902 adjeci

2063 4921 2409 4976 sententiam
2457 4938 2674 4978 meam.
2705 4922 2787 4994 (Si
2828 4938 2967 4994 ergo
3009 4923 3516 4979 conﬁrmationem
3563 4923 3702 4979 ﬁdei

2061 5015 2352 5071 catholicae
2373 5015 2478 5070 sibi
2506 5016 2804 5088 placuisse,
2839 5017 3010 5088 eique
3037 5017 3388 5072 sententiam
3417 5018 3701 5090 adiecisse

2062 5109 2300 5178 astruit;
2333 5109 2390 5164 in
2421 5110 2528 5178 his,
2558 5111 2616 5166 in
2639 5111 2846 5182 quibus
2871 5111 3232 5167 conﬁrmatio
3258 5110 3394 5166 ﬁdei
3425 5129 3545 5168 non
3567 5113 3700 5185 fuit,

2061 5206 2286 5259 constat
2315 5201 2450 5275 quia
2481 5205 2829 5260 sententiam
2861 5221 2979 5261 non
3013 5205 3242 5277 adjecit.

2130 5299 2216 5352 Vl.
2244 5299 2444 5353 Adhuc
2489 5304 2682 5354 autem
2713 5315 2780 5353 ex
2826 5299 3086 5370 ejusdem
3130 5300 3286 5354 beati
3318 5301 3526 5356 Leonis
3573 5302 3697 5374 epi-

2059 5393 2204 5447 stola
2231 5392 2625 5447 tcstimonium
2655 5393 2875 5464 scriptis
2917 5389 3119 5450 vestri!
3145 5393 3414 5463 inseritis,
3459 5412 3589 5467 qua!
3620 5397 3700 5452 ad

2042 5475 2329 5540 'Basilium
2380 5486 2554 5541 dicit:
2606 5487 2702 5542 Pie
2736 5487 2901 5542 nobis
2931 5491 2990 5542 et
3032 5491 3366 5544 constanter
3405 5489 3696 5546 utendum

2061 5581 2284 5649 (Forsan
2319 5580 2646 5651 vivendum)
2700 5584 2818 5650 est,
2862 5581 3079 5636 nedum
3113 5582 3318 5638 talium
3373 5582 3696 5656 disputatio

2057 5672 2401 5742 admittitur,
2417 5689 2618 5729 eorum
2640 5689 2769 5746 quae
2788 5673 3056 5730 divinitus
3077 5673 3313 5730 deﬁnita
3331 5680 3484 5746 sunt,
3500 5681 3699 5734 aucto-

2056 5765 2209 5822 ritati
2237 5765 2567 5840 derogetur.
2589 5769 2659 5824 Et
2670 5766 2849 5824 infra:
2874 5769 2988 5824 Nec
3008 5768 3164 5825 enim
3189 5769 3446 5843 aliquam
3465 5768 3696 5846 [Forsan
