4058 6190
323 301 412 358 721

1572 295 1912 355 EPISTULA}
1950 293 2034 352 ET
2071 292 2399 353 DECRETA.

3561 299 3664 360 722

319 405 390 463 ad
401 403 669 479 aliquam]
682 402 1162 493 disceptationem
1177 403 1348 478 plene
1361 402 1599 462 deﬁnita
1611 403 1934 460 revocanda
1954 412 2015 489 Α
2033 411 2098 464 ut
2122 407 2196 462 ad
2222 424 2425 465 omnes
2435 407 2642 466 fratres
2656 408 2754 480 qui
2771 406 3228 467 Cbalcedonensi
3242 407 3462 482 synodo
3489 407 3664 464 inter-

316 503 462 568 sunt,
491 517 561 556 ne
587 498 662 556 ad
692 499 992 556 arbitrium
1024 499 1435 556 damnatorum
1478 499 1589 571 ipsi
1616 495 1690 554 de
1736 498 1824 554 his
1850 497 1930 553 vi-

317 597 554 654 deamur
589 595 906 668 ambigere,
937 612 1065 668 quas
1093 595 1466 652 manifestum
1495 600 1582 651 est
1605 612 1709 668 per
1738 595 1938 650 omnia

316 689 660 764 propheticis
680 693 738 744 et
769 683 1120 762 evangelicis'
1133 693 1307 762 atque
1339 689 1661 762 apostolicis
1689 689 1934 746 auctori-

316 784 524 841 tatibus
543 800 878 840 consonare.
903 784 1060 852 (Quas
1089 787 1284 840 autem
1304 785 1391 839 vel
1413 785 1672 857 superius
1699 783 1937 840 deﬁnita

315 878 598 944 divinitus,
629 879 717 932 vel
737 877 976 933 inferius
1001 878 1172 949 plene
1205 877 1442 933 definita
1459 881 1694 946 asserat,
1718 895 1786 933 ex
1814 878 1937 949 ipsa

315 973 399 1026 vel
424 988 490 1026 ex
514 971 639 1027 aliis
662 971 788 1042 εμπ
809 971 1064 1044 epistolis
1091 974 1282 1027 vestra
1315 973 1664 1028 Fraternitas
1691 974 1897 1043 penset
1919 988 1933 1026 :

314 1064 372 1120 in
398 1065 603 1136 quibus
632 1082 932 1136 nunquam
975 1065 1242 1138 specialia
1272 1069 1434 1138 gesta
1463 1065 1934 1133 commemorari,

318 1157 413 1214 sed
445 1159 566 1214 sola
581 1175 711 1230 qua:
739 1159 935 1214 deﬁde
949 1163 1082 1214 sunt
1106 1161 1331 1232 prolata
1343 1161 1668 1215 conﬁrmat.
1683 1159 1845 1216 Unde
1876 1159 1937 1215 in

316 1250 398 1308 his
422 1268 652 1324 quoque
679 1253 866 1308 verbis
894 1248 1201 1325 vigilanter
1228 1253 1816 1326 imprimitur[Forsan
1842 1270 1934 1307 ex-

314 1345 622 1419 primitur],
651 1350 708 1401 et
737 1364 865 1418 quae
893 1348 1061 1418 plene
1100 1347 1337 1403 deﬁnita
1367 1347 1575 1402 dixerit
1621 1347 1939 1402 attenditur

321 1437 534 1513 [Forsan
572 1439 943 1510 ostenditur],
971 1457 1101 1494 cum
1125 1439 1293 1495 dicit:
1325 1442 1405 1495 Ne
1443 1441 1513 1495 de
1546 1440 1634 1495 his
1681 1440 1816 1512 ipsis
1855 1440 1934 1494 vi-

317 1531 556 1587 deamur
577 1533 894 1604 ambigere,
925 1551 1052 1606 quas
1081 1533 1457 1589 manifestum
1489 1537 1575 1589 est
1601 1551 1704 1605 per
1739 1534 1938 1589 omnia

315 1623 658 1699 propheticis
679 1630 736 1681 et
758 1627 1103 1699 evangelicis
1133 1631 1304 1700 atque
1337 1627 1659 1698 apostolicis
1690 1627 1934 1683 auctori-

313 1720 520 1802 tatibus
545 1723 906 1797 consonare).
941 1725 1201 1789 Pensate,
1235 1737 1450 1793 quaeso,
1483 1721 1689 1776 fratres
1721 1721 1935 1776 charis-

314 1787 455 1880 simi,
483 1813 529 1868 si
556 1815 768 1886 scripta
796 1787 1099 1870 .Tbeodori
1130 1787 1477 1887 propheticis
1511 1821 1569 1870 et
1593 1815 1938 1887 evangelicis
1957 1787 2014 1860 B

315 1912 479 1979 atque
505 1908 780 1979 apostolis
819 1909 1252 1965 auctoritatibus
1299 1912 1639 1977 consonant,
1672 1925 1800 1980 quas
1845 1926 1935 1964 re-

315 2001 677 2072 demptorem
701 2005 962 2058 nostrum
992 2002 1205 2073 iniquis
1235 2001 1465 2057 ausibus
1495 2001 1806 2057 Dominum
1833 2019 1934 2057 ne-

314 2105 466 2173 gant.
489 2101 736 2156 Pensate
765 2097 813 2152 si
841 2097 939 2152 illa
965 2096 1207 2168 epistola
1235 2095 1585 2168 propheticis
1606 2099 1664 2150 et
1688 2113 1934 2167 evange-

312 2195 428 2250 licis
489 2197 666 2265 atque
724 2190 1053 2262 apostolicis
1124 2189 1556 2245 auctoritatibus
1620 2205 1936 2246 consonare

306 2287 585 2352 videatur,
611 2286 672 2340 in
697 2301 812 2356 qua
837 2287 896 2339 et
920 2283 1102 2339 hostis
1132 2283 1394 2338 Ecclesiae
1423 2283 1719 2338 Nestorius
1745 2284 1940 2340 defen-

313 2380 478 2448 ditur,
503 2383 566 2436 et
591 2380 864 2435 defensor
887 2377 1152 2433 Ecclesiae
1178 2377 1417 2448 Cyrillus
1447 2380 1762 2432 accusatur.
1792 2379 1934 2432 Pen-

313 2480 422 2530 sate
444 2474 489 2528 si
515 2473 618 2528 illa
633 2471 962 2528 Theodoriti
983 2471 1191 2543 scripta
1211 2470 1581 2542 propheticis,
1595 2470 1939 2542 evangelicis

312 2571 476 2640 atque
524 2566 853 2638 apostolicis
907 2564 1342 2621 auctoritatibus
1393 2567 1749 2631 consonant,
1811 2580 1939 2636 quas

312 2661 460 2734 prius
484 2665 692 2717 contra
721 2663 939 2716 rectam
973 2659 1154 2717 ﬁdem
1197 2658 1371 2727 edita,
1398 2658 1520 2730 ipse
1563 2658 1937 2729 postmodum

313 2772 618 2811 conversus
670 2755 929 2810 damnat.
975 2746 1304 2808 Extremum
1362 2768 1592 2823 quoque
1641 2768 1788 2823 saepe
1833 2751 1938 2807 fati

309 2849 506 2906 Leonis
529 2848 607 2903 ad
619 2848 845 2903 Actium
864 2847 1264 2919 presbyterum
1287 2845 1680 2899 testimonium
1702 2845 1935 2917 ponitis,

312 2960 418 3016 quo
448 2944 532 2998 ait
557 2945 578 2967 *
607 2959 621 2998 :
655 2944 734 2997 Ne
762 2941 1016 3014 patiatur
1051 2939 1367 3012 sopitarum
1399 2955 1596 2994 rerum
1641 2943 1936 2994 certamen

309 3037 514 3105 afferri,
542 3052 790 3108 quarum
814 3037 1158 3090 retractator
1173 3050 1291 3089 non
1316 3033 1425 3088 nisi
1451 3033 1934 3104 sacrilegusinve-

310 3129 686 3201 nitur.(Quod
712 3129 784 3183 de
829 3127 1034 3200 quibus
1063 3127 1236 3183 rebus
1267 3129 1505 3194 astruat,
1549 3127 1622 3182 ad
1667 3128 1933 3182 eumdem
1955 3157 2010 3233 Ο

307 3224 527 3279 Aetium
557 3222 810 3278 scribens
835 3222 956 3294 ipse
985 3221 1322 3275 manifestat
1349 3219 1545 3275 dicens
1565 3223 1613 3244 “
1644 3238 1658 3276 :
1688 3221 1837 3276 Nihil
1863 3221 1935 3276 ab

308 3317 632 3390 apostolicis
673 3331 931 3387 unquam
961 3318 1163 3386 potero
1212 3315 1427 3369 sentire
1474 3314 1784 3384 diversum,
1831 3332 1936 3370 nec

308 3429 340 3466 a
365 3428 495 3466 mea
513 3411 640 3482 ipse
658 3409 882 3465 deviare
901 3409 1218 3475 sententia;
1243 3411 1301 3463 et
1327 3408 1482 3479 quod
1503 3412 1700 3464 sancto
1722 3408 1936 3479 Spiritu

307 3507 598 3560 revelante
655 3503 944 3558 confessus
984 3519 1132 3570 sum,
1166 3502 1437 3574 quodque
1483 3519 1715 3556 mecum
1763 3502 1937 3556 totius

308 3599 505 3671 synodi
549 3597 905 3670 professione
951 3596 1302 3668 praedicante
1339 3595 1603 3666 patefeci,
1630 3595 1822 3666 aliqua
1847 3613 1936 3652 va-

305 3693 507 3748 rietate
541 3694 928 3747 commutem:
947 3708 1078 3746 cum
1093 3691 1310 3746 facilius
1330 3689 1478 3744 mihi
1497 3688 1570 3744 sit
1589 3688 1938 3760 quibuslibet

307 3791 362 3841 et
398 3786 693 3860 suppliciis
718 3785 790 3840 ab
832 3786 944 3841 hoc
985 3785 1207 3840 mundo
1256 3782 1489 3850 auferri,
1527 3799 1702 3854 quam
1755 3783 1828 3837 ab
1867 3801 1936 3839 ea

307 3897 476 3952 quam
529 3880 880 3952 generaliter
918 3879 1155 3945 credidi,
1203 3878 1554 3950 professione
1585 3877 1838 3950 mutari).
1877 3877 1936 3934 Si

307 3991 442 4046 ergo
466 3978 675 4030 cuncta
697 3991 790 4029 res
820 3990 949 4045 quae
983 3971 1282 4027 retractari
1310 3989 1428 4026 non
1469 3971 1661 4038 debet,
1691 3971 1812 4026 sola
1851 3975 1938 4027 est

306 4067 585 4139 professio
605 4067 760 4135 ﬁdei,
789 4067 883 4122 ille
901 4068 1244 4121 retractator
1266 4082 1462 4120 rerum
1479 4065 1588 4120 erit
1603 4065 1932 4136 sacrilegus,

307 4163 400 4234 qui
420 4161 766 4234 professioni
783 4161 907 4232 ejus
926 4159 1098 4216 fuerit
1123 4159 1399 4215 diversus.
1422 4161 1565 4214 Nam
1594 4160 1749 4231 quod
1779 4159 1934 4214 idem

305 4255 503 4311 beatus
534 4255 647 4310 Leo
676 4256 858 4310 solam
881 4255 940 4309 in
961 4253 1182 4325 synodo
1200 4253 1614 4324 professionem
1633 4253 1766 4308 ﬁdei
1784 4270 1936 4308 sum-

306 4365 396 4405 mo
426 4349 636 4404 ardore
677 4347 978 4413 custodiat,
1011 4347 1330 4402 innumeris
1367 4347 1621 4418 epistolis
1659 4347 1930 4402 demons-

308 4446 433 4511 trat,
451 4460 522 4498 ex
536 4442 742 4514 quibus
761 4459 944 4513 pauca
960 4441 1209 4496 breviter
1222 4440 1680 4512 perstringimus,
1696 4444 1758 4495 ut
1774 4441 1832 4495 in
1852 4441 1934 4496 eis

2035 505 2288 571 fuerunt,
2303 504 2512 576 scripta
2523 504 2630 561 diri
2636 521 2834 576 gerem
2843 548 2856 574 ,
2871 505 3078 577 quibus
3088 505 3366 577 placuisse
3379 504 3519 560 mihi
3532 519 3662 577 quas

2037 615 2071 654 a
2091 599 2300 656 sanctis
2321 599 2593 654 fratribus
2615 599 2824 655 nostris
2851 599 2920 656 de
2941 602 3142 672 regula
3167 600 3303 655 ﬁdei
3320 600 3661 656 conﬁrmata

2037 696 2188 761 sunt,
2221 693 2702 749 demonstrarem.
2733 693 2894 766 (Hinc
2919 694 3182 767 estquod
3205 694 3517 750 Pulcheriaa
3547 696 3658 750 Au-

2037 789 2217 857 gustas
2246 787 2456 842 iterum
2475 787 2747 854 scribens,
2767 787 2846 842 ait
2862 787 3054 860 (Epist.
3083 788 3204 860 58):
3235 789 3393 844 Circa
3416 789 3678 843 fratrem‘

2035 883 2234 936 autem
2262 898 2458 936 meum
2488 885 2889 936 veneratorem
2927 885 3178 936 vestrum
3219 881 3508 938 lulianum
3547 881 3662 954 epi-

2037 991 2273 1046 scopum
2299 979 2579 1047 quantum
2619 975 2829 1030 debeat
2866 976 3102 1030 credere
3145 979 3332 1030 vestra
3377 975 3658 1046 dignatio,

2037 1068 2362 1140 apostolica:
2379 1069 2529 1123 sedis
2548 1069 2828 1124 aestimate
2837 1069 3076 1140 judicio,
3091 1086 3222 1124 cum
3235 1069 3293 1124 in
3312 1086 3483 1124 causa
3501 1069 3659 1136 ﬁdei,

2037 1163 2130 1218 cui
2181 1162 2429 1234 gloriosa
2477 1163 2665 1219 Pietas
2707 1167 2896 1218 vestra
2945 1165 3278 1232 famulatur,
3327 1163 3510 1218 vicem
3551 1162 3662 1235 ipsi

2035 1272 2230 1310 meam
2243 1260 2479 1311 eatenus
2495 1257 2836 1327 delegarim,
2852 1261 2914 1311 ut
2929 1257 3000 1311 ab
3015 1274 3085 1312 ea
3101 1274 3228 1328 quae
3244 1257 3402 1312 vobis
3419 1255 3663 1310 debetur

2038 1350 2399 1404 observantia
2428 1367 2544 1404 non
2575 1351 2872 1418 recedens,
2912 1367 3007 1405 me
3048 1350 3252 1405 Pietati
3282 1353 3482 1404 vestrae
3512 1367 3658 1422 prie-

2037 1447 2266 1499 sentare
2297 1461 2415 1499 non
2447 1443 2716 1516 desinat.)
2751 1445 2994 1500 Causam
3025 1445 3239 1517 quippe
3276 1445 3413 1500 ﬁdei
3438 1462 3658 1501 memo-

2036 1556 2190 1607 rans,
2224 1555 2616 1610 nequaquam,
2659 1539 2928 1606 Eatenus,
2966 1538 3198 1606 diceret,
3231 1539 3339 1594 nisi
3383 1539 3665 1611 quidquid

2037 1636 2197 1690 axtra
2222 1633 2398 1687 ﬁdem
2441 1635 2731 1703 ageretur,
2760 1649 2828 1686 ex
2858 1632 3078 1705 synodo
3125 1633 3346 1688 excludi
3374 1633 3662 1689 voluisset.

2108 1727 2218 1781 Vll.
2249 1727 2495 1780 Rursum
2543 1743 2648 1797 per
2689 1726 2995 1798 epistolam
3043 1729 3292 1782 vestram
3343 1727 3582 1796 dicitur,
3633 1745 3668 1783 a

2039 1819 2173 1874 sede
2201 1819 2512 1891 apostolica
2539 1837 2640 1874 vos
2661 1820 2880 1888 doctos,
2908 1824 3080 1891 atque
3109 1821 3180 1876 ab
3215 1821 3424 1877 scrinio
3455 1824 3666 1876 sanctas

2038 1913 2320 1981 Ecclesiae,
2354 1914 2444 1967 cui
2497 1914 2614 1969 Deo
2643 1917 2874 1969 auctore
2905 1930 3244 1985 praesumus,
3267 1915 3662 1981 conﬁrmatos,

2039 2023 2110 2060 ne
2136 2006 2269 2061 huic
2297 2007 2380 2060 rei
2411 2023 2540 2078 qum
2571 2006 2674 2061 sub
2693 2007 2805 2078 piae
2834 2008 3133 2063 memoriae
3159 2008 3480 2064 Iustiniano
3506 2001 3662 2080 prin-

2037 2099 2160 2172 cipe
2218 2104 2379 2172 gesta
2430 2103 2548 2168 est,
2589 2101 2914 2156 consentire
2963 2101 3220 2156 debeatis
3253 2119 3266 2157 :
3295 2106 3468 2173 atque
3518 2103 3667 2157 hanc

2039 2193 2481 2266 Opitulationem
2502 2194 2853 2250 excusationi
2882 2198 3084 2250 vestrm
3119 2195 3433 2266 adjungitis
3469 2195 3662 2250 dicen—

2039 2291 2144 2354 tes,
2173 2287 2328 2359 quod
2347 2287 2408 2342 in
2434 2304 2619 2344 causa
2636 2289 2922 2362 principio
2944 2292 3001 2348 et
3029 2289 3194 2344 sedes
3219 2289 3532 2360 apostolica
3563 2306 3668 2360 per

2037 2381 2308 2453 Vigilium
2329 2398 2566 2454 papam,
2587 2385 2643 2437 et
2659 2399 2861 2438 omnes
2883 2383 3214 2438 Latinarum
3239 2382 3668 2454 provinciarum

2037 2475 2327 2548 principes
2370 2475 2735 2530 damnationi
2783 2475 2960 2530 trium
3011 2476 3396 2549 capitulorum
3440 2475 3669 2531 fortiter

2037 2569 2390 2624 restiterunt.
2424 2571 2486 2624 In
2512 2569 2718 2641 quibus
2746 2569 2935 2624 verbis
2990 2569 3363 2637 attendimus,
3393 2569 3548 2640 quod
3575 2586 3667 2624 res

2038 2680 2166 2736 quae
2186 2679 2495 2734 provocare
2511 2681 2609 2719 vos
2629 2664 2703 2719 ad
2723 2680 3069 2719 consensum
3093 2663 3309 2731 debuit,
3334 2681 3367 2718 a
3387 2680 3668 2720 consensu

2036 2758 2270 2830 vosipsa
2302 2757 2538 2812 divellit.
2559 2757 2744 2812 Latini
2761 2757 2976 2828 quippe
2995 2758 3264 2812 homines
3282 2762 3337 2812 et
3353 2759 3668 2813 Graecitatis

2037 2851 2245 2923 ignari,
2267 2851 2405 2905 dum
2419 2850 2679 2921 linguam
2701 2850 2982 2917 nesciunt,
3000 2867 3259 2905 errorem
3273 2852 3435 2906 tarde
3456 2867 3667 2922 cogno-

2036 2947 2276 3010 verunt;
2309 2946 2368 2998 et
2404 2947 2562 2998 tanto
2604 2943 2686 2998 eis
2721 2943 2962 2998 celerius
3005 2943 3164 2998 credi
3203 2944 3420 3012 debuit,
3449 2948 3665 3016 quanto

2038 3054 2241 3094 eorum
2267 3037 2608 3105 constantia,
2633 3054 2930 3110 quousque
2955 3054 3154 3092 verum
3177 3043 3610 3123 cognoscerept,
3633 3057 3667 3094 a

2037 3131 2353 3189 certamine
2381 3147 2499 3186 non
2543 3130 2786 3202 quievit;
2837 3148 3086 3203 quorum
3121 3147 3465 3187 consensum
3510 3135 3665 3188 certe

2044 3225 2234 3299 [recte]
2269 3224 2617 3281 Fraternitas
2642 3229 2830 3280 vestra
2859 3225 3198 3297 despiceret,
3230 3226 3274 3279 si
3302 3243 3442 3280 ausu
3470 3226 3668 3298 praeci-

2037 3321 2160 3392 piti,
2176 3320 2514 3392 priusquam
2535 3334 2735 3373 verum
2748 3322 3184 3390 cognoscerent,
3207 3319 3660 3374 consensissent:

2038 3418 2098 3469 at
2121 3417 2423 3485 postquam
2443 3412 2542 3466 diu
2563 3412 2634 3466 ab
2661 3412 2743 3466 eis
2763 3413 3087 3467 laboratum
3113 3415 3218 3478 est,
3249 3415 3307 3466 et
3331 3413 3504 3482 longe
3527 3415 3668 3467 tem-

2037 3523 2176 3578 pore
2208 3506 2282 3560 ad
2309 3505 2548 3576 injurias
2579 3522 2758 3576 usque
2789 3508 3094 3572 certatum,
3128 3504 3261 3559 hinc
3297 3507 3486 3560 vestra
3531 3506 3660 3560 Fra-

2035 3599 2275 3655 ternitas
2301 3602 2504 3670 penset
2534 3599 2668 3670 quia
2699 3601 2785 3653 tot
2807 3599 3034 3653 labores
3080 3601 3319 3670 repente
3351 3616 3468 3654 non
3494 3599 3666 3654 relin-

2037 3695 2300 3765 querent,
2333 3691 2438 3746 nisi
2468 3708 2596 3764 qua:
2624 3709 2759 3746 vera
2785 3691 2898 3747 sint
2917 3693 3302 3764 agnovissent.
3327 3692 3474 3758 Quid
3507 3692 3664 3748 enim

2037 3786 2212 3842 divini
2243 3785 2462 3842 consilii
2510 3785 2683 3840 fuisse
2733 3786 3039 3855 credimus,
3088 3787 3328 3854 fratres,
3377 3787 3532 3858 quod
3566 3788 3664 3844 diu

2036 3881 2272 3936 Saulum
2303 3879 2676 3952 omnipotens
2707 3881 2857 3935 Deus
2896 3884 3349 3953 repugnatorem
3387 3887 3504 3937 sua:
3529 3882 3665 3938 ﬁdei

2037 3991 2158 4030 esse
2189 3973 2473 4047 permisit,
2505 3977 2564 4028 et
2604 3974 2682 4030 sic
2726 3990 2860 4029 eum
2899 3991 3016 4030 sum
3053 3975 3187 4030 fidei
3222 3976 3664 4047 praedicatorem

2035 4068 2190 4136 fecit,
2221 4067 2325 4122 nisi
2349 4070 2410 4122 ut
2428 4068 2664 4136 cunctis,
2696 4068 2904 4139 quibus
2928 4085 3033 4141 per
3057 4069 3220 4124 illum
3247 4071 3437 4124 fuerat
3463 4071 3665 4142 pradi-

2035 4166 2282 4230 caturus,
2306 4162 2656 4230 ostenderet,
2685 4161 2821 4234 quia
2840 4161 3005 4216 valde
3031 4179 3231 4217 verum
3252 4167 3337 4216 est
3363 4163 3466 4216 Dei
3487 4164 3664 4218 Evan-

2035 4256 2272 4327 gelium,
2305 4255 2460 4327 quod
2483 4261 2539 4310 et
2564 4257 2726 4310 tanta
2757 4255 2966 4310 duritia
2993 4255 3267 4310 inclinata
3299 4255 3660 4327 prazdicaret,

2035 4354 2098 4406 ut
2123 4350 2260 4404 dum
2287 4366 2357 4403 ea
2382 4348 2673 4404 auditores
2699 4348 2822 4417 ejus
2851 4364 2980 4418 qua:
3006 4348 3078 4403 ab
3110 4349 3207 4403 illo
3232 4351 3432 4402 contra
3467 4347 3664 4403 ﬁdeles

2035 4446 2197 4514 gesta
2215 4442 2556 4509 recolerent,
2579 4444 2818 4512 repente
2839 4457 2973 4494 eum
2993 4440 3066 4495 ad
3085 4441 3263 4496 ﬁdem
3288 4457 3515 4496 versum
3544 4458 3660 4497 non

305 4536 514 4592 certior
539 4536 690 4590 facta
717 4538 905 4590 vestra
931 4535 1278 4589 Fraternitas
1298 4533 1531 4605 colligat
1549 4550 1724 4604 quam
1753 4536 1935 4589 multa
1953 4529 2012 4602 D
2037 4535 2158 4590 sine
2184 4533 2435 4590 evidenti
2463 4533 2687 4588 ratione
2711 4533 3036 4588 sentirent?
3080 4535 3242 4589 Unde
3284 4534 3404 4606 ipse
3429 4551 3660 4606 quoque

307 4631 620 4685 taceamus.
637 4629 778 4684 Hinc
790 4632 877 4683 est
898 4628 1056 4683 enim
1078 4628 1232 4699 quod
1248 4627 1596 4682 Marcianum
1611 4629 1932 4699 Augustum

305 4724 513 4795 scripto
571 4739 672 4778 suo
726 4721 1064 4793 alloquitur,
1115 4721 1312 4775 dicens
1346 4721 1537 4790 (Epist.
1569 4721 1692 4791 59):
1752 4721 1936 4776 Fratri

309 4820 500 4872 autem
551 4833 683 4871 meo
732 4815 958 4872 Iuliano
1010 4815 1277 4887 episcopo
1319 4813 1543 4869 noverit
1578 4818 1762 4870 vestra
1806 4814 1944 4870 Ole--

306 4910 522 4966 mentia
565 4911 674 4965 hoc
704 4926 798 4964 me
828 4909 1059 4982 proprie
1101 4909 1392 4979 delegasse
1419 4912 1482 4963 ut
1511 4908 1793 4980 quidquid
1819 4907 1933 4963 illic

306 5003 377 5058 ad
391 5003 713 5060 custodiam
734 5003 871 5058 ﬁdei
888 5003 1177 5075 pertinere
1192 5002 1538 5074 probaverit,
1552 5019 1682 5058 meo
1695 5002 1933 5058 nomine

304 5100 502 5153 vestra:
523 5097 866 5153 ﬁducialiter
885 5099 1158 5168 suggerat
1179 5096 1636 5168 potestati.(Hinc
1667 5101 1754 5150 est
1777 5095 1933 5167 quod

304 5191 614 5246 Pulcheria:
657 5193 929 5263 Augustae
969 5190 1242 5258 scribens,
1277 5189 1358 5244 ait
1383 5190 1575 5262 (Epist.
1606 5189 1732 5261 60):
1767 5189 1933 5254 Quod

305 5301 434 5340 vero
479 5285 768 5356 piissimus
815 5285 1134 5357 imperator
1164 5285 1238 5340 ad
1275 5301 1480 5340 omnes
1510 5283 1809 5355 episcopos
1836 5283 1933 5355 qui

305 5378 756 5434 Cbalcedonensi
781 5379 1002 5451 synodo
1029 5378 1436 5446 interfuerunt,
1468 5377 1648 5433 voluit
1670 5393 1765 5432 me
1795 5377 1930 5432 scri-

306 5473 402 5542 pta
422 5472 689 5544 dirigere,
705 5473 910 5544 quibus
931 5489 1001 5528 ea
1022 5489 1150 5545 quas
1177 5472 1288 5528 illic
1315 5472 1386 5527 de
1414 5471 1549 5527 ﬁdei
1575 5471 1776 5544 regula
1801 5474 1935 5526 sunt

307 5563 544 5621 deﬁnita
571 5567 890 5636 ﬁrmarem,
921 5567 1170 5622 libenter
1199 5565 1472 5639 implevi).
1495 5565 1636 5622 llinc
1662 5567 1749 5620 est
1777 5565 1934 5638 quod

308 5657 532 5714 Iuliano
564 5661 830 5732 episcopo
858 5660 1133 5729 scribens,
1158 5660 1298 5716 dicit
1319 5677 1332 5716 :
1357 5660 1522 5726 Quod
1546 5659 1935 5715 necessarium

308 5751 549 5808 credidit
567 5755 1044 5811 clementissimus
1061 5755 1395 5828 imperator,
1418 5754 1666 5812 libenter
1677 5753 1930 5828 implevi,

379 5876 398 5896 '
430 5874 552 5934 Non
577 5878 760 5934 exstat
778 5876 902 5936 haec
933 5876 1194 5952 epistola.

2034 4629 2171 4684 dum
2185 4626 2656 4700 praedicationem
2670 4643 2832 4682 suam
2845 4626 3055 4682 debere
3075 4627 3238 4683 facile
3251 4628 3322 4683 ab
3333 4628 3660 4684 inﬁdelibus

2033 4721 2210 4794 recipi
2240 4720 2487 4776 Domino
2518 4719 2756 4790 diceret,
2786 4721 2901 4776 ait:
2932 4725 3170 4786 Domine,
3199 4725 3308 4792 ipsi
3330 4726 3505 4778 sciunt
3529 4726 3662 4794 quia

2033 4832 2126 4886 ego
2180 4831 2328 4871 eram
2367 4814 2687 4870 concludens
2715 4817 2773 4870 in
2809 4832 3038 4880 carcere,
3068 4820 3118 4872 et
3148 4817 3352 4872 cadens
3373 4833 3474 4888 per
3493 4832 3657 4886 syna-

2033 4924 2198 4986 gogas
2245 4923 2328 4964 eos
2377 4909 2476 4978 qui
2524 4908 2813 4964 credebant
2848 4911 2906 4964 in
2936 4913 2984 4964 te
3035 4907 3172 4979 (Act.
3218 4908 3374 4978 xxu).
3427 4909 3653 4965 Etcum

2032 5003 2273 5071 Galatas,
2310 5001 2507 5056 relicta
2545 5001 2836 5074 Evangelii
2866 5003 3083 5074 regula,
3131 5001 3190 5056 in
3213 5001 3490 5058 Judaismi
3523 5020 3658 5059 con-

2034 5095 2546 5168 spicereterrorem
2561 5096 2896 5162 declinasse,
2917 5112 3079 5150 suam
3095 5095 3176 5150 eis
3192 5095 3444 5167 priorem
3462 5100 3662 5154 contra

2033 5190 2410 5262 Evangelium
2434 5190 2710 5246 duritiam
2752 5190 2967 5257 retulit,
3001 5193 3059 5243 et
3085 5189 3156 5244 ab
3175 5189 3502 5247 intentione
3531 5209 3659 5264 per-

1995 5283 2002 5290 ”
2033 5285 2186 5340 ﬁdise
2217 5301 2419 5340 eorum
2446 5287 2673 5339 mentes
2698 5283 3175 5354 retorsit,_dicens
3203 5301 3217 5340 :
3255 5287 3506 5342 Audistis
3534 5303 3658 5342 con-

2032 5381 2386 5435 uersationem
2426 5393 2598 5433 meam
2638 5378 2940 5447 aliquando
2965 5379 3024 5433 in
3065 5379 3367 5444 Judaismo,
3407 5381 3660 5450 quoniam

2031 5487 2202 5544 supra
2246 5471 2464 5530 modum
2503 5471 2861 5542 persequebar
2902 5472 3197 5528 Ecclesiam
3251 5476 3367 5535 Dei,
3407 5476 3459 5527 et
3485 5485 3655 5542 expu-

2033 5566 2268 5636 gnabam
2316 5565 2517 5634 illam;
2573 5569 2624 5620 et
2673 5566 3015 5636 proﬁciebam
3059 5568 3118 5621 in
3163 5565 3440 5622 Judaismo
3489 5577 3657 5632 supra

2029 5659 2227 5714 multos
2279 5661 2566 5714 cocctaneos
2618 5674 2756 5714 meos
2784 5661 2841 5713 in
2881 5675 3068 5729 genere
3114 5673 3245 5723 meo,
3291 5655 3658 5710 abundantius

2033 5753 2313 5809 cernulator
2341 5754 2572 5809 existens
2596 5759 2953 5826 paternarum
2990 5765 3230 5807 mearum
3273 5748 3654 5808 traditionum.

2106 5875 2154 5898 "
2175 5874 2516 5951 Neque_htec
2543 5874 2729 5934 adhuc
2755 5873 2955 5930 exstat.
