4058 6190
353 317 454 370 723

1747 303 2009 360 PELAGII
2046 303 2238 359 ΡΑΡίΕ
2275 302 2322 358 II

3619 304 3723 360 72-1:

353 425 484 481 Cum
499 425 680 476 autem
699 421 909 491 placuit
931 419 980 472 ei
997 415 1092 486 qui
1114 429 1196 470 me
1213 413 1516 483 segregavit
1539 411 1605 467 de
1615 414 1766 467 utero
1786 414 1982 467 matris
2003 422 2062 497 Α
2084 411 2371 466 dicentes:
2414 409 2688 466 Doctrina
2710 412 2916 470 vostra
2941 413 3280 470 reverendae
3320 411 3468 468 sedis
3509 415 3598 467 est
3621 427 3730 485 per

351 533 501 580 meae,
529 521 580 571 et
602 516 809 570 vocavit
825 528 927 582 per
952 511 1188 578 gratiam
1213 523 1389 569 suam,
1411 511 1472 561 ut
1496 507 1760 562 reuelaret
1784 507 1983 562 Filium

353 627 513 666 suum
543 611 602 663 in
625 623 725 674 me,
753 612 813 660 ut
845 605 1267 672 euangelizarem
1291 602 1450 656 illum
1476 602 1536 655 in
1564 601 1831 668 gentibus,
1864 617 1984 656 con-

353 708 506 760 tinuo
533 719 641 758 non
677 701 924 769 acquievi
967 699 1121 752 carni
1161 699 1212 751 et
1241 697 1519 764 sanguini.
1574 695 1736 764 Ecce,
1777 695 1984 749 fratres

355 795 694 860 charissimi,
714 794 920 849 Paulus
933 789 1202 861 egregius
1223 790 1442 856 doctor,
1467 788 1605 862 quia
1632 788 1730 842 diu
1755 788 1986 843 veritati

354 889 582 956 restitit,
610 887 745 941 inde
777 886 850 940 ad
881 884 1282 940 conﬁrmanda
1322 883 1499 938 corda
1535 882 1892 938 audientium
1925 882 1986 938 in

356 983 614 1054 ejusdem
639 979 1047 1052 praedicatione
1069 977 1324 1033 veritatis
1341 976 1691 1048 adjutorium
1711 977 1982 1048 sumpsit:

353 1075 662 1132 ostendens
677 1071 1097 1144 profecto,quia
1111 1071 1308 1139 fidem,
1324 1070 1414 1125 cui
1425 1073 1586 1125 tanto
1605 1068 1764 1140 prius
1789 1070 1986 1124 labore

349 1169 658 1236 restiterat,
686 1164 1061 1239 postmodum
1088 1165 1212 1220 sine
1239 1181 1471 1236 magna:
1493 1163 1729 1219 rationis
1757 1163 1984 1220 certitu-

353 1263 488 1320 dine
517 1279 634 1318 non
661 1261 911 1316 tenebat.

421 1359 556 1412 VIII.
579 1356 758 1412 Debet
787 1371 926 1426 ergo
957 1353 1318 1425 perpendere
1347 1356 1536 1408 vestra
1565 1352 1827 1420 Dilectio,
1853 1352 1990 1424 quia

352 1451 841 1524 praedecessorum
878 1451 1211 1502 nostrorum
1239 1447 1299 1501 in
1341 1448 1447 1501 hac
1477 1461 1648 1502 causa
1677 1463 1988 1501 consensus

352 1548 515 1601 tanto
538 1549 667 1616 post
686 1541 873 1598 inanis
893 1558 1012 1596 non
1029 1541 1156 1607 fuit,
1181 1543 1398 1612 quanto
1415 1541 1570 1612 prius
1594 1539 1749 1595 duris
1765 1544 1990 1595 contra-

353 1639 670 1695 dictionum
703 1635 996 1691 laboribus
1029 1634 1339 1688 insudavit.
1372 1634 1486 1690 Sed
1520 1635 1607 1689 his
1637 1635 1873 1706 insuper
1901 1636 1984 1690 fa-

351 1736 507 1788 ctum
532 1731 705 1796 Petri,
724 1728 821 1800 qui
855 1732 913 1783 et
954 1729 1198 1782 Paulum
1226 1731 1474 1799 superat,
1499 1732 1688 1782 vestra
1708 1728 1990 1783 Fraterni~

349 1831 440 1882 tas
467 1826 540 1880 ad
563 1823 910 1880 memoriam
927 1822 1184 1876 reducat.
1205 1821 1312 1876 Diu
1341 1821 1553 1893 quippe
1568 1822 1796 1890 restitit,
1820 1839 1894 1876 ne
1915 1821 1990 1876 ad
2007 1802 2066 1873 Β

353 1921 528 1975 ﬁdem
554 1921 756 1989 gentes
772 1918 969 1970 sancta
984 1915 1233 1969 Ecclesia
1251 1915 1374 1970 sine
1395 1915 1826 1970 circumcisione
1850 1915 1988 1970 reci-

349 2016 531 2085 peret,
565 2011 664 2066 diu
694 2028 753 2064 se
789 2027 822 2064 a
848 2025 1252 2064 conversarum
1289 2009 1550 2080 gentium
1577 2009 1987 2065 communione

349 2105 644 2171 subtraxit,
677 2104 858 2158 Paulo
908 2105 1238 2168 attestante,
1272 2103 1370 2172 qui
1407 2103 1522 2157 ait:
1581 2106 1711 2162 Cum
1758 2106 1990 2160 uenisset

349 2201 720 2261 Antiochiam,
747 2199 808 2252 in
838 2199 1036 2265 faciem
1063 2198 1112 2250 ei
1152 2198 1349 2258 restiti,
1382 2199 1514 2266 quia
1553 2197 1988 2266 reprehensibilis

346 2299 484 2350 erat.
512 2295 672 2348 Prius
713 2294 856 2346 enim
895 2307 1062 2360 quam
1113 2293 1360 2345 venirent
1395 2291 1621 2360 quidam
1651 2291 1719 2344 ab
1768 2292 1984 2354 Iacobo,

347 2404 470 2442 cum
493 2387 748 2454 gentibus
777 2385 966 2439 edebat
987 2403 1004 2450 ;
1036 2399 1157 2438 cum
1187 2389 1368 2439 autem
1396 2387 1686 2448 venissent,
1711 2385 1990 2441 subtrahe-

350 2483 442 2536 bat
469 2496 544 2543 se,
574 2481 766 2533 timens
795 2494 880 2533 eos
901 2480 998 2548 qui
1011 2493 1078 2532 ea:
1103 2479 1506 2532 circumcisione
1524 2483 1680 2533 erant
1705 2479 1907 2550 (Galat.
1926 2483 1984 2550 ι).

348 2575 417 2629 Et
447 2574 621 2629 Paulo
657 2575 820 2644 post:
875 2575 946 2627 Et
997 2587 1116 2624 cum
1175 2571 1430 2627 vidissem
1495 2573 1639 2642 quod
1689 2588 1798 2627 non
1853 2577 1990 2628 recte

345 2669 648 2724 ambularet
690 2667 766 2720 ad
791 2667 1080 2720 veritatem
1139 2667 1426 2735 evangelii,
1458 2667 1583 2720 disci
1626 2669 1784 2721 Petro
1809 2682 1991 2722 coram

343 2762 630 2817 omnibus:
685 2762 746 2817 Si
795 2765 856 2814 tu
882 2775 1004 2814 cum
1048 2760 1268 2814 Iudaeus
1305 2761 1404 2822 sis,
1465 2761 1740 2830 gentiliter
1786 2765 1836 2815 et
1879 2777 1990 2816 non

333 2857 562 2926 judaice
596 2855 754 2916 vivis,
787 2853 1048 2924 quomodo
1090 2858 1269 2920 gentes
1305 2855 1448 2922 cogis
1480 2854 1775 2922 judaizare
1799 2856 1827 2908 ?
1879 2853 1989 2918 Qui

275 2971 280 2988 ι
344 2953 544 3004 tamen
561 2947 632 3002 ab
651 2947 1051 3001 eodemPaulo
1071 2947 1446 3018 postmodum
1459 2946 1682 3002 ratione
1700 2952 1984 3018 suscepta,

350 3043 488 3097 dum
510 3041 793 3112 quosdam
816 3040 1176 3110 conspiceret
1197 3039 1293 3110 qui
1323 3041 1568 3111 gentiles
1591 3041 1663 3095 ad
1680 3041 1987 3096 Ecclesiam

342 3134 640 3189 venientes
666 3132 925 3204 pondere
959 3133 1256 3186 servandae
1293 3133 1745 3205 circumcisionis
1775 3151 1980 3189 onera-

347 3231 496 3295 rent,
545 3225 708 3281 dicit:
764 3228 873 3283 Cur
920 3227 1138 3311 tentqtis
1174 3229 1364 3290 Deum,
1413 3229 1740 3296 imponentes
1785 3229 1986 3298 jugum

347 3321 635 3378 cervicibus
682 3320 1101 3390 discipulorum,
1161 3321 1307 3389 quod
1355 3336 1522 3390 neque
1563 3325 1752 3391 patres
1791 3325 1983 3387 nostri,

345 3431 516 3486 neque
539 3429 633 3469 nos
653 3418 876 3484 portare
897 3415 1176 3483 potuimus
1197 3414 1336 3485 (Act.
1370 3413 1460 3484 xv)
1486 3415 1514 3469 ‘t
1550 3415 1839 3486 Nunquid,
1868 3416 1982 3471 fra-

345 3513 462 3564 tres
514 3507 847 3574 lectissimi,
897 3509 1067 3562 Petro
1123 3508 1517 3578 apostolorum
1584 3507 1830 3579 principi
1878 3509 1984 3564 sibi

347 3602 648 3658 dissimilia
679 3601 910 3656 docenti
929 3601 1126 3655 debuit
1150 3601 1224 3655 ad
1252 3602 1375 3656 haec
1403 3601 1576 3657 verba
1595 3603 1984 3674 responderi?

346 3697 476 3750 Haec
493 3713 621 3766 quae
643 3695 804 3762 dicis,
825 3695 1026 3749 audire
1047 3711 1161 3750 non
1177 3711 1502 3766 possumus,
1517 3696 1655 3768 quia
1670 3697 1825 3752 aliud
1847 3701 1982 3753 ante

347 3788 673 3860 praedicasti
691 3788 719 3842 ‘?
750 3789 810 3842 Si
835 3787 1012 3858 igitur
1037 3788 1095 3842 in
1115 3788 1290 3842 trium
1313 3789 1696 3860 capitulorum
1723 3792 1980 3862 negotio,

346 3881 502 3936 aliud
533 3897 663 3934 cum
686 3881 896 3934 veritas
924 3884 1300 3951 quaereretur,
1333 3883 1489 3937 aliud
1525 3887 1720 3939 autem
1747 3885 1982 3941 inventa

345 3973 605 4040 veritate,
630 3973 848 4028 dictum
877 3977 982 4040 est,
1007 3991 1109 4028 cur
1123 3975 1366 4030 mutatio
1392 3977 1694 4032 sententiae
1709 3979 1838 4033 huic
1860 3979 1981 4034 sedi

344 4067 406 4122 in
427 4066 666 4122 crimine
701 4066 986 4137 objicitur,
1019 4083 1146 4138 quae
1175 4085 1208 4122 a
1240 4071 1444 4123 cuncta
1464 4071 1715 4126 Ecclesia
1741 4073 1976 4127 humili-

345 4163 434 4216 ter
444 4161 504 4216 in
527 4161 649 4232 ejus
661 4163 896 4215 auctore
913 4161 1261 4216 veneratur?
1280 4163 1405 4217 Non
1423 4163 1579 4218 enim
1595 4165 1840 4220 mutatio
1857 4184 1982 4220 sen-

345 4255 562 4322 tentiae,
578 4255 680 4310 sed
709 4255 1098 4311 inconstantia
1119 4272 1317 4310 sensus
1340 4255 1396 4310 in
1416 4259 1584 4328 culpa
1605 4262 1708 4312 est.
1734 4259 1978 4322 Quando

344 4365 483 4420 ergo
512 4349 584 4403 ad
607 4349 1002 4421 cognitionem
1033 4349 1193 4418 recti,
1224 4349 1470 4405 intentio
1493 4351 1978 4408 incommutabilis

340 4445 704 4514 permaneat,
738 4443 878 4514 quid
900 4443 1108 4512 obstat,
1139 4443 1182 4498 si
1208 4443 1602 4516 ignorantiam
1628 4463 1792 4501 suam
1812 4447 1974 4503 dese-

2005 3176 2060 3252 C

2082 505 2318 560 beatum
2346 505 2632 574 Leonem,
2661 521 3131 580 successoresque
3157 508 3301 578 ejus,
3350 506 3502 562 unde
3538 519 3728 578 pauca

2085 616 2546 658 commemorare
2561 603 3054 675 praesumpsimus,
3071 606 3368 658 mortuum
3390 601 3462 656 ab
3475 599 3729 656 homini-

2081 694 2190 749 bus
2239 694 2509 751 damnari
2539 699 2868 752 nullatenus
2895 701 3200 769 Oportere;
3231 696 3308 766 (et
3333 698 3534 749 tamen
3567 695 3728 750 nulla.

2086 787 2210 858 ejus
2235 789 2571 846 testimonia
2597 791 2946 858 subdidistis,
2971 789 3178 862 quibus
3201 790 3350 844 hanc
3370 787 3726 844 sententiam

2084 881 2415 940 ﬁrmaretis.
2439 884 2668 939 Etenim
2687 902 2814 957 qum
2834 884 3038 940 avobis
3054 884 3354 956 subjuncta
3374 885 3526 950 sunt,
3549 885 3732 937 retra-

2089 979 2402 1034 ctationem
2431 977 2568 1033 ﬁdei
2588 979 2715 1034 ﬁeri
2741 979 3072 1050 prohibent,
3097 993 3215 1034 non
3231 981 3430 1032 autem
3457 975 3730 1031 damnari

2087 1071 2351 1128 inﬁdeles
2378 1076 2639 1129 mortuos
2661 1072 3080 1128 contradicunt.
3102 1071 3215 1127 Sed
3247 1087 3436 1143 neque
3459 1071 3568 1124 hoc
3592 1070 3730 1125 bea-

2087 1168 2212 1220 tum
2241 1167 2492 1221 Leonem
2520 1167 3006 1238 praedecessorem
3029 1169 3292 1220 nostrum
3320 1163 3576 1236 quodam
3597 1163 3726 1218 loco

2091 1259 2296 1314 dixisse
2312 1260 2702 1315 meminimus.
2722 1260 2856 1325 Quis
2877 1264 3072 1315 autem
3094 1257 3330 1326 nesciat,
3351 1257 3506 1328 quod
3527 1256 3585 1310 in
3604 1257 3732 1310 nul-

2090 1355 2143 1408 lo
2165 1354 2270 1409 sibi
2294 1354 2553 1424 ejusdem
2575 1354 2782 1409 Leonis
2801 1357 2859 1408 et
2882 1354 3037 1408 beati
3059 1351 3363 1424 Augustini
3391 1350 3726 1423 praedicatio

2089 1448 2490 1503 contradicat?
2511 1450 2634 1520 Ipse
2667 1465 2923 1521 namque
2961 1448 3036 1502 ad
3061 1447 3419 1506 Bonifacium
3447 1445 3727 1499 comitem

2090 1541 2362 1609 scribens,
2385 1541 2469 1595 ait
2515 1544 2704 1613 (Epist.
2740 1545 2825 1608 50,
2851 1558 2970 1612 sup.
3001 1543 3120 1596 coll.
3149 1543 3198 1610 5)
3227 1557 3240 1595 :
3293 1539 3350 1595 Si
3378 1555 3514 1593 vera
3535 1539 3732 1592 essent

2091 1651 2220 1706 quae
2241 1635 2313 1689 ab
2337 1634 2419 1688 eis
2449 1635 2674 1705 objecta
2701 1639 2836 1689 sunt
2859 1635 3185 1703 Caeciliano,
3215 1636 3273 1688 et
3297 1628 3464 1687 nobis
3490 1634 3730 1703 possent

2091 1728 2406 1800 aliquando
2428 1729 2760 1796 monstrari,
2793 1729 2978 1800 ipsum
2992 1729 3118 1799 jam
3147 1729 3444 1782 mortuum
3479 1726 3724 1780 anathe-

2090 1823 2514 1878 matizaremus.
2538 1823 2653 1878 Sed
2682 1827 2882 1877 tamen
2895 1822 3205 1876 Ecclesiam
3219 1821 3446 1887 Christi,
3463 1836 3593 1890 quae
3608 1835 3726 1873 non

2088 1916 2354 1987 litigiosis
2379 1917 2748 1988 opinionibus
2773 1916 3030 1988 ﬁngitur,
3055 1915 3153 1970 sed
3174 1915 3380 1970 divinis
3402 1911 3724 1968 attestatio-

2090 2010 2256 2063 nibus
2307 2009 2738 2081 comprobatur,
2773 2011 3011 2080 propter
3059 2007 3380 2080 quemlibet
3416 2007 3726 2061 hominem

2087 2103 2415 2174 relinquere
2444 2119 2559 2158 non
2583 2101 2904 2174 debemus.)
2927 2104 3067 2157 Ecce
3083 2101 3360 2157 mirabilis
3377 2101 3728 2172 praedicator

2090 2200 2147 2250 et
2176 2197 2511 2252 scissionem
2530 2197 2795 2251 Ecclesia:
2823 2199 3064 2269 propter
3079 2195 3376 2250 hominem
3401 2197 3580 2260 vetat,
3603 2197 3667 2248 et
3682 2193 3730 2248 si

2089 2306 2204 2361 qua
2229 2307 2500 2362 perversa
2533 2289 2951 2361 deprehendat,
2983 2306 3116 2343 eum
3146 2305 3318 2358 quem
3362 2287 3590 2359 publice
3622 2286 3723 2340 de-

2089 2383 2367 2438 fendebat
2381 2383 2767 2451 Caecilianum,
2783 2400 2841 2437 se
2865 2383 3038 2437 etiam
3061 2384 3190 2454 post
3207 2385 3460 2436 mortem
3485 2379 3729 2434 anathe-

2091 2477 2366 2531 matizare
2398 2493 2516 2532 non
2535 2477 2804 2547 abnegat,
2825 2475 2960 2547 quia
2971 2476 3236 2531 videlicet
3253 2478 3386 2529 tunc
3400 2473 3728 2528 viventibus

2089 2587 2221 2625 vere
2247 2572 2599 2638 consulatur,
2633 2586 2764 2624 cum
2807 2571 2972 2640 culpa
3003 2569 3062 2623 in
3093 2568 3206 2622 fide
3250 2570 3585 2640 perpetrata
3616 2583 3728 2621 nec

2089 2667 2278 2718 morte
2305 2663 2724 2724 intervmiente
2744 2664 2982 2717 laxetur.
2999 2663 3058 2719 Si
3073 2678 3208 2718 vero
3230 2663 3338 2717 hoc
3365 2660 3724 2728 faciendum,

2089 2758 2280 2812 dicere
2309 2758 2551 2812 fortasse
2569 2757 2990 2828 praesumimus,
3025 2757 3134 2811 hoc
3155 2757 3354 2828 procul
3377 2755 3553 2812 dubio
3580 2754 3723 2809 faci-

2087 2868 2234 2918 mus,
2265 2851 2421 2922 quod
2451 2851 2575 2905 ﬁeri
2605 2854 2884 2906 vetamus.
2915 2851 3280 2906 Theodorum
3311 2849 3527 2922 quippe
3570 2865 3729 2904 mor-

2085 2948 2250 3000 tuum
2269 2948 2466 2999 sancta
2479 2944 2728 3016 synodus
2749 2944 2940 3016 prima
2956 2945 3244 3016 Ephesina
3264 2942 3723 3010 damnavit(Act.

2085 3038 2182 3108 v1).
2209 3040 2351 3094 Nam
2365 3055 2496 3092 cum
2520 3039 2590 3093 ab
2611 3039 2736 3109 ejus
2754 3039 3042 3109 discipulis
3062 3039 3340 3092 dictatum
3362 3038 3433 3092 ab
3455 3039 3552 3092 illo
3575 3053 3727 3109 sym-

2085 3132 2282 3187 bolum
2315 3132 2522 3186 eadem
2549 3131 2768 3204 synodo
2795 3132 2994 3186 fuisset
3019 3133 3332 3204 prolatum,
3365 3131 3516 3186 illico
3545 3132 3662 3186 illic
3691 3148 3727 3186 a

2086 3225 2294 3282 sanctis
2318 3226 2580 3281 Patribus
2603 3243 2734 3280 cum
2757 3230 2988 3280 auctore
3013 3226 3357 3280 damnatum
3381 3229 3486 3280 est.
3510 3227 3582 3280 Et
3601 3225 3724 3296 qui-

2087 3320 2222 3374 dem
2255 3319 2362 3390 ipsi
2395 3319 2576 3374 sancti
2603 3321 2802 3374 Patres
2827 3320 2885 3374 in
2919 3320 3124 3374 eadem
3151 3320 3371 3391 synodo
3397 3319 3722 3374 residentes

2086 3414 2159 3468 ad
2173 3413 2482 3467 Dominum
2489 3413 2612 3483 jam
2626 3414 2840 3485 recepti
2858 3417 3006 3480 sunt,
3021 3417 3331 3485 postquam
3347 3413 3720 3469 Theodorum

2086 3507 2465 3562 damnavere:
2501 3510 2557 3560 et
2584 3507 2628 3561 si
2671 3507 2938 3562 damnari
2979 3511 3278 3562 mortuum
3305 3524 3420 3562 non
3449 3507 3720 3562 debuisse

2085 3601 2346 3668 dicimus,
2374 3601 2572 3672 procul
2595 3600 2769 3656 dubio
2784 3605 3042 3656 mortuos
3061 3618 3411 3668 accusamus,
3436 3606 3495 3655 et
3523 3600 3723 3672 incipi-

2084 3711 2214 3747 mus
2240 3694 2623 3762 committere,
2653 3695 2810 3766 quod
2847 3695 3086 3749 nitimur
3115 3695 3444 3768 prohibere.
3473 3695 3590 3750 Sed
3619 3711 3724 3749 cur

2085 3787 2182 3841 diu
2213 3791 2270 3841 et
2308 3804 2438 3858 qua:
2463 3787 2643 3843 nostis
2668 3788 2963 3859 loquimur
2987 3789 3014 3844 ?
3033 3789 3306 3858 Ejusdem
3324 3789 3615 3844 Theodori
3651 3805 3721 3842 ex

2083 3881 2241 3935 libris
2269 3881 2419 3936 illius
2449 3881 2601 3935 dicta
2623 3879 2988 3953 repiicemus.
3021 3881 3092 3936 Et
3121 3883 3166 3936 si
3193 3883 3386 3938 Iesum
3413 3883 3488 3952 (a)
3529 3881 3724 3937 Domi-

2084 3991 2220 4028 num
2235 3992 2300 4030 ac
2322 3977 2502 4029 Deum
2523 3979 2808 4043 nostrum,
2825 3975 2924 4047 qui
2945 3980 3074 4048 post
3107 3979 3356 4032 mortem
3373 3975 3585 4042 vivere,
3599 3976 3720 4031 imo

2083 4068 2216 4138 quia
2241 4068 2429 4123 vivere
2459 4069 2732 4138 creditur,
2760 4074 2891 4140 post
2917 4074 3168 4125 mortem
3193 4070 3528 4125 Theodorus
3557 4073 3719 4141 post-

2081 4162 2266 4232 posita
2279 4163 2635 4218 dubitatione
2649 4163 2972 4231 damnavit;
2992 4180 3182 4234 neque
3197 4163 3353 4218 enim
3364 4167 3566 4218 nostra
3575 4163 3722 4219 ﬁdes

2080 4256 2294 4326 patitur
2316 4260 2378 4310 ut
2411 4257 2510 4328 qui
2561 4260 2646 4311 tot
2675 4257 3048 4328 blasphemiis
3091 4257 3468 4328 Redemptori
3513 4261 3718 4314 nostro

2079 4349 2259 4403 hostis
2308 4351 2538 4418 exstitit,
2589 4367 2622 4404 a
2673 4352 2834 4406 vobis
2879 4352 3115 4406 ulterius
3162 4351 3530 4406 defendatur.
3589 4353 3719 4423 Ipse

2079 4444 2292 4516 quippe
2323 4448 2522 4499 contra
2549 4446 2945 4516 Apollinarem
2974 4446 3034 4500 in
3081 4445 3228 4500 libro
3253 4445 3427 4500 tertio
3467 4447 3718 4518 loquens

341 4553 494 4603 rens,
527 4537 702 4591 verba
721 4537 1054 4608 permutet?
1075 4539 1155 4592 De
1187 4538 1310 4610 ipso
1343 4555 1574 4611 quoque
1603 4545 1834 4596 auctore
1857 4552 2052 4624 om-D
2075 4537 2155 4592 ait
2181 4538 2331 4609 (Sup.
2363 4540 2484 4593 coll.
2517 4539 2600 4609 4):

341 4630 502 4684 nium
538 4631 654 4684 Deo
685 4630 977 4702 Scriptura
1020 4635 1329 4688 attestante
1381 4634 1803 4705 cognoscimus,
1843 4636 1977 4707 quia

341 4722 480 4778 dum
529 4723 832 4778 consilium
885 4741 1002 4778 non
1055 4731 1258 4781 manet
1290 4729 1506 4790 (Forsan
1559 4730 1785 4801 mutat),
1823 4747 1975 4802 saepe

337 4817 688 4872 sententiam
720 4820 942 4886 mutat;
985 4835 1175 4890 neque
1215 4821 1370 4875 enim
1397 4821 1728 4894 inopinatus
1757 4823 1808 4878 ei
1839 4841 1971 4894 pro-

337 4916 539 4966 ventus
559 4916 898 4982 accesserat,
917 4929 1048 4968 cum
1073 4913 1142 4968 de
1167 4929 1234 4969 eo
1258 4931 1432 4986 quem
1455 4916 1576 4987 ipse
1599 4917 1739 4988 ungi
1763 4935 1974 4990 praece-

337 5008 520 5075 perat,
554 5007 814 5061 dicebat:
848 5009 1075 5062 Paenitet
1103 5023 1185 5062 me
1224 5009 1442 5064 Saulem
1469 5012 1688 5066 unmisse
1711 5027 1887 5082 regem
1914 5015 1972 5069 in

333 5099 504 5152 Israel
531 5098 581 5169 (Ι
625 5103 753 5170 Reg.
783 5100 894 5172 xv).
931 5101 1046 5156 Hoc
1097 5101 1310 5174 quippe
1349 5119 1407 5157 se
1455 5103 1741 5159 facturum
1795 5106 1970 5162 etiam

339 5193 472 5244 tunc
488 5192 786 5261 praescivit,
807 5210 936 5249 cum
957 5212 1092 5250 eum
1111 5197 1270 5268 quasi
1287 5196 1664 5268 approbando
1684 5201 1964 5270 praetulit;

337 5300 442 5338 nec
464 5285 536 5338 ad
562 5285 961 5355 pcenitentiam
995 5290 1158 5361 quasi
1174 5289 1507 5362 inopinatus
1529 5291 1694 5347 dolor
1711 5295 1964 5363 accessit,

333 5377 437 5433 sed
475 5381 671 5432 tamen
703 5379 980 5449 poenitere
1022 5400 1081 5437 se
1114 5383 1386 5454 insinuat,
1417 5386 1551 5458 quia
1593 5402 1709 5442 non
1741 5390 1964 5443 mutato

330 5472 590 5542 consilio,
618 5488 688 5528 ea
718 5489 846 5544 quae
891 5474 1109 5530 dudum
1154 5478 1374 5536 dixerat
1405 5481 1476 5536 de
1506 5480 1602 5537 illo
1633 5482 1810 5537 verba
1840 5499 1965 5554 per-

331 5569 536 5624 mutat.

405 5663 482 5718 IX.
511 5664 571 5717 In
632 5662 718 5718 his
773 5665 970 5720 autem
1020 5663 1370 5721 testimoniis
1415 5685 1542 5740 (IlliB
1593 5687 1663 5726 ex
1705 5670 1962 5743 epistolis

2147 4633 2205 4686 X.
2243 4654 2270 4681 ‹‹
2301 4632 2601 4696 Quomodo
2630 4633 2807 4704 igitur
2827 4638 2907 4702 tu,
2931 4633 3020 4689 cui
3038 4650 3208 4706 super
3223 4651 3430 4690 omnes
3456 4637 3717 4692 maxime

2077 4725 2242 4781 decet
2271 4727 2555 4781 mentium
2579 4728 2862 4798 regimen,
2893 4729 3052 4783 illum
3078 4729 3174 4800 qui
3201 4745 3268 4784 ex
3289 4730 3524 4800 Virgine
3544 4735 3720 4786 natus

2075 4828 2180 4895 est,
2211 4827 2393 4880 Deum
2423 4843 2567 4894 esse,
2602 4829 2660 4880 et
2685 4844 2750 4882 ex
2793 4828 2912 4882 Deo
2954 4829 3506 4884 consubstantialem
3556 4831 3717 4886 Patri

2074 4919 2388 4974 existimari
2410 4920 2569 4988 dicis,
2594 4920 2702 4974 nisi
2723 4921 2870 4976 forte
2892 4926 3088 4976 sancto
3117 4922 3349 4994 Spiritui
3377 4923 3528 4977 illius
3557 4941 3718 4979 crea-

2072 5013 2291 5069 tionem
2316 5013 2605 5086 imputare
2633 5031 2749 5070 non
2773 5015 2944 5086 jubes
2971 5016 2998 5070 ?
3025 5016 3138 5072 Sed
3171 5017 3299 5088 quis
3333 5020 3419 5070 est
3448 5019 3619 5086 Deus,
3653 5023 3718 5073 et

2072 5123 2139 5161 ex
2191 5108 2327 5176 Deo,
2351 5111 2406 5161 et
2449 5108 2950 5164 consubstantialis
2989 5109 3190 5164 Patri?
3237 5111 3284 5164 Is
3313 5109 3472 5165 idem
3509 5111 3612 5181 qui
3644 5128 3717 5166 ex

2067 5201 2301 5273 Virgine
2339 5205 2508 5256 natus
2538 5205 2680 5270 erat,
2709 5204 2758 5272 (o
2797 5203 3128 5259 mirandum
3153 5203 3190 5276 !)
3218 5206 3276 5260 et
3301 5204 3397 5276 qui
3442 5221 3550 5276 per
3581 5204 3712 5276 Spi-

2067 5295 2244 5350 ritum
2272 5300 2534 5351 sanctum
2580 5297 2902 5352 secundum
2942 5295 3163 5352 divinas
3202 5297 3526 5368 Scripturas
3552 5299 3711 5370 plas-

2064 5393 2256 5444 matus
2273 5392 2441 5459 est,et
2453 5389 2859 5445 conﬁctionem
2876 5391 2934 5444 in
2948 5389 3213 5446 muliebri
3227 5391 3448 5462 accepit
3461 5396 3666 5445 ventre
3681 5392 3712 5446 ?

2065 5485 2258 5539 Inerat
2276 5484 2538 5554 forsitan,
2563 5484 2698 5557 quia
2719 5502 2854 5542 mox
2881 5501 3055 5557 quam
3088 5486 3404 5556 plasmatus
3433 5488 3539 5552 est,
3565 5490 3622 5540 et
3641 5490 3713 5541 ut

2064 5579 2347 5649 templum
2361 5578 2464 5634 Dei
2485 5582 2774 5634 essetacce
2779 5580 2866 5652 pit
2879 5597 2890 5635 :
2913 5596 3029 5635 non
3043 5582 3240 5634 tamen
3256 5578 3711 5636 existimandum

2062 5672 2226 5726 nobis
2253 5676 2339 5726 est
2387 5675 2571 5728 Deum
2619 5674 2689 5728 de
2715 5675 2949 5745 Virgine
2977 5676 3178 5728 natum
3220 5689 3362 5728 esse.
3393 5695 3421 5723 »
3483 5675 3550 5727 Et
3572 5679 3710 5746 post

328 5757 533 5812 Leonis
556 5758 996 5830 prtedecessoris
1041 5760 1222 5816 nostri
1265 5761 1552 5832 posuistis,
1603 5765 1955 5834 praemisistis
2059 5782 2270 5836 pauca:
2301 5769 2454 5824 «Nec
2471 5768 2787 5824 secundum
2805 5771 2964 5824 tuam
2981 5783 3180 5824 vocem
3199 5768 3706 5842 pronuntiandum

398 5877 474 5949 (a)
501 5878 682 5938 Locus
705 5887 1026 5958 corruptus.
1061 5884 1251 5956 Forte,
1291 5884 1657 5954 inspiciamus,
1683 5887 1732 5940 si
1753 5887 1948 5942 losum.
2052 5888 2218 5944 Hann.
