2029 3095
117 120 164 146 725

747 120 915 148 EPISTOLAS
935 121 976 148 ET
995 121 1160 148 DECRETA.

1749 127 1799 152 726

112 175 163 204 est,
178 172 303 201 omnino
318 181 351 200 ex
374 173 490 209 Virgine
515 175 614 201 natum
637 174 727 201 Deum
752 182 824 208 esse,
849 176 878 202 et
897 183 933 202 ex
943 180 973 216 Α
983 174 1071 202 Deum
1082 175 1177 202 dicens
1188 175 1255 209 (non
1267 176 1344 203 enim
1355 177 1567 204 resurrectionis
1583 177 1699 205 scientia
1714 178 1795 206 doce-

115 221 170 248 Deo
187 220 464 248 consubstantialem
479 220 565 248 Patri.
582 232 596 246 ››
612 222 648 248 Et
661 223 726 257 post
741 230 832 257 pauca
848 230 854 249 :
875 233 888 247 «
904 222 933 250 Si

114 266 201 302 igitur
225 275 295 294 cum
316 275 402 294 carne
422 276 487 294 eum
509 270 610 295 natum
634 277 695 296 esse
722 268 830 303 dicunt,
855 269 933 304 quod

115 315 209 342 autem
227 316 331 341 natum
340 316 391 347 est,
403 314 478 342 Deus
491 317 519 342 et
534 324 568 342 ex
581 316 650 348 Deo,
665 317 694 343 et
708 316 934 343 consubstantia-

114 361 145 388 lis
153 361 232 388 Patri
247 363 301 394 est,
319 369 433 388 necesse
441 363 483 389 est
498 364 527 389 et
542 362 596 390 hoc
605 371 723 390 carnem
735 362 841 397 dicere,
853 363 932 399 quod

114 408 134 434 si
150 416 209 435 non
225 408 284 435 hoc
297 416 360 435 caro
377 410 428 442 est,
443 409 579 444 quoniam
594 417 647 436 nec
656 410 738 442 Deus,
751 417 804 437 nec
820 418 852 437 ex
863 411 931 444 Deo,

114 463 163 481 nec
178 455 434 483 consubstantialis
448 456 532 489 Patri,
548 456 598 483 sed
614 465 647 483 ex
664 457 773 484 semine
790 457 886 490 David,
904 459 933 484 et

113 501 366 529 consubstantialis
381 503 407 529 ei
425 503 504 538 cujus
525 511 623 530 semen
649 504 701 537 est,
724 512 782 530 non
802 504 831 531 id
854 504 932 539 quod

115 550 211 575 natum
227 550 274 575 est
289 557 323 576 ex
339 549 464 584 Virgine,
481 550 563 583 Deus,
577 552 610 577 et
624 558 657 577 ex
673 550 742 583 Deo,
764 551 793 577 et
813 551 932 578 consub-

114 595 256 622 stantialis
272 596 358 623 Patri.
375 607 389 620 »
718 595 721 597 ’

148 643 180 669 Et
195 644 264 677 post
275 651 386 678 pauca:
404 653 418 667 ‹‹
428 643 489 670 Non
506 644 581 670 Deus
592 644 716 671 Verbum
731 652 763 671 ex
778 644 863 671 Maria
880 653 929 672 na-

113 691 156 716 tus
171 690 224 722 est,
243 691 330 716 natus
345 691 443 716 autem
457 692 499 716 est
514 698 547 716 ex
557 690 652 723 Maria,
664 690 712 725 qui
724 698 758 717 ex
767 691 878 718 semine
890 693 933 718 est

115 736 217 769 David;
235 744 296 763 non
307 737 379 763 Deus
393 737 517 763 Verbum
530 745 562 764 ex
574 737 695 764 muliere
707 738 791 764 natus
805 739 856 764 est.
869 749 883 762 ››
896 739 931 765 Et

115 783 215 810 iterum
229 791 235 810 :
256 794 271 807 ‹‹
287 783 370 814 Quod
387 783 511 810 edictum
526 785 569 810 est
583 784 661 810 enim
675 784 829 811 Ducebatur
843 793 860 811 ιι
873 785 933 820 Spi-

983 221 1032 248 bat
1045 224 1071 249 et
1084 223 1174 249 Deum
1187 230 1246 250 esse
1257 230 1323 250 eum
1337 223 1384 258 qui
1406 224 1547 258 surrexit),
1571 224 1619 252 sed
1640 225 1721 260 quasi
1745 234 1797 261 pro

983 268 1121 296 miraculo
1133 269 1205 296 facto
1220 270 1309 296 Deum
1323 270 1471 298 collaudat.
1484 282 1497 295 ››
1515 271 1646 306 Ejusdem
1659 272 1798 300 Theodori

983 324 1018 343 ex
1032 319 1192 344 commento
1205 316 1281 352 quod
1292 319 1333 344 est
1354 317 1384 344 in
1403 318 1489 345 Actus
1512 319 1705 353 apostolorum
1726 319 1798 347 libro

982 363 1097 398 primo:
1121 373 1135 388 (ί
1160 363 1207 390 llle
1230 365 1328 391 autem
1350 364 1429 399 dixit,
1451 367 1581 400 oportere
1603 366 1799 401 paenitentiam

983 410 1097 443 agentes
1112 416 1158 435 eos
1171 416 1224 443 pro
1237 408 1326 435 crucis
1340 409 1370 435 in
1385 409 1542 445 iniquitate,
1566 412 1593 437 et
1615 413 1799 445 agnoscentes

983 454 1155 482 Salvatorem
1168 457 1196 482 et
1209 455 1370 491 Dominum,
1383 458 1411 483 et
1423 457 1551 484 omnium
1560 459 1704 484 auctorem
1712 457 1799 485 bono-

983 509 1048 528 rum
1060 502 1154 528 Jesum
1167 502 1321 536 Christum,
1337 503 1473 538 quoniam
1487 512 1539 538 per
1549 503 1601 530 ista
1622 504 1750 539 pervenit
1771 506 1799 531 et

982 550 1142 583 assumptus
1149 549 1291 576 estdivina
1297 549 1439 583 natura,in
1446 550 1560 585 [ipsum]
1568 550 1675 586 Spiritu
1682 551 1798 586 quidem
1810 568 1815 569 γ

983 595 1067 622 ﬁdem
1082 596 1232 631 suscipere,
1246 598 1274 623 et
1286 596 1347 631 ejus
1361 596 1511 631 discipulos
1531 597 1592 624 ﬁeri
1611 600 1676 624 ante
1703 598 1798 625 omnia

982 642 1017 669 ad
1031 642 1170 677 baptisma
1183 643 1355 676 accedentes,
1371 643 1447 678 quo'd
1461 645 1488 670 et
1502 644 1564 679 ipse
1576 644 1690 671 tradidit
1706 645 1795 679 nobis,

982 689 1211 716 reformationem
1225 689 1339 724 quidem
1352 690 1460 717 habens
1471 690 1663 726 inspirationis
1672 691 1798 726 [praefor-

981 735 1139 763 mationem
1151 744 1179 771 q.
1196 736 1225 763 h.
1241 736 1422 772 sperationis]
1436 737 1608 771 futurorum,
1632 738 1663 765 in
1683 738 1798 765 nomine

982 785 1079 809 autem
1088 783 1289 810 celebrandum
1303 784 1391 810 Patris
1407 786 1434 811 et
1449 784 1509 811 Filii
1524 787 1552 812 et
1565 785 1654 811 sancti
1667 784 1797 820 Spiritus.

116 832 167 857 ritu
182 831 294 865 (Matth.
318 830 354 865 iv)
376 832 474 865 aperte
490 830 544 857 hoc
565 830 716 866 signiﬁcat,
736 832 814 867 quod
837 831 872 858 ab
897 840 963 867 eo_
983 830 1038 856 lloc
1063 829 1139 856 enim
1161 829 1237 864 quod
1256 832 1318 857 est:
1339 832 1375 858 Et
1390 831 1540 865 baptizetur
1558 833 1744 866 unusquisque
1771 832 1800 859 in

117 877 278 912 regebatur,
294 878 331 904 ab
345 885 379 904 eo
396 877 433 904 ad
446 865 620 904 voluntatem
630 865 784 913 [virtutem]
800 879 931 914 proposi-
943 865 971 900 B
983 877 1088 903 nomine
1103 877 1165 903 Jesu
1180 877 1280 904 Christi
1296 877 1367 912 (Act.
1383 878 1422 911 u),
1437 886 1495 904 non
1510 878 1564 905 hoc
1579 865 1654 912 dicit,
1672 865 1707 905 ut
1717 887 1798 906 voca.-

117 926 208 951 torum
225 924 460 958 confortabatur;
478 924 513 950 ab
528 933 561 951 eo
572 924 608 950 ad
624 924 684 951 haec
704 933 768 959 qua:
784 925 935 960 Oportebat
984 922 1088 950 tionem
1103 931 1167 958 quae
1180 923 1210 949 in
1224 923 1340 950 nomine
1352 924 1440 950 Patris
1454 927 1480 951 et
1495 924 1555 951 Filii
1571 926 1599 951 ct
1612 925 1798 960 suuctiSpiri-

117 970 281 1004 ducebatur,
293 970 329 997 ab
339 979 372 997 eo
379 970 457 1005 quod
468 970 588 997 decebat
599 970 763 1004 docebatur,
773 971 809 998 ab
816 980 850 998 co
859 972 934 1007 cogi-

117 1017 267 1044 tationibus
283 1017 480 1051 roborabatur,
498 1019 528 1044 ut
543 1017 580 1044 ad
589 1019 702 1044 tantum
718 1020 864 1045 certamen
873 1019 933 1046 suf~

116 1063 218 1097 ticeret,
229 1064 305 1091 sicut
320 1066 348 1091 et
360 1065 460 1091 beatus
475 1064 577 1091 Paulus
592 1065 659 1091 dicit
672 1073 677 1092 :
693 1065 932 1100 Quicunque_enim

119 1111 218 1145 Spiritu
234 1112 284 1138 Dei
297 1113 426 1145 aguntur,
441 1112 470 1138 hi
479 1113 543 1138 sunt
553 1112 605 1145 ﬁlii
616 1113 663 1139 Dei
676 1111 761 1147 (Rom.
776 1112 846 1147 vui).
860 1124 873 1136 η

149 1157 225 1184 ldem
239 1158 322 1192 cujus
337 1166 441 1193 supra:
459 1169 473 1182 «
489 1158 590 1184 Dicant
604 1158 690 1192 igitur
702 1159 784 1185 nobis
800 1159 932 1186 omnium

119 1204 326 1239 sapientissimi,
343 1205 366 1231 si
381 1213 434 1240 pro
446 1213 531 1231 sensu
547 1204 667 1231 Domino
680 1206 746 1232 Jesu
762 1205 872 1233 Christo
884 1205 931 1240 qui

119 1252 157 1278 est
171 1251 330 1278 secundum
340 1259 466 1284 carnem,
481 1251 612 1278 divinitas
628 1252 702 1278 facta
711 1253 793 1285 esset,
809 1251 880 1280 sicut
889 1252 931 1278 di-

120 1299 190 1331 cunt,
206 1298 278 1333 quid
290 1298 380 1326 sancti
391 1299 511 1333 Spiritus
521 1298 725 1333 cooperatioue
740 1298 776 1325 ad
787 1298 932 1325 hzecChri-

119 1345 415 1380 stusindigebat?Nec
430 1345 506 1371 enim
520 1345 660 1380 unigeniti
675 1345 808 1372 divinitas
822 1345 931 1380 Spiritu

119 1391 259 1427 indigebat
272 1392 310 1419 ad
326 1391 571 1426 justiﬁcationcm,
595 1391 702 1427 Spiritu
719 1391 869 1426 indigebat
894 1393 931 1419 ad

120 1438 263 1465 viceudum
281 1438 437 1471 diabolum,
454 1438 561 1473 Spiritu
574 1438 721 1473 indigebat
730 1438 764 1465 ad
783 1439 930 1474 operanda

120 1485 261 1519 miracula;
278 1485 385 1520 Spiritu
401 1484 551 1520 indigebat
559 1486 590 1511 ut
603 1485 755 1512 doceretur
763 1493 797 1512 ea
806 1494 869 1520 quae
884 1486 931 1513 de-

120 1531 195 1558 cebat
213 1540 374 1567 peragere;
392 1531 501 1567 Spiritu
514 1531 664 1567 indigebat
678 1533 709 1558 ut
731 1531 930 1559 immaculatus

120 1580 274 1613 appareret.
290 1590 303 1603 n
834 1577 837 1580 ’

152 1624 183 1650 Et
194 1627 259 1660 post
274 1633 385 1660 pauca:
405 1635 419 1649 «
432 1625 471 1652 Ac
486 1625 509 1651 si
524 1625 601 1652 dicat
612 1625 691 1652 Jesus
704 1633 710 1652 :
725 1625 784 1660 Ego
801 1625 929 1660 quidem,

121 1679 199 1706 quem
207 1672 322 1705 videtis,
332 1672 403 1699 nihil
413 1671 529 1707 quidem
542 1672 636 1699 facere
648 1680 765 1708 possum
772 1672 930 1699 secundum

121 1725 209 1744 meam
222 1720 366 1751 naturam,
380 1727 445 1746 cum
456 1719 544 1746 homo
553 1719 617 1752 sim,
630 1727 734 1754 operor
744 1721 850 1752 autem,
863 1718 931 1754 quia

121 1765 145 1790 in
156 1773 194 1792 me
206 1773 319 1792 manens
332 1766 414 1792 Pater
425 1767 514 1792 omnia
527 1767 595 1799 facit
605 1766 692 1801 (Joan.
707 1766 771 1801 XIV).
788 1765 930 1797 Quoniam

121 1811 190 1838 enim
210 1814 239 1838 et
260 1820 308 1846 ego
328 1813 355 1839 in
371 1813 462 1843 Patre,
482 1815 507 1839 et
529 1813 610 1840 Pater
622 1814 652 1839 in
670 1821 711 1839 me
731 1812 834 1848 (Ibid.),
856 1813 930 1839 Deus

121 1860 208 1885 autem
223 1859 350 1886 Verbum
362 1859 526 1894 unigenitus
535 1859 583 1887 Dei
600 1859 629 1886 in
644 1868 691 1886 me
702 1861 753 1892 est,
766 1861 877 1886 certum
889 1861 932 1886 est

122 1904 191 1938 quod
201 1907 229 1932 et
242 1906 327 1932 Pater
337 1914 402 1932 cum
418 1906 480 1941 ipso
496 1906 524 1932 in
535 1914 580 1933 me
592 1908 699 1939 manet,
709 1907 737 1932 ct
747 1914 835 1941 opera
852 1906 929 1933 facit.

124 1950 263 1979 Etnonest
272 1952 439 1979 mirandum
451 1952 485 1979 de
492 1953 603 1979 Christo
615 1953 675 1979 haec
687 1952 854 1985 existimari,
866 1960 930 1979 cum

122 1997 329 2034 evidenteripse
342 1999 376 2025 de
388 1999 497 2026 czetcris
509 1999 673 2026 hominibus
690 1999 779 2026 dicat:
801 1999 852 2032 Qui
870 1999 931 2025 diii-

122 2046 156 2077 git
169 2053 217 2076 me,
230 2054 320 2073 meum
332 2046 442 2073 verbum
454 2046 587 2073 observet:
606 2049 632 2072 et
646 2047 726 2073 Pater
747 2046 841 2079 diliget
859 2054 929 2077 eum,

124 2092 187 2118 atad
199 2101 258 2120 eum
271 2095 416 2124 veniemus,
428 2095 452 2120 et
462 2094 626 2119 mansionem
641 2093 717 2127 apud
738 2093 827 2127 ipsum
846 2094 930 2126 facie-

124 2145 175 2165 mus
189 2140 290 2174 (Ibid.).
303 2150 317 2164 ››
334 2140 368 2166 Et
384 2139 489 2166 iterum
503 2148 508 2166 :
523 2150 535 2163 ‹‹
548 2139 662 2166 Sciebat
672 2139 823 2172 subtiliter,
839 2141 870 2165 ut
883 2147 932 2166 no-

125 2186 177 2211 tam
193 2187 310 2221 quidem
339 2187 446 2213 faceret
465 2186 599 2221 gentibus
619 2186 767 2222 pietatem,
785 2187 932 2221 pateretur

984 972 1029 997 tus
1043 971 1093 1003 est,
1109 970 1310 1005 relinquentes,
1326 971 1420 997 Jesum
1433 971 1574 998 Christum
1589 971 1619 998 iu
1632 972 1799 1006 baptismate

983 1018 1077 1050 vocet;
1095 1017 1143 1043 sed
1155 1017 1237 1051 quale
1251 1018 1294 1043 est
1316 1017 1378 1051 hoc,
1400 1018 1475 1053 quod
1499 1018 1527 1044 in
1553 1019 1642 1052 Moyse
1666 1019 1799 1054 baptizati

983 1063 1088 1090 suntin
1098 1063 1174 1090 nube
1192 1063 1259 1090 etin
1276 1064 1348 1091 mari
1363 1064 1386 1099 (Ι
1404 1064 1464 1092 Cor.
1482 1068 1519 1100 Χ),
1546 1068 1575 1092 ut
1599 1066 1705 1092 diceret
1728 1065 1796 1101 quia

983 1110 1035 1136 sub
1044 1109 1121 1136 nube
1135 1111 1164 1137 et
1175 1110 1207 1147 iu
1219 1110 1291 1137 mari
1312 1111 1509 1146 Egyptiarum
1527 1112 1649 1147 separati
1669 1114 1745 1145 sunt,
1767 1111 1799 1139 li-

982 1157 1073 1184 berati
1096 1165 1195 1194 eorum
1215 1157 1358 1191 servitute,
1382 1161 1415 1185 ut
1441 1159 1540 1193 Moysis
1562 1159 1641 1194 leges
1668 1158 1797 1186 attende-

982 1206 1065 1238 rent;
1087 1193 1216 1238 talelest,
1240 1206 1268 1231 et
1287 1204 1443 1239 baptizetur
1464 1193 1659 1241 unusquisque
1685 1206 1715 1232 in
1744 1213 1796 1232 no-

983 1250 1059 1277 mine
1074 1251 1138 1277 Jesu
1153 1250 1254 1278 Christi
1272 1259 1278 1278 :
1306 1253 1338 1278 ut
1360 1260 1424 1279 cum
1445 1252 1480 1279 ad
1504 1252 1599 1288 ipsum
1620 1252 1800 1279 accessissent

981 1299 1118 1332 tanquam
1132 1298 1316 1332 Salvatorem,
1341 1300 1369 1325 et
1390 1298 1520 1326 omnium
1541 1299 1681 1326 bonorum
1700 1301 1797 1326 aucto-

980 1352 1053 1377 rem,
1079 1346 1107 1371 et
1130 1344 1275 1383 doctorem
1289 1345 1424 1379 veritatis,
1441 1345 1476 1372 ab
1490 1346 1552 1380 ipso
1568 1348 1664 1381 utpote
1684 1347 1811 1381 auctore~

980 1390 1121 1417 bonorum
1137 1393 1165 1417 et
1180 1391 1291 1418 doctore
1307 1391 1430 1418 veritatis
1451 1395 1626 1426 vocarentur,
1643 1391 1714 1419 sicut
1734 1401 1796 1419 om—

981 1437 1063 1464 nibus
1077 1437 1240 1465 hominibus
1262 1446 1460 1473 quamcunque
1490 1440 1594 1465 sectam
1615 1439 1798 1474 sequentibus

981 1484 1153 1511 consuetudo
1169 1486 1211 1511 est
1225 1485 1260 1511 ab
1276 1484 1337 1520 ipso
1359 1485 1499 1520 dogmatis
1521 1485 1668 1513 inventore
1692 1485 1796 1518 vocari,

982 1534 1013 1558 ut
1027 1531 1174 1565 Platonici,
1192 1533 1220 1558 et
1235 1531 1380 1567 Epicurei,
1402 1534 1430 1559 et
1451 1532 1608 1567 Manichmi,
1630 1535 1658 1560 et
1678 1532 1794 1560 Marcio-

980 1578 1072 1613 nistaz,
1090 1581 1118 1605 et
1133 1578 1247 1613 quidem
1259 1578 1292 1614 [si
1308 1578 1433 1613 quidem]
1450 1579 1517 1606 tales
1532 1580 1675 1607 dicuntur.
1692 1579 1796 1606 Eodem

981 1625 1057 1652 enim
1072 1625 1157 1652 modo
1174 1627 1201 1652 et
1222 1633 1274 1652 nos
1295 1625 1437 1652 nominari
1458 1626 1630 1653 Christianos
1649 1626 1795 1661 judicave-

980 1674 1049 1699 runt
1063 1672 1193 1707 apostoli.
1209 1683 1223 1696 ››

1015 1719 1149 1754 Ejusdem
1159 1718 1300 1746 Theodori
1311 1718 1425 1745 inlibris
1441 1719 1474 1745 de
1486 1719 1679 1746 incarnatione
1689 1718 1722 1746 :'«
1731 1720 1796 1746 Plus

979 1766 1190 1801 inquietabatur
1204 1765 1349 1799 Dominus,
1366 1766 1395 1792 et
1409 1767 1552 1792 certamen
1569 1766 1659 1800 majus
1674 1765 1797 1793 habebat

979 1813 1015 1840 ad
1045 1812 1147 1839 anima:
1170 1811 1321 1847 passiones,
1346 1820 1432 1847 quam
1462 1812 1600 1847 corporis;
1632 1813 1661 1839 et
1684 1812 1795 1839 meliori

980 1859 1073 1886 animo
1088 1859 1219 1886 libidines
1234 1858 1372 1892 vincebat,
1388 1859 1530 1886 mediante
1545 1859 1647 1886 dcitate
1667 1859 1703 1885 ad
1728 1867 1793 1894 per—

980 1906 1139 1933 fectionem.
1155 1905 1234 1933 Unde
1250 1908 1277 1932 et
1292 1905 1428 1932 Dominus
1442 1905 1478 1932 ad
1494 1906 1553 1933 huic
1569 1905 1692 1932 maxime
1712 1905 1794 1933 insti-

980 1955 1060 1980 tuere
1075 1952 1186 1979 videtur
1201 1954 1355 1979 certamen.
1373 1962 1386 1978 »

1017 2000 1085 2026 Item
1109 1999 1236 2034 ejusdem
1259 1998 1288 2025 in
1312 1999 1384 2026 libro
1408 2001 1508 2026 contra
1535 2000 1721 2035 Synusiastas,
1753 2000 1797 2027 vel

980 2046 1206 2081 Apollinaristas:
1227 2057 1240 2070 μ
1256 2046 1310 2073 Sed
1326 2046 1350 2073 si
1365 2054 1428 2072 caro
1444 2048 1514 2079 erat,
1531 2046 1634 2082 inquit,
1650 2046 1793 2081 cruciﬁxa,

981 2093 1120 2128 quomodo
1135 2093 1174 2119 sol
1185 2092 1278 2119 radios
1286 2093 1396 2126 avertit,
1412 2095 1439 2120 et
1448 2093 1572 2119 tenebras
1588 2095 1797 2128 occupaverunt

980 2142 1084 2166 terram
1095 2147 1223 2173 omnem,
1235 2142 1263 2166 et
1273 2141 1355 2166 terrae
1371 2141 1474 2173 motus,
1487 2141 1610 2174 etpetras
1619 2140 1710 2166 scissae
1718 2142 1794 2172 sunt,

981 2188 1010 2212 et
1037 2186 1144 2213 mortui
1172 2188 1356 2212 surrexerunt
1377 2186 1464 2219 (Matt.
1488 2186 1588 2219 xxvii)?
1617 2185 1688 2217 Quid
1711 2186 1797 2221 igitur

126 2233 214 2260 autem
230 2233 423 2260 laborantium
435 2233 625 2266 infirmitates,
642 2234 671 2259 et
684 2232 722 2259 sic
742 2232 778 2259 ad
797 2232 929 2259 effectum
940 2235 969 2271 D
982 2232 1074 2259 dicant
1090 2234 1118 2259 et
1133 2232 1167 2259 de
1182 2232 1306 2259 tenebris
1331 2232 1360 2258 iu
1382 2233 1502 2267 [Egypto
1522 2231 1601 2258 factis
1624 2233 1797 2268 temporibus

127 2286 199 2306 suam
218 2280 396 2307 voluntatem
413 2280 565 2307 educeret:
583 2283 610 2307 et
622 2279 833 2315 justiﬁcabatur
851 2278 930 2312 inde,

128 2326 152 2351 et
180 2326 381 2354 immaculatus
410 2326 624 2359 ostendebatur,
661 2326 717 2352 sive
749 2325 931 2361 reparatione

128 2371 284 2408 lpejorum],
296 2374 353 2400 sive
367 2373 493 2401 custodia
509 2373 673 2406 meliorum,
691 2372 747 2399 sive
764 2372 852 2399 etiam
862 2380 932 2407 pau-

128 2417 200 2446 latim
213 2421 249 2447 ad
265 2421 387 2448 meliora
401 2420 585 2456 profectibus.
602 2431 615 2444 ››

158 2466 189 2493 Et
202 2469 266 2502 post
287 2476 379 2504 pauca
398 2467 527 2502 ejusdem
551 2465 693 2494 Theodori
716 2475 748 2493 ex
768 2467 932 2493 commento

129 2514 276 2541 secundum
289 2515 444 2542 Joannem:
456 2523 470 2539 «
482 2513 553 2541 Dicit
565 2514 601 2540 ad
614 2514 755 2541 Thomam
767 2522 773 2540 :
783 2513 935 2547 Infcrdigi-

131 2561 181 2586 tum
194 2563 268 2588 tuum
279 2562 339 2593 huc,
355 2564 381 2589 et
390 2562 451 2588 vide
464 2569 560 2588 manus
571 2569 653 2593 meas,
666 2563 691 2588 et
701 2561 810 2595 porrige
824 2567 935 2586 manum

132 2607 207 2638 tuam,
221 2611 244 2635 et
254 2610 328 2635 mitte
338 2610 367 2635 in
381 2609 453 2635 latus
465 2616 563 2639 meum,
578 2610 602 2635 et
617 2608 673 2635 noli
694 2615 749 2634 esse
769 2606 934 2637 incredulus,

134 2653 175 2678 sed
187 2655 271 2687 ﬁdelis
286 2654 372 2689 (Joun.
386 2656 441 2691 xx).
459 2655 610 2688 Quoniam,
625 2654 702 2688 dicit,
717 2662 774 2680 non
792 2652 894 2686 credis,
909 2656 938 2679 et

135 2699 231 2728 tactum
251 2702 342 2729 solum
363 2703 494 2729 sufﬁcere
514 2701 566 2728 tibi
588 2701 625 2728 ad
645 2700 821 2728 credendum
842 2701 936 2735 putas,

139 2744 199 2778 (huic
211 2749 285 2776 enim
300 2749 397 2776 dicens
411 2757 469 2776 non
483 2757 530 2775 me
546 2748 661 2782 latuisti)
684 2750 769 2782 tange
793 2754 890 2779 manu,
910 2748 939 2772 et

138 2798 200 2828 cape
213 2795 451 2831 experimentum,
469 2797 497 2822 et
511 2795 587 2822 disce
601 2794 727 2827 credere,
745 2795 773 2821 et
789 2801 848 2820 non
868 2792 939 2819 difﬁ-

141 2837 208 2867 dere.
220 2832 340 2869 Thomas
356 2842 473 2878 quidem
485 2850 550 2869 cum
565 2841 605 2868 sic
618 2840 795 2875 credidisset,
810 2841 938 2868 Dominus

142 2892 203 2914 meus
216 2891 239 2916 et
258 2891 324 2917 Deus
336 2897 419 2922 meus,
437 2889 514 2924 dicit,
535 2896 593 2917 non
618 2888 711 2925 ipsum
736 2887 891 2915 Dominum
912 2888 941 2915 ct

981 2278 1081 2313 Moysis
1095 2286 1154 2305 non
1170 2286 1221 2313 per
1234 2281 1290 2305 tres
1305 2278 1398 2313 horas,
1416 2278 1466 2305 scd
1481 2287 1532 2314 per
1547 2281 1602 2305 tres
1618 2278 1678 2305 dies
1693 2279 1795 2314 :(Ezod.

982 2324 1007 2361 Χ)
1018 2325 1031 2352 ?
1046 2325 1118 2357 Quid
1132 2327 1228 2352 autem
1244 2326 1360 2360 propter
1374 2325 1428 2351 alia
1443 2333 1494 2360 per
1508 2326 1629 2360 Moysem
1648 2326 1721 2353 facta
1743 2326 1796 2353 mi-

983 2372 1087 2406 racula,
1096 2374 1123 2399 et
1132 2379 1196 2407 qua:
1207 2380 1258 2407 per
1274 2372 1368 2399 Jesum
1380 2372 1462 2405 Nave,
1479 2372 1529 2407 qui
1544 2372 1636 2399 solcm'
1647 2375 1719 2400 stare
1732 2373 1799 2400 fecit

985 2420 1070 2452 (Iosue
1085 2419 1120 2453 x),
1138 2418 1188 2453 qui
1204 2418 1243 2444 sol
1260 2419 1434 2454 temporibus
1445 2419 1569 2445 Ezechiae
1580 2419 1654 2454 regis
1664 2421 1692 2446 et
1700 2421 1799 2446 contra

985 2467 1114 2492 naturam
1130 2466 1302 2492 retroversus
1317 2468 1358 2492 est
1374 2465 1423 2500 (IV
1435 2466 1499 2499 Reg.
1518 2466 1560 2500 xx)
1570 2474 1578 2499 ;
1603 2468 1631 2492 et
1653 2465 1688 2492 de
1708 2466 1798 2493 Elisaai

984 2512 1129 2547 reliquiis,
1155 2520 1218 2547 quae
1245 2513 1391 2539 mortuum
1413 2512 1621 2539 suscitaverunt
1652 2513 1707 2547 (IV
1733 2514 1797 2548 Reg.

985 2559 1062 2593 xm)?
1074 2569 1087 2583 η
1106 2558 1240 2594 Ejusdem
1258 2567 1291 2586 ex
1307 2558 1379 2586 libro
1404 2560 1500 2585 octavo
1523 2559 1557 2586 de
1578 2559 1773 2587 lncarnatione
1791 2569 1798 2587 ί

987 2605 1179 2633 «Manifestum
1185 2607 1281 2633 autem
1288 2607 1331 2632 est
1337 2605 1414 2641 quod
1425 2605 1516 2632 unitas
1524 2606 1666 2633 convenit:
1676 2615 1725 2642 per
1737 2616 1799 2634 eam

986 2653 1064 2681 enim
1079 2653 1199 2680 collectas
1225 2654 1344 2686 naturai,
1367 2660 1455 2679 uuam
1475 2661 1626 2688 personam
1646 2654 1800 2681 secundum

987 2700 1125 2727 unitatem
1142 2699 1305 2726 effecerunt.
1323 2699 1400 2726 Sicut
1416 2699 1492 2726 enim
1508 2699 1542 2727 de
1557 2700 1617 2727 viro
1634 2702 1662 2727 et
1680 2700 1799 2726 muliere

988 2746 1100 2779 dicitur,
1117 2746 1188 2780 quod
1195 2746 1256 2780 jam
1268 2754 1321 2773 non
1335 2748 1399 2773 sunt
1410 2747 1473 2778 duo,
1491 2747 1539 2773 sed
1551 2754 1605 2773 una
1619 2754 1680 2773 curo
1697 2746 1797 2781 (Grues.

988 2801 1026 2826 11;
1043 2793 1140 2820 Matth.
1154 2794 1226 2827 x1x);
1243 2793 1368 2819 dicamus
1383 2794 1412 2819 et
1426 2801 1477 2820 nos
1487 2792 1692 2820 rationabiliter
1704 2799 1801 2818 secun-

989 2839 1056 2866 dum
1073 2839 1189 2866 unitatis
1204 2840 1352 2872 rationem,
1369 2840 1445 2875 quod
1463 2848 1520 2866 non
1537 2841 1603 2865 sunt
1617 2838 1681 2864 duae
1703 2845 1798 2873 perso-

990 2895 1044 2922 nae,
1060 2886 1109 2914 sed
1126 2895 1191 2923 una,
1209 2887 1311 2915 scilicet
1325 2885 1432 2914 naturis
1448 2885 1584 2912 discretis.
1603 2894 1616 2907 ››
