4058 6190
444 237 544 288 727

1839 235 2102 292 PELAGII
2137 235 2329 292 ΡΑΡᾹΞ
2364 236 2412 292 Il

515 345 584 399 Et
612 346 744 416 post
770 358 990 416 pauca:
1028 363 1056 394 ‹‹
1088 342 1378 408 Quomodo
1409 341 1588 415 igitur
1612 341 1786 398 homo
1826 347 1885 399 et
1924 345 2072 400 Deus
2093 364 2153 439 Α
2173 349 2426 417 nentem,
2455 348 2728 418 tanquam
2757 345 3012 403 eruditus
3042 343 3466 414 sermocinator,
3497 346 3556 400 et
3593 343 3656 399 in
3691 345 3816 400 An-

443 455 626 494 unum
658 455 760 510 per
780 438 1054 493 unitatem
1073 453 1194 492 esse
1215 437 1440 508 potest?
1467 437 1565 509 qui
1595 437 1857 505 viviﬁcat,
1891 442 1948 494 et
1974 439 2074 510 qui

444 533 788 602 vivificatur;
837 529 936 603 qui
975 530 1258 600 salvilicat,
1309 536 1367 586 et
1417 531 1516 603 qui
1564 531 1929 602 salvifieatur;
1975 532 2074 604 qui

444 632 576 683 ante
606 625 807 681 saecula
829 629 932 693 est,
962 628 1017 680 et
1043 625 1140 697 qui
1162 641 1230 678 ex
1247 624 1414 680 Maria
1429 625 1728 696 apparuit?
1745 647 1774 676 »
1809 625 2073 697 Ejusdem

447 737 513 777 ex
553 719 1014 790 interpretatione
1060 719 1302 790 syrnboli
1342 722 1729 775 trecentorum
1774 719 1970 774 decem
2019 724 2076 776 et

445 819 569 870 octo
608 796 838 868 Patrum
870 831 884 868 :
932 834 960 863 «
1004 813 1113 869 Sed
1153 812 1438 869 Christum
1477 813 1711 884 quidem
1763 813 2074 868 secundum

443 911 790 978 assumptam
822 906 965 962 servi
996 907 1261 975 formam,
1295 924 1427 962 eum
1455 912 1646 962 autem
1673 907 1772 979 qui
1811 923 1938 964 eam
1981 924 2070 961 as-

442 1001 705 1073 sumpsit,
721 1018 891 1074 super
911 1001 1106 1056 omnia
1123 1001 1429 1056 nominans
1443 1003 1653 1070 Deum;
1674 999 1867 1056 intulit
1878 1006 2072 1057 tamen

440 1098 548 1154 hoc
575 1097 887 1152 secundum
903 1095 1380 1167 conjunctionem,
1403 1099 1464 1150 ut
1484 1113 1584 1167 per
1601 1095 2074 1167 significationem

443 1191 746 1247 nominum
773 1193 1107 1245 naturarum
1136 1189 1494 1245 manifestam
1525 1189 1856 1244 divisionem
1883 1190 2070 1245 faciat.

442 1286 621 1342 Nemo
668 1284 861 1356 igitur,
895 1300 1081 1356 neque
1113 1300 1244 1338 eum
1273 1283 1374 1356 qui
1401 1283 1712 1338 secundum
1740 1299 1969 1338 carnem
2001 1299 2072 1338 ex

439 1378 652 1436 Iudaeis
695 1382 798 1446 est,
849 1377 997 1433 dicat
1042 1379 1221 1432 Deum
1265 1396 1277 1432 :
1313 1395 1415 1432 nec
1455 1377 1662 1433 iterum
1705 1379 1884 1432 Deum
1931 1377 2070 1448 [Al.,

438 1473 769 1539 Dominum,
812 1487 916 1526 nec
943 1487 1016 1526 ne
1047 1471 1256 1526 iterum
1282 1471 1602 1542 Dominum]
1642 1471 1740 1542 qui
1782 1473 1866 1526 est
1903 1487 2074 1542 super

444 1566 658 1635 omnia,
691 1566 1002 1622 secundum
1033 1581 1260 1620 carnem
1291 1581 1360 1619 ex
1388 1565 1615 1620 Iudaeis.
1651 1584 1678 1615 n

513 1662 654 1715 Item
686 1676 755 1715 ex
773 1663 1094 1714 commento
1124 1652 1374 1729 epistola“:
1402 1659 1474 1712 ad
1503 1658 1761 1712 Hebraeos
1790 1674 1804 1712 :
1833 1676 1861 1710 α
1879 1659 2070 1712 Jesum

2171 439 2382 495 tiochia
2406 439 2580 511 Syrize
2609 439 2669 496 in
2692 440 2928 498 ecclesia
2955 441 3270 512 alloquens,
3302 439 3382 494 sic
3409 437 3550 494 dixit
3581 455 3597 494 :
3635 458 3665 488 ‹‹
3696 438 3816 493 Ho-

2172 549 2268 588 mo
2297 535 2474 602 Jesus,
2509 536 2643 605 quid
2688 539 2766 590 est
2800 537 2942 590 enim
2978 535 3131 590 homo
3164 535 3310 605 quod
3336 549 3536 589 memor
3560 548 3615 588 es
3641 534 3764 602 ejus
3789 535 3820 588 ?

2177 627 2338 697 (Psal.
2367 628 2517 698 Vill);
2549 630 2845 700 Apostolus
2875 633 3087 696 autem,
3122 628 3190 684 de
3214 629 3346 683 Jesu
3377 627 3594 682 dictum
3638 625 3816 682 fuisse

2172 721 2299 788 hoc,
2333 721 2504 777 dixit:
2539 724 2679 778 Eum
2709 725 2850 777 enim
2874 724 2972 793 qui
2991 723 3164 793 paulo
3191 725 3372 777 minus
3398 722 3467 776 ab
3481 721 3696 790 angelis
3715 722 3819 774 mi-

2173 819 2400 870 noratus
2437 821 2532 879 est,
2563 817 2822 880 vidimus,
2857 816 3066 888 inquit,
3091 818 3270 872 Iesum
3313 814 3516 886 (Hebr.
3556 817 3638 882 ιι).
3668 813 3816 878 Quid

2172 914 2353 984 ergo?
2411 915 2588 970 Homo
2633 915 2792 970 Jesus
2841 914 3102 969 similiter
3140 913 3410 968 omnibus
3454 911 3811 980 hominibus,

2175 1007 2392 1064 nullam
2433 1008 2649 1063 habens
2693 1007 3074 1064 differentiam
3120 1007 3193 1062 ad
3249 1006 3511 1062 homines
3556 1005 3815 1076 ejusdem

2175 1101 2417 1172 generis,
2459 1107 2666 1174 praeter
2707 1118 2774 1157 ea
2814 1117 2943 1173 (pre
2993 1101 3175 1173 gratia
3218 1099 3270 1156 ei
3315 1099 3488 1155 dedit.
3538 1120 3566 1148 ι)
3597 1098 3814 1163 Quibus

2172 1195 2400 1250 Proclus
2435 1194 3066 1267 Constantinopolitanae
3097 1193 3254 1248 urbis
3280 1193 3576 1265 episcopus
3607 1191 3811 1247 rescri-

2170 1287 2330 1366 bens,
2374 1289 2452 1345 ait
2489 1290 2640 1362 (Sup.
2683 1291 2805 1344 coll.
2852 1292 2905 1357 5,
2935 1303 3081 1343 conc.
3117 1288 3166 1356 vl
3205 1303 3218 1342 :
3256 1287 3561 1359 Fugiamus
3607 1285 3807 1343 turbu-

2171 1380 2352 1462 lentos
2389 1388 2446 1452 et
2495 1397 2742 1438 cmnosos
2781 1382 3013 1438 fallaciae
3059 1381 3228 1450 rivos,
3270 1385 3426 1452 septa
3470 1379 3569 1434 Dei
3612 1379 3812 1451 [sectas

2171 1477 2369 1548 Deum]
2397 1476 2797 1548 impugnantes
2824 1492 2838 1531 :
2871 1475 2995 1530 dico
3023 1474 3143 1529 Arii
3170 1475 3426 1530 furorem
3457 1472 3813 1528 dividentem

2170 1569 2519 1624 individuam
2554 1570 2906 1636 Trinitatem,
2937 1568 3198 1624 Eunomii
3225 1568 3521 1624 audaciam
3559 1567 3809 1621 circum-

2172 1653 2494 1718 clude'ntem
2553 1663 2785 1719 scientia
2841 1662 3474 1734 incomprehensibilem
3517 1665 3812 1728 naturam,

440 1753 596 1810 enim
613 1754 748 1809 dicit
767 1771 798 1807 a
818 1753 1105 1821 Nazareth,
1129 1767 1283 1822 quem
1305 1755 1465 1806 unxit
1481 1755 1623 1807 Deus
1650 1753 1861 1822 Spiritu
1885 1755 2071 1806 sancto
2089 1737 2147 1809 B
2170 1757 2481 1813 Macedonii
2506 1758 2722 1812 rabiem
2748 1763 3104 1834 separantem
3127 1773 3156 1810 a
3179 1756 3387 1812 deitate
3413 1753 3812 1826 insepambili-

440 1854 492 1904 et
519 1851 718 1903 virtute
751 1847 891 1918 (Act.
925 1847 972 1916 χ)
1001 1863 1014 1900 :
1047 1847 1148 1918 qui
1177 1850 1368 1901 autem
1400 1847 1469 1901 de
1501 1846 1709 1917 Spiritu
1729 1849 1931 1900 unctus
1963 1848 2066 1913 est,

439 1941 770 1997 omnimodo
786 1939 1002 2012 aliquid
1017 1940 1149 1994 inde
1169 1939 1488 2010 assumpsit.
1513 1939 1646 2004 Quis
1665 1944 1856 1994 autem
1876 1939 2070 1994 furens

445 2035 612 2102 dicat,
644 2035 714 2090 de
745 2034 952 2106 Spiritu
978 2033 1190 2106 aliquid
1221 2033 1586 2104 assumpsisse
1617 2033 1869 2088 divinam
1899 2037 2067 2088 natu-

438 2129 602 2186 ram?
631 2150 659 2179 »
693 2130 758 2183 Et
787 2127 1032 2184 iterum:
1061 2146 1088 2179 ‹‹
1121 2129 1318 2184 Certus
1349 2127 1584 2199 quidem
1615 2131 1672 2181 et
1699 2127 1838 2198 ipse,
1865 2126 2070 2181 Filium

437 2223 539 2279 Dei
569 2239 626 2277 se
658 2239 768 2278 non
801 2223 1111 2277 secundum
1141 2221 1448 2276 divinitatis
1479 2221 1670 2283 dicens
1700 2221 2066 2290 nativitatem,

442 2317 540 2372 sed
570 2317 880 2372 secundum
911 2316 1065 2387 quod
1096 2315 1432 2370 domesticus
1463 2314 1562 2369 Dei
1588 2319 1710 2369 erat
1739 2331 1753 2370 :
1785 2331 1892 2386 per
1920 2315 2071 2387 quod

439 2410 543 2491 filii
581 2410 701 2477 Dei,
732 2427 836 2482 per
872 2411 1220 2465 voluntatem
1266 2408 1576 2480 [virtutem]
1623 2408 1913 2464 domestici
1956 2410 2068 2464 Deo

437 2504 725 2560 constituti
752 2504 1034 2573 homines,
1065 2503 1297 2558 interim
1325 2503 1685 2558 vocabantur.
1717 2524 1746 2553 »

508 2600 594 2654 XI.
627 2600 752 2653 Haec
773 2599 840 2653 de
869 2597 1185 2652 innumeris
1209 2614 1391 2669 pauca
1411 2598 1783 2668 praetulimus,
1816 2600 1882 2652 ut
1911 2597 2071 2670 quasi

435 2711 537 2767 per
563 2693 818 2748 foramen
858 2697 1188 2763 angustum,
1233 2708 1406 2764 quam
1451 2691 1695 2747 nimium
1738 2691 2072 2746 barathrum

435 2788 590 2843 intus
619 2788 837 2855 lateret,
869 2790 1334 2841 monstraremus.
1364 2787 1498 2840 Ecce
1521 2786 1714 2857 quales
1744 2785 1869 2857 plus
1897 2800 2072 2858 quam

441 2883 640 2938 decem
670 2881 850 2936 millia
869 2881 1146 2936 librorum
1164 2879 1488 2935 Theodorus
1506 2879 1790 2950 scripsisse
1810 2879 2072 2950 perhibe-

439 2979 552 3030 tur.
585 2976 839 3042 Pensate,
873 2991 1086 3046 quasso,
1119 2973 1166 3028 si
1206 2990 1320 3028 non
1350 2977 1508 3028 tanto
1539 2973 1754 3028 acriora
1789 2975 2074 3029 tormenta

439 3070 776 3144 promeruit,
796 3075 1008 3142 quanto
1029 3069 1279 3141 pluriora
1301 3069 1646 3140 conscripsit.
1667 3070 1772 3125 Sed
1785 3069 1904 3124 haec
1920 3070 2070 3124 illius
2091 3109 2146 3184 Ο

450 3165 576 3184 JEAA-
622 3181 685 3184 ___
701 3181 736 3184 __
763 3164 972 3184 _x___'l_1_
1006 3168 1131 3184 ____.A
1173 3167 1359 3184 ..1.-..-.Δ
1404 3163 1515 3184 -2---
1548 3163 1655 3184 -£_L
1705 3163 1933 3184 1'-_A____
1982 3165 2043 3184 ΔΛ

440 3165 585 3220 dicta
614 3181 743 3235 quae
763 3164 980 3235 prolata
1002 3168 1154 3229 sunt,
1173 3167 1366 3241 utrum
1397 3163 1519 3234 ejus
1545 3163 1678 3231 sint,
1704 3163 1939 3219 fortasse
1973 3165 2073 3220 du-

440 3257 674 3313 bitatur.
710 3259 958 3326 Patrum,
991 3257 1037 3310 si
1067 3257 1255 3328 placet
1298 3255 1507 3328 scripta
1548 3256 1906 3328 proferamus
1935 3273 1949 3312 :
1994 3258 2073 3314 ita

440 3352 591 3424 apud
621 3368 717 3406 vos
746 3350 917 3405 libros
947 3350 1089 3422 ejus,
1135 3367 1276 3422 quos
1317 3350 1386 3405 de
1436 3347 1673 3422 perfidia
1710 3350 1861 3406 illius
1902 3356 2073 3408 testes

439 3446 796 3515 deduximus,
818 3443 1072 3500 deductis
1092 3444 1325 3516 insuper
1347 3445 1579 3499 testibus
1601 3445 2073 3502 aflirmemus.Ar-

437 3541 644 3598 menius
673 3540 884 3613 quippe
913 3540 1165 3612 episcopi
1204 3539 1402 3594 Proclo
1439 3540 2073 3612 Constantinopolitanae

439 3635 596 3690 urbis
607 3635 866 3705 episcopo
883 3633 1097 3688 libellos
1117 3639 1312 3688 contra
1326 3633 1681 3688 Theodorum
1694 3634 2070 3706 porrigentes,

441 3727 636 3782 dicunt
692 3729 840 3798 (Sup.
884 3729 1005 3782 coll.
1055 3729 1102 3797 5)
1154 3743 1168 3780 :
1215 3727 1341 3780 Fuit
1388 3732 1580 3782 autem
1639 3727 1842 3799 aliquis
1900 3729 2074 3800 pestis

443 3820 715 3892 [pestifer]
747 3821 940 3888 homo,
975 3819 1160 3892 magis
1191 3825 1383 3875 autem
1414 3821 1552 3891 fera,
1585 3820 1835 3876 hominis
1859 3822 2074 3878 habens
2122 3851 2147 3879 σ

440 3913 687 3968 formam
709 3913 1064 3983 diabolicam,
1089 3913 1325 3968 mentito
1348 3914 1580 3970 nomine
1609 3915 1957 3986 Theodorus,
1977 3916 2076 3990 qui

442 4005 667 4062 schema
701 4011 758 4062 et
787 4023 993 4062 nomen
1013 4006 1256 4078 episcopi
1275 4007 1495 4076 habuit,
1520 4008 1577 4062 in
1597 4010 1806 4080 angulo
1831 4014 1888 4064 et
1905 4009 2072 4081 igno-

440 4101 540 4158 bili
587 4101 708 4156 loco
749 4101 898 4156 orbis
946 4103 1229 4156 terrarum
1271 4101 1519 4169 latitans,
1575 4101 1634 4157 in
1689 4104 2075 4174 Mopsuesteno

441 4195 644 4252 Cilicia:
659 4195 918 4250 secundae
936 4195 1034 4250 vili
1059 4195 1288 4267 oppido,
1307 4211 1438 4249 vere
1459 4193 1696 4267 quidem
1723 4195 2072 4268 etprincipa-

439 4291 568 4346 liter
603 4308 632 4345 a
672 4290 841 4362 paulo
880 4290 1238 4346 Samosateno
1271 4289 1640 4354 descendens,
1674 4289 1806 4345 licet
1835 4290 2076 4346 Photino

441 4389 498 4440 et
523 4385 739 4440 caeteris
765 4382 1154 4439 haeresiarchis
1185 4383 1245 4438 in
1276 4383 1418 4438 libro
1449 4383 1518 4438 de
1548 4384 1940 4439 Incarnatione
1967 4385 2073 4439 Do-

2169 1855 2256 1906 ter
2284 1852 2690 1923 procedentem
2721 1851 3014 1922 Spiritum,
3047 1856 3104 1906 et
3130 1866 3335 1905 novam
3365 1850 3534 1904 istam
3549 1847 3817 1919 blasphe-

2169 1945 2344 1999 miam
2371 1962 2501 2018 qua:
2530 1945 2804 2002 Judaismi
2834 1945 3016 2000 multo
3045 1945 3289 2016 amplius
3308 1948 3536 2014 superat
3548 1943 3814 2011 blasphe-

2169 2039 2363 2109 miam,
2403 2039 2846 2107 introducentes,
2896 2055 3030 2094 nam
3057 2039 3143 2093 illi
3173 2038 3406 2110 quidem
3437 2053 3570 2092 cum
3603 2037 3814 2091 Filium

2171 2137 2401 2205 negant,
2434 2133 2698 2188 fraudant
2728 2149 2890 2188 ramo
2918 2133 3198 2201 radicem;
3233 2131 3324 2187 isti
3353 2147 3486 2186 vero
3532 2146 3668 2186 cum
3712 2130 3814 2201 qui

2170 2232 2255 2283 est
2283 2232 2578 2299 negantes,
2613 2228 2853 2282 alterum
2884 2227 3024 2298 [Al.,
3051 2243 3182 2281 eum
3205 2226 3304 2298 qui
3333 2230 3420 2280 est
3439 2224 3610 2279 Filius
3641 2223 3816 2278 dene-

2171 2325 2326 2394 gant,
2371 2321 2693 2376 fraudantes
2732 2336 2888 2374 ramo
2926 2319 3196 2388 radicem,
3237 2319 3329 2374 isti
3357 2334 3486 2374 vero
3522 2318 3574 2372 ei
3597 2317 3700 2388 qui
3727 2320 3815 2370 est

2170 2415 2438 2485 alterum]
2488 2414 2874 2482 introducunt,
2919 2413 3281 2469 detrahentes
3319 2413 3598 2467 sinceram
3638 2415 3813 2465 natu-

2171 2525 2310 2564 ram.
2350 2509 2582 2578 (Rursus
2611 2508 2679 2562 de
2709 2508 2879 2579 hujus
2909 2523 3100 2562 errore
3130 2509 3370 2562 Joannes
3412 2521 3642 2578 quoque
3688 2506 3812 2558 An-

2171 2603 2444 2659 tiochense
2475 2602 2734 2657 Ecclesia:
2762 2601 2994 2658 antistes
3019 2601 3129 2656 ait:
3163 2602 3333 2656 Multo
3362 2605 3554 2655 autem
3581 2604 3812 2670 tempo-

2171 2714 2232 2753 re
2262 2711 2626 2770 perseverans
2648 2695 2995 2762 Theodorus,
3018 2694 3295 2766 persuasit
3313 2694 3508 2749 multis
3528 2698 3586 2748 et
3616 2694 3816 2748 Nesto-

2171 2791 2275 2860 rio,
2307 2789 2462 2862 quod
2488 2789 2742 2846 Christus
2774 2789 2944 2843 Filius
2974 2789 3072 2847 Dei
3102 2788 3227 2858 vivi,
3255 2788 3356 2860 qui
3383 2788 3452 2843 de
3481 2793 3675 2842 sancta
3705 2786 3818 2842 vir-

2174 2885 2305 2956 gine
2342 2883 2510 2939 Maria
2548 2887 2714 2940 natus
2741 2887 2844 2950 est,
2866 2899 2982 2937 non
3013 2887 3096 2936 est
3117 2881 3215 2954 qui
3244 2898 3312 2936 ex
3335 2882 3496 2936 Patre
3523 2885 3698 2935 natus
3729 2885 3818 2936 est

2171 2980 2318 3033 Deus
2359 2977 2600 3032 Verbum
2640 2975 3133 3031 consubstantialis
3173 2974 3452 3043 Genitori,
3498 2973 3599 3029 sed
3637 2974 3814 3028 homo

2171 3089 2278 3144 pro
2308 3071 2575 3143 qualitate
2601 3087 2717 3125 suae
2750 3069 3052 3125 voluntatis
3083 3086 3152 3124 ex
3179 3069 3294 3124 Deo
3327 3068 3506 3124 Verbo
3537 3084 3812 3140 coopera-

2171 3159 2385 3221 tioriem
2414 3161 2767 3236 suscipiens.)
2810 3165 3020 3219 Rursus
3061 3163 3131 3219 de
3174 3163 3294 3232 ejus
3329 3177 3522 3217 errore
3568 3161 3815 3233 Cyrillus

2171 3261 2240 3314 ad
2267 3260 2614 3330 Lamponem
2633 3257 3023 3330 presbyterum
3051 3257 3317 3325 scribens,
3338 3255 3416 3310 ait
3447 3271 3462 3310 :
3493 3255 3640 3310 Cum
3659 3255 3814 3326 apud

2173 3353 2370 3408 Eliam
2416 3368 2818 3420 commorarer,
2861 3351 2946 3406 vir
2969 3351 3168 3422 aliquis
3197 3366 3265 3405 ex
3295 3350 3384 3404 his
3406 3350 3506 3422 qui
3543 3349 3814 3404 nobiliter

2175 3447 2423 3502 militant
2448 3447 2507 3500 in
2537 3446 2764 3518 palatio,
2799 3445 3091 3516 epistolam
3124 3445 3437 3499 multorum
3466 3459 3740 3499 versuum
3753 3447 3815 3497 et

2173 3541 2446 3612 grandem
2472 3539 2676 3596 obtulit
2701 3539 2846 3594 mihi
2869 3539 3171 3609 signatam,
3190 3554 3365 3609 quam
3398 3555 3456 3593 se
3486 3537 3712 3592 dicebat
3729 3552 3821 3591 ac-

2173 3635 2383 3706 cepisse
2427 3634 2497 3688 ab
2541 3632 2906 3688 Antiochenis
2946 3631 3312 3701 orthodoxis;
3369 3631 3817 3702 subscriptiones

2173 3734 2360 3783 autem
2393 3732 2553 3782 erant
2581 3726 2639 3780 in
2661 3743 2727 3782 ea
2747 3725 3130 3798 plurimorum
3161 3725 3494 3780 clericorum
3523 3729 3583 3779 et
3611 3741 3815 3779 mona-

2173 3823 2411 3876 chorum
2454 3827 2510 3876 et
2548 3820 2840 3875 laicorum.
2884 3819 3232 3874 Accusabant
3271 3823 3462 3874 autem
3507 3819 3818 3874 orientales

2174 3916 2482 3988 episcopos,
2529 3913 2689 3986 quasi
2733 3917 2982 3968 tacentes
3027 3913 3262 3986 quidem
3305 3912 3546 3968 Nestorii
3577 3929 3815 3982 nomen,

2174 4012 2230 4064 et
2255 4009 2668 4064 dissimulantes
2693 4007 2748 4063 ei
2771 4007 3076 4076 adversari,
3109 4011 3466 4062 transeuntes
3505 4009 3707 4062 autem
3745 4006 3818 4061 ad

2173 4103 2449 4158 Theodori
2477 4101 2704 4157 Codices
2733 4101 2802 4156 de
2838 4100 3223 4156 incarnatione
3261 4100 3456 4168 factos,
3497 4099 3560 4155 in
3607 4099 3818 4172 quibus

2173 4197 2352 4269 multo
2377 4196 2598 4268 pejores
2630 4194 2859 4250 nefarias
2884 4195 3247 4266 blasphemia:
3269 4194 3531 4263 [Nestorii
3547 4193 3814 4266 blasphe-

2175 4290 2322 4360 miis]
2351 4290 2545 4362 positae
2571 4293 2740 4344 sunt:
2786 4291 2950 4360 pater
2974 4289 3129 4342 enim
3156 4287 3266 4342 fuit
3308 4286 3552 4343 Nestorii
3589 4287 3815 4358 perﬁdi,

2175 4384 2273 4456 qui
2293 4388 2349 4438 et
2373 4383 2520 4439 illius
2550 4383 2700 4438 mala
2718 4382 2958 4450 locutus,
2989 4381 3200 4454 impius
3229 4381 3363 4436 etin
3387 4380 3478 4436 his
3495 4380 3681 4436 factus
3710 4385 3814 4436 est.

439 4478 582 4535 mini
613 4478 788 4533 nostri
812 4481 945 4534 Jesu
974 4477 1199 4546 Christi,
1231 4478 1293 4533 in
1323 4481 1442 4533 toto
1467 4494 1568 4532 suo
1605 4478 1894 4550 proposito
1940 4477 2153 4554 ipsisD
2176 4479 2422 4534 Rursum
2453 4477 2524 4532 de
2555 4492 2747 4531 errore
2777 4476 2928 4530 illius
2956 4475 3109 4530 idem
3139 4475 3379 4547 Cyrillus
3419 4467 3816 4530 Alexandrina

440 4571 624 4627 verbis
651 4571 974 4628 inveniatur
995 4589 1152 4642 usus,
1180 4576 1236 4628 et
1255 4571 1301 4626 si
1329 4572 1468 4644 quid
1494 4572 1674 4644 pejus.
1694 4573 1796 4627 Iste
1817 4589 1920 4644 per
1948 4588 2070 4626 ma-

442 4664 827 4721 chinationem
854 4670 910 4721 et
938 4665 1231 4721 audaciam
1261 4670 1317 4722 et
1346 4682 1602 4720 errorem
1633 4665 1836 4721 diaboli
1854 4665 2076 4721 volebat

443 4775 640 4816 omnes
670 4759 932 4814 homines
973 4762 1138 4814 acuta
1175 4775 1276 4814 sua
1321 4759 1464 4815 sicut
1507 4759 1722 4815 colubri
1758 4759 1973 4832 lingua,
2017 4763 2074 4815 et

440 4871 658 4911 veneno
682 4854 834 4928 quod
865 4853 968 4909 sub
999 4853 1194 4926 lingua
1221 4851 1428 4924 aspidis
1455 4858 1558 4924 est,
1587 4853 1864 4926 deperire.
1896 4854 1964 4910 Et
1991 4853 2074 4910 in-

440 4949 610 5004 terim
639 4949 871 5022 quidem
901 4947 1252 5004 retinebatur
1279 4963 1379 5001 suo
1407 4946 1664 5018 latibulo,
1695 4947 1902 5003 timens
1921 4951 2074 5020 pote-

440 5046 641 5098 statem
666 5059 863 5098 eorum
893 5042 993 5115 qui
1021 5059 1055 5098 a
1082 5057 1290 5114 magno
1320 5042 1430 5097 Deo
1458 5046 1514 5096 et
1555 5041 1836 5097 Salvatore
1881 5046 2072 5098 nostro

439 5137 572 5190 Jesu
616 5136 834 5193 Christo
887 5139 1223 5210 potestatem
1262 5139 1603 5208 acceperunt
1647 5136 1859 5190 calcare
1903 5152 2075 5208 super

441 5228 702 5284 colubros
729 5235 786 5285 et
813 5233 1080 5303 scorpios,
1111 5237 1167 5286 et
1196 5246 1393 5287 omnes
1420 5229 1653 5285 virtutes
1679 5229 1894 5284 inimici
1924 5229 2071 5299 (Luc.

440 5325 490 5395 ι)
517 5339 530 5378 :
555 5322 678 5378 dico
695 5327 886 5378 autem
907 5329 1122 5380 sanctos
1140 5326 1440 5398 apostolos,
1463 5328 1518 5380 et
1545 5323 1642 5397 qui
1663 5328 2075 5396 consequenter

439 5417 510 5474 ab
540 5415 629 5472 his
660 5423 1047 5488 susceperunt,
1078 5424 1354 5492 martyres
1385 5424 1440 5475 et
1469 5419 1814 5474 confessores
1861 5422 1917 5473 et
1959 5418 2073 5490 epi-

439 5529 634 5585 scopos
679 5515 737 5568 et
776 5515 1008 5568 ceteros
1043 5517 1284 5569 sanctos.
1337 5515 1567 5569 lnvento
1609 5515 1824 5582 autem,
1883 5511 2072 5568 nescio

437 5606 740 5680 quomodo,
776 5609 1051 5678 tempore,
1074 5605 1244 5678 coepit
1261 5621 1462 5678 repere
1493 5611 1550 5662 et
1569 5609 1729 5662 extra
1750 5605 1892 5662 ﬁnes
1919 5623 2068 5676 suos,

442 5700 706 5760 ﬁduciam
725 5715 930 5776 gerens
955 5705 1012 5759 et
1039 5700 1100 5758 in
1131 5699 1459 5774 parochiam
1487 5701 1558 5757 ad
1588 5716 1720 5756 eum
1751 5683 1866 5756 non
1891 5701 2066 5774 perti-

2170 4571 2327 4627 urbis
2355 4571 2651 4642 episcopus
2679 4570 2748 4625 ad
2779 4569 3042 4624 Acacium
3083 4570 3359 4625 Melitenaa
3396 4567 3555 4624 urbis
3593 4570 3814 4641 episco-

2170 4682 2312 4737 pum
2337 4665 2607 4734 scribens,
2628 4664 2707 4719 ait
2733 4680 2746 4718 :
2781 4663 2902 4718 Non
2922 4663 3218 4735 Oportebat
3241 4663 3419 4718 latere
3441 4662 3818 4718 Sanctitatem

2171 4763 2440 4829 vestram,
2471 4761 2569 4813 aut
2597 4757 2833 4813 forsitan
2862 4757 3146 4829 cognovit,
3191 4757 3346 4828 quod
3374 4773 3579 4811 omnes
3621 4758 3812 4814 orien-

2172 4853 2311 4908 tales
2349 4849 2756 4924 religiosissimi
2797 4850 3048 4922 episcopi
3090 4849 3149 4905 in
3191 4850 3488 4905 Antiochia
3522 4866 3812 4906 convene-

2172 4951 2327 5016 runt,
2371 4962 2503 5000 cum
2539 4943 2938 5001 transmisisset
2981 4943 3063 4999 eis
3093 4948 3314 4999 tomum
3348 4943 3614 4999 dominus
3651 4961 3815 5000 meus

2173 5040 2556 5097 sanctissimus
2584 5039 2817 5094 Proclus
2847 5038 3130 5094 bonorum
3159 5038 3394 5110 plenum
3415 5037 3816 5095 intellectuum

2173 5139 2232 5191 et
2259 5140 2544 5191 rectorum
2572 5133 2925 5206 dogmatum.
2957 5134 3089 5188 Erat
3120 5131 3346 5188 enm-ei
3376 5132 3522 5187 ratio
3548 5133 3733 5187 multa
3757 5139 3818 5189 et

2173 5231 2348 5302 longa
2377 5229 2446 5286 de
2476 5227 2890 5299 dispensatione
2921 5225 3144 5282 Domini
3187 5225 3366 5281 nostri
3405 5226 3536 5280 Jesu
3581 5225 3812 5282 Christi.

2173 5323 2478 5396 Supposuit
2502 5338 2633 5378 vero
2661 5320 2904 5394 capitula
2929 5319 3191 5392 quaedam
3217 5319 3450 5375 collecta
3481 5335 3512 5374 e
3531 5319 3817 5374 Theodori

2171 5417 2486 5487 Codicibus,
2509 5432 2637 5489 qum
2666 5417 3070 5472 consonantem
3099 5413 3340 5468 Nestorii
3355 5411 3612 5485 perﬁdiis
3635 5413 3814 5468 intel-

2172 5512 2381 5568 lectum
2407 5510 2638 5580 habent,
2670 5515 2727 5568 et
2753 5508 3081 5566 adhortatus
3109 5513 3194 5564 est
3218 5522 3316 5564 eos
3339 5506 3515 5564 etiam
3533 5507 3639 5563 illa
3666 5523 3814 5563 ana-

2171 5604 2554 5662 thematizare.
