4058 6190
248 328 342 381 729

1499 323 1836 380 EPISTOL/E
1875 322 1958 379 ET
1994 322 2321 383 DECRETA.

3483 331 3585 387 730

309 432 416 486 XII.
461 431 670 486 Rursus
703 431 775 486 de
814 446 1003 488 errore
1036 431 1190 487 illius
1224 430 1518 506 [Rabbula]
1564 433 1857 488 Edessenae
1878 438 2049 516 Acat
2075 435 2258 504 [Ηοὸν.
2293 435 2356 507 ι],
2408 432 2557 490 ferre
2608 449 2742 489 eum
2793 433 2984 490 omnia
3026 435 3217 492 dicens
3260 436 3428 492 verbo
3467 453 3584 493 suae

242 525 496 581 Ecclesia
522 525 750 580 antistes
776 526 847 580 ad
875 526 1105 580 beatum
1130 527 1402 597 Cyrillum
1432 527 1706 595 scribens,
1736 528 1813 583 ait
1839 545 1852 583 :

239 620 354 675 1am
382 635 516 674 vero
543 619 772 689 quidam
802 619 1077 674 unitatem
1103 621 1414 675 secundum
1441 620 1858 676 subsistentiam

241 713 501 767 omnibus
524 713 701 766 modis
721 713 1004 769 abdicant.
1025 715 1246 769 Morbus
1263 714 1416 769 enim
1435 715 1638 786 aliquis
1666 716 1854 770 subla-

240 813 359 861 tens
388 805 721 862 inveteravit
747 807 984 877 Orienti,
1019 808 1450 863 immedicabilis
1474 810 1643 864 modo
1671 811 1859 864 vulne-

241 899 312 956 ris
327 900 631 971 depascens
652 901 907 957 Ecclesiae
928 919 1149 974 corpus,
1164 903 1314 973 apud
1330 903 1545 974 aliquos
1560 904 1718 974 quasi
1737 909 1856 958 stu-

241 994 440 1062 diosos,
470 999 527 1049 et
553 995 849 1066 supercilia
875 997 1204 1051 extollentes
1244 996 1592 1063 eruditione,
1623 997 1861 1052 latenter

243 1088 562 1142 honoratus.
589 1074 890 1160 Episcopus
909 1090 1061 1144 enim
1083 1091 1311 1162 quidam
1335 1090 1635 1161 provinciae
1656 1092 1860 1145 Ciliciae

241 1182 579 1248 Theodorus,
601 1183 688 1236 vir
706 1184 1024 1238 verisimilis
1043 1185 1284 1250 dicendi,
1312 1189 1366 1238 et
1387 1189 1583 1255 potens
1601 1184 1856 1254 suadere,

243 1275 344 1328 alia
363 1275 595 1346 quidem
610 1293 780 1348 supra
792 1277 1059 1332 tribunali
1077 1279 1144 1332 de
1168 1277 1425 1332 Ecclesiae
1443 1280 1588 1331 statu
1612 1276 1862 1348 [ecclesia

241 1368 438 1440 statim]
489 1370 711 1424 dicebat
753 1372 821 1425 ad
871 1371 1064 1443 populi
1106 1372 1440 1442 placentiam
1466 1413 1478 1439 ,
1508 1371 1642 1425 alios
1670 1376 1860 1425 autem

240 1463 460 1534 laqueos
492 1462 855 1536 [perditionis]
889 1466 948 1520 in
975 1465 1195 1536 scriptis
1220 1465 1481 1536 ponebat,
1506 1465 1604 1536 qui
1631 1465 1688 1519 in
1709 1465 1862 1536 prin-

243 1557 389 1626 cipiis
412 1557 793 1626 quorumdam
808 1559 927 1628 ejus
953 1559 1222 1612 Codicum
1244 1559 1604 1613 anathemate
1627 1559 1862 1612 circum-

242 1650 492 1704 cludebat
521 1651 918 1722 inspicientem
945 1669 1058 1706 non
1100 1652 1460 1706 manifestare
1483 1652 1603 1706 aliis
1631 1653 1855 1722 scripta.

244 1744 340 1798 Iste
376 1744 596 1814 primus
633 1745 909 1816 exposuit,
939 1762 1052 1799 non
1092 1762 1208 1800 esse
1233 1762 1361 1800 vere
1394 1746 1492 1800 Dei
1527 1746 1860 1817 genitricem

242 1842 481 1891 sanctam
510 1839 823 1908 Virginem,
873 1843 1141 1910 tanquam
1172 1840 1284 1893 Deo
1311 1840 1489 1893 Verbo
1529 1856 1641 1893 non
1687 1839 1858 1894 susci-
1883 1815 1937 1886 B

242 1931 482 2001 pientem
509 1933 819 1987 secundum
846 1949 948 1986 nos
972 1933 1345 1987 nativitatem.
1381 1935 1464 2004 (Et
1492 1935 1616 2004 po'st
1643 1949 1821 2004 pauca
1845 1949 1858 1986 :

243 2025 340 2078 Nec
365 2025 519 2079 enim
551 2025 764 2092 dicunt,
794 2026 1105 2080 secundum
1135 2026 1530 2096 substantiam,
1562 2027 1647 2080 vel
1668 2043 1865 2080 secun-

243 2117 368 2172 dum
388 2119 809 2174 subsistentiam
827 2121 1054 2174 unitum
1077 2136 1196 2174 esse
1215 2121 1328 2174 Deo
1345 2121 1523 2174 Verbo
1545 2120 1860 2189 hominem,

244 2212 331 2266 sed
356 2213 501 2267 bona
537 2214 818 2268 voluntate
845 2214 1120 2285 quadam,
1145 2218 1415 2285 tanquam
1443 2213 1630 2267 divina
1658 2218 1865 2268 natura

245 2322 347 2360 non
373 2307 708 2377 suscipiente
725 2308 966 2361 alterum
984 2309 1220 2362 modum
1238 2308 1470 2362 unitatis
1498 2313 1730 2379 propter
1747 2324 1864 2362 non

243 2400 839 2471 circumscriptibilem.
899 2403 1003 2456 Iste
1053 2402 1197 2455 dixit
1247 2401 1551 2455 Dominum
1607 2405 1864 2456 nostrum

245 2495 418 2566 Iesum
433 2495 721 2549 Christum
742 2511 854 2549 non
869 2500 1126 2566 Oportere
1141 2493 1359 2549 adorari
1378 2494 1520 2548 sicut
1535 2495 1861 2562 Dominum,

247 2588 332 2641 sed
348 2589 618 2643 relatione
631 2589 733 2643 Dei
754 2589 1018 2643 honorari
1035 2589 1178 2643 sicut
1197 2588 1504 2659 imaginem
1520 2589 1824 2658 quamdam
1847 2607 1859 2642 :

248 2683 411 2752 magis
438 2687 633 2738 autem
655 2683 1007 2737 manifestius
1029 2683 1337 2737 secundum
1361 2699 1454 2736 eos
1475 2682 1680 2749 dicere,
1699 2681 1860 2747 sicut,

247 2775 407 2829 instar
430 2777 649 2847 aliquid
693 2777 966 2831 relatione
1004 2775 1296 2830 assidentis
1338 2775 1638 2830 daemonis.
1677 2777 1781 2829 Iste
1812 2779 1867 2829 et

246 2886 458 2924 carnem
486 2870 711 2924 Domini
740 2869 1125 2940 pronuntiavit
1151 2870 1294 2923 nihil
1318 2869 1550 2923 omnino
1577 2869 1863 2940 prodesse,

247 2962 509 3033 dissipans
531 2964 757 3017 Domini
777 2979 989 3029 vocem,
1014 2979 1142 3033 quae
1161 2967 1243 3016 est
1268 2979 1281 3016 :
1318 2966 1452 3020 Caro
1481 2963 1621 3016 nihil
1645 2963 1869 3032 prodest

247 3056 404 3121 (Joan.
455 3059 558 3128 vi).
607 3059 710 3110 Iste
768 3062 823 3111 et
860 3057 1141 3128 apostolos
1191 3056 1324 3111 dicit
1373 3073 1486 3110 non
1533 3056 1866 3126 cognovisse

246 3151 517 3206 Christum
551 3151 700 3222 quod
729 3153 874 3206 Deus
901 3155 1048 3219 erat;
1083 3151 1178 3204 sed
1209 3167 1376 3220 supra
1404 3150 1575 3204 ﬁdem
1610 3166 1738 3221 quae
1787 3153 1870 3202 est
1889 3181 1942 3254 Ο

247 3245 299 3300 in
321 3245 550 3299 homine
571 3245 907 3300 zedilicatam
936 3261 1056 3299 esse
1087 3244 1383 3298 Ecclesiam
1419 3245 1631 3312 (Matth.
1662 3243 1792 3313 xvr).

311 3340 435 3394 XIII.
464 3341 718 3394 Rursum
756 3338 824 3392 de
859 3354 1048 3392 errore
1097 3337 1243 3390 illius
1270 3337 1576 3407 Hesychius
1610 3336 1865 3391 Hieroso-

248 3433 518 3503 lymorum
553 3433 862 3503 presbyter,
901 3431 1285 3485 ecclesiasticae
1310 3431 1566 3484 IlistorizP,
1606 3429 1866 3500 scriptor,

250 3526 317 3580 ait
339 3544 350 3580 :
375 3529 448 3580 Ita
470 3525 780 3580 Photinum
809 3524 1003 3580 multis
1024 3529 1154 3579 ante
1185 3540 1282 3578 eos
1304 3524 1518 3577 saeculis
1546 3523 1870 3577 Theodorus

249 3619 467 3691 quidam
515 3619 802 3691 praecipue
848 3617 1102 3672 imitatus
1142 3622 1243 3686 est,
1285 3617 1596 3670 malitiosus
1636 3615 1869 3686 quidem

249 3713 504 3783 loquendi
537 3717 592 3768 et
617 3711 813 3782 lingua
831 3711 1238 3782 paratissimus,
1269 3714 1324 3764 et
1351 3710 1466 3780 ipse
1490 3713 1680 3763 tamen
1701 3709 1869 3762 insta-

248 3805 337 3860 bili
371 3808 683 3875 voluntate,
722 3805 820 3876 qui
860 3805 970 3859 huc
1000 3809 1055 3859 et
1086 3804 1218 3858 illuc
1246 3802 1523 3856 inclinans
1563 3801 1865 3856 ferebatur.

249 3900 542 3955 Clericatui
571 3900 723 3954 enim
744 3899 1094 3954 Antiocheno
1117 3915 1150 3950 a
1174 3897 1358 3968 prima
1380 3898 1544 3950 aetate
1563 3911 1871 3949 connume-

251 4000 416 4061 ratus,
450 4000 507 4050 et
539 3994 681 4048 bene
703 3992 1015 4047 conversari
1044 3990 1342 4062 pollicitus,
1371 3989 1440 4043 ad
1477 3989 1769 4042 saeculares
1797 3987 1866 4042 li-

251 4087 457 4142 bidines
478 4104 738 4142 reversus
755 4086 960 4141 iterum
982 4084 1382 4139 delectabatur.
1407 4084 1464 4136 In
1486 4081 1749 4135 omnibus
1765 4097 1867 4134 au—

251 4185 356 4235 tem
384 4182 548 4236 bonis
577 4180 860 4238 imitabilis
881 4184 935 4234 et
959 4180 1156 4233 beatus
1184 4178 1268 4231 vir
1291 4178 1534 4231 Joannes
1559 4175 1872 4230 Constanti-

251 4277 601 4346 n0politanus
628 4275 922 4346 episc0pus
943 4271 1164 4343 scripsit
1191 4271 1504 4342 epistolam,
1537 4286 1664 4342 qua:
1692 4285 1871 4340 usque

254 4370 428 4424 adhuc
456 4371 513 4424 in
543 4369 824 4423 codicibus
849 4368 1078 4438 legitur,
1109 4370 1166 4420 et
1193 4381 1224 4418 a
1251 4365 1443 4435 pejore
1474 4365 1546 4418 ad
1574 4362 1872 4418 meliorem

252 4464 630 4532 pcenitentiam
671 4479 802 4517 eum
848 4461 1150 4515 transferre
1193 4457 1516 4530 praevaluit;
1572 4460 1628 4510 et
1666 4455 1873 4510 iterum

1956 528 2196 595 virtutis,
2216 528 2313 599 qui
2343 528 2795 599 puriﬁcationem
2821 534 3146 584 nostrorum
3174 530 3312 586 fecit
3333 535 3586 602 peccato—

1956 639 2106 691 rum,
2148 627 2204 677 et
2227 622 2298 676 ad
2341 621 2630 676 dexteram
2658 625 2909 693 paternae
2947 624 3255 694 majestatis
3292 625 3578 694 consedit;

1957 717 2027 772 de
2052 733 2164 788 quo
2190 716 2259 770 ad
2299 715 2648 770 Colossenses
2687 716 2907 787 scripsit
2943 717 3175 788 epistola
3205 736 3218 771 :
3264 719 3416 785 Quod
3440 722 3498 774 in
3527 734 3584 774 eo

1957 813 2136 865 omnia
2156 815 2335 864 creata
2359 814 2504 871 sunt,
2531 826 2652 879 quae
2673 815 2798 864 sunt
2825 813 2883 864 in
2912 812 3053 865 ccrlis
3078 816 3128 865 et
3154 814 3209 865 in
3242 815 3417 876 terris,
3449 815 3582 868 visi-

1960 905 2091 958 bilia
2118 908 2168 959 et
2193 905 2513 965 invisibilia,
2554 904 2698 973 quod
2728 921 2828 974 per
2879 920 2996 958 eum
3027 910 3209 959 creata
3250 911 3376 960 sunt
3405 909 3587 961 omnia

1961 998 2177 1068 [001033.
2221 999 2283 1068 1],
2339 998 2493 1050 hunc
2555 1014 2672 1051 non
2727 998 3080 1052 incarnatum
3118 999 3400 1066 Verbum,
3443 999 3586 1053 sicut

1961 1090 2296 1161 evangelicis
2325 1091 2553 1144 vocibus
2580 1091 2758 1146 edocti
2787 1108 3000 1160 sumus,
3031 1093 3128 1146 sed
3165 1093 3455 1147 hominem
3482 1108 3586 1164 per

1959 1185 2089 1238 vita;
2115 1184 2539 1256 provectionem
2566 1188 2621 1239 et
2647 1185 2975 1255 passionum
3015 1185 3417 1256 perfectionem
3448 1202 3582 1240 con-

1953 1278 2218 1348 junctum
2248 1279 2357 1332 Deo
2394 1277 2594 1347 Verbo,
2629 1277 2849 1349 scripsit
2875 1279 3076 1332 stultus
3113 1278 3171 1332 in
3208 1279 3490 1334 omnibus.
3519 1279 3586 1332 Et

1961 1372 2084 1426 haec
2111 1372 2168 1425 in
2198 1371 2444 1442 mysticis
2473 1372 2826 1426 sermonibus
2854 1389 3020 1425 ausus
3053 1376 3155 1427 est.

2032 1466 2155 1519 XIV.
2205 1465 2410 1519 Contra
2453 1480 2671 1520 errores
2711 1464 2962 1535 ejusdem
2997 1465 3305 1533 Theodori,
3338 1465 3444 1535 piae
3491 1483 3580 1520 re-

1960 1557 2301 1613 cordationis
2327 1558 2669 1612 Theodosius
2710 1563 2765 1611 et
2795 1558 3210 1612 Valentinianus
3235 1560 3423 1628 legem
3452 1575 3583 1629 pro-

1961 1653 2299 1723 mulgantes,
2319 1651 2614 1722 inquiunt:
2645 1652 2894 1706 Debitam
2922 1670 2953 1704 a
2978 1652 3142 1706 nobis
3168 1652 3587 1707 venerationem

1959 1747 2232 1818 piissimae
2261 1745 2529 1799 doctrinae
2559 1746 2873 1813 reddentes,
2905 1762 3000 1798 eos
3026 1745 3124 1815 qui
3155 1745 3274 1799 ausi
3294 1751 3425 1800 sunt
3450 1762 3586 1800 con-

1963 1845 2049 1894 tra
2077 1842 2255 1894 Deum
2299 1839 2472 1909 impie
2503 1839 2874 1907 conscribere,
2908 1839 3110 1892 debitae
3136 1839 3590 1894 condemnationi

1961 1934 2252 2004 subjicere,
2289 1937 2345 1987 et
2379 1932 2702 1985 nominibus
2740 1932 2925 2002 dignis
2950 1931 3134 1986 vocari
3167 1938 3424 2003 oportere
3467 1933 3587 1988 exi-

1963 2027 2336 2081 stimavimus.
2353 2027 2575 2080 Justum
2595 2025 2771 2096 igitur
2790 2025 3129 2079 circumdari
3149 2042 3242 2079 eos
3259 2025 3587 2080 confusione

1963 2137 2192 2175 suorum
2210 2124 2586 2190 peccatorum,
2615 2124 2671 2172 et
2691 2119 2749 2172 in
2769 2118 2869 2173 tali
2889 2119 3156 2173 vocabulo
3175 2135 3508 2190 permanere
3527 2119 3588 2174 in

1964 2219 2262 2282 aeternum,
2293 2217 2575 2284 quatenus
2602 2229 2705 2266 nec
2734 2211 2838 2265 vivi
2859 2212 3186 2281 liberentur,
3211 2218 3266 2266 et
3287 2217 3407 2282 post
3433 2229 3586 2267 mor-

1964 2313 2078 2361 tem
2099 2311 2468 2378 permaneant
2487 2306 2810 2376 contempti.
2839 2306 3014 2376 Igitur
3041 2305 3294 2360 doctrina
3309 2305 3590 2360 Theodori

1965 2406 2022 2456 et
2053 2401 2290 2456 Nestorii
2329 2401 2636 2471 impiorum
2665 2406 2721 2454 et
2748 2400 3140 2470 pestiferorum
3177 2399 3292 2453 visa
3318 2404 3401 2454 est
3425 2399 3589 2454 nobis

1964 2494 2339 2548 abominanda
2368 2511 2486 2548 esse
2517 2512 2530 2548 :
2562 2493 2820 2548 similiter
2846 2499 3036 2548 autem
3066 2499 3121 2547 et
3148 2510 3344 2548 omnes
3376 2493 3472 2564 qui
3499 2508 3587 2547 se-

1965 2594 2219 2659 quuntur
2242 2604 2440 2641 eorum
2467 2603 2737 2655 errorem,
2777 2591 2832 2642 et
2865 2588 3224 2642 consentiunt
3253 2604 3450 2642 eorum
3477 2587 3588 2640 im-

1965 2681 2184 2752 pietati,
2209 2682 2431 2750 justum
2460 2687 2541 2735 est
2561 2683 2712 2751 ipsos
2733 2682 2992 2736 eamdem
3014 2681 3458 2734 nominationem
3477 2697 3592 2734 me-

1965 2775 2096 2841 reri,
2132 2779 2186 2828 et
2214 2775 2600 2829 confusionem
2647 2775 2829 2843 indui,
2874 2777 2938 2827 ut
2982 2791 3095 2828 non
3129 2773 3451 2842 Christiani,
3492 2773 3590 2828 sed

1966 2867 2275 2922 Nestoriani
2303 2868 2704 2935 nominentur;
2739 2885 2808 2921 ne
2831 2909 2844 2934 ,
2876 2867 3010 2920 dum
3038 2867 3405 2920 nominantur
3427 2867 3590 2921 Chri-

1967 2961 2152 3027 stiani,
2183 2978 2251 3016 ex
2282 2961 2403 3030 ipso
2434 2960 2796 3014 inveniantur
2825 2961 3068 3015 decorati
3094 2960 3391 3026 vocabulo,
3423 2960 3594 3031 longe

1968 3053 2259 3108 constituti
2304 3071 2336 3106 a
2380 3052 2824 3106 Christianorum
2867 3052 3178 3124 proposito,
3208 3057 3263 3106 et
3303 3053 3527 3107 alienati
3560 3069 3594 3107 a

1969 3151 2119 3201 recta
2138 3152 2192 3200 et
2211 3146 2578 3200 immaculata
2600 3146 2730 3200 fide.
2753 3148 2818 3200 Et
2839 3150 2960 3216 post
2980 3163 3184 3216 pauca:
3219 3147 3272 3201 Si
3294 3146 3418 3217 quis
3445 3163 3592 3216 prae-

1968 3240 2182 3294 terierit
2227 3245 2563 3310 praesentem
2606 3245 2858 3294 nostram
2902 3239 3269 3306 sanctionem,
3311 3244 3376 3294 ut
3413 3241 3594 3294 Theo-

1969 3334 2105 3388 doro
2128 3336 2183 3387 et
2204 3334 2452 3387 Nestorio
2473 3334 2788 3400 assenserit,
2811 3338 2866 3387 et
2895 3333 3122 3386 illorum
3148 3333 3326 3386 socios
3345 3331 3595 3386 imitatus

1967 3426 2158 3493 fuerit,
2195 3430 2320 3495 post
2360 3425 2532 3496 gladii
2572 3425 2852 3480 ultionem
2897 3425 3084 3478 omnis
3127 3425 3247 3494 ejus
3286 3424 3598 3478 substantia

1970 3519 2100 3572 ﬁsco
2125 3518 2436 3572 addicatur.
2471 3519 2736 3587 (Rursum
2779 3521 2971 3570 contra
3013 3533 3231 3571 errores
3271 3517 3441 3583 illius,
3489 3516 3595 3586 piae

1969 3610 2377 3665 recordationis
2388 3609 2733 3664 Theodosius
2753 3613 2809 3664 et
2831 3609 3246 3664 Valentinianus
3265 3610 3451 3680 legem
3471 3626 3598 3680 pro-

1970 3705 2309 3774 mulgantcs,
2340 3703 2606 3774 inquiunt
2639 3719 2651 3756 :
2685 3704 2860 3757 Nemo
2891 3703 3128 3772 habeat,
3157 3708 3255 3757 aut
3297 3703 3469 3773 legat,
3499 3706 3598 3756 aut

1971 3799 2194 3864 scribat,
2223 3801 2322 3851 aut
2347 3797 2596 3868 proferat
2625 3796 2964 3866 Nestorium,
2990 3813 3087 3850 seu
3115 3796 3265 3850 illius
3291 3797 3487 3864 libros,
3511 3796 3596 3850 vel

1970 3893 2198 3948 Codices
2229 3891 2460 3946 omnino
2494 3891 2719 3945 inutiles
2749 3891 3060 3962 [nocibiles]
3084 3909 3099 3960 ;
3140 3891 3226 3945 vel
3253 3890 3428 3962 ipsius
3458 3892 3595 3945 Nes-

1969 3986 2120 4053 torii,
2152 3986 2236 4040 vel
2265 3985 2516 4049 alterius,
2549 3988 2605 4040 et
2630 3985 2876 4039 maxime
2904 3985 3141 4040 Nestorii
3166 3985 3429 4039 adversus
3452 3985 3598 4039 solos

1969 4080 2316 4134 Christianos
2341 4078 2678 4149 conscripta,
2706 4083 2804 4133 aut
2829 4079 3104 4134 Theodori
3133 4095 3146 4133 :
3176 4079 3272 4134 sed
3302 4079 3600 4149 unusquis-

1971 4191 2081 4245 que
2110 4173 2322 4228 habens
2349 4173 2488 4228 tales
2532 4172 2784 4241 Codices,
2816 4172 3038 4243 publice
3075 4171 3202 4226 illos
3229 4172 3498 4243 proferat,
3543 4174 3600 4224 et

1970 4266 2031 4320 in
2055 4271 2356 4336 conspectu
2383 4264 2642 4321 omnium
2672 4264 2789 4335 igni
2818 4263 3042 4330 tradat.)

2044 4361 2147 4414 XV.
2177 4361 2243 4414 Et
2269 4360 2315 4412 si
2355 4360 2539 4413 adhuc
2565 4358 2801 4412 fortasse
2831 4362 2956 4427 post
2990 4362 3072 4412 tot
3095 4356 3340 4427 prolatas
3367 4358 3596 4410 Patrum

1973 4457 2166 4507 contra
2204 4453 2367 4505 illum
2404 4451 2708 4506 sententias
2753 4455 2935 4504 vestra
2978 4449 3316 4504 Fraternitas
3360 4449 3597 4517 dubitat,

254 4555 383 4612 bene
410 4556 748 4624 conversari,
795 4556 1003 4610 iterum
1046 4555 1105 4607 in
1139 4552 1404 4607 clericatu
1431 4565 1548 4604 esse
1589 4548 1774 4619 coepit.
1806 4550 1948 4623 EtD
1971 4544 2302 4600 Theodoreti
2331 4545 2501 4598 libros
2526 4545 2695 4614 legat,
2728 4543 2788 4598 in
2815 4544 3022 4614 quibus
3050 4543 3186 4597 dum
3213 4546 3404 4597 contra
3429 4542 3602 4613 Cyril-

254 4651 542 4705 Antiochia
603 4649 816 4716 relicta,
881 4649 939 4702 in
991 4649 1228 4706 Tarsum
1281 4643 1738 4714 transmigravit,
1804 4658 1873 4696 ex

255 4759 358 4813 qua
421 4745 479 4799 in
544 4742 935 4815 Mopsuestiam
997 4740 1263 4808 transiit,
1331 4737 1621 4791 ordinatus
1685 4735 1744 4789 in
1807 4752 1875 4790 ea

255 4838 562 4910 episc0pus,
618 4837 872 4892 nondum
931 4836 1043 4890 Deo
1080 4834 1302 4888 volente
1352 4831 1710 4885 manifestam
1762 4829 1872 4883 im-

257 4911 470 5000 pietatis
527 4931 678 4984 illius
733 4927 1192 5001 praedicationem
1249 4924 1390 4980 fieri.
1443 4925 1630 4979 Prima
1683 4928 1873 4978 autem

255 5024 528 5080 elementa
555 5041 669 5079 sum
697 5023 964 5078 doctrinae
998 5038 1066 5076 ex
1094 5020 1322 5075 Iudaico
1365 5017 1685 5089 vaniloquio
1732 5015 1872 5070 inci-

256 5118 425 5188 piens,
442 5119 702 5173 Codicem
716 5117 772 5171 in
785 5116 1141 5188 prophetiam
1158 5115 1506 5185 psalmorum
1517 5109 1871 5180 conscripsit,

259 5228 442 5268 omnes
464 5214 531 5268 de
558 5212 796 5266 Domino
830 5209 1264 5281 praedicationes
1293 5207 1516 5275 [Forsan
1552 5203 1887 5274 priedictio-_

260 5308 367 5376 nes]
402 5307 810 5377 abnegantem:
837 5304 1094 5374 culpatus
1114 5318 1243 5356 vero
1263 5303 1320 5355 et
1350 5298 1714 5371 periclitatus,
1736 5313 1870 5350 con-

260 5401 419 5454 traria
435 5401 537 5455 sibi
563 5399 718 5465 dixit,
732 5414 846 5452 non
863 5414 932 5452 ex
954 5397 1261 5462 voluntate,
1285 5393 1381 5448 sed
1402 5391 1722 5463 compulsus
1749 5406 1872 5444 om-

266 5493 414 5548 nium
439 5492 840 5566 querimoniis;
864 5494 920 5546 et
945 5490 1203 5546 Codicem
1228 5488 1414 5559 ipsum
1441 5486 1624 5540 delere
1654 5482 1872 5555 pollici-

263 5590 363 5656 tus,
392 5588 624 5642 latenter
668 5584 1041 5642 conservabat
1083 5581 1329 5638 Judaica:
1374 5577 1678 5650 impietatis
1710 5576 1873 5632 viati-

266 5695 403 5736 cum.
432 5682 500 5736 Et
523 5684 647 5753 post
688 5696 902 5753 pauca:
935 5677 1222 5734 Christum
1251 5673 1404 5729 enim
1431 5674 1622 5728 Jesum
1654 5671 1876 5743 generis

271 5774 432 5830 nostri
476 5775 814 5831 Salvatorem
859 5777 914 5828 et
955 5769 1259 5827 Dominum
1306 5770 1494 5838 (quem
1522 5766 1877 5837 splendorem

273 5873 503 5935 paternae
531 5869 722 5943 gloria:
748 5873 803 5930 et
827 5865 1139 5939 imaginem
1174 5859 1504 5922 substantiae
1544 5859 1749 5918 Paulus
1776 5875 1874 5918 vo-

1973 4641 2094 4694 lnm
2143 4638 2536 4693 Alexandrina:
2582 4637 2740 4692 urbis
2784 4637 3093 4692 antistitem
3137 4654 3267 4692 eum
3304 4636 3602 4692 defendere

1973 4733 2196 4801 nititur,
2226 4731 2410 4786 verius
2453 4735 2696 4800 accusat,
2744 4731 2976 4786 dicens:
3012 4751 3038 4783 «
3078 4731 3603 4802 lnterpretationem

1973 4828 2216 4900 Cyrillus
2241 4830 2460 4880 accusat
2489 4825 2671 4880 octavi
2698 4826 2918 4897 psalmi,
2965 4829 3018 4880 et
3054 4825 3243 4896 arguit
3269 4825 3390 4878 haec
3436 4824 3605 4879 verba

1975 4919 2438 4976 diviniTheodori
2462 4936 2474 4974 :
2498 4919 2929 4975 Consideremus
2950 4919 3142 4990 igitur,
3166 4918 3293 4989 quis
3312 4923 3394 4972 est
3406 4919 3602 4987 homo,

1976 5015 2043 5069 de
2069 5031 2182 5086 quo
2213 5013 2482 5084 stupescit
2496 5018 2550 5068 et
2566 5013 2808 5067 miratur
2828 5012 2978 5084 quod
2998 5011 3324 5083 unigenitus
3341 5010 3606 5082 dignatus

1975 5113 2059 5162 est
2081 5108 2202 5179 ejus
2230 5107 2567 5161 memoriam
2595 5112 2651 5161 et
2677 5105 3051 5161 visitationem
3078 5105 3280 5159 facere.
3320 5105 3425 5160 Sed
3455 5105 3606 5176 quod

1975 5201 2209 5273 quidem
2237 5218 2350 5256 non
2380 5201 2592 5255 dictum
2622 5200 2789 5254 estde
2815 5199 2972 5253 omni
2991 5199 3240 5268 homine,
3261 5199 3321 5253 in
3348 5199 3602 5270 superio-

1977 5295 2131 5350 ribus
2157 5297 2606 5350 demonstratum
2637 5298 2750 5361 est;
2784 5294 2935 5364 quod
2963 5298 3154 5348 autem
3197 5292 3333 5362 [Al.,
3372 5294 3496 5363 nec]
3537 5293 3606 5347 de

1975 5406 2090 5444 uno
2117 5389 2387 5462 quolibet,
2417 5392 2474 5442 et
2500 5388 2605 5441 hoc
2645 5391 2864 5441 certum
2894 5392 2994 5443 est.
3047 5408 3073 5435 »
3116 5387 3388 5442 Deductas
3415 5387 3605 5457 itaque

1975 5487 2059 5538 tot
2086 5484 2322 5538 testibus
2348 5479 2722 5550 blasphemias
2754 5481 2854 5535 has
2884 5481 3004 5551 ejus
3035 5498 3150 5536 esse
3187 5481 3314 5552 quis
3349 5478 3604 5534 dubitat?

1977 5578 2044 5631 Et
2071 5575 2238 5632 tantis
2261 5573 2630 5646 blasphemiis
2656 5573 2806 5629 illius
2827 5575 3085 5646 cognitis,
3101 5591 3232 5629 eum
3264 5574 3602 5627 damnatum

1969 5670 2099 5742 jure
2125 5668 2253 5741 quis
2279 5668 2486 5740 neget?

2047 5763 2176 5818 XVI.
2206 5762 2459 5817 Discusso
2480 5778 2618 5835 ergo
2637 5761 2822 5832 primo
2848 5761 2917 5816 de
2938 5757 3217 5815 Theodori
3244 5754 3604 5811 damnatione

1979 5855 2244 5932 capitulo,
2290 5873 2440 5916 nunc
2486 5856 2557 5914 ad
2598 5856 2747 5914 dicta
2785 5852 3035 5924 episton
3072 5846 3403 5910 Theodoreti
3453 5849 3603 5922 [lbae]
