4058 6190
402 294 495 349 73I

1772 295 2033 353 PELAGII
2080 294 2270 351 ΡΑΡΔΞ
2317 293 2363 350 Il

3658 292 3764 350 732

400 399 720 474 indaganda
758 407 1128 473 transeamus,
1172 405 1333 478 cujus
1370 410 1486 462 tota
1527 406 1699 463 series
1724 406 2028 462 siaolerter
2048 417 2106 490 Α
2126 407 2216 459 cta
2240 402 2487 475 synodus
2512 404 2684 457 tanta:
2706 399 2962 458 falsitatis
2987 400 3203 458 crimen
3232 399 3525 456 sustineat.
3548 400 3763 457 Vestra

400 496 689 567 aspicitur,
713 503 918 553 sanctae
939 499 1372 555 Chalcedonensi
1391 501 1602 573 synodo
1621 518 1792 573 quam
1820 500 1893 555 sit
1925 502 2024 557 ad-

397 604 561 645 versa
582 595 865 661 pensatur.
902 592 961 646 In
998 593 1166 663 gestis
1195 610 1441 667 namque
1468 595 1722 667 ejusdem
1749 596 1949 667 synodi
1974 601 2030 652 et

400 684 620 755 scriptis
631 684 829 738 Leonis
841 685 1081 756 Cyrillus
1095 688 1453 759 prmdicatur;
1468 689 1526 744 in
1540 689 1773 762 epistola
1782 706 1916 744 vero
1933 690 2028 745 illa

400 777 732 831 Theodoreti
755 778 821 849 (a)
844 779 1077 850 Cyrillus
1097 780 1157 835 in
1176 783 1515 853 Apollinaris
1537 784 1745 855 dogma
1760 799 2028 839 corruens

398 868 759 939 reprobatur;
789 872 1057 944 scriptum
1083 874 1295 947 quippe
1314 876 1373 931 in
1388 893 1455 932 ea
1474 881 1590 933 est:
1614 897 1642 929 «
1666 878 1905 950 Cyrillus
1921 894 2025 932 au-

397 966 512 1017 tem
538 963 707 1019 libros
728 966 964 1022 Nestorii
979 969 1168 1024 volens
1195 970 1502 1041 destruere,
1534 973 1721 1044 lapsus
1747 977 1829 1027 est
1855 976 1911 1027 et
1934 972 2024 1027 in-

398 1060 599 1110 ventus
636 1063 722 1114 est
757 1060 816 1115 in
858 1063 1195 1133 Apollinaris
1225 1066 1432 1138 dogma
1456 1067 1678 1122 cadens.
1709 1086 1737 1119 »
1769 1067 1829 1120 In
1858 1067 2027 1138 gestis

399 1149 685 1207 Nestorius
737 1159 803 1209 ut
843 1157 1239 1230 Redemptoris
1286 1160 1467 1217 nostri
1505 1160 1856 1216 adversarius
1896 1160 2025 1231 jure

396 1241 699 1300 damnatus
743 1250 1088 1322 ostenditur;
1135 1253 1319 1308 verbis
1376 1270 1509 1309 vero
1561 1255 1809 1325 epistola:
1863 1254 2023 1309 dam-

395 1341 562 1400 natus
586 1338 793 1416 injuste
827 1349 1192 1402 memoratur.
1234 1348 1324 1403 Sic
1349 1347 1561 1419 quippe
1593 1347 1655 1401 in
1681 1364 1746 1402 ea
1771 1347 1979 1402 dicitur
2006 1366 2020 1402 :

400 1461 428 1488 ‹‹
455 1440 777 1511 Antequam
797 1441 857 1496 in
882 1443 1097 1513 synodo
1124 1441 1419 1501 adveniret
1440 1441 1942 1496 reverendissimus
1961 1457 2025 1494 ac

398 1534 781 1589 sanctissimus
807 1536 1262 1608 archiepiscopus
1287 1537 1529 1589 Joannes
1553 1577 1567 1603 ,
1604 1534 1928 1589 Nestorium
1956 1550 2026 1588 ex

397 1622 718 1693 episcopatu
749 1624 1158 1694 deposuerunt,
1183 1625 1399 1695 judicio
1426 1628 1484 1679 et
1516 1624 1879 1696 inquisitione
1910 1641 2025 1679 non

397 1714 560 1770 facta.
594 1736 622 1765 ››
649 1718 711 1770 In
739 1717 908 1787 gestis
931 1718 1125 1788 synodi
1152 1718 1212 1772 in
1243 1718 1342 1772 Dei
1372 1723 1429 1773 et
1454 1718 1678 1773 Domini
1708 1718 1887 1773 nostri
1912 1735 2025 1772 una

2124 495 2256 552 ﬁdei
2300 496 2741 552 fundamentum
2789 499 3072 565 tenemus,
3103 512 3177 551 ne
3229 498 3530 567 postquam
3568 500 3764 550 sancta

2126 589 2312 662 prima
2374 589 2655 661 Ephesina
2716 590 2963 662 synodus
3012 589 3175 663 quasi
3225 588 3438 644 venalis
3473 588 3760 659 arguitur,

2124 682 2595 739 Chalcedonensis
2636 684 2808 739 etiam
2855 683 3025 755 (quod
3061 684 3220 755 absit)
3270 682 3436 754 culpa
3476 682 3766 738 varietatis

2125 780 2389 833 notetur:
2420 794 2550 849 quas
2571 782 2635 833 ut
2660 778 2722 832 in
2747 777 2932 833 verbis
2957 777 3071 833 suis
3096 784 3323 850 quantae
3344 780 3417 835 sit
3440 776 3766 834 concordia

2125 871 2354 939 clareat,
2376 886 2603 926 necesse
2629 876 2712 926 est
2741 876 2803 927 ut
2827 877 3012 927 vestra
3033 872 3376 929 Fraternitas
3397 873 3494 928 ubi
3519 872 3593 927 sit
3610 887 3766 926 com-

2125 964 2279 1037 pleta
2304 968 2625 1036 cognoscat.
2670 965 2878 1021 Omnes
2905 982 3153 1037 namque
3196 966 3489 1034 novimus,
3521 965 3676 1037 quod
3701 965 3764 1020 in

2124 1058 2335 1130 synodo
2361 1075 2656 1131 nunquam
2684 1075 2930 1114 canones
2951 1102 2966 1129 ,
2990 1060 3102 1114 nisi
3140 1060 3384 1131 peractis
3411 1058 3761 1114 deﬁnitioni-

2122 1152 2231 1206 bus
2257 1151 2408 1222 ﬁdei,
2436 1152 2539 1206 nisi
2568 1152 2830 1224 perfectis
2850 1152 3208 1225 synodalibus
3233 1152 3405 1224 gestis
3420 1153 3758 1218 habeantur,

2125 1248 2189 1300 ut
2217 1248 2435 1300 servato
2459 1245 2655 1301 ordine
2688 1262 2821 1300 cum
2847 1245 3004 1317 prius
3030 1246 3275 1317 synodus
3298 1246 3371 1301 ad
3395 1246 3567 1300 ﬁdem
3590 1245 3764 1299 corda

2126 1339 2385 1408 aediﬁcet,
2413 1344 2548 1394 tunc
2573 1356 2676 1411 per
2698 1340 2925 1411 regulas
2957 1356 3245 1394 canonum
3279 1356 3469 1395 mores
3495 1339 3761 1394 Ecclesiae

2123 1435 2393 1504 actusque
2414 1433 3011 1505 componat.Vigilanti
3023 1449 3159 1504 ergo
3177 1449 3313 1488 cura
3328 1432 3613 1504 respicite,
3631 1448 3762 1503 qua:

2122 1526 2183 1580 in
2210 1531 2361 1581 sexta
2392 1526 2547 1581 illius
2572 1526 2797 1581 actione
2821 1531 3027 1581 sanctae
3049 1526 3179 1582 ﬁdei
3208 1527 3480 1597 professio
3502 1542 3765 1581 consum-

2122 1626 2349 1688 matur;
2392 1636 2639 1692 moxque
2680 1620 2742 1673 in
2785 1619 3029 1690 septima
3074 1620 3144 1675 ad
3191 1620 3609 1675 institutionem
3638 1621 3766 1691 jam

2123 1713 2377 1768 ﬁdelium
2407 1715 2604 1786 regula
2642 1730 2925 1768 canonum
2964 1713 3181 1785 ﬁgitur.
3221 1714 3593 1768 Ulterioribus
3629 1732 3765 1770 vero

398 1825 641 1880 persona
670 1809 808 1864 duas
850 1816 1080 1865 naturas
1112 1812 1351 1882 Cyrillus
1370 1812 1656 1867 confessus
1676 1812 2025 1881 ostenditur;
2049 1795 2105 1868 Β
2128 1807 2440 1862 actionibus
2462 1807 2607 1861 nihil
2635 1808 2704 1861 de
2731 1823 2896 1861 causa
2918 1806 3070 1877 ﬁdei,
3112 1807 3209 1862 sed
3241 1807 3359 1862 Sola
3381 1809 3615 1879 negotia
3642 1809 3763 1879 pri-

398 1902 458 1956 in
481 1901 669 1957 Verbis
693 1903 945 1974 epistolas
962 1920 1137 1958 unam
1157 1909 1419 1959 naturam
1444 1906 1667 1960 tradere
1693 1905 1917 1974 dicitur,
1942 1910 2028 1960 at-

398 2011 509 2067 que
534 1995 604 2049 ab
628 1996 734 2050 hoc
767 2013 936 2051 sensu
967 2002 1258 2069 correptus
1286 1999 1379 2054 vix
1414 1998 1719 2070 resipuisse
1743 2003 2025 2053 narratur.

398 2090 461 2143 In
483 2088 653 2161 gestis
674 2090 876 2161 synodi
894 2091 1403 2147 anathematizatus
1418 2092 1701 2148 Nestorius
1714 2093 1884 2147 etiam
1908 2097 2031 2163 post

399 2187 648 2237 mortem
674 2183 909 2253 dicitur;
956 2185 1013 2239 in
1044 2185 1229 2241 verbis
1261 2202 1394 2240 vero
1424 2186 1673 2257 epistolas
1708 2187 1878 2241 etiam
1903 2189 2032 2258 post

397 2276 807 2347 depositionem
838 2295 1020 2348 suam,
1044 2296 1147 2351 pro
1171 2281 1290 2335 solo
1310 2279 1517 2334 civium
1547 2294 1781 2334 suorum
1807 2280 1936 2335 odio
1957 2279 2029 2335 ad

398 2368 679 2424 civitatem
718 2389 876 2426 suam
905 2389 1018 2426 non
1058 2372 1267 2427 redisse
1305 2373 1657 2444 perhibetur.
1689 2373 1775 2428 Sic
1818 2373 2031 2445 quippe

398 2463 513 2519 illic
532 2465 805 2537 scriptum
827 2472 910 2521 est
933 2486 946 2521 :
977 2488 1005 2519 «
1030 2468 1313 2523 Nestorius
1332 2474 1521 2523 autem
1543 2468 1675 2540 quia
1693 2468 1753 2523 in
1774 2485 1890 2523 suae
1911 2472 2029 2524 erat

398 2556 528 2610 odio
554 2557 810 2628 civitatis,
834 2563 889 2614 et
911 2560 1164 2615 virorum
1184 2562 1282 2632 qui
1301 2561 1359 2615 in
1383 2577 1447 2615 ea
1467 2567 1598 2616 sunt
1622 2561 2025 2632 maximorum,

400 2649 528 2704 illuc
554 2652 756 2706 reverti
782 2669 896 2707 non
922 2654 1129 2725 potuit.
1165 2673 1191 2705 »
1229 2656 1289 2709 In
1323 2655 1491 2727 gestis
1518 2672 1582 2709 ac
1608 2654 2030 2725 deﬁnitionibus

398 2745 596 2814 synodi
632 2762 781 2801 unus
820 2748 991 2802 Filius
1020 2749 1177 2803 Jesus
1213 2749 1469 2803 Christus
1507 2748 1711 2802 dicitur
1724 2767 1740 2818 ;
1773 2754 1831 2804 at
1863 2749 2029 2819 juxta

384 2836 711 2893 “doctrinam
738 2841 1017 2895 Theodori
1050 2846 1221 2914 atque
1255 2842 1493 2897 Nestorii
1520 2843 1664 2896 Deus
1692 2844 1929 2897 tacetur.
1964 2843 2030 2896 Et

396 2928 457 2983 in
488 2932 657 3000 gestis
681 2934 879 3003 synodi
905 2951 1187 3005 nusquam
1208 2935 1533 2990 Theodorus
1557 2935 1808 2989 veritatis
1835 2935 2029 2989 doctor

398 3020 632 3090 dicitur;
656 3024 713 3078 in
732 3026 915 3080 verbis
933 3043 1065 3082 vero
1088 3028 1337 3098 epistolae
1366 3028 1538 3097 idem,
1571 3028 1732 3098 cujus
1761 3028 2026 3099 blasphe-

398 3113 540 3169 mias
586 3134 759 3189 supra
803 3120 1164 3190 protulimus,
1193 3120 1442 3176 veritatis
1475 3121 1669 3175 doctor
1706 3121 2023 3177 clamatur:

395 3209 495 3278 qui
526 3209 800 3265 nimirum
825 3212 872 3265 si
909 3229 1040 3267 vera
1071 3213 1233 3281 dixit,
1261 3213 1405 3268 falsa
1437 3219 1605 3268 erunt
1631 3230 1759 3285 qua:
1785 3214 1854 3269 de
1880 3214 2027 3269 veri-

396 3305 507 3357 tate
538 3305 785 3375 synodus
811 3306 1066 3376 protulit.
1098 3307 1360 3378 Quisquis
1386 3307 1564 3378 igitur
1602 3308 1701 3379 qui
1739 3307 2030 3379 epistolam

393 3412 523 3469 quaa
552 3398 660 3453 Iba:
687 3398 910 3467 dicitur,
938 3401 1233 3456 ostendere
1261 3401 1412 3473 quod
1440 3401 1512 3456 sit
1549 3401 1619 3456 de
1655 3402 1867 3473 synodo
1894 3402 2028 3456 niti-

392 3497 505 3559 tur,
536 3493 674 3564 quid
702 3494 855 3549 aliud
881 3511 1053 3566 quam
1073 3499 1229 3566 gesta
1249 3495 1503 3566 ejusdem
1522 3495 1719 3567 synodi
1739 3495 2033 3553 destruere

394 3588 663 3641 conatur?
711 3587 767 3643 Si
814 3589 968 3643 enim
1017 3588 1377 3658 sibimetipsis
1420 3588 1636 3644 diversa
1682 3593 1833 3658 sunt,
1877 3589 2032 3642 nulla

394 3680 591 3749 procul
621 3680 792 3735 dubio
818 3683 1149 3737 auctoritate
1177 3681 1500 3751 subsistant,
1525 3683 1659 3754 quia
1677 3699 1807 3753 quae
1834 3698 1892 3737 se
1918 3682 2027 3736 im-

395 3773 703 3842 pugnando
733 3773 1052 3843 destruunt,
1099 3776 1235 3829 alios
1262 3776 1539 3830 tediﬁcare
1583 3792 1696 3830 non
1718 3780 1977 3847 possunt
2010 3795 2028 3831 :

396 3864 441 3918 si
468 3865 827 3936 sibimetipsis
850 3867 1071 3921 diversa
1098 3872 1248 3937 sunt,
1270 3869 1427 3922 nulla
1452 3868 1719 3924 ﬁrmitate
1740 3870 2027 3924 convales-

397 3962 552 4024 cunt,
572 3958 809 4012 Domino
822 3964 1116 4015 attestante
1132 3960 1232 4032 qui
1244 3961 1351 4015 ait:
1384 3965 1625 4031 Regnum
1646 3965 1702 4016 in
1718 3978 1773 4016 se
1798 3964 2032 4017 divisum

398 4066 505 4105 non
532 4052 701 4106 stabit
730 4052 871 4121 (Luc.
900 4053 997 4124 x1).
1021 4052 1129 4108 Sed
1152 4053 1299 4108 absit
1318 4054 1444 4123 hoc,
1468 4054 1612 4108 absit
1641 4054 1712 4108 ab
1737 4055 1831 4109 illo
1860 4072 2030 4110 vene-

396 4144 573 4198 rando
599 4145 863 4216 concilio,
915 4150 980 4200 ut
1025 4145 1249 4201 sibimet
1292 4146 1572 4200 contraria
1606 4147 1817 4217 sapiat;
1860 4152 1915 4202 et
1945 4149 2032 4203 vel

398 4237 692 4309 snperiora
723 4238 1195 4310 subsequentibus
1223 4239 1498 4294 discordia
1529 4240 1810 4311 praeferat,
1838 4242 1925 4295 vel
1952 4242 2034 4296 in-

396 4330 605 4386 feriora
634 4333 1082 4402 praecedentibus
1119 4332 1524 4405 impugnatura
1550 4334 1877 4405 subjungat.
1900 4335 2033 4393 San-

394 4428 483 4479 cta
530 4425 685 4480 enim
727 4427 886 4496 ﬁdes,
935 4443 1063 4498 quae
1101 4443 1218 4482 uno
1255 4427 1369 4482 illic
1411 4427 1613 4499 spiritu
1654 4432 1883 4500 accepta
1923 4432 2028 4498 est,

2048 3164 2102 3239 C

2127 1904 2250 1955 vata
2280 1905 2593 1956 versantur.
2616 1900 2779 1965 Quod
2804 1916 2936 1955 cum
2968 1900 3321 1973 responsales
3340 1902 3508 1955 vestri
3532 1902 3612 1955 ita
3641 1919 3768 1957 esse

2128 1994 2503 2065 ambigerent,
2532 2010 2683 2049 curm
2708 1994 2869 2050 nobis
2907 1994 3017 2049 fuit
3048 2010 3118 2048 ex
3158 1994 3393 2065 prolatis
3426 1995 3623 2050 multis
3654 1996 3766 2050 hoc

2128 2087 2421 2144 Codicibus
2447 2088 2854 2143 demonstrare.
2895 2088 3004 2142 Nos
3027 2093 3219 2143 tamen
3252 2088 3356 2143 hac
3394 2089 3464 2144 de
3508 2105 3571 2144 re
3610 2106 3763 2144 nun-

2128 2198 2300 2253 quam
2339 2182 2583 2237 dubitari
2607 2198 2769 2253 posse
2808 2181 3169 2251 credidimus,
3200 2181 3336 2254 quia
3363 2188 3419 2238 et
3448 2183 3650 2239 eadem
3674 2199 3763 2238 se-

2128 2275 2239 2330 ries
2266 2276 2343 2329 sic
2370 2291 2428 2329 se
2451 2275 2718 2344 insinuat,
2747 2278 2814 2330 ut
2836 2275 2989 2331 credi
3013 2275 3176 2330 aliter
3200 2276 3561 2332 contradicat.

2200 2370 2375 2425 XVIII.
2394 2369 2649 2423 Primum
2666 2368 2919 2441 quidem,
2936 2369 3072 2440 quia
3091 2368 3253 2441 (sicut
3265 2369 3480 2424 dictum
3499 2370 3603 2442 est)
3624 2370 3768 2425 dum

2128 2462 2359 2518 deﬁnita
2386 2461 2518 2517 ﬁdei
2543 2462 2742 2534 regula
2764 2462 2825 2516 in
2850 2462 3070 2517 actione
3084 2468 3243 2517 sexta
3264 2463 3601 2531 ostenditur,
3625 2465 3769 2519 ordo

2129 2572 2313 2611 causas
2374 2556 2616 2625 indicat,
2668 2560 2735 2610 ut
2770 2555 2832 2610 in
2868 2555 3087 2611 actione
3131 2556 3430 2627 subjuncta
3475 2573 3768 2612 canonum

2129 2650 2310 2705 forma
2335 2654 2687 2721 sequeretur.
2712 2650 3037 2705 Secundum
3063 2666 3194 2704 vero
3222 2656 3324 2719 est,
3344 2650 3479 2721 quia
3497 2655 3556 2705 et
3578 2652 3641 2706 in
3667 2668 3766 2706 ac-

2127 2743 2295 2798 tionis
2321 2748 2492 2797 sextae
2514 2743 2823 2798 terminum
2832 2743 2956 2816 jam
2970 2759 3251 2798 canonum
3272 2760 3470 2798 norma
3488 2745 3766 2816 praeliba-

2131 2839 2243 2905 tur,
2281 2836 2418 2891 dum
2443 2836 2557 2890 illic
2581 2853 2615 2890 a
2638 2837 2892 2908 principe
2921 2836 3332 2892 venerabilibus
3357 2824 3638 2910 episc0pis
3667 2838 3761 2893 di-

2130 2929 2305 2985 citur:
2329 2930 2530 3001 Aliqua
2562 2934 2695 2984 sunt
2726 2930 2997 3009 capitula,
3019 2946 3149 3002 quae.
3174 2931 3249 2985 ad
3265 2931 3543 2985 honorem
3563 2937 3770 2987 vestra:

2129 3023 2459 3078 reverentiae
2490 3023 2645 3077 vobis
2679 3023 3109 3093 reservavimus,
3132 3022 3352 3095 justum
3377 3025 3767 3080 existimantes

2129 3117 2251 3172 haec
2274 3133 2307 3170 a
2330 3116 2485 3171 vobis
2509 3116 2846 3188 regulariter
2869 3133 2972 3189 per
2997 3117 3223 3189 singula
3240 3118 3520 3187 synodum
3543 3118 3769 3173 ﬁrmari

2131 3210 2345 3283 [potius
2366 3227 2470 3282 per
2500 3210 2779 3282 synodum
2799 3210 3077 3280 formari],
3101 3216 3209 3265 etc.
3230 3210 3624 3266 Praalibatione
3653 3213 3764 3267 ita-

2129 3320 2241 3375 que
2267 3307 2440 3359 sextae
2464 3303 2697 3359 actionis
2731 3304 3049 3360 ostenditur
3082 3304 3215 3376 quia
3245 3304 3377 3375 jure
3411 3305 3768 3361 constitutio-

2129 3413 2230 3453 nes
2250 3414 2530 3452 canonum
2566 3414 2683 3452 non
2707 3396 2818 3452 nisi
2847 3397 2907 3452 in
2946 3397 3186 3468 septima
3210 3397 3590 3453 continentur.
3618 3400 3768 3463 Quid

2130 3491 2282 3546 enim
2308 3495 2601 3564 supererat
2619 3492 2769 3563 quod
2790 3491 3038 3562 perfecta
3056 3491 3188 3547 ﬁdei
3207 3492 3556 3563 professione
3575 3492 3762 3563 ﬁeret,

2128 3584 2237 3638 nisi
2260 3590 2326 3640 ut
2348 3585 2728 3657 quorumdam
2748 3584 3006 3640 ﬁdelium
3032 3585 3278 3640 actiones
3318 3585 3543 3640 illicitas
3571 3592 3767 3641 sancta

2129 3678 2375 3750 synodus
2409 3679 2611 3751 positis
2648 3678 2858 3751 regulis
2886 3678 3208 3750 judicaret?
3232 3679 3494 3743 Quamvis
3516 3680 3564 3734 si
3589 3680 3767 3735 soler-

2129 3776 2218 3826 ter
2239 3772 2562 3844 aspicimus,
2609 3788 2892 3827 canonum
2922 3772 3149 3844 regulas
3190 3772 3399 3844 positas
3442 3789 3582 3842 non,
3616 3774 3769 3829 sicut

2129 3871 2382 3937 putatur,
2411 3866 2469 3920 in
2498 3862 2756 3938 Septima,
2788 3867 2885 3921 sed
2910 3866 3153 3921 intextas
3179 3871 3350 3921 sexta:
3377 3867 3590 3921 actioni
3612 3868 3771 3922 inve-

2130 3958 2338 4014 nimus.
2369 3960 2508 4013 Nam
2528 3976 2660 4014 cum
2687 3959 2747 4015 in
2772 3959 2985 4015 eisdem
3001 3959 3493 4015 constitutionibus
3517 3962 3773 4017 sancien-

2131 4052 2218 4107 dis
2237 4069 2351 4107 non
2372 4052 2511 4121 dies,
2547 4070 2664 4108 non
2691 4053 2999 4125 imperium
3016 4053 3268 4124 ponitur,
3289 4069 3406 4108 non
3432 4055 3535 4125 qui
3559 4056 3771 4110 reside-

2131 4149 2280 4215 rent,
2310 4147 2724 4214 describuntur,
2761 4147 2958 4217 procul
2982 4146 3153 4203 dubio
3193 4163 3472 4205 cumnon
3497 4154 3772 4204 consueto

2131 4240 2362 4295 exordio
2389 4244 2589 4312 coeptae
2625 4245 2776 4310 sunt,
2828 4240 2961 4311 quia
3001 4240 3343 4312 praecedenti
3384 4242 3599 4296 actioni
3641 4243 3775 4297 sub—

2132 4349 2290 4388 nexa:
2315 4339 2448 4388 sunt
2475 4334 2913 4389 demonstratur.
2954 4335 3095 4399 Quia
3120 4350 3251 4389 vero
3276 4334 3337 4389 in
3360 4335 3587 4391 actione
3611 4344 3771 4392 sexta

2130 4426 2260 4482 ﬁdei
2283 4443 2447 4481 causa
2473 4427 2785 4499 perﬁcitur,
2805 4428 2928 4499 ipsa
2953 4426 3349 4500 episcOporum
3386 4430 3651 4485 omnium
3678 4448 3771 4501 ge-

396 4534 509 4571 uno
537 4534 705 4573 sensu
731 4521 965 4590 credita,
984 4537 1101 4575 una
1121 4525 1204 4576 est
1222 4526 1277 4576 et
1297 4520 1407 4576 ﬁde
1430 4523 1673 4593 [Forsan,
1697 4521 1850 4591 voce]
1879 4538 2028 4593 prm-
2049 4532 2109 4605 D
2130 4521 2309 4575 nerali
2326 4520 2733 4592 subscriptione
2747 4521 3224 4576 declaratur.Nam
3240 4521 3479 4593 quipost
3490 4523 3774 4596 subscrip-

397 4609 600 4665 dicata.
632 4611 840 4666 Idcirco
866 4612 926 4667 in
953 4614 1170 4669 cunctis
1196 4615 1399 4669 mundi
1425 4615 1678 4686 partibus
1707 4614 1891 4669 forma
1924 4632 2030 4669 no-

399 4707 529 4757 stris
558 4704 926 4775 professionis
956 4706 1100 4761 facta
1127 4712 1229 4777 est,
1261 4708 1393 4780 quia
1414 4708 1475 4763 in
1502 4708 1858 4779 precantium
1883 4709 2029 4763 voci-

398 4798 504 4853 bus
529 4798 753 4853 sibimet
779 4799 902 4871 ipsa
927 4799 1208 4855 dissimilis
1236 4817 1351 4856 non
1378 4807 1478 4856 est.

468 4893 623 4947 XVII.
654 4892 759 4948 Sed
784 4909 887 4948 cur
913 4894 1307 4949 tantummodo
1333 4898 1585 4950 sanctam
1610 4894 2032 4952 Chalcedonen-

402 5001 521 5039 sem
549 4986 828 5056 synodum
855 4988 1095 5043 convelli
1114 4987 1372 5056 dicimus,
1406 4988 1453 5042 si
1480 4990 1874 5044 auctoritatem
1902 4989 2036 5044 huic

405 5077 651 5146 epistolae
677 5081 1084 5152 reprobamus?
1102 5082 1236 5146 Quae
1256 5080 1532 5136 nimirum
1551 5082 1595 5136 si
1611 5098 1743 5137 vera
1763 5082 2033 5151 creditur,

399 5168 567 5223 etiam
607 5176 722 5226 tota
759 5180 964 5229 sancta:
988 5175 1283 5247 Ephesinae
1305 5173 1502 5247 synodi
1524 5174 1661 5229 ﬁdes
1680 5191 1742 5229 ac
1769 5191 2034 5230 reveren-

402 5262 480 5316 tia
506 5262 828 5334 dissipatur.
877 5269 1005 5323 Hzec
1032 5270 1244 5355 qu§ppe
1277 5270 1393 5339 ait,
1423 5268 1575 5341 quod
1601 5268 1661 5323 in
1699 5285 1767 5323 ea
1799 5268 2039 5339 Cyrillus

407 5355 783 5428 praemiorum
815 5360 1187 5417 medicamine
1229 5364 1549 5435 sapientum
1574 5362 1766 5416 oculos
1792 5377 2037 5418 excasca-

408 5450 507 5505 vit.
528 5449 673 5515 Quid
689 5464 825 5522 ergo
849 5451 959 5506 illic
981 5454 1049 5508 de
1070 5457 1301 5512 veritate
1321 5461 1538 5519 certum
1561 5455 1784 5525 dicitur,
1805 5455 1900 5509 ubi
1922 5455 2042 5527 ipsa

396 5544 601 5599 veritas
612 5543 999 5599 sacerdotibus
1016 5548 1239 5602 vendita
1250 5565 1369 5603 esse
1391 5550 1763 5620 perhibetur?
1784 5548 1889 5604 Sed
1916 5548 2042 5619 quis

396 5638 503 5692 hoc
530 5638 737 5708 dicere,
761 5639 889 5710 quis
918 5638 1025 5693 hoc
1045 5641 1356 5695 consentiat
1376 5642 1654 5713 patienter
1672 5642 1866 5697 audire
1880 5642 1907 5697 ?
1931 5643 2040 5698 Re-

397 5732 670 5801 probetur
687 5748 824 5804 ergo
845 5749 963 5788 una
983 5733 1221 5805 epistola
1241 5735 1544 5803 mentiens,
1562 5752 1634 5790 ne
1660 5741 1900 5807 utraque
1920 5752 2043 5790 san-

472 5851 538 5921 (a)
584 5853 920 5924 Legendum
949 5853 1182 5912 omnino
1205 5855 1313 5912 Iba
1330 5895 1349 5920 ,
1379 5853 1539 5926 cujus
1567 5858 1697 5911 sunt
1721 5855 1889 5911 verba
1912 5871 2043 5930 qua:

2132 4617 2329 4669 serunt
2352 4614 2713 4684 sententiam,
2732 4619 2932 4669 cuncta
2969 4630 3097 4686 quin
3135 4615 3204 4669 de
3243 4614 3355 4669 ﬁde
3386 4617 3613 4687 agenda
3659 4618 3777 4673 fue-

2132 4711 2280 4777 rant,
2304 4708 2461 4762 ﬁnita
2474 4707 2660 4763 testati
2681 4712 2831 4762 sunt.
2855 4707 3011 4763 Unde
3040 4711 3097 4763 et
3119 4708 3178 4762 in
3203 4709 3383 4763 causis
3408 4715 3539 4780 post
3553 4711 3778 4782 specia-

2132 4801 2300 4871 libus,
2322 4801 2491 4857 nudis
2510 4801 2904 4856 tantummodo
2927 4800 3110 4856 verbis
3145 4802 3480 4873 loquuntur,
3510 4808 3684 4875 atque
3710 4820 3777 4859 ea

2133 4912 2262 4967 qua:
2283 4895 2649 4950 decernentes
2681 4894 2958 4964 dixerant,
2986 4895 3143 4949 nulla
3168 4895 3457 4967 supposita
3481 4896 3778 4969 subscrip-

2134 4989 2287 5045 tione
2319 4988 2713 5043 ﬁrmaverunt.
2742 4990 2875 5053 Quae
2903 4990 3126 5059 [Forsan
3152 4988 3279 5059 Qui]
3316 4990 3777 5046 reverendissimi

2136 5082 2383 5154 episcopi
2410 5082 2489 5137 ita
2511 5082 2573 5136 in
2592 5082 2810 5137 actione
2837 5086 2991 5137 sexta
3012 5082 3206 5137 omnia
3227 5098 3356 5153 quae
3376 5082 3447 5138 de
3464 5082 3577 5139 ﬁde
3607 5101 3781 5156 agen-

2136 5177 2207 5232 da
2242 5176 2486 5245 fuerant,
2532 5175 2979 5247 cognoscebant;
3019 5180 3106 5245 ut,
3156 5176 3301 5231 sicut
3338 5176 3455 5231 illic
3498 5178 3780 5250 scriptum

2138 5275 2221 5327 est
2245 5270 2553 5325 clamarent
2580 5285 2593 5323 :
2623 5269 3035 5341 Supplicamus,
3068 5269 3289 5325 dimitte
3315 5286 3439 5338 nos,
3469 5272 3565 5341 pie
3589 5271 3778 5343 impe;

2139 5369 2312 5431 rator,
2341 5362 2561 5418 dimitte
2586 5379 2708 5419 nos.
2742 5363 3032 5434 (Quodque
3076 5379 3190 5418 non
3226 5380 3330 5435 pro
3369 5363 3503 5433 ﬁde,
3540 5365 3639 5420 sed
3676 5382 3781 5436 pro

2138 5457 2473 5531 specialibus
2536 5456 2715 5511 causis
2777 5457 2991 5512 detenti
3064 5461 3229 5526 sunt,
3291 5457 3594 5531 principali
3666 5458 3783 5514 illic

2140 5551 2503 5623 responsione
2541 5554 2908 5618 monstratur,
2948 5566 3081 5605 cum
3128 5550 3338 5605 dicitur
3387 5567 3403 5605 :
3457 5550 3779 5607 Sacratissi-

2140 5661 2267 5700 mus
2305 5650 2361 5699 et
2395 5643 2684 5716 piissimus
2737 5643 3000 5698 dominus
3054 5648 3248 5699 noster
3300 5644 3615 5700 Marcianus
3665 5649 3780 5702 Au-

2143 5744 2340 5810 gustus
2398 5739 2470 5792 ad
2532 5742 2784 5792 sanctam
2845 5736 3131 5808 synodum
3198 5737 3342 5793 dixit
3392 5754 3408 5792 :
3464 5738 3779 5795 Laborastis

2143 5870 2276 5912 mox
2299 5853 2618 5912 afferuntur
2641 5868 2770 5927 sup.
2799 5851 2925 5910 coll.
2955 5854 3009 5908 6.
3116 5882 3123 5886 -
