4058 6190
185 319 292 375 733

187 533 302 585 tres
331 535 434 586 aut
459 534 704 604 quatuor
729 531 850 586 dies
879 529 1084 597 adhuc,
1108 532 1166 584 et
1189 527 1568 600 praesentibus
1595 525 1816 598 magni-

183 623 572 680 ﬁcentissimis
597 625 888 696 judicibus
929 623 1156 690 nostris,
1190 623 1415 694 singula
1460 637 1814 694 quaecunque

182 719 354 774 vultis
371 735 626 786 movere,
647 722 979 790 competens
995 717 1262 792 adepturi
1281 715 1547 772 solatium
1563 715 1700 788 [Al.,
1723 731 1816 770 au-

181 813 452 885 xilium].)
491 813 596 878 Qui
631 813 804 886 igitur
823 813 895 868 ad
925 813 1152 885 singula
1175 830 1418 886 quaeque
1453 813 1666 866 vellent
1689 826 1812 865 mo-

179 909 316 961 tura
347 908 558 964 retenti
603 912 754 977 sunt,
785 909 918 964 licet
945 909 1164 981 [Forsan
1203 907 1401 979 liquet]
1447 905 1580 978 quia
1607 920 1817 977 nequa-

179 1020 367 1076 quam
391 1005 542 1059 ultra
563 1003 802 1060 actionis
833 1007 1002 1062 sexta:
1023 1001 1336 1060 terminum
1355 1015 1458 1075 pro
1487 998 1621 1054 fidei
1647 1014 1817 1054 causa

178 1095 522 1152 restiterunt
546 1095 1012 1170 [remanserunt].

251 1189 372 1245 Sed
399 1206 501 1244 cur
527 1190 597 1244 de
625 1191 711 1244 his
741 1194 975 1246 extensa
1001 1189 1225 1246 ratione
1253 1185 1498 1263 agimus,
1530 1181 1626 1262 qui
1655 1189 1817 1246 tanta

1458 314 1794 370 EPISTOL-L‘
1832 313 1916 368 ΕΤ
1953 312 2282 369 DECRETA.

179 436 371 492 multo
401 435 584 509 spatio
605 435 1007 508 fatigationem
1038 433 1325 506 perpessi:
1355 432 1597 488 sustinet
1622 435 1816 488 autem
1835 444 2046 518 Avero
2070 433 2129 488 et
2155 429 2309 503 apud
2347 429 2583 486 eosdem
2627 428 2924 502 episcopos
2969 428 3064 501 qui
3091 428 3151 483 in
3179 428 3544 485 Chalcedone
3656 491 3665 504 ο

3435 309 3538 364 734

1914 525 2272 593 resederunt,
2303 524 2360 579 in
2391 521 2760 579 veneratione
2808 522 3059 595 synodus
3094 522 3321 577 nonnisi
3361 537 3544 594 usque

1915 621 1989 675 ad
2017 619 2152 674 ﬁdei
2177 618 2574 674 definitionem
2592 617 2718 684 fuit,
2738 634 2842 690 per
2854 618 2963 672 hoc
2985 619 3180 688 aperte
3201 617 3542 684 ostenditur,

1917 713 2071 787 quod
2099 712 2359 785 plerique
2390 711 2570 767 Graeci
2595 711 2954 782 antiquiores
2983 709 3219 767 Codices
3245 709 3545 764 continere

1916 807 2200 881 synodum
2229 805 2463 862 nonnisi
2484 804 2542 859 in
2567 821 2662 858 sex
2688 802 3008 860 actionibus
3029 801 3344 874 subjunctis
3369 818 3542 858 cano-

1913 903 2082 961 nibus
2101 901 2590 970 demonstrantur,
2607 901 2669 954 ut
2686 899 2925 955 omnino
2948 901 3156 954 caetera
3170 913 3298 968 quae
3321 895 3543 966 privato

1916 999 2104 1056 studio
2134 1000 2367 1054 fuerant
2387 1000 2567 1065 mota,
2592 1013 2710 1052 non
2730 996 3003 1051 habeant.
3027 989 3189 1048 Unde
3214 993 3272 1045 et
3291 987 3546 1060 cncyclia

1913 1093 2039 1150 haec
2067 1094 2148 1149 ita
2168 1107 2290 1149 esse
2313 1095 2615 1148 testantur.
2638 1091 2782 1147 Nam
2808 1090 3001 1144 Leone
3029 1087 3283 1157 Augusto
3303 1081 3542 1154 Alypius

1917 1185 2215 1268 episcopus
2253 1184 2528 1249 Caesareas
2555 1180 2928 1261 Cappadocia:
2956 1179 3232 1248 scribens,
3279 1177 3361 1232 ait
3405 1177 3483 1244 (In
3511 1177 3543 1230 3

176 1282 626 1353 praedecessoris
653 1283 835 1339 nostri
861 1285 1019 1340 beati
1059 1285 1264 1340 Leonis
1294 1285 1631 1340 auctoritate
1661 1284 1817 1340 fulci-
1909 1293 2061 1365 part.
2092 1288 2338 1351 Chalced.
2366 1303 2504 1356 con.,
2529 1301 2573 1343 c.
2605 1284 2726 1364 50):
2756 1282 2851 1338 His
2890 1281 3084 1351 itaque
3125 1271 3204 1330 sic
3240 1289 3299 1328 se
3325 1269 3543 1326 haben-

175 1391 316 1430 mur
336 1377 366 1431 '?
393 1379 515 1449 Ipse
542 1395 814 1450 namque,
857 1379 1002 1434 sicut
1026 1381 1208 1435 multa
1255 1378 1514 1452 superius
1545 1379 1812 1451 epistola-

175 1486 317 1524 rum
349 1472 470 1542 ejus
502 1473 862 1528 attestatione
913 1473 1241 1541 docuimus,
1277 1478 1437 1544 gesta
1479 1472 1818 1544 multiplicia

175 1581 491 1620 causarum
521 1566 853 1637 specialium
885 1567 1270 1638 reprobando,
1297 1555 1696 1622 auctoritatem
1725 1584 1813 1638 sy-

175 1658 326 1713 nodi
346 1658 403 1713 in
417 1661 537 1714 sola
548 1660 680 1715 fidei
695 1661 1028 1715 deﬁnitione
1043 1660 1544 1716 constrinxit.Hinc
1561 1663 1647 1716 est
1660 1661 1815 1716 enim

177 1753 346 1823 quod
375 1757 606 1824 peracta
632 1755 850 1826 synodo
871 1758 1102 1811 cunctas
1124 1755 1289 1810 nobis
1315 1755 1703 1828 suspicionum
1723 1773 1818 1809 ne-

177 1845 352 1900 bulas
371 1849 623 1918 tergens,
645 1852 836 1920 aperte
853 1849 926 1904 ad
941 1849 1245 1905 Maximum
1261 1850 1637 1904 Antiochenm
1666 1848 1817 1903 sedis
1835 1835 1892 1907 B

175 1939 504 1996 antistitem
535 1942 747 2012 scribit,
789 1943 984 1998 dicens
1013 1945 1200 2015 (Epist.
1231 1946 1314 2018 62)
1343 1961 1356 1999 :
1400 1944 1456 2000 Si
1498 1944 1634 2015 quid
1679 1960 1815 1997 sane

175 2033 250 2086 ab
293 2033 389 2088 his
435 2035 722 2105 fratribus,
769 2038 924 2110 quod
953 2038 1028 2093 ad
1057 2041 1314 2093 sanctam
1365 2037 1647 2109 synodum
1696 2037 1815 2090 vice

173 2145 317 2184 mea.
345 2129 497 2198 misi,
529 2135 735 2203 praeter
765 2132 824 2186 id
851 2133 1006 2204 quod
1037 2132 1109 2186 ad
1135 2149 1366 2186 causam
1397 2131 1531 2185 fidei
1560 2131 1812 2203 pertine-

172 2222 299 2291 bat,
327 2229 555 2295 gestum
586 2242 706 2280 esse
737 2225 1090 2296 perhibetur,
1125 2225 1334 2280 nullius
1353 2225 1460 2280 erit
1481 2225 1707 2296 penitus
1727 2223 1818 2279 fir-

172 2317 423 2384 mitatis,
451 2318 584 2389 quia
611 2319 682 2373 ad
711 2320 818 2375 hoc
837 2322 1066 2374 tantum
1095 2319 1165 2374 ab
1188 2318 1499 2393 apostolica
1521 2319 1655 2374 sede
1683 2321 1818 2374 sunt

175 2411 408 2478 directi,
439 2416 499 2466 ut
531 2413 726 2467 excisis
751 2413 1082 2482 haeresibus,
1116 2414 1412 2470 catholicae
1457 2417 1648 2469 essent
1679 2413 1815 2470 fidei

173 2503 540 2561 defensores.
579 2506 868 2580 Quidquid
892 2507 1044 2562 enim
1077 2511 1288 2580 praeter
1315 2508 1590 2580 speciales
1615 2525 1815 2563 causas

173 2599 549 2670 synodalium
571 2601 942 2657 conciliorum
973 2603 1047 2656 ad
1075 2618 1318 2656 examen
1351 2601 1674 2674 episcopale
1713 2603 1812 2656 de-

173 2693 386 2761 fertur,
419 2699 603 2766 potest
622 2695 876 2768 aliquam
899 2695 1254 2767 dijudicandi
1273 2696 1484 2750 habere
1502 2695 1811 2751 rationem.

178 2789 318 2856 (Sed
350 2789 539 2844 solent
561 2790 822 2845 nonnulli
850 2790 1060 2858 dicere,
1087 2791 1211 2848 hac
1257 2808 1387 2844 eum
1431 2807 1536 2862 pro
1563 2789 1817 2846 Anatolii

173 2882 839 2956 Constantinopolitanae
867 2884 1022 2939 urbis
1071 2885 1320 2958 episcopi
1370 2885 1815 2957 praesumptione

175 2978 427 3033 dixisse:
459 2977 558 3050 qui
585 2974 629 3032 si
660 2982 718 3033 et
743 2996 833 3033 res
869 2982 1076 3050 gestas,
1106 2984 1163 3034 et
1185 2997 1253 3034 ea
1287 2997 1414 3052 quae
1443 2997 1593 3034 nunc
1613 2983 1814 3052 protu-

175 3072 359 3126 limus
387 3071 640 3143 epistolze
659 3073 832 3127 verba
853 3071 1238 3143 considerant,
1263 3073 1536 3146 suspicari
1557 3074 1816 3146 protinus

171 3167 328 3221 falsa
339 3170 582 3220 cessant.
597 3167 856 3239 Namque
875 3184 1002 3222 cum
1016 3168 1323 3240 przedictus
1339 3168 1816 3240 Constantinopo-

171 3260 378 3314 litanae
412 3259 562 3313 urbis
595 3260 895 3333 episc0pus
921 3279 1132 3316 novum
1159 3262 1374 3333 aliquid
1402 3265 1708 3316 conaretur
1731 3278 1815 3316 ar-

173 3353 392 3424 ripere,
422 3357 647 3409 constat
675 3355 788 3410 illic
817 3355 868 3410 ei
895 3357 1115 3427 legatos
1146 3357 1296 3411 sedis
1325 3357 1651 3428 apostolicm
1683 3372 1814 3411 cum

172 3464 413 3502 summa
427 3449 782 3504 auctoritatis
798 3450 1061 3504 libertate
1075 3449 1345 3505 restitisse
1364 3451 1614 3521 (Actxvn)
1627 3492 1638 3505 .
1651 3448 1815 3515 Quod

172 3546 226 3594 et
265 3542 492 3598 factum
519 3543 576 3598 in
605 3544 825 3616 synodo
867 3544 1097 3614 legitur,
1133 3548 1191 3598 et
1221 3544 1479 3617 ejusdem
1509 3544 1714 3616 synodi
1741 3543 1816 3598 ad

170 3638 484 3710 praefatum
503 3637 984 3710 prazdecessorem
998 3641 1256 3693 nostrum
1275 3637 1526 3710 epistolis
1539 3637 1816 3709 approba-

173 3738 289 3788 tur.
313 3737 360 3786 A
391 3749 540 3803 smpe
570 3733 688 3787 fato
721 3735 913 3786 autem
939 3732 1145 3787 eodem
1167 3732 1588 3804 praedecessore
1616 3734 1812 3786 nostro

173 3828 246 3882 ad
269 3827 604 3894 Maximum,
634 3826 777 3881 sicut
809 3825 1198 3897 praediximus,
1222 3825 1484 3880 novimus
1511 3825 1808 3897 scriptum:

173 3922 226 3976 Si
257 3920 406 3992 quid
419 3938 554 3975 sane
579 3920 649 3975 ab
667 3919 752 3974 his
780 3920 1068 3988 fratribus,
1095 3937 1240 3992 quos
1266 3920 1339 3974 ad
1361 3922 1620 3974 sanctam
1649 3935 1815 3991 syno-

173 4015 322 4069 dum
354 4014 476 4068 vice
495 4031 626 4068 mea
645 4014 796 4082 misi,
825 4017 1036 4085 praeter
1061 4014 1118 4068 id
1147 4014 1303 4085 quod
1323 4014 1396 4068 ad
1423 4030 1656 4068 causam
1679 4013 1814 4068 ﬁdei

171 4108 530 4179 pertinebat,
553 4111 778 4177 gestum
797 4125 918 4161 esse
941 4108 1296 4180 perhibetur,
1313 4108 1521 4162 nullius
1539 4107 1815 4180 eritpeni-

171 4205 270 4256 tus
296 4201 608 4269 firmitatis,
629 4201 762 4272 quia
783 4202 856 4256 ad
873 4202 980 4256 hoc
1002 4205 1226 4257 tantum
1256 4205 1388 4256 sunt
1408 4203 1479 4258 ab
1500 4202 1815 4274 apostolica

170 4295 315 4351 sede
348 4295 572 4362 directi,
613 4299 677 4349 ut
701 4295 898 4349 excisis
918 4295 1251 4363 haeresihus,
1294 4297 1588 4351 catholicas
1623 4299 1814 4351 essent

173 4389 314 4444 fidei
337 4389 712 4456 defensores.)
742 4389 798 4444 Si
824 4405 962 4460 ergo
994 4388 1065 4443 de
1084 4389 1333 4444 Anatolii
1355 4407 1520 4444 causa
1547 4391 1811 4461 loquens,

173 4484 286 4538 hoc
305 4482 466 4554 quod
488 4499 520 4536 a
543 4481 768 4537 vicariis
793 4482 906 4536 suis
928 4485 1118 4536 actum
1139 4482 1197 4536 in
1215 4483 1434 4554 synodo
1457 4483 1705 4550 fuerant,
1731 4500 1815 4538 re-

1835 3215 1890 3290 C

3217 1385 3250 1395 οἳ

1917 1385 2086 1453 tibus,
2114 1388 2319 1442 vestras
2349 1383 2552 1440 Pietati
2581 1383 2863 1458 significo,
2895 1381 3029 1457 quia
3055 1397 3122 1439 ea
3156 1367 3392 1456 quid?!“
3415 1381 3540 1455 ςιαεε

1915 1479 2335 1552 particulariter
2364 1479 2691 1534 examinata
2711 1482 2863 1546 sunt,
2894 1483 2948 1532 et
2977 1495 3105 1550 quas
3137 1478 3354 1550 [atque]
3383 1470 3546 1550 gesta

1917 1591 1951 1628 a
1971 1573 2182 1628 sanctis
2211 1569 2491 1644 episcopis
2523 1571 2579 1626 in
2607 1572 3062 1628 Chalcedonensi
3109 1572 3334 1628 civitate
3380 1571 3546 1626 colle-

1917 1667 2038 1734 ctis,
2069 1683 2186 1722 non
2217 1665 2330 1738 legi
2355 1683 2369 1734 ;
2399 1683 2585 1737 neque
2617 1666 2774 1721 enim
2802 1683 2836 1720 a
2855 1668 3064 1720 sanctm
3083 1665 3380 1720 memoriis
3409 1669 3545 1720 tunc

1917 1761 2184 1833 episcopo
2234 1759 2544 1826 Thalassio,
2588 1760 2686 1830 qui
2740 1759 3004 1816 interfuit
3047 1762 3243 1813 sancto
3281 1757 3542 1827 concilio,

1919 1854 2135 1926 aliquid
2181 1855 2292 1908 huc
2324 1853 2566 1924 amplius
2599 1856 2684 1907 est
2713 1854 2952 1907 allatum
2991 1868 3056 1907 ex
3098 1853 3188 1906 his
3216 1869 3344 1924 quas
3382 1855 3546 1923 gesta

1919 1951 2249 2014 noscuntur,
2267 1946 2364 2000 sed
2381 1947 2782 2002 tantummodo
2807 1945 3206 2000 definitionem
3228 1946 3544 2016 expositam

1917 2043 1988 2096 ab
2019 2043 2114 2097 illo
2149 2043 2346 2095 sancto
2373 2041 2612 2095 concilio
2647 2040 2718 2094 ab
2749 2057 2817 2094 eo
2857 2039 3110 2094 delatam
3153 2038 3412 2110 inspexi.)
3440 2041 3539 2092 Αι-

1917 2139 2165 2194 testante
2209 2151 2349 2207 ergo
2401 2133 2602 2206 Alypio
2648 2133 2916 2204 episcopo
2967 2131 3366 2204 perdocemur,
3409 2131 3546 2204 quia

1915 2233 2126 2303 praeter
2151 2245 2382 2286 causam
2411 2227 2546 2282 ﬁdei
2571 2227 2710 2283 nihil
2739 2227 2812 2283 de
2837 2226 3056 2299 synodo
3087 2223 3145 2280 in
3172 2225 3544 2282 veneratione

1913 2323 2233 2380 Thalassius
2282 2322 2466 2378 tenuit
2513 2321 2610 2394 qui
2640 2322 2753 2376 illic
2785 2325 2844 2375 et
2885 2321 3096 2392 praeter
3132 2336 3366 2375 causam
3409 2319 3546 2374 fidei

1916 2419 2318 2492 episcoporum
2343 2417 2590 2490 negotiis
2623 2416 2861 2489 privatis
2885 2414 3163 2469 interfuit.
3199 2413 3260 2469 Si
3285 2412 3462 2483 igitur
3485 2411 3545 2466 in

1915 2514 2139 2569 actione
2167 2517 2323 2568 sexta
2348 2511 2628 2585 professio
2645 2509 2780 2566 fidei
2813 2510 3272 2574 consummatur,
3297 2521 3546 2576 moxque

1915 2625 2201 2663 canonum
2224 2608 2425 2679 regula
2444 2605 2666 2678 ﬁgitur;
2699 2604 2745 2658 si
2773 2605 2974 2658 beatus
2990 2602 3103 2657 Leo
3126 2599 3394 2672 negotiis,
3418 2615 3547 2670 quas

1916 2700 2029 2756 illic
2057 2696 2273 2773 private
2295 2698 2452 2755 mota
2484 2701 2634 2768 sunt,
2665 2696 3042 2753 contradicit:
3077 2695 3122 2748 si
3150 2695 3260 2752 hoc
3284 2692 3436 2764 quod
3466 2691 3547 2746 ul-

1917 2800 2005 2852 tra
2035 2795 2212 2851 fidem
2262 2792 2490 2869 gestum
2519 2797 2623 2865 est,
2671 2809 2777 2847 nec
2816 2792 2863 2846 is
2901 2786 2999 2862 qui
3054 2785 3189 2844 fecit
3225 2784 3548 2842 Thalassius

1915 2892 2100 2946 tenuit
2128 2909 2141 2958 ;
2164 2909 2265 2946 cur
2290 2908 2395 2947 nos
2419 2889 2749 2948 haereticam
2773 2886 3075 2962 epistolam
3104 2883 3442 2938 retractasse
3465 2893 3550 2933 re-

1915 2985 2354 3058 prehendimur,
2383 2983 2482 3057 qui
2522 2983 2628 3040 hac
2658 2983 2716 3038 in
2742 3001 2805 3038 re
2833 2985 3168 3038 cunctorum
3196 2995 3303 3036 nos
3332 2989 3546 3051 praece-

1917 3079 2178 3136 dentium
2212 3079 2550 3134 auctoritate
2577 3075 2958 3134 roboramur?
2988 3074 3056 3130 Et
3083 3075 3342 3147 quamvis
3362 3071 3434 3129 ab
3463 3083 3552 3124 ea-

1917 3173 2050 3228 dem
2079 3173 2318 3246 epistola
2350 3173 2603 3228 alienum
2632 3190 2690 3227 se
2712 3172 2839 3227 lbas
2867 3169 3256 3242 respondeat;
3287 3163 3547 3240 quamvis

1915 3267 2050 3339 quia
2075 3267 2392 3339 approbata
2440 3266 2532 3336 sit,
2565 3269 2664 3320 aut
2712 3265 3039 3332 difﬁculter,
3074 3268 3173 3320 aut
3222 3263 3547 3317 nullatenus

1914 3361 2358 3427 demonstretur,
2391 3360 2630 3414 licenter
2653 3362 2849 3413 tamen
2881 3357 3268 3429 unusquisque
3296 3371 3428 3410 eam
3451 3369 3543 3408 re-

1912 3455 2319 3526 prehenderet,
2354 3453 2582 3508 etiamsi
2600 3452 2851 3523 episcopi
2872 3453 2929 3505 in
2963 3451 3172 3506 eodem
3195 3447 3435 3504 concilio
3463 3462 3547 3502 re-

1914 3548 2165 3602 sidentes
2195 3546 2308 3600 suis
2337 3546 2495 3600 illam
2544 3543 3055 3615 subscriptionibus
3086 3541 3543 3614 approbassent;

1915 3641 2050 3712 quia
2078 3643 2410 3712 postquam,
2446 3639 2616 3693 beato
2664 3638 2852 3692 Leone
2895 3635 3200 3702 scribente,
3236 3634 3332 3706 jus
3361 3636 3544 3687 retra-

1914 3734 2103 3789 ctandi
2131 3739 2188 3789 et
2212 3732 2564 3806 dijudicandi
2601 3730 2954 3796 conceditur,
3003 3728 3178 3783 etiam
3203 3728 3248 3782 si
3278 3744 3391 3800 qua
3423 3743 3545 3781 esse

1913 3830 2143 3899 poterat
2163 3843 2362 3882 eorum
2392 3826 2489 3899 qui
2519 3825 2906 3880 interfuerant
2932 3822 2991 3877 in
3029 3821 3265 3893 privatis
3295 3819 3544 3894 negotiis

1912 3921 2240 3988 auctoritas,
2268 3923 2558 3975 vacuatur.

1982 4017 2084 4070 XX.
2115 4015 2376 4070 Discusso
2398 4014 2593 4086 itaque
2619 4012 2870 4068 secundo
2899 4011 3168 4084 capitulo,
3201 4008 3434 4064 tertium
3460 4025 3548 4062 su-

1913 4113 2126 4182 perest,
2160 4109 2312 4181 quod
2342 4112 2505 4163 tanto
2543 4107 2821 4162 debemus
2846 4106 2905 4160 in
2950 4105 3227 4160 brevitate
3259 4101 3545 4157 constrin-

1915 4221 2073 4274 gere,
2104 4206 2320 4275 quanto
2347 4206 2404 4258 et
2428 4219 2527 4257 vos
2554 4201 2718 4256 nobis
2745 4201 2866 4254 haec
2903 4198 2963 4252 in
2995 4214 3056 4252 re
3100 4213 3217 4252 non
3260 4194 3548 4250 credimus

1913 4298 2210 4352 resultare.
2244 4298 2442 4368 Neque
2491 4295 2648 4350 enim
2682 4291 3028 4348 Theodoreti
3085 4289 3284 4345 omnia
3335 4286 3548 4356 scripta

1913 4391 2278 4456 damnamus,
2318 4390 2418 4444 sed
2460 4389 2581 4443 sola
2613 4404 2739 4459 qum
2771 4387 2973 4440 contra
3016 4381 3321 4436 duodecim
3353 4377 3547 4450 Cyrilli

1913 4483 2186 4556 capitula,
2215 4483 2337 4538 sola
2369 4499 2496 4554 quae
2527 4485 2728 4537 contra
2763 4481 2983 4533 rectam
3029 4475 3206 4530 fidem
3233 4470 3546 4544 aliquando

174 4576 440 4646 darguit;
465 4575 736 4630 nimirum
767 4575 894 4647 quia
914 4575 1810 4647 contradixerant,reprehendit.
1834 4587 1893 4659 ι)
1917 4576 2206 4648 scripsisse
2228 4579 2618 4641 monstratur;
2648 4591 2776 4645 quas
2801 4579 2999 4627 tamen
3023 4573 3081 4624 et
3100 4569 3218 4641 ipse
3243 4567 3550 4622 damnasse

175 4671 238 4724 Et
273 4670 406 4742 quis
426 4669 547 4723 haec
588 4671 676 4723 vel
706 4669 910 4724 stultus
932 4670 1189 4724 sentiat?
1221 4671 1363 4724 Dum
1409 4673 1635 4724 constat
1659 4670 1815 4742 quod

177 4763 281 4818 hac
315 4763 390 4816 de
421 4779 480 4816 re
524 4762 728 4818 beatus
754 4764 867 4817 Leo
892 4765 1158 4818 Anatolio
1199 4763 1600 4834 conquerenti,
1633 4765 1817 4819 multa

176 4856 232 4911 in
257 4856 608 4912 vicariorum
639 4874 898 4925 suorum,
935 4857 1070 4928 quia
1115 4857 1600 4926 contradixerant,
1645 4857 1816 4912 laude

173 4950 458 5006 rescribat
498 4953 686 5022 (Epist.
722 4949 808 5024 53)
839 4968 852 5004 :
886 4951 1046 5022 cujus
1091 4951 1350 5022 epistolae
1402 4968 1556 5005 nunc
1599 4951 1815 5008 idcirco

177 5045 352 5098 verba
377 5061 495 5099 non
523 5045 811 5116 ponimus,
843 5061 914 5098 ne
940 5046 1211 5099 volumen
1241 5045 1348 5099 hoc
1377 5045 1817 5101 immoderatius

177 5138 730 5194 extendamus.Cum
755 5155 890 5192 vero
911 5142 969 5192 et
989 5138 1288 5208 subjicitur
1309 5155 1321 5192 ε
1343 5138 1634 5209 Quidquid
1658 5139 1814 5194 enim

177 5235 389 5301 praeter
415 5232 690 5303 speciales
719 5248 923 5287 causas
950 5231 1312 5303 synodalium
1333 5232 1708 5287 conciliorum
1741 5233 1814 5287 ad

176 5341 422 5380 examen
450 5325 772 5398 episcopale
801 5325 1080 5392 defertur,
1107 5329 1297 5397 potest
1317 5326 1572 5397 aliquam
1606 5325 1814 5396 dijudi-

177 5419 345 5473 candi
389 5419 604 5474 habere
650 5419 960 5487 rationem,
995 5421 1209 5492 (aperte
1254 5419 1420 5475 nobis
1447 5419 1678 5474 licentia
1709 5418 1811 5474 tri-

179 5512 390 5580 buitur,
421 5516 483 5567 ut
503 5513 784 5586 quidquid
814 5513 926 5569 illic
956 5515 1113 5568 extra
1138 5513 1273 5567 fidei
1299 5530 1496 5568 causas
1521 5512 1590 5567 de
1613 5529 1808 5584 perso-

179 5605 265 5660 nis
296 5609 526 5678 gestum
559 5610 663 5676 est,
695 5610 1051 5662 retractetur.
1083 5606 1358 5679 Specialis
1388 5606 1601 5678 quippe
1636 5623 1808 5678 syno—

179 5699 394 5755 dalium
424 5701 800 5758 conciliorum
832 5719 1000 5758 causa
1029 5705 1115 5756 est
1144 5701 1305 5756 fides.
1339 5699 1630 5774 Quidquid
1670 5717 1810 5774 ergo

183 5799 388 5863 printer
433 5795 612 5850 fidem
648 5796 859 5866 agitur,
916 5797 1104 5851 Leone
1155 5795 1418 5862 docente,
1467 5795 1808 5864 ostenditur,

181 5887 313 5959 quia
341 5888 485 5944 nihil
516 5888 723 5958 obstat,
769 5888 815 5944 si
863 5888 938 5945 ad
979 5888 1264 5962 judicium
1314 5892 1632 5946 revocetur.
1666 5888 1810 5956 Quia

1917 4669 2300 4742 cognoscitur,
2347 4669 2480 4741 quia
2506 4668 2566 4724 in
2601 4671 2799 4723 sancta
2827 4661 3283 4722 Chalcedoneusi
3325 4658 3548 4732 synodo
3612 4727 3620 4750 '

1915 4782 2050 4820 vera
2075 4764 2369 4820 confessus
2399 4763 2706 4818 invenitur.
2738 4763 2884 4816 Nam
2917 4756 3212 4833 quomodo
3239 4757 3370 4828 post
3389 4769 3548 4808 erro-

1917 4876 2041 4914 rem
2068 4862 2224 4912 recte
2255 4857 2458 4930 sapiat,
2500 4860 2557 4912 et
2595 4873 2665 4912 ea
2695 4873 2822 4928 quae
2848 4853 3006 4927 prius
3044 4851 3368 4923 scripserat,
3401 4849 3460 4901 et
3482 4863 3552 4902 ea

1919 4969 2048 5024 quas
2080 4951 2137 5006 in
2152 4951 2602 5010 Chalcedonensi
2621 4949 2841 5024 synodo
2870 4948 2940 5004 ab
2969 4947 3062 5002 illo
3083 4947 3216 5000 sunt
3235 4945 3416 5014 gesta,
3432 4957 3555 4994 ma-

1919 5046 2218 5101 nifestant.
2252 5047 2371 5118 lpse
2399 5063 2650 5118 namque
2682 5043 2943 5100 Nestorio
2985 5039 3260 5105 scribens,
3303 5034 3386 5090 ait
3413 5034 3551 5102 (Col-

1919 5141 2020 5194 lat.
2049 5141 2131 5211 3):
2166 5163 2194 5190 ‹‹
2225 5143 2285 5195 In
2323 5141 2411 5195 his
2438 5157 2566 5213 quas
2592 5140 2651 5194 in
2673 5143 2832 5194 tuam
2860 5133 3310 5192 Venerationem
3338 5128 3552 5200 injuste

1919 5237 2094 5305 atque
2120 5233 2317 5306 inique
2357 5237 2585 5308 prolata
2614 5237 2765 5303 sunt,
2797 5249 2904 5287 nec
2931 5230 2977 5284 si
3004 5227 3148 5284 mihi
3175 5225 3302 5298 quis
3327 5227 3549 5278 utram-

1919 5343 2031 5397 que
2063 5345 2304 5383 manum
2318 5329 2644 5397 absciderit,
2661 5331 2865 5400 potero
2880 5324 3137 5398 praebere
3149 5333 3551 5376 consensum.»

1917 5427 2187 5482 Aemerio
2213 5427 2328 5497 [Αἰ.
2357 5428 2634 5500 Himerio]
2663 5443 2890 5500 quoque
2916 5419 3267 5479 Nicomediae
3288 5417 3554 5491 episcopo

1918 5519 2193 5588 scribens,
2217 5519 2296 5574 ait
2321 5519 2516 5592 (Epist.
2545 5526 2606 5577 ’71
2637 5521 2851 5594 synod.)
2879 5537 2892 5575 :
2917 5540 2944 5568 «
2977 5513 3361 5572 Damnatione
3387 5523 3553 5562 vene-

1917 5612 2084 5666 randi
2113 5616 2171 5666 et
2201 5615 2542 5671 sanctissimi
2571 5615 2828 5689 episcopi
2848 5610 3092 5670 Nestorii
3111 5623 3240 5681 quas
3257 5605 3404 5660 facta
3425 5596 3557 5652 dici-

1914 5707 2028 5772 tur,
2053 5722 2172 5761 non
2191 5705 2470 5764 debemus
2490 5712 2650 5782 preb
2660 5728 2756 5767 ere
2777 5719 3181 5765 consensum.»
3197 5696 3305 5770 (Ad
3324 5692 3561 5748 Alexan-

1915 5796 2084 5855 drum
2115 5816 2344 5874 quoque
2377 5803 2884 5880 Hierapolitanum
2912 5797 3242 5870 episcopum
3282 5783 3559 5880 ξθίξῶθῖηῗ

1915 5890 2021 5952 ait:
2058 5914 2084 5948 α
2112 5894 2179 5951 Et
2206 5900 2339 5954 ante
2367 5901 2479 5956 tuae
2509 5876 2820 5960 sanctitati
2850 5886 3109 5965 praedixi,
3147 5878 3310 5957 quasi
3337 5876 3563 5936 domini
