4058 6190
543 294 648 348 735

1925 285 2186 346 PELAGII
2223 287 2418 345 PAPrE
2455 290 2502 345 ll

3811 293 3919 346 736

541 399 661 456 mei
688 397 1032 455 venerabilis
1058 403 1114 454 et
1135 397 1478 453 sanctissimi
1502 397 1760 471 episcopi
1782 397 2026 465 Nestorii
2049 397 2172 452 fue-
2193 407 2255 482 Α
2275 397 2443 454 nibus
2487 397 2806 454 fruebatur.
2839 419 2870 450 »
2898 399 2991 469 (Et
3035 400 3163 470 post
3205 395 3320 454 alia
3352 411 3366 453 :
3398 399 3594 455 «Iesus
3639 397 3920 462 Christus,

541 495 620 554 rit
658 495 873 566 dogma
913 493 1276 559 damnatum,
1301 507 1538 563 necego
1564 508 1696 547 cum
1720 492 1809 546 his
1833 491 1929 564 qui
1955 491 2174 547 faciunt

545 583 1066 656 communicabo.»)
1095 583 1182 640 Ad
1211 585 1597 640 Alexandrum
1627 602 1760 641 vero
1793 585 1969 657 Syriae
1993 586 2168 640 Palae-

549 682 828 737 stinorum
840 681 1149 752 praesulem
1174 679 1426 734 scribens
1449 679 1541 750 (α),
1561 680 1641 734 ait
1664 697 1676 734 :
1702 701 1730 730 ‹‹
1752 679 2026 734 Existimo
2055 695 2172 750 pra:

546 775 812 834 omnibus
837 773 1084 829 maxime
1107 773 1462 830 satisfactum
1487 791 1609 829 esse
1631 772 1870 830 domino
1891 790 2023 828 meo
2050 789 2175 827 san-

443 895 450 903 ε
542 868 790 923 ctissimo
825 884 892 924 ac
915 868 1248 923 venerando
1271 867 1478 923 Joanni
1505 867 1794 940 episcopo,
1812 867 1968 939 quod
1997 867 2175 921 nulla-

545 965 712 1018 tenus
736 961 1062 1034 acquiscam
1079 961 1138 1018 in
1166 961 1541 1017 damnatione
1562 961 1782 1022 domini
1811 960 1922 1016 mei
1944 959 2176 1019 sanctis-

543 1055 675 1110 simi
701 1059 761 1110 et
789 1055 1102 1110 venerandi
1127 1055 1372 1112 Nestorii
1392 1055 1645 1127 episc0pi
1667 1055 1924 1126 praibere
1940 1070 2176 1109 consen-

541 1163 693 1220 sum,
727 1166 856 1222 quae
887 1149 946 1204 in
975 1150 1187 1206 Tharso
1216 1153 1274 1204 et
1313 1150 1370 1204 in
1417 1149 1641 1220 Epheso
1673 1149 1825 1203 facta
1852 1150 1957 1202 est.
1985 1168 2012 1196 »
2049 1144 2176 1218 (Qui

503 1243 922 1316 -..postmodum
949 1247 1146 1298 tamen
1176 1260 1306 1300 cum
1359 1241 1748 1298 resistentium
1796 1240 2113 1295 certamine
2143 1257 2176 1296 a

546 1341 744 1392 sancto
769 1337 1221 1397 Chalcedonensi
1246 1337 1485 1392 concilio
1505 1335 1803 1402 admissus,
1828 1338 2026 1407 aperte
2043 1351 2177 1389 ana-

543 1431 744 1486 thema
765 1430 828 1484 in
874 1431 1198 1486 Nestorium
1243 1430 1510 1503 protulit;
1541 1446 1716 1501 seque
1768 1427 2172 1496 orthodoxum,

545 1524 670 1596 ipso
683 1523 952 1578 haeretica
965 1525 1292 1595 reprobato,
1308 1523 1666 1578 monstravit.
1683 1522 1908 1578 Dudum
1923 1538 2175 1592 namque

547 1621 760 1672 sanctae
805 1615 1070 1672 Ecclesiae
1103 1618 1326 1672 diversa
1377 1618 1650 1682 sentiens,
1688 1617 1747 1670 et
1783 1619 1984 1670 contra
2020 1614 2175 1670 beati

545 1710 737 1784 Cyrilli
791 1709 1097 1766 duodecim
1137 1711 1387 1781 capitula
1444 1709 1714 1777 scribens,
1747 1709 1827 1762 ait
1860 1707 1939 1779 (In
1969 1711 1999 1764 3
2025 1713 2173 1780 part.

2273 492 2480 564 inquit,
2509 494 2627 549 heri
2653 497 2704 548 et
2729 492 2904 556 hodie,
2934 495 3046 564 ipse
3065 497 3115 548 et
3139 495 3198 547 in
3220 492 3436 548 secula.
3464 491 3768 558 Quomodo
3798 492 3918 565 igi-

2273 591 2396 656 tur,
2448 585 2862 658 sapientissimi,
2912 585 3185 642 debemus
3237 586 3564 656 advertere,
3619 585 3926 658 quomodo

2273 682 2424 738 idem
2472 681 2590 752 ipse
2619 680 2744 736 heri
2768 685 2824 736 et
2865 680 3036 736 hodie
3057 683 3114 734 et
3155 679 3215 734 in
3245 681 3468 746 saecula,
3487 684 3545 735 et
3589 679 3930 752 temporali-

2272 779 2432 834 teret
2457 780 2724 844 aeternus,
2741 780 2798 830 et
2822 773 2882 829 in
2909 779 3169 846 tempore
3199 777 3254 828 et
3275 790 3445 845 super
3469 777 3754 845 tempora:
3774 790 3925 830 nam

2273 869 2320 924 si
2351 874 2596 924 aeternus
2622 873 2725 938 est,
2756 867 3082 940 temporalis
3110 883 3224 922 non
3253 872 3356 936 est,
3393 872 3451 923 et
3491 866 3539 921 si
3564 867 3622 922 in
3652 872 3918 940 tempore

2275 968 2377 1032 est,
2426 979 2597 1035 super
2623 966 2847 1034 tempus
2872 978 2988 1017 non
3014 965 3119 1017 est.
3149 983 3177 1011 »
3208 962 3276 1016 Et
3323 977 3553 1016 rursum
3589 961 3651 1016 in
3676 961 3918 1018 Domino

2275 1057 2388 1112 Deo
2417 1061 2610 1112 nostro
2633 1057 2660 1111 J
2667 1073 2764 1110 esu
2789 1054 3010 1110 Christo
3041 1054 3265 1110 deitatis
3285 1059 3341 1110 et
3361 1053 3736 1110 humanitatis
3750 1055 3918 1127 quasi

2278 1150 2554 1206 unitatem
2590 1153 2866 1214 astruens,
2893 1149 2974 1205 ait
3005 1165 3019 1204 :
3051 1168 3080 1201 α
3111 1149 3346 1203 Naturas
3396 1148 3772 1204 discernimus
3813 1148 3919 1204 Dei

2275 1244 2441 1300 Verbi
2463 1261 2480 1313 ;
2508 1247 2769 1299 naturam
2793 1243 3075 1314 integram
3099 1241 3362 1312 dicimus,
3387 1247 3768 1314 etpersonam
3793 1241 3920 1298 sine

2274 1337 2622 1393 dubitatione
2649 1337 2956 1409 perfectam
2977 1354 2995 1406 ;
3019 1352 3122 1391 nec
3148 1335 3301 1391 enim
3327 1335 3447 1390 sine
3471 1335 3816 1408 personafas
3831 1341 3921 1390 est

2275 1447 2592 1486 asseverare
2641 1430 3053 1486 substantiam:
3087 1429 3394 1500 perfectam
3437 1445 3667 1500 quoque
3704 1429 3917 1483 huma-

2276 1541 2412 1580 nam
2435 1529 2701 1580 naturam
2730 1541 2862 1579 cum
2882 1541 2984 1578 sua
3009 1539 3248 1595 persona
3275 1522 3533 1578 similiter
3551 1521 3918 1578 conﬁtemur.

2275 1621 2418 1677 Cum
2453 1635 2585 1674 vero
2624 1619 2696 1674 ad
2737 1617 3196 1689 conjunctionem
3233 1615 3596 1688 respicimus,
3648 1619 3788 1670 tunc
3826 1617 3923 1672 de-

2277 1729 2437 1768 mum
2460 1729 2637 1768 unam
2679 1728 2980 1784 personam
3012 1709 3216 1765 merito
3246 1725 3670 1781 nuncupamus.
3703 1710 3755 1779 »)
3785 1711 3920 1774 Quis

545 1779 730 1860 concil.
761 1805 956 1874 Ephes.
987 1803 1064 1860 ad
1089 1807 1120 1858 3
1153 1779 1444 1868 auathem.)
1477 1820 1490 1858 :
1520 1825 1548 1852 ‹‹
1581 1803 1853 1858 Sanctam
1879 1779 2175 1872 Virginem
2197 1779 2253 1852 B
2277 1806 2420 1875 haec,
2478 1779 3046 1873 fratres—charissimi,
3079 1804 3248 1875 plena
3278 1779 3774 1874 omni‘impietate
3801 1819 3921 1857 non

547 1903 786 1965 θεοτόκον,
819 1897 879 1951 id
906 1901 1011 1966 est,
1035 1896 1135 1952 Dei
1163 1897 1504 1969 genitricem
1556 1913 1842 1964 vocamus,
1877 1911 1994 1950 non
2022 1895 2178 1966 quod
2277 1900 2512 1955 videat?
2563 1902 2607 1954 A
2656 1898 2862 1970 quibus
2903 1903 3096 1953 tamen
3141 1900 3392 1965 constat,
3445 1896 3602 1968 quod
3646 1913 3708 1952 se
3761 1900 3921 1968 post-

491 1987 507 1997 ’
547 1991 726 2045 Deum
753 1990 979 2062 peperit
991 2007 1096 2062 per
1115 1990 1669 2062 naturamfnatura],
1691 1990 1790 2045 sed
1821 1989 1976 2061 quod
1992 1989 2180 2044 homi—
2279 1993 2514 2048 modum
2553 1993 2672 2063 ipse
2715 1990 2975 2058 correxit,
3011 1990 3110 2062 qui
3147 1989 3208 2044 in
3249 1992 3438 2043 sancta
3470 1988 3924 2046 Chalcedonensi

547 2096 682 2134 nem
723 2079 971 2136 ediderit
999 2079 1372 2151 conjunclum
1404 2081 1542 2146 DeO,
1583 2096 1756 2151 quem
1803 2078 1924 2150 ipse
1957 2079 2174 2134 forma-
2279 2086 2494 2158 synodo
2537 2085 2855 2140 Nestorium
2895 2081 3373 2139 anathematizare
3421 2083 3728 2138 consensit.
3783 2083 3922 2148 Quis

547 2173 646 2228 vit.
671 2175 718 2242 η)
755 2173 823 2228 Et
846 2177 977 2245 post
1001 2189 1183 2244 pauca
1202 2191 1255 2227 ;‹‹
1282 2173 1337 2229 Si
1365 2173 1640 2230 naturalis
1667 2172 1995 2244 conjunctio
2027 2171 2180 2226 facta
2277 2197 2395 2236 non
2427 2180 2613 2235 videat,
2665 2183 2880 2250 quanta
2921 2177 3238 2232 temeritate
3279 2177 3513 2248 plenum
3541 2176 3615 2232 sit
3659 2176 3919 2231 Theodo-

547 2269 635 2321 est
659 2267 859 2322 formai
889 2267 992 2322 Dei
1017 2270 1076 2322 et
1105 2268 1307 2322 formae
1337 2266 1503 2334 servi,
1539 2265 1864 2322 invenietur
1885 2265 2181 2336 legislator
2280 2273 2386 2330 reti
2440 2273 2648 2345 scripta
2691 2271 3067 2344 superbiendo
3111 2270 3414 2326 defendere
3460 2286 3588 2342 quas
3647 2271 3918 2326 eumdem

551 2360 983 2416 necessitatibus
1009 2359 1153 2432 legis
1181 2361 1451 2415 serviens.
1481 2382 1508 2410 ››
1535 2361 1624 2432 (Et
1651 2376 1877 2414 rursum
1901 2358 2016 2430 [Ad
2039 2375 2176 2414 ana-
2279 2368 2468 2440 ipsum
2511 2371 2746 2435 constat,
2783 2369 2936 2420 recta
2986 2369 3111 2436 post
3159 2363 3512 2436 proﬁtendo,
3565 2364 3912 2419 damnasse?

551 2453 715 2510 them.
747 2456 807 2525 5]
843 2471 856 2509 :
889 2454 1185 2510 «Nomine
1239 2453 1775 2509 communicationis
1817 2453 2086 2520 nitenms,
2121 2455 2182 2506 ut
2281 2463 2458 2517 Deum
2482 2477 2614 2516 vero
2643 2460 2765 2531 ejus
2802 2462 2860 2514 et
2887 2475 3191 2530 personam
3233 2457 3562 2530 recipimus,
3593 2463 3654 2512 et
3690 2473 3762 2512 ea
3791 2474 3920 2530 qua

553 2563 732 2601 unum
747 2546 983 2618 quidem
1012 2547 1213 2602 Filium
1227 2546 1558 2616 adoramus,
1578 2550 1780 2601 etcum
1803 2546 1900 2617 qui
1919 2562 2177 2616 assump-
2281 2555 2498 2610 dudum
2524 2554 2812 2608 latuerant
2823 2567 3014 2624 prave:
3042 2551 3337 2623 scripturae
3366 2551 3679 2622 probamus
3691 2551 3922 2621 [Forsan

551 2640 622 2694 sit
648 2643 705 2694 et
741 2657 874 2695 eum
921 2641 1020 2712 qui
1050 2645 1376 2712 assumptus
1408 2645 1522 2708 est;
1563 2640 1952 2695 differentiam
1982 2642 2178 2692 tamen
2281 2665 2450 2721 prava
2481 2647 2686 2719 scripta
2705 2645 3118 2718 reprobamus],
3149 2645 3208 2700 in
3233 2644 3390 2699 nullo
3415 2661 3450 2698 θ,
3485 2650 3694 2700 sancte
3719 2645 3922 2716 synodi

551 2733 950 2804 cognoscimus
973 2735 1733 2806 naturarum.‘Theophoron
1755 2736 1950 2790 autem
1991 2732 2180 2786 dicere
2281 2741 2498 2797 actione
2523 2741 2846 2796 deviamus;
2893 2737 3024 2810 quia
3069 2737 3187 2792 sola,
3225 2737 3348 2809 ejus
3396 2737 3667 2792 hazretica
3712 2739 3922 2810 scripta

550 2821 784 2898 portans
823 2829 911 2882 vel
947 2828 1251 2883 dominum
1293 2828 1528 2882 indutus
1559 2828 1857 2884 hominem
1893 2829 2181 2886 Christum
2281 2839 2628 2907 respuentes,
2651 2839 2862 2891 etcum
2889 2831 3102 2903 synodo
3123 2831 3311 2886 adhuc
3329 2831 3650 2888 Nestorium
3673 2831 3920 2903 insequi-

551 2921 796 2993 [Θεοφὸρον
811 2922 868 2976 id
890 2925 994 2989 est,
1019 2923 1306 2978 déiferum
1328 2923 1638 2978 hominem
1656 2923 1866 2991 dicere,
1883 2928 1945 2977 ut
1972 2942 2006 2978 a
2027 2925 2177 2978 mul-
2281 2945 2432 2999 mur,
2461 2933 2518 2984 et
2543 2943 2675 2982 cum
2697 2925 2910 2998 synodo
2935 2925 3352 2980 Theodoretum
3379 2925 3746 2996 profitentem
3773 2931 3920 2980 recta

552 3014 665 3084 tis],
690 3017 796 3070 uta
821 3015 1014 3069 multis
1036 3017 1243 3072 sanctis
1257 3016 1512 3088 patribus
1526 3016 1743 3070 dictum
1758 3019 1862 3085 est,
1887 3034 2003 3073 non
2026 3035 2184 3073 recu-
2282 3037 2623 3079 veneramur
2652 3022 2803 3091 (Sup.
2835 3020 2956 3076 coll.
2988 3019 3066 3091 4).
3095 3019 3220 3074 Alia
3244 3035 3376 3073 vero
3391 3017 3600 3090 scripta
3624 3019 3784 3074 illius
3809 3036 3919 3074 non

555 3127 765 3166 samus.
787 3133 814 3161 ››
838 3114 908 3166 Et
927 3116 1056 3184 post
1077 3114 1188 3168 alia
1215 3114 1330 3185 [Ad
1345 3115 1616 3169 anathem.
1641 3115 1754 3184 lO]:
1788 3137 1814 3165 ‹‹
1840 3115 2178 3172 Considera-
2205 3161 2255 3186 η
2283 3117 2468 3171 solum
2497 3114 2835 3186 recipimus,
2885 3113 2983 3168 sed
3022 3111 3102 3168 eis
3127 3111 3300 3166 etiam
3326 3115 3522 3166 contra
3559 3111 3913 3167 adversarios

556 3161 765 3166 ""—"""
838 3161 906 3166 _'
927 3161 1056 3184 r"'
1079 3161 1188 3168 "'"'
1215 3161 1325 3185 Ι.”“”
1347 3161 1615 3169 ⁹”’““⁷”““¹”””
1643 3161 1754 3184 ⁸*1*
1792 3161 1814 3165 ”
1845 3161 2154 3172 """""“‘"
2283 3161 2468 3171 ""“"“
2497 3161 2835 3186 “'"l."""""’
2885 3161 2983 3168 ""
3026 3161 3100 3168 ""
3132 3161 3300 3166 """'—
3332 3161 3522 3166 “⁷““’“’“
3560 3161 3654 3166 ’”“““
3676 3161 3910 3167 “””“”“““’

553 3204 849 3276 te,inquit,
879 3207 1201 3277 apostolum
1231 3211 1287 3261 et
1313 3207 1642 3278 pontificem
1662 3209 2034 3264 confessionis
2056 3226 2182 3264 nos-
2203 3161 2258 3236 C
2281 3210 2521 3264 utimur.
2544 3210 2688 3269 Nam
2722 3224 2852 3262 cum
2882 3206 3208 3262 Theodorus
3240 3205 3534 3260 Canticum
3561 3205 3919 3261 canticorum

555 3301 657 3352 traa
675 3299 869 3354 Jesum
896 3299 1127 3354 fidelem
1155 3300 1207 3354 ei
1235 3301 1332 3372 qui
1347 3301 1483 3356 fecit
1505 3301 1666 3356 illum
1696 3301 1880 3372 [Helm
1911 3303 2014 3374 III],
2039 3303 2184 3357 sicut
2280 3304 2445 3358 vellet
2489 3317 2793 3374 exponere,
2826 3305 2884 3356 et
2921 3317 3037 3355 non
3081 3299 3154 3354 ad
3199 3304 3542 3368 commenta,
3572 3299 3672 3354 sed
3729 3299 3918 3370 potius

554 3396 612 3446 et
635 3393 851 3463 Moyses
872 3393 930 3447 in
954 3394 1117 3448 omni
1137 3394 1313 3450 domo
1341 3412 1462 3450 sua.
1490 3396 1791 3450 Facturam
1818 3399 2014 3452 autem
2046 3413 2181 3452 eum
2279 3397 2350 3452 ad
2399 3396 2768 3451 deliramenta
2807 3395 3109 3462 laboraret,
3137 3409 3241 3465 per
3266 3394 3419 3448 hunc
3455 3392 3673 3447 librum
3695 3393 3914 3448 Ethio-

553 3486 680 3558 quis
703 3504 825 3542 esse
853 3486 1058 3542 dixerit
1101 3491 1256 3544 recta
1283 3489 1554 3557 sentiens,
1595 3489 1915 3544 increatum
1955 3494 2014 3545 et
2050 3507 2181 3545 cum
2281 3491 2449 3563 pissae
2475 3490 2690 3562 reginae
2715 3488 3032 3544 blanditum
3060 3487 3252 3557 fuisse,
3284 3487 3571 3558 professus
3611 3492 3717 3554 est,
3759 3485 3914 3558 quod

551 3582 717 3636 Patre
739 3583 1088 3636 coaeternum
1103 3585 1159 3637 et
1181 3582 1627 3651 addam,verum
1651 3585 1857 3655 [Deum
1869 3585 2181 3656 Verbum]?
2279 3584 2661 3640 Theodoretus
2685 3582 3103 3655 aprehendens,
3133 3597 3343 3636 nomen
3383 3579 3616 3652 quidem
3657 3579 3915 3652 ejusdem

554 3674 654 3728 sed
677 3691 810 3729 eum
831 3676 926 3746 qui
955 3679 1041 3729 est
1069 3692 1134 3730 ex
1162 3676 1382 3734 semine
1411 3677 1609 3744 David,
1639 3677 1898 3748 quiliber
1923 3678 1994 3732 ab
2021 3678 2182 3733 omni
2279 3677 2555 3738 Theodori
2581 3677 2902 3749 supprimit,
2925 3676 3022 3731 sed
3064 3680 3253 3731 tamen
3293 3674 3582 3730 vesaniam
3624 3673 3914 3746 patefecit.

554 3769 1058 3839 peccatopontit‘ex
1080 3771 1414 3838 nosterf‘uit,
1443 3775 1502 3824 et
1520 3771 1945 3843 victimamipse
1974 3789 2032 3826 se
2075 3789 2179 3844 pro
2281 3772 2546 3843 Ejusdem
2591 3787 2842 3843 namque
2891 3769 3020 3825 libri
3052 3773 3373 3824 commenta
3415 3767 3798 3836 conscribens,
3841 3768 3919 3822 ait

555 3860 720 3914 nobis
751 3861 955 3916 obtulit
983 3864 1123 3929 Deo,
1157 3864 1376 3918 habens
1406 3863 1466 3918 in
1511 3881 1569 3918 se
1602 3869 1754 3919 certe
1805 3866 1908 3920 Dei
1931 3866 2181 3920 Verbum
2282 3866 2362 3936 (In
2379 3865 2649 3936 prooem):
2679 3864 2858 3920 Audio
2883 3864 3072 3935 plures
3101 3863 3397 3918 Canticum
3435 3861 3792 3916 canticorum
3817 3860 3916 3915 de-

555 3952 874 4008 adunatum
901 3955 1026 4022 sibi,
1056 3955 1630 4029 inseparabiliterque
1649 3959 2182 4032 conjunctum.»)Et
2279 3959 2588 4027 trahentes,
2617 3963 2674 4014 et
2701 3974 2821 4013 non
2849 3957 3138 4012 credentes
3163 3949 3478 4028 spiritalem
3506 3971 3627 4010 esse
3674 3954 3914 4022 librum,

553 4062 802 4114 rursum,
827 4049 890 4102 ut
916 4064 1050 4102 eum
1081 4049 1241 4120 quasi
1269 4051 1689 4106 ostenderetad
1709 4051 2065 4108 divinitatem
2078 4071 2182 4125 per
2278 4053 2494 4108 fabulas
2552 4056 2746 4107 autem
2783 4051 3055 4122 quasdam
3106 4049 3422 4104 aniculares
3467 4065 3571 4120 per
3614 4048 3912 4103 vesaniam

550 4140 911 4197 incrementa
936 4142 1198 4210 crevisse,
1230 4142 1290 4197 in
1313 4144 1518 4199 eodem
1546 4161 1719 4216 opere
1749 4146 2063 4218 subjungit,
2093 4147 2176 4202 di-

551 4252 688 4291 cens
721 4252 781 4292 :«
809 4236 903 4292 Ait
928 4237 1168 4308 angelus
1196 4237 1445 4309 Virgini:
1485 4241 1723 4310 Spiritus
1747 4245 1966 4296 sanctus
1991 4257 2177 4312 super-

548 4333 722 4386 veniet
745 4333 804 4386 in
827 4335 896 4395 te,
926 4336 976 4387 et
1003 4334 1176 4388 virtus
1198 4333 1470 4388 Altissimi
1495 4334 1836 4392 obumbrabit
1865 4335 2001 4389 tibi:
2035 4335 2176 4390 ideo-

2278 4150 2530 4202 texentes
2572 4161 2930 4216 componere,
2982 4148 3038 4198 et
3084 4159 3448 4214 praesumere,
3495 4141 3753 4196 dicentes
3783 4142 3918 4214 quia

2280 4241 2501 4312 sapiens
2548 4239 2813 4294 Salomon
2860 4239 2930 4293 ad
2973 4237 3224 4308 seipsum
3273 4241 3329 4292 et
3379 4235 3556 4290 ﬁliam
3601 4235 3914 4290 Pharaonis

2277 4333 2432 4388 hunc
2451 4333 2661 4388 librum
2678 4332 3024 4404 conscripsit.
3049 4330 3340 4396 Quomodo
3361 4346 3497 4401 ergo
3513 4329 3678 4384 nulla
3708 4329 3914 4400 scripta

547 4440 649 4496 que
689 4426 835 4496 quod
878 4430 1128 4482 nascetur
1171 4442 1238 4482 ea:
1280 4430 1330 4482 te
1365 4433 1630 4492 sanctum,
1682 4429 1963 4484 vocabitur
2009 4430 2180 4486 Filius
2277 4429 2533 4500 ejusdem
2573 4426 2908 4482 Theodoreti
2955 4425 3296 4498 recipimus,
3345 4424 3442 4496 qui
3499 4424 3668 4479 illum
3745 4424 3914 4480 etiam

548 4521 647 4575 Dei
673 4520 817 4588 (Luc.
845 4523 903 4589 ι.)
937 4519 1308 4575 Considerate
1331 4521 1420 4576 hic
1441 4521 1638 4590 etiam,
1679 4521 1814 4593 quia
1845 4525 2050 4577 cuncta
2077 4522 2178 4578 hu-
2195 4549 2254 4622 D
2279 4531 2476 4582 contra
2503 4525 2886 4593 Theodorum,
2917 4527 3252 4579 assertorem
3279 4521 3529 4578 veritatis
3555 4521 3916 4579 invenimus?

549 4611 804 4666 manitus
831 4612 1126 4668 dicuntur:
1172 4614 1310 4682 Erit,
1343 4614 1550 4687 inquit.
1582 4632 1847 4686 magnus,
1878 4632 1996 4671 non
2015 4615 2174 4684 dixit,

550 4707 664 4772 est;
697 4708 753 4760 et
778 4705 926 4761 filius
949 4706 1227 4762 Altissimi
1256 4709 1570 4777 vocabitur,
1595 4726 1712 4764 non
1753 4709 1894 4764 dixit
1922 4713 2174 4778 vocatur,

549 4802 608 4854 et
633 4797 793 4853 dabit
816 4798 871 4852 ei
919 4799 1196 4855 Dominus
1248 4799 1443 4856 sedem
1471 4802 1648 4858 David
1696 4803 1878 4858 Patris
1921 4803 2028 4871 sui,
2058 4819 2177 4858 non

547 4892 704 4961 dixit,
751 4892 944 4960 habet,
979 4893 1080 4948 sed
1127 4893 1287 4948 dabit
1333 4894 1385 4948 ei
1422 4895 1730 4964 Dominus;
1782 4900 1842 4951 et
1883 4897 2174 4970 regnabit,

547 5001 664 5041 non
692 4986 849 5054 dixit,
878 4989 1115 5058 regnat;
1144 4992 1202 5042 et
1232 5004 1403 5058 super
1427 4988 1608 5060 quos?
1635 5006 1806 5061 super
1825 4990 2066 5046 domum
2091 4992 2178 5046 Ja-

547 5079 651 5133 cob
668 5095 682 5148 ;
701 5097 818 5136 non
845 5081 1002 5152 dixit,
1031 5099 1204 5154 super
1229 5082 1468 5153 angelos
1495 5084 1553 5136 et
1577 5083 2010 5155 archangelos.»
2031 5085 2174 5139 Rur-

549 5187 674 5226 sum
705 5173 764 5227 in
786 5175 993 5229 eodem
1023 5175 1168 5230 libro
1197 5174 1450 5231 secundo
1480 5175 1588 5230 ait:
1620 5197 1648 5227 «
1667 5179 1816 5232 Iesus
1852 5183 2036 5233 autem
2053 5179 2176 5249 ple-

546 5280 649 5318 nus
690 5267 902 5334 Spiritu
945 5274 1128 5324 sancto
1156 5284 1425 5340 regressus
1466 5273 1544 5325 est
1577 5286 1612 5324 a
1639 5270 1874 5325 Iordane
1917 5269 2064 5344 (Luc.
2100 5288 2174 5339 ιν,

2279 4622 2404 4676 Haec
2429 4621 2499 4675 ad
2526 4619 2735 4692 scripta
2763 4621 2948 4673 vestra
2984 4616 3416 4688 respondemus.

2345 4716 2472 4770 XXI.
2505 4713 2613 4770 Sed
2639 4715 3028 4785 Opportunum
3056 4710 3213 4766 valde
3229 4709 3576 4782 judicamus,
3607 4715 3678 4765 ut
3697 4726 3766 4766 ea
3793 4726 3914 4783 qua:

2277 4808 2397 4863 sine
2424 4807 2632 4880 scripto
2660 4823 2694 4861 a
2731 4805 3146 4878 responsalibus
3176 4803 3373 4858 vestris
3398 4801 3750 4869 audivimus,
3781 4805 3910 4859 bre-

2278 4901 2420 4957 viter
2447 4901 2614 4956 verba
2642 4900 3002 4971 replicemus.
3043 4897 3316 4952 Dixerunt
3340 4895 3498 4951 enim
3539 4898 3906 4952 Theodorum

2277 5012 2310 5050 a
2334 4996 2546 5050 Joanne
2588 4993 2955 5048 Antiochense
2998 4991 3158 5046 urbis
3183 4989 3444 5062 episcopo
3483 4989 3630 5045 mira
3659 5007 3767 5064 per
3794 4991 3911 5064 epi-

2278 5089 2482 5145 stolam
2507 5087 2856 5143 attestatione
2882 5085 3192 5158 laudatum,
3224 5084 3376 5156 quod
3401 5100 3603 5140 verum
3628 5101 3734 5139 nos
3759 5085 3916 5140 nullo

2278 5183 2446 5237 modo
2472 5181 2774 5237 credimus.
2818 5179 2877 5235 Si
2921 5182 3114 5234 tamen
3158 5183 3215 5234 et
3265 5178 3372 5232 tale
3414 5177 3634 5249 aliquid
3683 5179 3914 5234 fortasse

2277 5276 2576 5347 reperitur,
2620 5276 2750 5346 plus
2786 5273 2919 5328 fidei
2945 5273 3147 5344 primas
3184 5270 3487 5344 Ephesinaa
3515 5272 3761 5342 synodo,
3788 5272 3914 5344 plus

554 5360 621 5426 t).
652 5357 720 5411 Et
740 5357 982 5415 iterum:
1034 5365 1317 5430 Regressus
1343 5368 1419 5419 est
1444 5366 1592 5419 Jesus
1617 5366 1675 5418 in
1698 5365 1898 5419 virtute
1941 5367 2178 5435 Spiritus
2276 5369 2470 5442 Cyrilli
2513 5369 2692 5436 libris,
2726 5369 2854 5440 plus
2892 5365 3169 5438 Hesychii,
3209 5381 3384 5436 quam
3413 5364 3536 5419 aliis
3583 5381 3719 5437 quae
3747 5365 3909 5421 inno-

546 5454 605 5506 in
651 5451 932 5508 Gatilteam
962 5453 1140 5520 (lbid.,
1179 5454 1291 5527 14):
1327 5473 1445 5511 non
1482 5456 1583 5512 Dei
1613 5456 1861 5512 Verbum
1900 5473 2174 5529 coopera-

547 5546 705 5601 tione
734 5545 821 5598 vel
851 5545 1056 5601 auxilio
1087 5547 1309 5617 eguisse
1352 5550 1595 5620 Spiritus
1638 5550 1820 5606 sancti
1859 5551 2174 5621 arbitreris,

547 5640 646 5696 sed
673 5637 890 5694 visibile
921 5641 1204 5712 templum
1241 5642 1410 5696 variis
1437 5644 1620 5699 sancti
1649 5645 1892 5717 Spiritus
1917 5645 2178 5702 donatio-

622 5757 691 5839 (ᾳ)
714 5757 809 5839 Est
833 5755 1076 5839 epistola
1104 5757 1475 5839 66__Synodi_ci
1517 5761 2174 5839 Casinen_sis_a_Baluzio

551 5828 708 5884 editi.
731 5829 803 5884 At
819 5828 1144 5888 Alexander
1169 5828 1630 5903 Hierapolitanus
1655 5832 1714 5888 in
1743 5835 1908 5907 Syria
1923 5837 2176 5910 Euphra-

2276 5467 2486 5519 tescere
2512 5479 2664 5518 nunc
2683 5477 2861 5533 usque
2895 5460 3274 5533 nequiverunt
3299 5457 3550 5530 epistolis
3576 5460 3907 5515 commoda-

2276 5574 2424 5612 mus.
2455 5556 2733 5612 Debemus
2771 5560 2963 5610 tamen
2990 5553 3278 5620 accedere,
3321 5551 3495 5607 etiam
3537 5553 3908 5608 concedentes

2274 5650 2488 5724 aliquid
2533 5649 2737 5706 dicere.
2768 5650 2847 5704 Ita
2883 5663 3022 5720 ergo
3069 5650 3133 5703 ut
3175 5645 3520 5719 responsales
3547 5647 3728 5702 vestri
3763 5663 3908 5702 asse-

2274 5753 2412 5848 tesia
2448 5767 2755 5848 episcopus
2780 5764 2909 5834 fuit,
2961 5780 3076 5820 non
3111 5764 3171 5820 in
3215 5762 3528 5819 Palmstina.
3575 5762 3752 5820 Error
3793 5763 3905 5821 for-

2277 5841 2421 5894 tasse
2447 5837 2683 5894 librarii.
2712 5837 2888 5895 Hann.
