3940 6178
537 282 642 337 739
1909 279 2093 337 PELAt

2243 279 2404 338 ’APE
2439 279 2488 336 Π
3722 289 3799 345 ’740

541 388 710 460 [Idem
736 385 894 462 epist.
927 387 1038 460 47],
1065 387 1440 461 proveniunt,
1468 405 1694 444 necesse
1737 391 1820 444 est
1861 405 1928 444 ea
1957 405 2170 446 cessare
2191 402 2251 475 Α
2270 405 2520 445 errorem
2549 403 2719 442 suum
2745 387 2855 443 cito
2891 386 3227 456 correxerit,
3253 403 3287 442 a
3307 387 3462 445 nobis
3490 397 3802 451 excommuni-

539 499 670 554 quaa
708 489 904 539 contra
940 482 1201 538 ordinem
1240 485 1296 536 et
1328 499 1560 542 omnem
1601 482 1989 540 auctoritatem
2027 483 2172 537 facta
2271 484 2513 538 candum
2538 483 2677 550 fore,
2710 485 2767 537 et
2793 481 3117 553 apostolica:
3146 482 3285 537 sedis
3306 488 3461 554 atque
3477 487 3694 542 omnium
3709 507 3805 545 san-

539 593 658 633 esse
685 580 1014 632 noscuntur.
1045 577 1220 646 Unde,
1253 577 1475 645 fratres,
1511 577 1719 648 rejects
1742 577 1968 648 penitus
1995 577 2168 631 auda-
2270 583 2490 632 ctorum
2520 577 2916 648 episcoporum
2942 576 3333 631 communione
3363 594 3552 634 carere.
3576 582 3804 637 Universa-

536 671 640 737 cia,
671 687 799 741 quae
829 675 1026 725 contra
1067 670 1429 741 apostolicam
1467 671 1658 725 sedem
1685 674 1741 725 et
1765 676 1963 726 contra
1990 670 2172 742 ipsam
2269 670 2443 726 litatis
2483 686 2713 742 quoque.
2741 686 2973 738 nomen,
3017 669 3174 742 quod
3211 669 3310 724 sibi
3351 670 3525 726 illicite
3556 677 3800 745 usurpavit,

540 763 767 818 Domini
792 764 1090 819 Salvatoris
1107 779 1324 833 vocem,
1354 781 1466 836 qua
1495 764 1707 820 dictum
1730 769 1814 820 est
1841 781 1858 820 :
1891 768 1969 819 Tu
1994 779 2046 819 es
2070 766 2166 819 Pe-
2269 765 2442 822 nolite
2479 764 2800 831 attendere,
2841 779 2944 817 nec
2983 763 3268 818 vocatione
3304 764 3418 834 ejus
3455 765 3519 819 ad
3551 769 3796 837 synodum,

536 861 672 920 trus,
701 862 752 911 et
775 871 936 926 super
973 860 1112 912 hanc
1143 863 1359 929 petram
1389 858 1662 927 aediﬁcabo
1677 860 1966 914 Ecclesium
1998 873 2172 912 meam
2271 859 2483 929 absque
2510 857 2840 912 auctoritate
2863 856 3344 928 sedimpostolicae
3361 900 3375 925 ,
3399 875 3622 929 unquam
3641 862 3794 930 venite,

539 949 756 1016 (Matth.
787 951 918 1020 xvr),
951 957 1176 1022 sumpta
1220 955 1306 1006 est
1349 951 1673 1022 disputandi
1715 955 1910 1006 contra
1950 951 2171 1004 Domini
2271 951 2317 1006 si
2349 951 2666 1022 apostolica:
2693 951 2838 1005 sedis
2861 955 2920 1005 et
2955 955 3293 1004 casterorum
3325 951 3668 1022 episcoporum
3689 972 3799 1008 com-

534 1048 838 1114 prmeepta,
865 1061 1009 1100 vana
1048 1045 1360 1099 errantium
1397 1045 1567 1099 corda
1607 1045 2022 1116 conquiescant,
2067 1060 2171 1098 nec
2271 1045 2541 1099 munione
2559 1044 2726 1098 vultis
2756 1043 2890 1098 frui.
2913 1044 3112 1098 Nullus
3139 1043 3291 1098 enim
3317 1045 3703 1114 patriarcharum
3721 1048 3797 1101 hoc

536 1136 708 1192 liceat
751 1137 980 1192 defendi
1011 1139 1210 1210 (Ibid.),
1261 1139 1416 1210 quod
1463 1155 1579 1193 non
1623 1138 1753 1193 licet
1803 1154 1970 1209 agere
2020 1137 2171 1209 [licet
2269 1142 2386 1192 tam
2423 1138 2661 1208 profano
2701 1137 2977 1191 vocabulo
3013 1153 3269 1208 unquam
3309 1140 3486 1191 utatur
3520 1138 3600 1206 (α),
3635 1140 3733 1210 quia
3765 1141 3798 1194 si

532 1230 670 1301 agi].
700 1231 962 1286 Relatum
991 1237 1080 1288 est
1105 1249 1242 1304 ergo
1277 1232 1347 1286 ad
1365 1231 1728 1303 apostolicam
1757 1232 1970 1299 sedem,
1999 1233 2167 1286 Joan-
2269 1248 2526 1286 summus
2554 1231 2742 1301 [unus]
2772 1231 3088 1302 patriarcha
3120 1230 3441 1284 universalis
3465 1231 3656 1298 dicitur,
3674 1235 3798 1302 patri-

533 1339 670 1380 nem
698 1325 1381 1397 Constantinopolitanum
1420 1325 1750 1398 episcopum
1787 1325 2168 1380 universalem
2269 1326 2572 1380 ar'charum
2589 1341 2801 1380 nomen
2814 1324 3033 1379 caeteris
3050 1324 3370 1395 derogatur.
3392 1324 3487 1378 Sed
3505 1325 3626 1379 absit
3642 1327 3694 1394 (ὁ)
3710 1343 3732 1379 a
3747 1327 3797 1380 ti-

535 1434 594 1472 se
649 1418 1000 1474 subscribere
1047 1420 1357 1490 [scribere],
1399 1437 1606 1492 vosque
1635 1437 1700 1474 ex
1740 1420 1843 1474 hac
1880 1436 1983 1474 sua
2017 1435 2166 1490 prir-
2268 1420 2406 1474 delis
2432 1420 2766 1490 cujusquam
2790 1423 3000 1487 mente,
3028 1419 3134 1472 hoc
3163 1417 3268 1471 sibi
3293 1417 3376 1471 vel
3399 1417 3525 1472 velle
3548 1419 3798 1489 quempiam

535 1511 857 1583 sumptione
889 1513 959 1567 ad
1001 1513 1281 1584 synodum
1319 1529 1625 1568 convocare
1659 1513 2036 1585 [convocasse]
2078 1529 2170 1584 ge—
2267 1513 2708 1584 arripere,unde
2728 1513 3009 1567 honorem
3036 1512 3282 1566 fratrum
3301 1527 3518 1565 suorum
3539 1511 3800 1567 imminuere

536 1606 810 1675 neralem,
861 1622 993 1662 cum
1033 1607 1385 1678 generalium
1426 1607 1770 1678 synodorum
1821 1607 2168 1662 convocandi
2267 1623 2336 1662 ex
2363 1607 2860 1679 quantulacunque
2876 1611 3034 1676 parte
3053 1606 3328 1660 videatur.
3347 1606 3802 1676 Oliapmpterchari-

534 1699 839 1756 auctoritas
863 1701 1184 1771 apostolica:
1219 1701 1338 1754 sedi
1376 1700 1524 1755 beati
1552 1701 1699 1756 Petri
1728 1701 2001 1773 singulari
2043 1701 2166 1772 pri-
2267 1706 2350 1755 tas
2365 1705 2548 1755 vestra
2565 1701 2857 1755 neminem
2871 1716 3124 1770 unquam
3141 1699 3258 1754 suis
3271 1699 3332 1753 in
3355 1698 3580 1770 epistolis
3592 1699 3805 1754 universa-

537 1792 742 1864 vilegio
773 1794 845 1847 sit
872 1794 1096 1860 tradita,
1127 1797 1183 1848 et
1207 1794 1364 1848 nulla
1386 1811 1641 1866 unquam
1671 1795 1922 1865 synodus
1947 1797 2068 1848 rata
2094 1795 2169 1850 le-
2187 1777 2244 1849 B
2268 1793 2382 1848 lem
2395 1793 2755 1863 nominet,ne
2769 1792 3138 1847 sibidebitum
3149 1792 3460 1861 subtrahat,
3475 1793 3722 1846 cumalteri
3736 1792 3804 1846 ho-

537 1889 705 1957 gatur
739 1903 868 1957 quae
909 1887 1212 1958 apostolica
1252 1889 1586 1943 auctoritate
1629 1905 1744 1943 non
1789 1888 1959 1942 fuerit
2001 1887 2163 1942 fulta.
2267 1904 2466 1943 norem
2491 1887 2653 1941 offert
2679 1886 3022 1942 indubitum.
3067 1886 3432 1941 Adversarius
3464 1901 3662 1955 namque
3680 1891 3808 1938 noster

535 1981 908 2051 Quapropter,
924 1981 1273 2053 quidquidin
1295 1981 1763 2053 prtedictovestro
1779 1984 2168 2038 conventiculo
2267 1983 2536 2044 diabolus,
2578 1981 2678 2052 qui
2721 1986 2917 2035 contra
2953 1980 3198 2035 humiles
3231 1980 3486 2046 saeviens,
3513 1982 3634 2033 sicut
3656 1979 3716 2032 leo
3736 1995 3802 2031 m-

536 2073 689 2146 (quia
736 2075 983 2145 synodus
1023 2075 1210 2130 taliter
1251 2078 1605 2148 praesumpta
1651 2093 1771 2130 esse
1813 2093 1929 2134 non
1965 2077 2162 2148 potuit)
2268 2064 2614 2145 gienscircui‘t
2633 2090 2872 2144 quaerens
2892 2089 3047 2144 quem
3071 2074 3288 2128 devoret
3303 2071 3576 2144 (ΙΡεωιι),
3598 2087 3690 2125 non
3703 2072 3804 2141 jam,

532 2167 824 2237 statuistis,
867 2184 938 2224 ex
980 2169 1313 2226 auctoritate
1361 2169 1538 2224 sancti
1591 2169 1744 2224 Petri
1785 2171 2168 2241 apostolorum
2267 2173 2332 2222 ut
2359 2167 2663 2237 cernimus,
2693 2168 2879 2253 caulas
2905 2167 3104 2233 circuit
3139 2167 3220 2236 [8.
3263 2166 3444 2236 Greg.,
3479 2165 3637 2234 ibid],
3661 2163 3734 2218 sed
3754 2164 3805 2215 ita

531 2261 824 2333 principis,
853 2268 909 2317 et
936 2263 1162 2317 Domini
1181 2263 1476 2319 Salvatoris
1498 2279 1650 2332 voce,
1685 2280 1798 2335 qua
1819 2264 1984 2318 beato
2005 2267 2168 2320 Petro
2268 2261 2448 2316 valide
2491 2261 2551 2315 in
2587 2261 2927 2332 quibusdam
2963 2259 3227 2316 Ecclesiae
3264 2259 3572 2314 necessariis
3603 2256 3804 2312 membris

533 2357 868 2426 potestatem
897 2355 1111 2427 ligandi
1129 2362 1298 2430 atque
1319 2357 1569 2412 solvendi
1587 2357 1706 2428 ipse
1724 2357 1967 2412 salvator
1993 2357 2166 2425 dedit,
2268 2355 2498 2410 dentem
2523 2355 2668 2426 ﬁgit,
2699 2360 2759 2409 ut
2785 2353 2927 2409 nulli
2954 2354 3026 2409 sit
3051 2353 3312 2422 dubium,
3333 2353 3461 2425 quia
3478 2352 3576 2406 nisi
3597 2348 3806 2405 unanimi-

533 2463 662 2518 que
685 2449 856 2504 etiam
873 2455 1124 2520 potestas
1139 2451 1198 2504 in
1215 2451 1624 2506 successoribus
1643 2451 1765 2522 ejus
1783 2451 2170 2507 indubitanter
2267 2454 2374 2518 ter,
2419 2449 2638 2504 favente
2674 2448 2910 2504 Domino
2928 2489 2943 2515 ,
2981 2451 3318 2502 cunctorum
3355 2445 3570 2519 provida
3591 2448 3808 2516 pastorum

538 2541 816 2612 transivit,
844 2542 1112 2614 praecipio
1137 2545 1322 2598 omnia
1355 2561 1484 2616 qua:
1509 2543 1586 2598 ibi
1606 2544 1895 2612 statuistis,
1923 2550 1980 2600 et
2002 2561 2165 2616 vana,
2267 2543 2430 2597 turba
2460 2545 2758 2597 concurrat
2776 2557 2989 2615 ,_omne
3012 2584 3028 2610 ,
3056 2542 3210 2612 quod
3241 2541 3405 2607 absit,
3432 2540 3580 2595 citius
3602 2537 3715 2592 ovile
3748 2537 3805 2589 di-

535 2639 592 2689 et
620 2641 834 2691 cessata
859 2653 998 2706 esse,
1027 2637 1106 2692 ita
1135 2643 1200 2692 ut
1224 2638 1488 2709 deinceps
1518 2653 1811 2710 nunquam
1837 2644 2164 2710 appareant,
2267 2636 2458 2694 leniet.
2510 2635 2891 2708 Perpenditis,
2931 2635 3134 2690 fratres
3181 2633 3521 2702 charissimi,
3556 2631 3673 2705 quid
3700 2646 3724 2684 e
3749 2630 3806 2682 vi-

538 2743 643 2784 nec
671 2729 1040 2786 ventilentur.
1061 2731 1279 2786 Etenim
1297 2731 1414 2803 ipse
1440 2732 1692 2787 Salvator
1713 2733 1880 2787 beato
1906 2735 2168 2804 Apostolo
2267 2729 2393 2784 cino
2420 2729 2816 2801 subsequatur,
2856 2745 2987 2783 cum
3015 2733 3071 2783 et
3093 2729 3153 2783 in
3181 2727 3552 2784 sacerdotibus
3575 2727 3808 2794 erumpunt

534 2824 698 2878 Petro
721 2828 989 2896 tanquam
1017 2824 1138 2896 ipsa
1167 2841 1272 2896 per
1297 2842 1356 2880 se
1384 2825 1591 2880 veritas
1631 2825 1902 2898 loquitur,
1931 2826 2123 2882 dicens
2149 2843 2163 2881 :
2267 2828 2385 2878 tam
2415 2840 2677 2894 perversa
2702 2822 3030 2894 primordia.
3076 2823 3221 2886 Quia
3268 2823 3419 2877 enim
3457 2822 3605 2893 juxta
3643 2824 3710 2874 est
3744 2816 3806 2870 ille

427 2919 433 2932 '
534 2917 869 2987 Quaecunque
899 2919 1153 2987 ligaveris
1177 2934 1340 2990 super
1365 2923 1564 2976 terram
1586 2959 1603 2983 ,
1631 2925 1788 2974 erunt
1829 2921 2003 2990 ligata
2029 2926 2078 2974 et
2110 2922 2166 2974 in
2269 2917 2394 2988 [illi]
2424 2917 2493 2972 de
2515 2933 2626 2988 quo
2651 2917 2925 2988 scriptum
2951 2919 3036 2972 est
3067 2932 3081 2970 :
3117 2919 3240 2987 Ipse
3264 2920 3344 2971 est
3368 2932 3462 2970 rex
3484 2929 3625 2986 super
3647 2915 3806 2966 uniter-

532 3011 690 3076 caelo;
719 3016 770 3064 et
797 3025 1138 3082 quaecumque
1156 3012 1378 3068 solveris
1393 3029 1554 3083 super
1580 3017 1800 3076 terram,
1817 3018 1972 3069 erunt
1989 3015 2167 3069 soluta
2264 3027 2349 3067 sos
2381 3012 2523 3080 ﬁlios
2552 3012 2814 3081 superbia
2855 3011 2990 3082 (Job.
3032 3011 3138 3079 xu)
3191 3009 3364 3081 (quod
3413 3025 3522 3063 non
3561 3007 3662 3062 sine
3697 3001 3809 3076 gravi

533 3109 582 3158 et
610 3107 670 3157 in
710 3105 836 3159 calo
882 3105 1095 3175 (Matth.
1135 3105 1269 3177 xvr).
1301 3106 1484 3161 Multis
1527 3106 1716 3161 denuo
1757 3108 2072 3178 apostolicis
2109 3112 2167 3162 et
2187 3153 2238 3178 η
2266 3104 2457 3159 dolore
2483 3104 2668 3159 dicere
2694 3104 3026 3175 compellor,
3055 3103 3196 3158 dum
3239 3104 3415 3158 frater
3441 3108 3494 3156 et
3528 3100 3808 3172 coepiscopus

537 3153 578 3158 -ν
714 3153 830 3159 --η
885 3153 1095 3175 ι-πνπη
1139 3153 1269 3177 -π-ι-
1301 3153 1483 3161 -κ-ν-
1529 3153 1712 3161 -η--ν
1758 3153 2071 3178 Ἴρην-υ-
2112 3153 2167 3162 "
2269 3153 2456 3159 -ν-νη
2487 3153 2667 3159 --ηη
2699 3153 3026 3175 "ﬁrm",
3061 3153 3196 3158 —————
3239 3153 3406 3158 ------
3448 3153 3493 3156 --
3735 3153 3749 3168 ,

533 3195 815 3250 canonicis
875 3201 1046 3268 atque
1106 3197 1492 3252 ecclesiasticis
1538 3197 1878 3252 instruimur
1931 3197 2162 3269 regulis,
2185 3153 2241 3228 Ο
2265 3204 2454 3254 noster
2473 3199 2716 3253 Joannes
2739 3197 3002 3252 mandata
3030 3197 3335 3266 dominica,
3359 3202 3416 3252 et
3431 3194 3693 3269 apostolica
3711 3204 3810 3262 pra-

537 3304 654 3348 non
689 3289 894 3345 debere
929 3290 1141 3362 absque
1161 3291 1440 3346 sententia
1467 3291 1709 3347 Romani
1735 3291 2017 3347 Pontiﬁcis
2039 3308 2167 3346 con—
2267 3298 2446 3364 cepta,
2477 3293 2816 3364 regulasque
2843 3294 3074 3346 Patrum
3096 3291 3439 3364 despiciens,
3480 3306 3600 3345 eum
3625 3303 3708 3360 per
3727 3285 3807 3338 ela-

532 3382 657 3437 cilia
700 3383 972 3439 celebrari
1020 3384 1186 3456 [Socr.
1215 3401 1274 3455 ιι,
1318 3388 1350 3440 8
1395 3391 1452 3440 et
1501 3389 1586 3455 l3,
1624 3388 1744 3443 Soz.
1786 3401 1869 3456 ιιι,
1897 3387 1950 3456 9]
1985 3402 1998 3440 :
2033 3402 2167 3458 qua-
2264 3388 2479 3442 tionem
2508 3401 2858 3457 praecurrere
2894 3391 3130 3440 conatur
3163 3385 3226 3440 in
3265 3386 3508 3454 nomine)
3537 3385 3702 3438 vestra:
3717 3378 3809 3432 beas

530 3482 766 3550 propter
793 3482 874 3547 (ut
893 3478 1017 3550 jam
1045 3478 1258 3534 dictum
1287 3479 1388 3553 est)
1409 3484 1559 3535 recte
1586 3493 1700 3534 non
1727 3479 2048 3550 concilium,
2067 3480 2164 3534 sed
2264 3480 2494 3536 titudini
2528 3480 2739 3536 indicet
2773 3479 3130 3552 omnipotens
3163 3481 3336 3550 Deus,
3369 3496 3534 3552 quam
3561 3475 3692 3549 gravi
3710 3488 3806 3527 con-

530 3578 784 3627 vestrum
813 3574 1272 3629 conventiculum
1297 3575 1382 3629 vel
1409 3574 1852 3630 conciliabulum
1873 3578 2161 3644 cessatur;
2264 3574 2620 3630 siderationis
2646 3575 2817 3646 hujus
2846 3575 3068 3646 gemitu
3093 3579 3388 3647 torqueor,
3415 3573 3554 3646 quod
3577 3571 3655 3626 ille
3675 3581 3806 3640 quon-

467 3702 477 3715 .
532 3671 588 3719 et
617 3665 893 3736 quidquid
922 3667 982 3722 in
1008 3683 1074 3722 eo
1095 3673 1289 3724 actum
1314 3673 1424 3737 est,
1455 3669 1684 3724 irritum
1708 3669 1949 3724 habetur
1971 3685 2038 3724 ac
2065 3685 2162 3723 va-
2264 3669 2395 3724 dam
2446 3669 2589 3724 mihi
2645 3669 2990 3738 notissimus,
3044 3669 3140 3724 ille
3183 3670 3450 3724 omnibus
3495 3667 3708 3730 dilectus,
3743 3659 3809 3712 ille
3879 3702 3888 3716 .

531 3774 722 3813 cuum.
745 3760 852 3814 Vos
875 3777 1102 3832 quoque
1129 3762 1414 3833 deinceps,
1443 3767 1509 3817 ut
1533 3763 1747 3817 nullius
1777 3763 2002 3819 hortatu
2029 3762 2164 3817 talia
2263 3763 2362 3835 qui
2387 3763 2755 3836 eleemosynis
2778 3805 2792 3830 ,
2825 3761 3210 3831 orationibus,
3263 3767 3434 3835 atque
3470 3758 3674 3834 jejuniis
3701 3752 3808 3806 vide-

530 3854 908 3922 praasumatis,
942 3854 988 3908 si
1013 3855 1338 3925 apostolica:
1367 3856 1517 3910 sedis
1547 3847 1946 3911 communione
1973 3873 2162 3912 carere
2261 3857 2430 3912 batur
2456 3863 2780 3930 occupatus,
2809 3860 2868 3912 et
2892 3873 2961 3912 ex
2987 3873 3052 3911 eo
3082 3873 3197 3928 quo
3235 3857 3468 3912 fmtebat
3491 3856 3669 3920 cinere,
3692 3865 3742 3903 ex
3762 3861 3806 3899 ea

531 3960 647 3998 non
673 3945 858 4000 vultis.
887 3947 1048 4002 Modo
1076 3964 1208 4003 vero
1234 3949 1362 4002 ideo
1391 3950 1757 4022 suspenditur
1784 3951 1956 4020 ultio,
1989 3956 2053 4005 ut
2075 3951 2158 4005 lo-
2261 3968 2435 4024 quam
2487 3951 2876 4023 praetendebat
2919 3950 3249 4008 humilitate
3305 3949 3615 4022 jactantiam
3649 3947 3805 3998 tantam

530 4054 663 4092 cum
691 4040 866 4110 possit
889 4039 1100 4096 habere
1135 4043 1408 4096 correctio
1439 4042 1514 4110 [8.
1543 4046 1665 4106 Leo,
1693 4047 1850 4115 epist.
1882 4045 1992 4114 47].
2020 4046 2162 4099 Prie-
2262 4045 2521 4116 sumpsit,
2559 4045 2637 4100 ita
2670 4049 2737 4100 ut
2775 4045 3036 4099 universa
3083 4045 3190 4099 sibi
3235 4050 3420 4101 tentet
3455 4040 3738 4101 adscribere,
3769 4039 3807 4086 οἳ

529 4131 848 4188 decessores
865 4150 996 4188 vero
1021 4135 1271 4204 Joannis,
1304 4141 1360 4190 et
1391 4135 1511 4206 ipse
1529 4138 1789 4204 Joannes,
1823 4155 1938 4192 non
1965 4139 2156 4208 semel,
2262 4139 2619 4211 omnia,quae
2640 4139 2743 4193 soli
2756 4139 2855 4194 uni
2866 4139 3034 4211 capiti
3046 4139 3360 4206 cohmrent,
3375 4129 3804 4193 videlicetChristO,

528 4224 626 4281 sed
651 4227 958 4298 saepissime
987 4228 1251 4299 epistolas
1276 4234 1445 4302 atque
1483 4229 1699 4286 libellos
1728 4231 1958 4303 propria
1987 4248 2159 4287 manu
2259 4249 2363 4306 per
2387 4233 2719 4289 electionem
2748 4232 3052 4305 pompatici
3094 4234 3375 4288 sermonis
3401 4230 3631 4303 ejusdem
3655 4219 3806 4280 Christi

526 4321 868 4393 subscriptos
897 4323 1104 4378 sanctis
1131 4323 1582 4380 antecessoribus
1615 4325 1820 4380 nostris
1857 4325 2156 4396 miserunt,
2260 4327 2366 4382 sibi
2395 4327 2615 4384 studeat
2646 4327 2902 4384 membra
2943 4327 3271 4400 subjugare.
3311 4328 3422 4382 Nec
3455 4325 3670 4386 mirum,
3697 4311 3804 4388 Ψιοά

525 4415 732 4486 quibus
761 4431 951 4472 coram
980 4417 1095 4472 Deo
1115 4419 1410 4490 protestati
1432 4417 1742 4490 sunt,nihil
1761 4436 2013 4492 unquam
2033 4437 2160 4492 pro-
2257 4420 2351 4476 ille
2388 4426 2632 4477 tentator
2683 4423 2783 4494 qui
2835 4421 3060 4477 initium
3111 4421 3302 4476 omnis
3353 4419 3557 4493 peccati
3600 4415 3684 4470 scit
3723 4421 3805 4464 esse

524 4509 678 4564 terve
703 4517 898 4566 contra
921 4511 1290 4584 apostolicam
1313 4513 1503 4568 sedem
1530 4500 1700 4586 agere
1725 4555 1739 4584 ,
1772 4530 1876 4569 nec
1909 4515 1980 4568 de
2003 4515 2158 4569 illius
2176 4531 2236 4602 D
2257 4515 2600 4587 superbiam,
2640 4521 2698 4571 et
2720 4521 2858 4570 tunc
2882 4532 2948 4570 ea
2972 4516 3033 4570 in
3061 4516 3251 4587 primo
3287 4514 3516 4570 homine
3537 4515 3650 4566 ante
3669 4501 3803 4560 oximia

403 4652 416 4662 .
524 4607 624 4657 aut
649 4603 891 4660 aliorum
919 4606 1225 4678 privilegiis
1245 4607 1559 4680 quidquam
1578 4621 1850 4679 usurpare
1873 4625 1886 4662 :
1909 4609 2009 4680 qui
2027 4609 2156 4663 hac—
2262 4603 2396 4664 usus
2421 4615 2524 4679 est,
2553 4615 2609 4665 et
2633 4626 2788 4665 nunc
2820 4625 2944 4665 eam
2969 4610 3029 4664 in
3057 4610 3405 4682 quibusdam
3444 4603 3722 4663 hominibus
3739 4610 3803 4667 W

525 4702 689 4752 tenus
730 4697 791 4752 in
836 4700 1064 4754 archivo
1107 4706 1317 4755 sancta
1353 4702 1624 4756 Romanae
1669 4702 1925 4757 ECclesiaa
1955 4703 2059 4756 sub
2087 4703 2157 4757 si-
2255 4703 2341 4758 nit
2365 4703 2426 4758 in
2454 4704 2567 4758 fine
2605 4704 2914 4772 virtutum;
2947 4709 3003 4760 et
3041 4704 3139 4776 qui
3171 4703 3527 4776 aliquatenus
3554 4697 3687 4754 bonis
3715 4690 3802 4743 ῖίῑε

525 4790 678 4862 giliis
699 4808 764 4847 ac
790 4793 1184 4866 chirographis
1211 4811 1410 4850 eorum
1433 4796 1682 4852 roborati
1707 4796 1994 4852 habentur
2010 4795 2158 4852 inte-
2255 4789 2452 4852 studiis
2494 4797 2832 4853 videbantur
2857 4797 3268 4853 crudelissimas
3292 4813 3498 4852 manus
3521 4796 3627 4866 ejus
3653 4783 3804 4853 effuge‘

524 4885 632 4956 gri.
665 4887 727 4941 In
760 4886 896 4959 ipsis
923 4888 1077 4943 enim
1103 4889 1355 4960 epistolis
1398 4891 1484 4946 vel
1524 4890 1754 4958 libellis,
1782 4892 2157 4946 anathematis
2255 4906 2338 4958 re,
2367 4889 2446 4944 eis
2475 4890 2534 4945 in
2563 4890 2699 4962 ipsis
2722 4891 2887 4946 metis
2911 4891 3042 4946 boni
3072 4891 3278 4963 aperis,
3296 4897 3354 4946 et
3389 4891 3446 4944 in
3471 4889 3583 4960 ipsa
3605 4879 3804 4956 quodam

521 4979 750 5035 vinculo
795 4998 854 5036 se
897 4986 956 5037 et
994 5000 1339 5038 successores
1363 5001 1562 5041 eorum
1603 4986 2080 5055 constrinxerunt,
2108 4986 2155 5040 si
2255 4984 2422 5038 modo
2447 4991 2696 5056 apponat
2731 4985 3094 5056 perfectionis
3122 4985 3486 5040 conclusione
3511 4973 3802 5036 tendiculum.

520 5087 778 5145 unquam
806 5073 1019 5148 aliquid
1045 5083 1242 5133 contra
1259 5094 1354 5134 eos
1380 5079 1896 5152 prasumpsissent,
1917 5085 2155 5135 autcono
2254 5077 2410 5137 Unde
2436 5095 2781 5151 magnopere
2817 5080 3096 5135 orandum
3131 5083 3246 5146 est,
3278 5085 3336 5134 et
3361 5075 3681 5148 omnipotens
3701 5066 3806 5119 Deus

522 5169 1016 5241 tra‘apostolicam,
1066 5173 1154 5226 vel
1197 5172 1370 5227 ullius
1403 5172 1633 5228 alterius
1671 5173 1917 5245 episcopi
1941 5174 2150 5242 sedem,
2252 5172 2490 5228 assiduis
2513 5171 2777 5243 precibus
2795 5173 3203 5245 implorandus,
3226 5179 3296 5228 ut
3315 5174 3466 5228 hunc
3485 5157 3809 5225 amenteillius

520 5255 835 5328 quidquam
879 5259 1097 5314 adversi
1133 5277 1362 5333 quoquo
1407 5263 1578 5317 modo
1607 5267 1792 5318 essent
1829 5263 2030 5318 moliti.
2072 5263 2154 5318 ld-
2251 5271 2467 5322 avertat
2503 5283 2785 5337 errorem,
2826 5267 2932 5324 hoc
2974 5267 3045 5322 ab
3085 5267 3304 5322 unitate
3349 5272 3514 5338 atque
3557 5254 3806 5316 humililme

519 5349 667 5405 circo
697 5366 791 5406 eos
826 5359 1051 5408 nonest
1093 5371 1320 5411 necesse
1348 5356 1839 5412 excommunicare
1859 5399 1874 5426 ,
1903 5362 2002 5412 aut
2023 5373 2152 5414 ana‘
2252 5361 2761 5423 Ecclesiae.malum
2800 5360 3079 5433 superbiae
3125 5365 3182 5416 et
3223 5359 3563 5416 confusionis
3594 5349 3806 5410 amoveat,

519 5444 886 5502 thematizare
905 5465 922 5518 ς
956 5449 1088 5520 quia
1114 5449 1223 5522 ipsi
1243 5451 1618 5507 anathematis
1646 5451 1890 5519 vinculo,
1912 5452 2154 5524 propriis
2252 5460 2309 5510 et
2331 5455 2551 5510 favente
2581 5456 2712 5524 Deo,
2731 5456 2994 5510 omnibus
3010 5451 3665 5514 viribusconcurrendum
3679 5449 3806 5511 είιιιιθ

517 5539 781 5596 manibus
807 5539 1182 5613 professiones
1203 5560 1335 5599 suas
1353 5562 1563 5618 suaque
1585 5547 1792 5618 scripta
1807 5547 2149 5614 roborando,
2251 5549 2684 5620 providendum,
2711 5566 2783 5606 ne
2810 5551 2871 5604 in
2898 5549 3064 5604 unius
3082 5565 3302 5605 veneno
3320 5546 3600 5610 sermonis,
3625 5531 3808 5594 Vitellii“

513 5635 993 5693 constrinxerunt.
1027 5636 1177 5692 Sciat
1204 5653 1262 5692 se
1289 5643 1479 5693 tamen
1507 5644 1563 5694 et
1591 5639 1710 5712 ipse
1739 5641 1981 5698 Joannes
1999 5682 2013 5710 ,
2041 5640 2150 5696 nisi
2249 5641 2311 5697 in
2341 5643 2548 5700 Christi
2581 5660 2813 5717 corpore
2844 5645 3102 5700 membra
3138 5643 3476 5699 moriantur.
3502 5637 3552 5697 Si
3575 5635 3706 5694 enim
3723 5623 3806 5682 did

517 5749 998 5876 lib(a)WSententia
1058 5751 1236 5808 sancti
1292 5753 1544 5828 Gregorii
1581 5771 1766 5828 papa,
1831 5757 1994 5830 epist.
2057 5759 2145 5828 36,
2321 5761 2388 5835 (ὸ)
2427 5761 2612 5818 Editio
2638 5763 2890 5820 Romana
2908 5761 3108 5820 addit:
3135 5763 3230 5818 hoc
3253 5762 3420 5818 absit.
