4058 6190
251 305 340 366 741

1510 304 1850 363 EPISTOLE
1887 301 1972 362 ET
2007 299 2334 361 DECRETA.

3493 301 3594 360 742

241 415 343 471 hoc
369 414 602 470 licenter
625 411 998 487 permittitur,
1036 412 1223 469 honor
1251 413 1704 485 patriarcharum
1733 432 1853 471 om-
1877 425 1937 498 Α
1955 414 2128 476 mino,
2151 417 2204 468 et
2225 411 2384 467 verbo
2408 412 2600 482 gratiae
2624 409 2754 481 ejus,
2786 412 2884 482 qui
2899 413 3076 482 potest
3097 411 3349 484 perﬁcere
3376 414 3426 469 et
3457 413 3592 469 dare

241 509 395 564 nium
421 511 695 581 negatur;
723 512 781 563 et
801 508 1036 564 fortasse
1061 507 1108 562 is
1137 507 1198 562 in
1219 524 1408 564 errore
1431 509 1598 581 perit,
1621 508 1719 581 qui
1739 509 1863 564 uni-

242 602 459 657 versatis
488 602 711 669 dicitur,
761 605 818 658 et
844 603 1036 657 nullus
1056 603 1182 673 jam
1209 602 1502 674 episcopus
1527 605 1861 659 remansisse

241 695 295 750 in
321 698 469 749 statu
493 696 740 750 veritatis
759 695 1068 750 invenitur.
1101 696 1334 768 Oportet
1361 713 1496 768 ergo
1534 701 1594 751 ut
1613 703 1862 753 constan-

241 793 320 844 ter
341 805 405 842 ac
445 789 572 844 sine
613 789 940 860 pra-.judicio
978 789 1228 858 servetis,
1267 790 1410 844 sicut
1434 790 1739 862 accepistis,
1767 807 1858 846 ec-

242 883 448 946 clesias,
481 888 539 936 et
562 883 703 937 nihil
739 883 845 937 sibi
870 883 930 937 in
958 883 1114 938 vobis
1139 884 1263 938 haec
1304 883 1540 939 tentatio
1566 884 1860 939 diabolicae

241 975 614 1048 usurpationis
640 976 899 1031 ascribat.
931 977 1081 1032 State
1112 978 1301 1046 fortes,
1335 981 1474 1032 state
1495 977 1696 1047 securi,
1724 978 1858 1032 scri-

239 1075 331 1141 pta
368 1085 496 1140 quae
536 1069 866 1125 universalis
918 1071 1166 1125 nominis
1217 1071 1454 1126 falsitate
1489 1070 1862 1126 condemnata

241 1168 383 1229 sunt,
424 1178 530 1217 nec
565 1163 696 1218 dare
739 1179 1010 1235 unquam,
1051 1180 1154 1218 nec
1197 1163 1450 1235 accipere
1483 1165 1856 1236 praesumatis.

241 1256 440 1311 Omnes
488 1257 778 1327 episcopos
819 1273 970 1310 cura:
1009 1264 1207 1312 vestrae
1253 1257 1534 1329 subjectos
1578 1258 1649 1313 ab
1690 1259 1860 1330 hujus

240 1349 564 1404 adulationis
597 1349 986 1422 inquinatione
1030 1351 1351 1422 prohibete,
1385 1356 1449 1406 ut
1473 1352 1736 1406 universa
1765 1369 1862 1406 vos

242 1444 470 1497 Ecclesia
505 1443 849 1514 patriarchas
893 1460 1008 1499 non
1047 1445 1232 1500 solum
1268 1445 1326 1498 in
1369 1445 1532 1500 bonis
1571 1445 1856 1517 operibus,

242 1535 329 1591 sed
353 1537 522 1590 etiam
555 1537 616 1591 in
654 1538 898 1592 veritatis
925 1538 1256 1592 auctoritate
1294 1543 1612 1610 cognoscat.
1651 1539 1710 1594 Si
1746 1555 1860 1610 qua

242 1634 420 1684 autem
471 1630 706 1685 forsitan
751 1631 982 1685 adversa
1036 1632 1472 1703 subsequantur,
1514 1631 1863 1687 unanimiter

241 1724 627 1795 persistentes,
668 1724 838 1779 etiam
887 1725 1178 1780 moriendo
1216 1726 1488 1780 debemus
1525 1726 1818 1782 ostendere
1842 1768 1856 1796 ,

1961 507 2330 563 haereditatem
2379 506 2527 562 vobis
2561 519 2679 560 cum
2723 505 2964 560 omnibus
2994 507 3214 561 sanctis.
3261 509 3378 576 Ipse
3415 512 3596 562 autem

1960 604 2098 657 Deus
2121 603 2276 672 pacis
2302 605 2352 656 et
2380 601 2754 655 consolationis
2784 600 2873 654 det
2898 599 3048 654 vobis
3073 601 3310 669 idipsum
3328 616 3515 672 sapere
3539 603 3597 656 in

1960 696 2304 758 alterutrum,
2334 700 2396 749 ut
2423 691 2572 748 vobis
2617 696 2844 747 invicem
2872 696 3220 753 succurratis.
3258 700 3309 748 et
3346 711 3453 749 non
3479 698 3600 750 sitis

1960 790 2144 851 divisi,
2186 793 2249 842 ut
2288 790 2588 849 unanimes,
2625 803 2731 842 uno
2773 803 2862 841 ore
2885 793 2937 841 et
2973 803 3078 842 uno
3109 788 3266 842 corde
3291 789 3598 858 honoriﬁce-

1958 898 2076 936 mus
2103 898 2221 936 eum
2249 883 2307 936 in
2332 882 2670 936 concordiam
2698 885 2749 935 et
2773 881 3183 936 consolationem
3206 883 3466 947 fratrum,
3501 884 3598 951 qui

1953 980 2142 1046 potens
2168 980 2246 1030 est
2271 977 2585 1044 conﬁrmare
2607 989 2700 1028 vos
2720 975 3009 1028 secundum
3031 975 3365 1043 evangelium
3394 975 3525 1041 ejus,
3546 980 3599 1030 et

1947 1069 2114 1138 jumta
2150 1069 2526 1123 reuelationem
2561 1069 2806 1136 mysterii
2842 1070 3054 1122 aeternis
3083 1068 3408 1137 temporibus
3445 1070 3600 1122 taciti

1961 1159 2100 1227 (Act.
2147 1178 2274 1230 xx;.
2301 1165 2450 1218 Rom.
2501 1177 2591 1227 xv,
2647 1163 2779 1232 xw),
2820 1161 3025 1230 quibus
3068 1161 3226 1214 vobis
3269 1161 3591 1215 futurorum

1961 1255 2302 1326 gaudiorum
2317 1253 2608 1325 largienda
2620 1257 2752 1308 sunt
2763 1269 3023 1308 munera.
3037 1253 3408 1325 Summopere
3425 1254 3590 1308 etiam

1958 1349 2310 1404 considerare
2341 1346 2576 1416 debetis,
2613 1347 2763 1418 quod
2802 1347 2862 1400 hi
2898 1347 2996 1418 qui
3028 1345 3295 1402 fratribus
3319 1347 3591 1415 invident,

1959 1459 2164 1513 eosque
2193 1442 2464 1496 damnare
2493 1445 2590 1494 aut
2625 1440 2862 1511 perdere
2899 1439 3164 1510 cupiunt,
3200 1456 3303 1510 per
3330 1456 3386 1494 se
3417 1444 3471 1494 et
3495 1455 3594 1493 sua

1959 1535 2226 1608 dogmata
2243 1536 2614 1614 destruantur
2629 1535 2753 1606 [per
2765 1550 2821 1588 se
2843 1550 2942 1587 sua
2963 1533 3226 1604 dogmata
3250 1533 3590 1604 destruunt].

1961 1629 2104 1684 Dicit
2127 1629 2280 1683 enim
2321 1629 2596 1684 Dominus
2635 1645 2650 1683 :
2699 1629 2863 1685 Omne
2904 1643 3125 1697 regnum
3169 1630 3228 1681 in
3269 1643 3323 1682 se
3362 1627 3596 1681 divisum

1953 1739 2065 1778 non
2091 1723 2294 1789 stabit;
2325 1727 2375 1778 et
2395 1725 2564 1778 omnis
2575 1724 2798 1777 scientia
2823 1727 2874 1776 et
2894 1723 2980 1776 lea:
2998 1721 3290 1776 adversum
3311 1737 3366 1775 se
3395 1721 3593 1783 divisa,

242 1793 365 1888 quia
389 1817 447 1871 in
473 1818 685 1872 damno
713 1819 1092 1889 generalitatis
1116 1823 1376 1873 nostrum
1414 1819 1725 1890 specialiter
1755 1793 1858 1873 ali;
1880 1793 1938 1866 Β
1958 1833 2065 1872 non
2091 1817 2258 1871 stabit
2289 1817 2504 1884 (Matth.
2532 1815 2650 1887 xu).
2695 1815 2939 1886 Ideoque
2977 1831 3201 1868 necesse
3243 1819 3327 1869 est
3363 1820 3428 1869 ut
3467 1830 3596 1868 con-

242 1910 365 1982 quid
391 1927 504 1965 non
530 1927 808 1966 amamus.
832 1911 1092 1966 Dicamus
1121 1929 1251 1966 cum
1279 1913 1454 1968 Paulo
1477 1929 1491 1966 :
1525 1913 1664 1968 Mihi
1685 1915 1862 1968 vivere

239 2003 466 2060 Christus
477 2010 576 2068 est,
592 2009 643 2059 et
652 2007 788 2059 mori
811 2006 1024 2061 lucrum
1040 2007 1305 2076 (Philipp.
1321 2006 1694 2077 1).Audiamus
1709 2007 1858 2077 quod

238 2098 444 2169 primus
477 2099 739 2153 omnium
765 2099 1152 2170 apostolorum
1177 2100 1315 2154 dicit
1333 2116 1346 2154 :
1364 2101 1426 2157 Si
1448 2101 1582 2170 quid
1595 2102 1861 2170 patimini

235 2193 750 2262 prapterjustitiam,
773 2194 916 2250 beati
935 2196 1084 2248 eritis
1100 2196 1172 2262 (II
1175 2197 1290 2250 Pet.
1307 2193 1408 2266 ιιι).
1423 2193 1553 2248 Mihi
1579 2194 1730 2249 enim
1745 2210 1860 2249 cre-

243 2279 365 2347 dite,
382 2281 516 2352 quia
534 2283 812 2337 honorem
828 2299 1000 2354 quem
1016 2299 1121 2354 pro
1139 2282 1493 2354 praedicanda
1509 2282 1859 2354 suscepimus

243 2375 480 2445 veritate,
508 2376 560 2430 si
585 2375 925 2430 necessitatis
951 2392 1116 2431 causa
1142 2375 1352 2448 exigat,
1374 2375 1624 2431 securius
1649 2392 1753 2448 pro
1773 2393 1860 2430 ea-

245 2467 361 2522 dem
380 2469 616 2525 veritate
633 2469 1022 2541 relinquimus,
1041 2485 1213 2542 quam
1240 2475 1498 2528 tenemus
1519 2469 1656 2540 [Huc
1675 2486 1857 2542 usque

244 2561 401 2616 sancti
420 2562 680 2635 Gregorii
695 2563 864 2618 verba
879 2562 1212 2634 interpolata
1227 2569 1325 2618 aut
1349 2563 1654 2635 corrupta].
1669 2563 1854 2631 Orate,

243 2654 446 2724 fratres,
466 2660 538 2711 ut
564 2657 748 2712 honor
763 2657 1168 2712 ecclesiasticus
1182 2657 1386 2712 nostris
1397 2657 1594 2712 diebus
1605 2673 1718 2711 non
1736 2673 1859 2712 eva-

245 2755 455 2820 cuetur;
485 2767 596 2806 nec
613 2767 866 2823 unquam
887 2751 1140 2806 Romana
1159 2751 1337 2820 sedes,
1362 2767 1488 2822 quae
1513 2750 1858 2818 (instituente

245 2841 479 2915 Domino)
515 2850 686 2916 caput
716 2849 801 2899 est
842 2845 1102 2899 omnium
1131 2844 1522 2911 Ecclesiarum,
1549 2843 1858 2916 privilegiis

244 2936 346 2990 suis
373 2954 614 3010 usquam
634 2941 820 2993 careat
845 2943 943 2993 aut
969 2937 1302 3010 espolietur.
1335 2938 1656 3008 Conﬁdimus
1679 2942 1858 2992 autem

244 3029 301 3085 de
338 3033 500 3096 vobis,
544 3033 872 3096 charissimi,
903 3033 1128 3088 meliora
1169 3037 1334 3101 atque
1373 3033 1636 3087 viciniora
1691 3031 1860 3086 saluti

246 3122 396 3193 [Edit.
429 3126 622 3195 Rom.,
651 3125 866 3197 salutis]
891 3143 904 3180 :
942 3128 1074 3196 quia
1115 3142 1283 3196 neque
1318 3141 1459 3181 mors
1480 3167 1495 3189 ,
1525 3142 1694 3196 neque
1720 3127 1855 3188 vita,

242 3232 396 3288 neque
417 3220 625 3290 angeli,
639 3235 806 3290 neque
824 3221 1191 3291 principatus,
1205 3235 1372 3290 neque
1386 3221 1672 3283 instantia,
1689 3235 1860 3290 neque

243 3312 516 3378 fortitudo,
557 3329 726 3383 neque
767 3312 1024 3378 altitudo,
1073 3329 1240 3383 neque
1285 3313 1644 3382 profundum,
1694 3328 1862 3383 neque

246 3408 479 3458 creatura
497 3404 618 3458 alia
649 3403 942 3474 (magistro
975 3403 1231 3475 gentium
1262 3403 1517 3470 docente)
1547 3405 1744 3474 poterit
1767 3418 1862 3458 nos

245 3510 484 3564 separare
511 3513 549 3551 a
569 3498 834 3551 charitate
859 3498 1073 3552 Domini
1095 3499 1268 3552 nostri
1291 3499 1414 3552 Jesu
1439 3498 1657 3560 Christi,
1680 3500 1862 3566 etquae

243 3589 295 3641 in
314 3591 424 3659 ipso
451 3595 555 3653 est,
583 3595 728 3646 recta
747 3590 871 3660 ﬁde.
901 3591 1080 3646 Nolite
1103 3593 1288 3660 itaque
1318 3592 1564 3645 amittere
1591 3591 1858 3660 confiden-

245 3684 364 3737 tiam
407 3688 664 3748 vestram,
711 3700 832 3754 quae
879 3699 1135 3752 magnam
1182 3684 1338 3738 habet
1384 3686 1862 3739 remunerationem

245 3766 410 3840 (Hebr.
436 3789 494 3842 v,
519 3776 671 3830 Rom.
699 3789 816 3840 vni,
849 3773 1016 3829 Hebr.
1051 3774 1123 3843 x).

307 3865 576 3922 Patientia
604 3867 756 3922 enim
784 3866 944 3922 nobis
963 3865 1277 3922 necessaria
1312 3869 1396 3921 est
1425 3865 1494 3920 ad
1514 3864 1859 3921 colluctatio-

246 3974 335 4014 nes
353 3961 825 4025 adversariorum,
847 3966 1126 4034 quatenus
1153 3960 1323 4016 fidem
1350 3959 1744 4016 intemeratam
1772 3977 1864 4015 us-

247 4069 347 4124 que
373 4054 431 4109 in
473 4055 650 4110 finem
687 4059 1103 4126 conservantes,
1143 4053 1640 4126 repromissionem
1677 4055 1860 4126 perci-

246 4145 472 4216 piamus,
507 4165 678 4220 quam
721 4148 1043 4220 repromisit
1081 4148 1169 4203 his
1209 4147 1310 4220 qui
1352 4147 1606 4219 legitime
1649 4154 1863 4204 certare

245 4240 629 4314 deproperant.
653 4243 848 4300 Adhuc
871 4243 1012 4298 enim
1029 4243 1297 4298 modicum
1321 4243 1744 4313 aliquantulum,
1769 4247 1864 4314 qui

241 4339 481 4394 venturus
508 4340 585 4392 est
622 4324 814 4400 veniet;
853 4341 904 4392 et
943 4352 1052 4392 non
1096 4337 1342 4392 tardabit
1381 4336 1603 4406 (Habac.
1653 4353 1712 4407 ιι,
1749 4353 1858 4392 sec.

247 4427 396 4500 LXX).
423 4434 555 4487 Ecce
595 4433 735 4486 enim
767 4431 944 4500 judea:
967 4436 1092 4486 ante
1116 4431 1343 4499 ianuam
1376 4433 1584 4488 assistit
1625 4431 1758 4501 (Jac.
1785 4436 1860 4503 γ),

1879 3169 1934 3244 C

1959 1911 2206 1966 corditer
2245 1909 2492 1964 salubres
2527 1908 2849 1980 suscipiatis
2888 1909 3144 1963 hortatus
3170 1909 3248 1979 [S.
3275 1911 3396 1971 Leo,
3427 1910 3594 1979 .epist.

1958 2005 2070 2074 87],
2098 2008 2154 2058 et
2181 2003 2323 2058 nihil
2352 2019 2454 2074 per
2482 2002 2902 2057 contentionem
2929 2006 3181 2072 agentes,
3209 2001 3308 2056 sed
3327 2001 3398 2056 ad
3423 2017 3591 2056 omne

1958 2097 2210 2152 studium
2249 2095 2560 2154 devotionis
2601 2095 2900 2150 unanimes
2939 2093 3142 2149 divinis
3179 2098 3237 2149 et
3273 2094 3595 2166 apostolicis

1958 2189 2451 2246 constitutionibus
2479 2189 2743 2260 parcatis,
2773 2193 2830 2244 et
2853 2189 2913 2242 in
2940 2188 3096 2242 nullo
3139 2187 3432 2259 patiamini
3464 2205 3593 2260 pro-

1957 2283 2342 2339 videntissima
2378 2298 2663 2338 canonum
2707 2283 2934 2336 decreta
2975 2281 3194 2349 violari,
3234 2287 3511 2352 quatenus
3539 2287 3596 2338 et

1958 2378 2312 2433 Nicaenorum
2352 2392 2633 2432 canonum
2673 2375 3010 2441 constituta,
3051 2379 3109 2429 et
3154 2390 3282 2446 qua:
3330 2391 3364 2428 a
3400 2375 3591 2445 nobis,

1957 2472 2044 2526 vel
2069 2489 2100 2526 a
2125 2470 2632 2542 praedecessoribus
2651 2468 2861 2525 nostris
2876 2474 3008 2523 sunt
3021 2468 3250 2539 provide
3277 2471 3333 2523 et
3351 2467 3591 2522 salubri-

1957 2569 2046 2620 ter
2070 2565 2311 2632 decreta,
2341 2565 2678 2619 intemerata
2707 2567 3078 2636 permaneant
3101 2561 3162 2616 in
3190 2561 3412 2630 futuro;
3452 2566 3507 2616 et
3533 2560 3592 2616 in

1957 2658 2292 2730 Apocalypsi
2321 2659 2592 2713 Dominus
2625 2675 2732 2730 per
2763 2659 3040 2713 Joannem
3075 2655 3328 2728 loquitur
3352 2655 3541 2709 dicens
3570 2669 3583 2709 :

1956 2754 2134 2811 Nolite
2155 2753 2356 2814 timere,
2381 2769 2474 2821 ego
2500 2768 2618 2807 sum
2639 2755 2849 2823 primus
2886 2756 2938 2806 et
2970 2753 3312 2813 novissimus,
3339 2754 3390 2803 et
3415 2750 3591 2811 vivus,

1957 2851 2008 2902 et
2029 2849 2121 2915 fui
2144 2850 2401 2909 mortuus,
2433 2850 2485 2900 et
2528 2861 2636 2900 ecce
2673 2861 2792 2900 sum
2833 2847 3015 2899 vivens
3053 2846 3111 2897 in
3139 2843 3334 2897 saecula
3373 2842 3591 2896 saeculo-

1957 2957 2078 2996 rum
2106 2942 2288 3010 (Apoc.
2317 2941 2376 3008 ι).
2410 2940 2477 2994 Et
2517 2955 2530 2994 :
2561 2940 2740 2995 Habeo
2773 2938 2947 2992 claves
2974 2939 3161 2992 mortis
3188 2940 3239 2990 et
3275 2936 3496 3003 inferni.
3526 2935 3594 2990 Et

1957 3035 2127 3106 paulo
2157 3037 2287 3105 post
2315 3051 2328 3088 :
2365 3035 2613 3090 Vincenti
2637 3033 2776 3087 dabo
2804 3031 2958 3086 edere
2993 3031 3058 3084 de
3086 3031 3230 3100 ligno
3264 3031 3419 3093 vitae,
3452 3029 3596 3100 quod

1958 3134 2036 3184 est
2073 3131 2132 3183 in
2170 3128 2436 3199 paradiso
2485 3128 2582 3182 Dei
2620 3128 2726 3181 mei
2771 3125 2954 3196 (Apoc.
2987 3124 3070 3192 ιι).
3118 3125 3183 3178 Et
3225 3121 3378 3178 idem
3421 3122 3591 3194 [Edit.

1957 3226 2108 3280 Rom.
2136 3221 2300 3292 item]
2333 3239 2345 3276 :
2375 3225 2500 3277 Esto
2545 3221 2720 3290 fidelis
2759 3235 2930 3289 usque
2979 3219 3054 3274 ad
3081 3223 3324 3281 mortem,
3365 3221 3416 3272 et
3454 3216 3596 3272 dabo

1959 3317 2060 3371 tibi
2083 3331 2333 3372 coronam
2357 3317 2502 3369 vita.
2533 3315 2601 3368 Et
2619 3313 2831 3368 iterum
2867 3329 2879 3366 :
2911 3314 3014 3380 Qui
3037 3313 3247 3374 vicerit,
3277 3315 3327 3365 et
3344 3311 3602 3365 custodie-

1958 3413 2033 3465 rit
2056 3425 2220 3479 usque
2242 3411 2301 3463 in
2328 3410 2485 3477 ﬁnem
2505 3423 2667 3478 opera
2692 3422 2834 3470 mea,
2868 3406 3007 3460 dabo
3032 3407 3083 3460 ei
3094 3408 3414 3475 potestatem
3433 3418 3596 3472 super

1959 3507 2156 3573 gentes,
2191 3507 2242 3556 et
2269 3506 2414 3572 reget
2446 3501 2577 3556 illas
2613 3502 2672 3554 in
2700 3501 2857 3569 virga
2892 3500 3072 3566 ferrea
3095 3539 3109 3559 ,
3137 3501 3187 3552 et
3213 3501 3472 3566 tanquam
3495 3511 3596 3551 vas

1957 3596 2115 3668 ﬁguli
2138 3597 2568 3664 confringentur.
2601 3595 2746 3648 Item
2785 3591 2943 3646 idem
2973 3607 2986 3646 :
3015 3593 3148 3647 Ecce
3173 3595 3255 3646 sto
3281 3590 3356 3644 ad
3379 3592 3594 3655 ostium,

1960 3693 2012 3745 et
2034 3689 2211 3760 pulso.
2263 3690 2327 3745 Si
2371 3689 2493 3758 quis
2536 3687 2778 3742 audierit
2811 3700 2988 3740 vocem
3012 3699 3184 3739 meam
3204 3725 3221 3747 ,
3249 3688 3298 3739 et
3321 3686 3597 3755 aperuerit

1959 3784 2096 3838 mihi
2101 3783 2354 3852 januam,
2388 3781 2618 3836 introibo
2643 3779 2719 3835 ad
2742 3779 2920 3842 illum,
2943 3782 2993 3833 et
3016 3777 3228 3833 camabo
3257 3793 3376 3832 cum
3399 3778 3516 3841 illo,
3544 3779 3596 3833 et

1960 3879 2075 3948 ipse
2121 3891 2343 3932 mecum.
2385 3875 2489 3942 Qui
2535 3876 2742 3937 vicerit,
2794 3873 2934 3927 dabo
2983 3873 3035 3927 ei
3077 3871 3260 3927 sedere
3297 3887 3499 3927 mecum
3536 3873 3596 3926 in

1962 3972 2150 4026 throno
2193 3985 2330 4032 meo,
2373 3971 2510 4024 sicut
2556 3971 2607 4022 et
2652 3983 2745 4036 ego
2785 3967 2910 4031 vici,
2939 3970 2992 4022 et
3025 3966 3240 4021 consedi
3279 3981 3394 4020 cum
3436 3967 3598 4021 Patre

1960 4080 2074 4120 meo
2115 4066 2174 4118 in
2221 4064 2410 4118 throno
2455 4061 2566 4131 ejus
2607 4060 2792 4132 (Apoc.
2829 4059 2931 4132 ιιι).
2970 4061 3100 4127 Vos,
3143 4060 3368 4127 fratres,
3401 4058 3447 4113 si
3479 4075 3596 4115 non

1964 4157 2138 4213 vultis
2169 4168 2298 4212 cum
2322 4173 2389 4211 eo
2415 4154 2680 4210 damnari
2709 4153 2863 4226 (quia
2882 4169 2990 4209 non
3011 4154 3204 4216 solum,
3233 4155 3328 4222 qui
3367 4154 3602 4220 faciunt,

1961 4253 2057 4308 sed
2086 4254 2184 4322 qui
2209 4253 2540 4311 consaitiunt
2557 4249 2902 4317 facientibus,
2936 4247 3017 4302 rei
3041 4251 3168 4304 sunt
3201 4248 3367 4314 (Rom.
3396 4246 3435 4316 ι)
3461 4245 3598 4299 hor-

1961 4345 2160 4401 tamini
2187 4361 2341 4414 eum,
2369 4349 2423 4399 et
2453 4349 2678 4398 monete
2731 4341 2995 4397 recedere
3023 4357 3056 4394 a
3087 4339 3337 4412 praefatis
3369 4339 3593 4408 illicitis,

1963 4442 2021 4494 et
2045 4455 2264 4493 memor
2305 4439 2378 4492 sit
2419 4437 2572 4492 unde
2607 4435 2909 4502 exciderit,
2937 4439 2994 4489 et
3017 4437 3148 4506 agat
3173 4432 3591 4505 paenitentiam,

249 4538 468 4578 coronas
494 4524 750 4580 hilariter
774 4525 1116 4597 promittens
1141 4525 1230 4579 his
1255 4524 1355 4596 qui
1384 4541 1486 4596 pro
1514 4541 1579 4579 eo
1602 4525 1870 4596 passioni-
1887 4541 1946 4614 D
1969 4537 2024 4588 et
2054 4532 2237 4604 prima
2260 4547 2430 4603 opera
2457 4529 2640 4584 faciat.
2689 4529 2785 4584 Sin
2834 4527 3040 4597 minus,
3077 4543 3195 4582 non
3240 4543 3369 4582 mea
3395 4527 3599 4600 loquar

247 4613 343 4671 bus
372 4617 806 4674 submittuntur.
841 4620 994 4687 Quod
1034 4621 1084 4674 si
1109 4621 1229 4688 quis
1254 4633 1309 4673 se
1348 4618 1712 4684 subtraxerit,
1761 4637 1866 4677 non

245 4710 466 4780 placebit
505 4714 702 4768 animae
738 4729 904 4780 mea;
931 4713 1026 4768 sed
1057 4713 1212 4768 cadet
1239 4712 1306 4767 de
1331 4715 1678 4783 promissione
1696 4731 1861 4787 prop-

245 4809 359 4873 pter
379 4809 737 4877 negationem.
764 4809 873 4865 Nos
915 4812 1094 4864 autem
1123 4821 1230 4862 non
1268 4821 1450 4862 sumus
1489 4808 1870 4866 subtractionis

250 4899 347 4964 ﬁlii
359 4901 416 4955 in
427 4901 790 4972 perditionem
802 4902 1020 4958 anima.
1037 4901 1262 4970 Propter
1277 4900 1422 4971 quod
1439 4905 1693 4958 assumite
1711 4919 1868 4960 arma

251 4992 357 5056 Dei,
382 5000 443 5049 ut
477 4996 698 5066 possitis
745 4997 989 5051 resistere
1023 4996 1086 5049 in
1120 4995 1208 5050 die
1237 4996 1380 5051 malo
1409 4996 1666 5052 adversus
1692 5013 1869 5053 omnes

252 5087 480 5144 inimicos
514 5093 716 5144 sancta
741 5091 838 5146 Dei
859 5091 1104 5146 Ecclesia
1143 5093 1194 5144 et
1217 5094 1438 5152 vestros,
1468 5094 1520 5144 et
1547 5091 1757 5146 induite
1786 5093 1866 5147 lo-

252 5181 411 5237 ricam
424 5182 672 5252 justitia,
705 5184 929 5240 calceati
946 5183 1111 5255 pedes
1141 5183 1200 5238 in
1221 5186 1675 5254 praeparationem
1705 5201 1865 5241 evan-

255 5277 375 5344 gelii
407 5281 580 5349 pacis,
621 5280 682 5332 in
725 5278 968 5334 omnibus
1003 5282 1328 5332 assumentes
1369 5282 1579 5332 scutum
1621 5278 1768 5348 ﬁdei,
1811 5283 1870 5336 in

259 5385 354 5439 quo
372 5374 584 5442 possitis
607 5373 788 5427 omnia
798 5372 988 5442 jacula
1013 5374 1325 5442 nequissimi
1341 5374 1499 5443 ignea
1523 5375 1866 5444 extinguere:

257 5468 303 5518 et
328 5466 532 5534 galeam
557 5467 752 5522 salutis
786 5467 1030 5538 accipite,
1071 5470 1122 5520 et
1160 5466 1409 5536 gladium
1437 5468 1695 5538 Spiritus,
1725 5470 1872 5538 quod

259 5562 326 5612 est
354 5560 580 5615 Verbum
607 5561 725 5624 Dei,
767 5575 868 5631 per
907 5575 1112 5616 omnem
1133 5563 1427 5616 orationem
1472 5565 1524 5616 et
1550 5561 1868 5618 obsecratio-

260 5665 368 5706 nem
389 5653 624 5709 radicati
647 5659 698 5710 et
719 5654 948 5722 fundati
971 5656 1030 5708 in
1055 5654 1248 5710 solatio
1273 5655 1515 5723 fratrum
1534 5671 1638 5727 pro
1663 5657 1871 5715 Christo

261 5745 371 5801 Iesu
391 5749 606 5804 Domino
635 5753 818 5805 nostro
847 5748 1024 5821 (Hebr.
1047 5765 1084 5806 χ
1097 5765 1116 5820 ;
1143 5747 1338 5820 Ephes.
1361 5749 1459 5820 γι).

326 5840 425 5897 Sed
449 5847 497 5898 et
522 5857 684 5910 nunc,
720 5845 944 5912 fratres,
990 5842 1420 5900 commendamus
1445 5859 1538 5903 vos
1563 5859 1740 5903 omnes
1763 5849 1868 5904 Do-

1965 4625 2154 4693 verba,
2183 4625 2280 4680 sed
2326 4625 2446 4696 ipsa
2489 4622 2710 4678 Domini
2738 4621 3064 4690 Salvatoris,
3103 4637 3232 4693 quae
3259 4637 3361 4694 per
3387 4621 3597 4694 praedi.

1965 4725 2121 4776 ctum
2147 4720 2420 4774 Joannem
2459 4717 2520 4772 in
2541 4717 2664 4790 jam
2691 4715 2841 4771 dicto
2870 4715 3012 4770 libro
3033 4715 3254 4772 locutus
3282 4719 3386 4786 est,
3421 4715 3596 4788 replia

1965 4831 2122 4880 cans,
2158 4813 2249 4868 aio
2280 4829 2294 4869 :
2332 4813 2558 4870 Veniam
2592 4815 2642 4867 et
2679 4811 2892 4866 movebo
2929 4810 3314 4867 candelabrum
3355 4814 3507 4864 tuum
3534 4810 3600 4866 de

1968 4907 2078 4963 loco
2099 4922 2214 4971 suo,
2247 4909 2359 4962 nisi
2374 4907 2749 4978 panitentiam
2767 4907 2937 4975 egeris
2963 4905 3148 4975 (Apoc.
3179 4905 3258 4974 ιι).
3287 4906 3412 4975 lpse
3443 4901 3599 4958 enim

1965 5001 2149 5074 magis
2191 5006 2346 5056 tenet
2387 4999 2701 5056 doctrinam
2745 4999 2994 5068 Balaam,
3037 4997 3138 5070 qui
3179 4997 3413 5054 docebat
3438 4993 3602 5054 Bolae

1967 5095 2192 5152 mittere
2217 5095 2543 5150 scandalum
2564 5109 2754 5150 coram
2778 5090 2912 5148 ﬁliis
2933 5093 3120 5160 Israel,
3153 5089 3297 5148 sicut
3313 5091 3416 5148 iste
3436 5089 3602 5150 docet

1966 5205 2065 5249 vas
2093 5182 2466 5246 scandalizare
2494 5193 2746 5244 sanctam
2771 5193 3011 5243 matrem
3053 5185 3372 5256 Ecclesiam,
3397 5191 3454 5243 et
3476 5189 3603 5244 uni-

1968 5300 2193 5339 versum
2219 5289 2425 5340 coetum
2453 5288 2568 5338 tam
2599 5281 2974 5349 sacerdotum,
3006 5297 3176 5352 quam
3204 5280 3598 5354 religiosorum

1967 5378 2416 5434 Christianorum
2439 5382 2609 5449 atque
2633 5375 2906 5430 ﬁdelium.
2926 5375 3082 5431 Unde
3109 5380 3165 5431 et
3192 5375 3252 5430 in
3280 5376 3599 5448 supradicto

1967 5471 2113 5527 libro
2139 5471 2463 5526 continetur
2495 5470 2571 5525 ita
2603 5470 2847 5542 (semper
2871 5469 3026 5525 enim
3064 5469 3250 5543 potius
3285 5485 3381 5525 vos
3413 5468 3597 5523 verbis

1969 5564 2195 5621 Domini
2215 5563 2514 5620 Salvatoris
2532 5563 2703 5620 ferire
2720 5566 2776 5620 et
2800 5564 3002 5621 instrui
3022 5565 3209 5638 cupio,
3235 5578 3405 5635 quam
3435 5559 3594 5630 meis,

1969 5659 2103 5716 licet
2131 5663 2188 5714 et.
2218 5658 2341 5731 ipsa
2376 5658 2696 5732 apostolicae
2733 5658 3083 5715 auctoritatis
3121 5658 3232 5712 sint
3255 5653 3600 5726 ponderibus

1971 5753 2161 5826 plena)
2196 5769 2209 5808 :
2257 5755 2397 5812 Novi
2424 5769 2586 5826 opera
2630 5758 2723 5810 tua
2771 5735 3060 5809 novissima
3095 5751 3262 5821 plura
3301 5746 3601 5818 prioribus.

1970 5849 2076 5908 Sed
2112 5847 2277 5905 habeo
2319 5847 2578 5906 adversus
2617 5853 2667 5905 te
2698 5860 2880 5920 pauca
2923 5843 3008 5914 [In
3043 5841 3192 5898 Edit.
3223 5840 3389 5898 Rom.
3442 5839 3602 5903 deest
