3940 6178
184 333 262 388 745
1393 337 1730 399 ΕΡῙΞΤΟΕᾸΞ

1845 342 1852 362 '
1889 339 2218 400 DECRETA.

3378 343 3478 397 746

177 437 470 494 cessabiliter
533 455 833 498 oneramur
856 486 869 512 ,
937 443 1357 503 intercessionis
1417 453 1751 508 continuum
1773 451 2088 540 Ascientes
2128 467 2186 505 se
2203 450 2274 504 ad
2313 448 2695 519 episcopatum
2731 463 2834 502 nec
2880 450 3064 517 atate,
3094 462 3198 501 nec
3226 446 3479 516 scientia,

174 533 289 587 ferte
313 533 554 589 solatium
594 539 835 606 orantes,
866 543 922 593 et
952 540 1383 614 quibuscumque
1431 546 1624 601 valetis
1665 547 1748 601 vi-

172 627 295 680 ribus
329 626 380 680 id
405 634 645 699 agentes,
688 635 964 702 quatenus
1008 635 1152 689 sicut
1196 637 1580 707 praedicationi
1608 641 1750 695 sedis

171 719 440 790 apostolicae
465 725 795 792 consonatis,
825 725 902 780 ita
929 727 1049 798 ejus
1075 729 1200 799 paci
1221 735 1403 786 vestra
1430 733 1750 803 impetratio

166 814 469 883 congaudeat
494 818 549 868 et
575 817 768 888 quieti.
799 820 945 874 Deus
974 826 1028 875 te
1055 822 1402 879 incolumem
1439 828 1744 897 custodiat,

165 905 308 959 frater
352 907 684 966 charissime.
741 914 943 968 Datum
989 916 1172 986 pridie
1221 919 1450 973 Kalend.
1507 921 1748 976 Novem-

162 997 336 1068 brium,
361 1000 666 1072 imperante
717 1006 948 1061 domino
977 1010 1237 1065 Mauricio
1282 1012 1500 1068 Tiberio
1539 1015 1746 1087 imper.

162 1093 396 1162 Augusto,
429 1111 574 1151 anno
601 1101 652 1165 5,
686 1098 990 1157 indictione
1019 1107 1070 1157 5.

608 1232 917 1290 DECRETA
956 1237 1242 1294 PELAGII.

353 1362 704 1405 εισιιΔτιΑΝο
736 1368 854 1412 OUJE
883 1369 1122 1412 SECUNDO
1148 1371 1508 1414 TRIBUUNTUR.

866 1465 1002 1520 VIII.

208 1548 438 1621 Pelagius
461 1569 610 1624 papa
627 1555 929 1613 Antoninaa
956 1561 1223 1631 patriciae,
1259 1567 1315 1617 et
1345 1565 1542 1619 Deciae.

215 1642 279 1696 De
324 1646 681 1715 praesentium
729 1652 1028 1722 portitore,
1084 1656 1235 1725 quod
1271 1657 1530 1713 defensor
1566 1660 1745 1716 factus

157 1742 358 1803 nonest,
402 1740 557 1793 nulla
597 1742 752 1796 vobis
801 1746 976 1800 animi
1020 1749 1275 1804 molestia
1311 1751 1401 1818 sit,
1446 1753 1578 1824 quia
1616 1771 1745 1809 vere

1850 562 1954 600 nec
1983 546 2112 599 vitae
2141 542 2358 598 meritis
2381 557 2542 612 posse
2571 541 2825 613 perduci,
2864 541 2934 594 ad
2955 541 3061 595 hoc
3090 542 3480 597 tantummodo

1851 638 2162 709 inquietare
2190 637 2492 691 Ecclesiam
2521 636 2735 705 volunt,
2765 641 2830 689 ut
2873 634 2977 688 sibi
3003 635 3071 689 de
3121 636 3226 705 his,
3260 652 3386 707 quae
3413 652 3484 690 ex

1852 733 1973 803 ipsa
1998 734 2347 803 prmsumpta
2367 735 2517 799 sunt,
2532 729 2930 800 impunitatem
2945 728 3172 782 futurus
3189 729 3484 799 promittat

1853 827 2161 896 episc0pus,
2197 830 2252 879 et
2279 824 2375 878 ﬁat
2417 823 2630 894 rapinae
2661 823 2949 891 securitas,
2981 822 3337 892 episcopatus
3367 840 3482 877 am-

1850 919 2022 989 bitio;
2053 921 2159 973 hoc
2185 918 2356 973 etiam
2385 934 2478 971 vos
2512 916 2776 971 duximus
2802 917 3262 985 commonendos,
3293 921 3355 970 ut
3383 917 3477 971 de-

1851 1019 2070 1068 cretum
2116 1014 2174 1068 in
2202 1011 2484 1082 Elpidium
2531 1011 2833 1065 diaconum
2885 1011 3114 1078 factum,
3142 1014 3197 1064 et
3233 1010 3476 1064 subscri-

1849 1112 2012 1179 ptum
2038 1107 2108 1161 ab
2135 1106 2415 1173 omnibus,
2444 1122 2584 1176 quos
2613 1111 2791 1159 vestra
2818 1104 3016 1159 relatio
3042 1103 3376 1174 designavit,
3408 1104 3480 1158 ad

1849 1219 1956 1257 nos
1984 1218 2115 1256 cum
2141 1199 2396 1272 prazdicti
2422 1199 2722 1254 visitatoris
2750 1197 3002 1269 epistola,
3039 1200 3094 1252 et
3118 1214 3250 1251 cum
3282 1198 3479 1252 eodem

1849 1295 2084 1352 diacono
2130 1293 2444 1362 maturctis,
2477 1294 2588 1346 Deo
2635 1292 2996 1363 propitiante,
3027 1292 3353 1361 perducere.
3411 1295 3480 1346 Et

1848 1395 1966 1460 post
1981 1406 2180 1460 pauca.
2209 1390 2351 1443 Cum
2389 1387 2564 1457 igitur
2590 1387 2701 1440 huc
2738 1385 2887 1439 filius
2918 1390 3108 1438 noster
3140 1385 3475 1456 magniﬁcus

1846 1483 1933 1537 vir
1966 1485 2073 1538 Leo
2120 1487 2328 1554 przetor
2371 1481 2631 1548 venisset,
2680 1479 2874 1533 retulit
2911 1479 3072 1533 nobis
3126 1479 3194 1532 de
3239 1478 3476 1549 singulis

1846 1593 1974 1648 quae
1997 1577 2076 1631 ibi
2106 1581 2258 1630 mota
2278 1580 2430 1641 sunt,
2459 1579 2515 1628 et
2543 1573 2828 1645 quomodo
2855 1576 2983 1626 vota
3008 1588 3184 1642 prope
3211 1572 3380 1626 totius
3406 1571 3478 1624 ci-

1845 1670 2032 1724 vitatis
2059 1669 2119 1722 in
2165 1668 2380 1739 Elpidio
2411 1667 2647 1721 diacono
2696 1665 3125 1720 concordarent.
3159 1665 3312 1719 Unde
3342 1664 3478 1740 quia

1846 1763 1914 1818 de
1963 1762 2256 1817 memorati
2285 1762 2388 1815 viri
2432 1759 2752 1815 testimonio
2784 1759 3042 1813 dubitare
3081 1758 3312 1811 omnino
3358 1775 3476 1811 non

154 1829 258 1882 satis
280 1831 684 1888 amarissimum
724 1837 904 1892 habeo
944 1841 1012 1894 de
1040 1841 1146 1896 isto
1188 1845 1477 1914 proposito
1503 1848 1572 1902 ad
1601 1847 1741 1903 illud
1761 1847 1816 1918 B
1842 1873 2160 1928 possumus,
2191 1841 2592 1920 idcirco,'sicut
2635 1854 2846 1906 dictum
2893 1857 2994 1918 est,
3026 1851 3307 1921 Elpidium
3352 1852 3472 1906 dia-

154 1920 263 1990 [Al.,
289 1925 452 1995 aliud]
495 1929 747 1984 ofﬁcium
796 1932 1056 1988 homines
1104 1936 1324 2006 deduci,
1355 1939 1415 2004 in
1445 1957 1556 2010 quo
1582 1943 1739 1995 nullo

151 2016 288 2070 modo
320 2035 440 2088 quae
469 2037 500 2074 a
527 2024 817 2079 monachis
867 2027 980 2081 Deo
1030 2026 1308 2099 promissa
1354 2039 1486 2086 sunt
1521 2035 1740 2090 valeant

149 2107 426 2181 adimpleri.
486 2115 828 2172 Omnimoda
872 2121 1024 2174 enim
1072 2127 1156 2176 est
1201 2124 1352 2178 illius
1405 2126 1628 2182 habitus
1683 2133 1740 2184 et

149 2203 277 2257 istius
302 2206 460 2261 ofﬁcii
509 2209 820 2266 diversitas.
855 2214 968 2268 Illic
998 2216 1149 2270 enim
1190 2219 1369 2288 quies,
1401 2221 1600 2290 oratio,
1651 2223 1734 2277 1a-

146 2294 228 2350 bor
248 2314 512 2355 manuum
541 2321 556 2370 ;
587 2309 644 2357 at
670 2305 760 2359 hic
789 2323 1085 2364 causarum
1112 2312 1378 2382 cognitio,
1407 2317 1733 2370 conventio-

145 2405 238 2456 nes,
264 2397 424 2462 actus,
454 2396 680 2466 publica
710 2399 906 2470 litigia,
939 2407 994 2456 et
1045 2420 1397 2478 quaecunque
1425 2410 1511 2462 vel
1557 2411 1732 2464 eccle-

146 2483 329 2540 siastica
355 2487 631 2558 instituta,
674 2494 759 2546 vel
790 2496 1230 2567 supplicantium
1276 2503 1578 2556 necessitas
1603 2521 1731 2575 pos-

145 2577 213 2630 sit.
244 2579 407 2636 Faciat
433 2589 632 2638 autem
671 2587 815 2641 Deus
844 2593 908 2643 ut
936 2591 1072 2644 tales
1102 2593 1217 2646 sint
1242 2594 1302 2647 hi
1325 2596 1422 2666 qui
1453 2597 1535 2650 vel
1566 2614 1597 2650 a
1627 2616 1734 2653 no-

144 2669 209 2724 bis
243 2673 293 2727 in
342 2676 442 2730 isto
480 2678 686 2732 habitu
732 2682 1093 2754 nutriuntur,
1140 2688 1225 2741 vel
1274 2688 1330 2742 in
1382 2691 1736 2746 monasteriis

143 2774 377 2839 crescunt,
415 2776 479 2826 ut
531 2779 792 2842 provecta
822 2779 984 2831 aetate
1011 2785 1067 2833 et
1093 2779 1204 2834 vita
1241 2783 1480 2852 probata
1509 2801 1621 2839 non
1665 2787 1734 2841 ad

141 2856 409 2931 litigiorum
434 2865 642 2933 officia,
676 2867 773 2922 sed
804 2869 874 2924 ad
915 2873 1292 2929 sacerdotium
1329 2877 1549 2934 valeant
1596 2897 1730 2950 pro-

140 2967 332 3010 mOVCI‘l.

891 3037 973 3091 IX.

190 3133 424 3206 Pelagius
452 3154 605 3210 papa
635 3139 955 3197 Florentino
983 3135 1263 3219 episcopo.
1289 3149 1395 3214 Qui
1422 3155 1548 3221 post
1575 3167 1728 3206 mor-

136 3227 243 3294 tem,
268 3234 367 3284 etc.

186 3319 558 3382 Fraternitatis
584 3331 698 3382 tuae
726 3330 994 3388 relatione
1025 3341 1298 3407 suscepta,
1332 3339 1452 3409 ejus
1486 3340 1727 3395 latorem

136 3416 364 3472 secundas
389 3421 628 3491 quidem
655 3424 900 3495 nuptias,
928 3433 1225 3498 expertum
1250 3447 1367 3486 non
1394 3433 1562 3488 fuisse
1589 3435 1728 3489 didi-

134 3505 280 3564 cimus
305 3529 322 3580 ;
353 3515 670 3570 castitatem
689 3523 878 3573 tamen
902 3536 1034 3575 eum
1065 3523 1204 3592 [Al.,
1233 3526 1382 3596 cum]
1412 3527 1586 3597 priori
1612 3545 1727 3583 non

135 3614 360 3673 servasse,
393 3610 666 3680 conjugio
693 3612 1019 3682 designasti.
1051 3617 1116 3671 Et
1143 3620 1397 3689 quamvis
1420 3622 1597 3675 multa
1617 3623 1729 3677 sint

132 3708 231 3763 quae
253 3699 306 3752 in
332 3701 662 3773 hujusmodi
692 3707 909 3762 casibus
934 3709 1217 3765 observari
1246 3715 1510 3769 canonice
1530 3715 1727 3786 jubeat

131 3788 450 3851 sublimitatis
484 3797 622 3870 [Al.,
651 3799 992 3872 subtilitatis]
1019 3807 1338 3874 auctoritas,
1372 3813 1562 3864 tamen
1596 3810 1727 3881 quia

129 3879 340 3942 defectus
379 3897 714 3948 nostrorum
754 3899 1098 3969 temporum,
1145 3901 1350 3972 quibus
1397 3920 1512 3957 non
1544 3905 1724 3958 solum

129 3978 315 4049 merita,
343 3985 437 4039 sed
464 4003 703 4058 corpora
744 3989 870 4060 ipsa
911 3992 1210 4049 hominum
1259 3995 1604 4066 defecerunt,
1635 3998 1721 4053 di-

127 4071 391 4132 strictionis
415 4079 568 4135 illius
589 4097 702 4136 non
720 4084 936 4154 patitur
962 4087 1021 4140 in
1046 4088 1310 4143 omnibus
1340 4107 1568 4147 manere
1599 4109 1724 4148 cen-

128 4176 303 4238 suram,
333 4177 389 4226 et
417 4178 556 4228 aetas
581 4175 762 4250 istius,
795 4178 861 4233 de
882 4196 994 4251 quo
1021 4182 1230 4253 agitur,
1253 4183 1462 4239 futurae
1487 4186 1722 4241 inconti-

123 4263 297 4317 nentiae
316 4267 694 4338 suspicionem
720 4271 941 4329 auferre
967 4275 1346 4348 dignoscitur;
1366 4283 1430 4334 ut
1451 4280 1523 4334 ad
1545 4281 1721 4335 diaco-

123 4358 286 4411 natum
334 4363 510 4431 possit
556 4365 812 4436 provehi,
853 4370 1197 4441 temporum,
1239 4377 1306 4426 ut
1348 4372 1560 4428 dictum
1617 4381 1719 4446 est,

121 4449 602 4512 condescendentes
657 4458 898 4516 defectui
948 4465 1280 4520 concessisse
1331 4482 1434 4521 nos
1474 4470 1718 4523 noveris.

123 4539 174 4594 Et
199 4547 360 4613 infra.
407 4550 708 4606 Miscenam
759 4555 894 4625 [Al.,
945 4557 1225 4629 Micinam]
1280 4576 1412 4615 vero
1459 4562 1721 4617 ancillam

121 4633 234 4709 θέας,
260 4639 325 4696 de
351 4660 465 4715 qua
492 4651 619 4716 post
646 4649 946 4705 transitum
972 4654 1162 4708 uxoris
1187 4654 1330 4709 ﬁlios
1359 4655 1568 4711 habere
1597 4674 1725 4711 con-

120 4727 265 4787 fessus
291 4742 393 4806 est,
414 4740 711 4812 jubemus,
745 4750 805 4799 ut
823 4750 919 4799 tua
937 4747 1305 4818 dispositione
1331 4750 1594 4822 cuiquam
1611 4768 1727 4806 mo—

117 4827 330 4885 nasterio
357 4835 778 4892 continentium
802 4840 1121 4910 professum
1150 4843 1426 4899 tradatur.

879 4964 938 5017 X.

168 5053 414 5129 Pelagius
442 5076 590 5133 papa
616 5063 762 5118 clero
794 5065 1098 5124 Catinensi.
1151 5069 1260 5134 Qui
1297 5071 1356 5127 in
1395 5073 1721 5145 episcopum

115 5143 334 5222 eligitur,
374 5160 487 5209 etc.

165 5242 305 5300 Talia
319 5249 456 5319 quid
464 5266 556 5304 em
563 5251 911 5322 jamdudum
924 5256 993 5310 ad
1009 5256 1242 5314 fratrem
1255 5264 1310 5314 et
1325 5260 1722 5333 coepiscopum

112 5341 339 5394 nostrum
372 5344 694 5416 Eucarpum
722 5348 790 5402 de
816 5349 1132 5406 visitatione
1166 5355 1479 5410 Carmensis
1528 5356 1718 5411 Eccle-

109 5426 185 5482 sia:
210 5435 416 5506 scripta
447 5437 777 5512 direximus,
797 5444 928 5498 utin
944 5445 1024 5498 eis
1036 5446 1315 5516 judicium
1336 5454 1594 5504 nostrum
1624 5468 1722 5521 pos

109 5523 332 5582 tuissetis
357 5546 688 5601 agnoscere.
716 5537 1140 5610 Verumtamen,
1163 5542 1297 5613 quia
1324 5544 1597 5615 quosdam
1641 5545 1720 5599 ibi

105 5627 201 5672 non
223 5638 356 5678 sana
383 5624 720 5701 intentione,
752 5631 847 5686 sed
888 5633 1073 5704 pravis
1120 5637 1318 5691 studiis
1347 5638 1719 5694 dissensiones

107 5713 373 5790 suscitare,
417 5726 601 5778 vestra
646 5724 817 5781 etiam
868 5727 1137 5786 relatione
1186 5731 1570 5804 cognovimus,
1618 5733 1715 5807 qui

163 5887 184 5917 ι
209 5878 554 5940 Emendatus
573 5892 656 5944 est
665 5888 758 5945 hic
769 5890 924 5946 locus
945 5909 1015 5950 ex
1025 5895 1291 5951 Anselmo
1314 5900 1370 5953 et
1387 5897 1710 5973 Polycarpo.

454 5984 727 6056 PATROL.
777 5990 1011 6061 LXXII.

1752 3221 1805 3296 C

1840 1967 2045 2005 conum
2071 1951 2140 2004 ad
2167 1967 2271 2004 nos
2297 1949 2462 2002 facite
2489 1963 2816 2018 preperai'e,
2849 1962 2952 1999 nec
2989 1945 3291 2015 expectetis
3326 1945 3472 2000 ulte-

1838 2045 1974 2113 rius,
2012 2049 2071 2098 ut
2097 2043 2408 2098 admonitio
2435 2042 2502 2095 ad
2544 2058 2675 2096 eum
2724 2043 2917 2093 nostra
2957 2039 3159 2093 debeat
3206 2038 3473 2093 destinari

1839 2139 1976 2208 [Al.,
2009 2137 2306 2206 iteraria].
2358 2135 2539 2199 Quem
2581 2139 2769 2188 tamen
2823 2134 2926 2186 hoc
2965 2149 3066 2202 per
3107 2138 3351 2187 vestram
3396 2132 3475 2186 di-

1836 2231 2131 2285 lectionem
2157 2230 2216 2284 in
2244 2229 2510 2300 praesenti
2553 2228 2805 2298 jussione
2837 2226 3152 2296 specialiter
3200 2225 3471 2282 admone-

1835 2341 1983 2393 mus,
2015 2341 2085 2379 ne
2115 2323 2204 2378 cui
2233 2341 2291 2377 se
2317 2322 2527 2394 aliquid
2559 2322 2714 2387 dare,
2745 2321 2830 2374 vel
2878 2321 3143 2373 daturum
3188 2335 3306 2372 esse
3334 2337 3469 2390 pro-

1835 2418 2056 2472 mittat:
2090 2418 2184 2472 sed
2223 2433 2407 2488 neque
2438 2417 2505 2469 de
2537 2414 2918 2468 ecclesiasticis
2964 2413 3265 2483 praeteritis
3293 2413 3473 2467 causis

1835 2513 2082 2583 aliquam
2129 2511 2488 2565 securitatem
2537 2508 2801 2580 cuiquam
2856 2507 3058 2561 audeat
3105 2508 3309 2576 facere,
3353 2507 3468 2560 sive

1835 2605 2184 2676 promittere,
2218 2608 2316 2658 aut
2342 2603 2503 2674 quasi
2523 2603 2704 2658 factus
2735 2601 3032 2672 episcopus
3059 2618 3126 2654 ea
3166 2618 3296 2671 quae
3328 2601 3471 2655 dire-

1835 2704 1928 2770 pta
1956 2703 2087 2753 sunt
2109 2715 2223 2752 non
2249 2701 2484 2768 repetat,
2516 2697 2613 2749 sed
2641 2696 2793 2766 apud
2821 2712 2914 2749 eos
2940 2713 2972 2748 a
3006 2694 3209 2764 quibus
3251 2694 3472 2765 direpta

1836 2798 1968 2848 sunt
1994 2807 2328 2864 permanere
2356 2791 2529 2844 libere
2555 2789 2838 2860 patiatur:
2883 2787 3061 2841 sciens
3105 2787 3257 2858 quod
3287 2787 3332 2839 si
3357 2788 3469 2841 tale

1834 2887 2048 2958 aliquid
2079 2886 2227 2953 fecit,
2270 2885 2356 2938 vel
2403 2883 2618 2949 fecerit,
2669 2898 2771 2936 nec
2795 2899 2828 2935 a
2862 2881 3022 2935 nobis
3072 2880 3308 2935 omnino
3335 2897 3466 2952 per-

1833 2981 2081 3036 mittitur
2108 2979 2296 3034 valere
2320 2978 2440 3049 ipsa
2464 2975 2785 3048 promissio,
2814 2980 2870 3030 et
2894 2991 3024 3029 cum
3043 2974 3243 3045 judicii
3264 2974 3466 3042 nostri,

1833 3075 1984 3147 quod
2029 3075 2096 3129 de
2147 3074 2268 3145 ipso
2314 3071 2635 3137 habuimus,
2678 3070 2906 3138 damno,
2955 3068 3250 3140 pastoralis
3277 3084 3469 3123 conse—

1834 3169 2096 3225 crationis
2124 3167 2385 3224 ordinem
2410 3164 2723 3238 promereri
2765 3181 2879 3219 non
2904 3163 3130 3235 poterit.

2620 3295 2705 3350 Χῐ.

1901 3402 2159 3473 Pelagius
2199 3417 2344 3472 papa
2370 3398 2670 3453 Cresconio
2705 3396 2928 3452 illustri.
2960 3398 3035 3451 De
3081 3395 3464 3452 exactionibus

1829 3499 2217 3569 episcoporum
2229 3537 2240 3549 .

1901 3591 2039 3646 illud
2070 3596 2124 3644 te
2151 3590 2407 3643 volumus
2437 3585 2618 3640 modis
2649 3585 2913 3640 omnibus
2939 3586 3235 3654 custodire,
3265 3602 3336 3640 ne
3363 3586 3461 3657 qui

1828 3685 2217 3756 episcoporum
2243 3681 2448 3737 Siciliae
2475 3681 2544 3734 de
2557 3679 2836 3751 parochiis
2863 3679 2932 3733 ad
2961 3696 3018 3733 se
3043 3679 3459 3750 pertinentibus

1827 3779 2055 3834 nomine
2081 3775 2445 3832 cathedratici
2466 3774 2711 3845 amplius
2739 3791 2913 3845 quam
2934 3773 3072 3828 duos
3099 3773 3302 3828 solidos
3319 3790 3461 3845 prae-

1826 3878 2051 3928 sumant
2078 3872 2352 3942 accipere,
2381 3886 2567 3941 neque
2595 3869 2933 3940 compellere
2961 3867 3333 3940 presbyteros,
3362 3872 3462 3923 aut

1826 3968 2041 4023 clerum
2093 3965 2491 4038 parochiarum
2538 3979 2770 4019 suarum
2811 3978 2979 4036 supra
3004 3962 3148 4017 vires
3208 3979 3335 4017 suas
3379 3963 3459 4017 eis

1824 4062 2074 4118 convivia
2104 4075 2448 4132 praeparare.

2587 4172 2696 4227 ΧΠ.

1894 4277 2150 4349 Pelagius
2177 4293 2328 4348 papa
2355 4277 2662 4345 Benegesto
2691 4272 2991 4329 defensori.
3033 4274 3171 4326 Ante
3201 4269 3453 4341 judicem

1824 4373 2044 4427 civilem
2072 4370 2256 4425 clerici
2277 4385 2390 4423 non
2418 4373 2773 4422 accusentur.

1894 4463 2265 4537 Experientiae
2289 4469 2401 4517 tuae
2427 4461 2698 4533 praesenti
2734 4458 3063 4514 auctoritate
3093 4459 3450 4529 mandamus,

1824 4566 1887 4616 ut
1911 4560 1968 4614 in
1996 4558 2194 4625 causis,
2224 4557 2283 4610 in
2334 4556 2539 4627 quibus
2577 4553 2842 4626 quaelibet
2889 4552 3241 4608 ecclesiastici
3285 4553 3451 4609 ofﬁcii

1823 4670 2064 4728 persona
2083 4654 2202 4707 loco
2219 4650 2473 4723 petitoris
2500 4648 2705 4717 existit,
2724 4663 3068 4720 quemquam
3096 4648 3304 4702 laicum
3332 4649 3456 4720 pul-

1825 4755 2011 4805 satura
2032 4747 2181 4819 apud
2207 4762 2324 4800 suae
2360 4742 2662 4816 provinciae
2699 4743 2953 4813 judicem
2981 4759 3107 4797 suas
3133 4758 3452 4814 proponere

1826 4844 2071 4899 actiones
2097 4858 2211 4895 non
2246 4840 2487 4894 deserat.
2519 4841 2580 4892 In
2607 4837 2675 4892 iis
2699 4853 2828 4892 vere
2856 4837 3120 4908 negotiis,
3154 4837 3214 4890 in
3249 4836 3454 4907 quibus

1824 4935 2181 4994 ecclesiastici
2234 4933 2404 4988 ofﬁcii
2454 4949 2696 5004 persona
2758 4931 3047 5002 pulsatur,
3099 4930 3271 4984 totius
3320 4929 3449 4984 sub-

1824 5037 1976 5088 moto
2001 5029 2332 5104 pulsationis
2364 5028 2671 5095 obstaculo,
2700 5026 2770 5080 ad
2791 5024 3055 5096 episcopi,
3086 5024 3172 5077 vel
3214 5023 3449 5094 presby-

1822 5133 2075 5182 terorum
2100 5125 2158 5178 in
2183 5125 2321 5191 loco,
2343 5122 2442 5177 ubi
2463 5121 2700 5193 quaestio
2726 5119 2984 5186 vertitur,
3015 5117 3453 5174 constitutorum

1824 5225 2081 5278 occurrat
2108 5219 2496 5274 indifferenter
2521 5230 2778 5270 examen.

2585 5339 2718 5393 XIII.

1893 5448 2034 5499 Item
2057 5440 2252 5514 Sergio
2281 5437 2629 5494 cancellario.

1892 5540 1947 5594 Si
1972 5539 2270 5610 quisquam
2299 5534 2435 5604 [Al.,
2465 5531 2639 5601 idem]
2690 5529 2946 5600 clericus,
2979 5529 3092 5584 sive
3146 5525 3447 5592 inferioris,

1820 5633 1934 5688 sive
1957 5630 2189 5704 potioris
2228 5627 2436 5700 gradus
2464 5626 2676 5698 petitor
2703 5625 2924 5691 cxistat,
2943 5629 2998 5678 et
3024 5626 3220 5678 contra
3249 5620 3448 5674 laicam

1817 5742 2116 5803 personam
2144 5741 2270 5781 suas
2299 5723 2506 5796 dirigat
2530 5722 2800 5789 actiones,
2828 5720 2933 5775 iste
2971 5717 3152 5772 modis
3185 5711 3448 5770 omnibus

3053 5986 3132 6050 94
