4058 6190
421 325 524 385 747

1378 324 1642 384 PELAGII
1677 322 1869 384 ΡΑΡᾸΞ
1903 321 1952 381 Il
1988 321 2327 386 ΕΡῙὸΤοιῶ
2363 323 2450 382 ΕΤ
2483 323 2811 383 DECRETA.

3671 321 3786 376 ’748

421 453 540 492 non
565 434 721 505 alibi,
752 451 928 508 quam
956 433 1109 506 apud
1139 432 1446 506 provinciae
1459 433 1717 506 judicem
1743 433 2044 506 negotium
2067 446 2128 520 Α
2146 439 2259 507 tur,
2286 438 2350 491 ut
2386 434 2721 491 diaconatus
2746 433 2926 506 possit
2965 430 3233 488 ordinem
3255 429 3513 501 provehi,
3547 431 3783 501 tempo-

421 547 590 586 suum
623 530 874 585 dicturus
902 531 1182 584 occurrat.
1214 527 1272 584 Si
1304 527 1432 600 quis
1460 533 1654 583 autem
1678 527 1856 583 laicus
1881 527 2044 583 cleri-

421 641 552 678 cum
569 623 952 694 cujuscunque
977 621 1189 692 gradus
1205 621 1430 676 duxerit
1450 638 1572 676 esse
1593 620 1960 692 pulsandum,
1974 621 2048 676 ad

423 718 820 789 episcoporum
841 714 1124 784 judicium
1145 714 1204 768 in
1233 715 1438 769 eadem
1463 714 1687 770 civitate
1713 716 1800 770 vel
1827 713 2050 770 territo-

419 811 508 865 rio
539 808 979 863 constitutorum
1007 811 1296 879 praponat
1321 825 1417 862 eas
1443 825 1584 880 quas
1607 825 1666 863 se
1697 807 1912 864 habere
1935 807 2050 862 exi-

422 903 616 957 stimat
639 901 915 957 actiones.
945 901 1131 966 Quem
1153 901 1420 957 ordinem
1457 901 1684 973 legibus
1712 918 1816 973 per
1852 901 2050 956 omnia

423 995 880 1063 convenientem,
895 998 1067 1066 atque
1085 998 1539 1050 consentaneum
1552 995 1938 1051 demonstrari
1953 995 2052 1050 illa

353 1121 368 1139 ι
420 1090 623 1160 regula
633 1089 988 1155 manifestat,
1004 1106 1129 1160 qua:
1142 1089 1416 1160 praecepit
1435 1093 1690 1145 actorem
1703 1089 1896 1144 forum
1908 1105 2050 1144 sem-

420 1200 526 1255 per
551 1183 714 1255 sequi
735 1183 966 1254 pulsati.
985 1183 1215 1238 Clericis
1236 1199 1370 1238 vero
1399 1183 1638 1254 pulsatis
1657 1183 1717 1238 in
1741 1181 2050 1254 episcopali

412 1277 632 1348 judicio
658 1277 850 1332 forum
877 1282 1221 1346 competere,
1242 1277 1646 1348 principalium
1670 1293 1901 1348 quoque
1917 1292 2047 1335 san-

418 1371 678 1426 ctionum
709 1369 977 1441 designat
1003 1370 1328 1426 auctoritas.

577 1455 852 1537 PlELAGll
879 1483 923 1536 ιι
951 1481 1430 1536 EPISTOLARUM
1454 1455 1889 1537 FRAGMENTA.

493 1576 860 1649 Synodorum
901 1575 1441 1646 congregandarum
1473 1574 1784 1630 auctoritas
1811 1575 2048 1645 Aposto-

421 1669 544 1726 ηοω
567 1669 688 1724 sedi
713 1669 934 1740 privata
958 1668 1271 1723 commissa
1298 1671 1384 1722 est
1405 1670 1711 1739 potestate,
1747 1683 1854 1722 nec
1875 1668 2050 1722 ullam

423 1764 707 1836 synodum
731 1764 1064 1834 generalem
1093 1765 1282 1816 ratam
1309 1778 1431 1816 esse
1461 1761 1730 1833 legimus,
1768 1777 1897 1832 qum
1927 1749 2051 1832 ejus

2147 549 2277 587 rum
2307 529 2856 595 condescendentes,
2877 531 2942 582 ut
2960 525 3175 582 dictum
3202 527 3308 593 est,
3341 523 3610 592 defectni,
3637 539 3780 578 con-

2149 625 2380 681 cessisse
2410 642 2516 681 nos
2561 623 2825 689 noveris;
2874 621 2956 676 ita
2983 624 3201 687 tamen,
3242 622 3307 674 ut
3333 618 3406 674 de
3432 617 3692 673 moribus
3723 620 3789 671 et

2147 719 2260 774 vita
2287 720 2375 773 vel
2402 721 2531 774 actu
2573 717 2750 789 ipsius
2789 719 2852 771 tu
2880 715 2941 770 in
2985 714 3077 770 die
3095 711 3302 785 judicii
3345 715 3482 766 ante
3524 710 3784 766 tribunal

2147 812 2290 867 illud
2317 811 2572 868 terribile
2597 810 2807 866 reddas
2839 807 3136 864 communi
3163 804 3413 861 Domino
3441 805 3733 860 rationem
3766 819 3782 856 :

2150 906 2286 979 quia
2313 905 2391 960 sic
2405 905 2697 976 prseterita
2708 920 2826 975 pra
2852 901 3118 974 angustia
3133 899 3408 971 temporis
3420 897 3786 969 mitigamus,

2150 1002 2214 1054 ut
2242 1001 2406 1054 caute
2437 1001 2610 1070 atque
2638 996 2872 1052 sollicite
2888 994 3094 1052 futuris
3121 993 3440 1050 excessibus
3459 991 3783 1048 obviemus.

2147 1095 2388 1164 Propter
2407 1091 2562 1164 quod
2578 1091 2852 1161 jubemus
2875 1089 3138 1146 Micinam
3166 1087 3456 1150 ancillam,
3479 1085 3553 1140 de
3581 1101 3697 1156 qua
3723 1100 3785 1138 se

2148 1190 2280 1259 post
2324 1185 2512 1240 uxoris
2541 1185 2845 1240 transitum
2883 1183 3098 1238 habere
3142 1181 3435 1238 confessus
3482 1183 3570 1234 est
3612 1179 3782 1242 filios,

2151 1267 2340 1352 neque
2367 1295 2496 1334 cum
2534 1279 2659 1350 ipso
2697 1293 2935 1332 manere
2980 1277 3166 1342 liceat,
3203 1281 3260 1330 et
3285 1274 3615 1345 quicunque
3643 1273 3782 1343 [Al.,

2149 1373 2492 1446 cuicunque]
2513 1372 2865 1428 monasterio
2885 1369 3300 1426 continentiam
3317 1367 3670 1440 profekura,
3687 1371 3784 1420 tua

2151 1467 2522 1540 dispositione
2549 1465 2830 1532 tradatur,
2853 1467 2917 1518 ut
2940 1462 3170 1518 meliori
3193 1465 3346 1517 sorte
3369 1461 3445 1516 ad
3474 1459 3635 1532 quod
3659 1475 3788 1531 pro-

2149 1563 2417 1616 movetur
2466 1559 2720 1616 ofﬁcium
2769 1557 2871 1612 sub
2915 1557 3086 1612 bonae
3121 1555 3304 1628 possit
3347 1555 3526 1610 fama:
3572 1551 3786 1608 merito

2149 1653 2499 1722 ministrare,
2543 1669 2650 1708 nec
2685 1653 2876 1724 aliqua
2917 1651 3204 1723 Opinionis
3249 1649 3372 1720 ejus
3417 1646 3790 1704 maculanda!

2149 1749 2510 1820 relinquatur
2560 1747 2782 1804 occasio
2838 1747 3166 1816 (Gratianus
3207 1746 3344 1800 Dist.
3373 1743 3461 1809 34,
3487 1758 3610 1815 cap.
3657 1741 3796 1794 Fra-

423 1815 541 1914 ndon
561 1815 1091 1912 fueritoauctoritate
1119 1859 1472 1927 congregata
1497 1815 1583 1909 v21
1598 1815 1758 1910 fulta.
1785 1815 1919 1910 llaec
1945 1815 2047 1910 au?
2069 1815 2126 1887 B
2149 1815 2474 1914 ﬁrmatis)-

421 1951 654 2006 ctoritas
681 1953 924 2004 testatur
943 1949 1241 2017 canonica,
1264 1950 1386 2006 haec
1410 1947 1652 2003 historia
1671 1941 2058 2004 ecclesiastici

419 2044 676 2112 roborat,
710 2043 832 2099 haec
857 2043 1038 2098 sancti
1065 2045 1262 2098 Patres
1293 2042 1642 2097 conﬁrmant
1665 2054 1708 2096 ι.

1180 2154 1309 2208 XIV.

487 2245 756 2322 Pelagius
775 2250 1034 2320 Eucarpo
1057 2247 1325 2319 episcopo
1343 2246 1711 2301 Messanensi.

491 2343 843 2398 Charitatem
871 2341 1046 2408 illam,
1078 2358 1194 2413 qua
1217 2340 1592 2395 Dilectionem
1618 2343 1778 2394 tuam
1824 2355 2058 2410 semper

423 2437 762 2504 amavimus,
812 2435 1010 2490 omnia
1053 2451 1325 2506 superare
1369 2433 1688 2489 secundum
1715 2433 2051 2504 Apostolum

421 2529 730 2597 credimus,
753 2533 811 2583 et
841 2529 1064 2583 nullum
1095 2527 1381 2583 sanctitati
1409 2530 1522 2581 tum
1543 2527 1805 2583 laborem
1830 2543 1934 2598 pro
1967 2542 2054 2580 ec-

421 2623 739 2678 clesiastico
765 2625 916 2676 statu
943 2638 1252 2677 onerosum
1269 2621 1528 2676 existere.
1565 2620 1683 2677 Scit
1706 2620 2055 2675 Fraternitas

419 2722 540 2785 tua,
574 2717 708 2789 quia
736 2733 838 2788 pro
869 2715 1118 2787 peccatis
1149 2714 1357 2770 nostris
1382 2709 1588 2769 omnes
1611 2731 1740 2785 quae
1769 2731 1870 2768 sua
1896 2731 2050 2785 qua:-

419 2813 576 2879 runt,
601 2827 718 2865 non
740 2827 868 2882 qua:
892 2811 1023 2866 Jesu
1045 2809 1269 2865 Christi.
1300 2810 1429 2864 Haec
1455 2808 1586 2863 ideo
1611 2807 2052 2880 praelibavimus,

421 2906 558 2976 quia
579 2905 680 2959 tibi
709 2921 904 2958 rursus
920 2902 1239 2958 Catinensis
1265 2902 1402 2972 [Al.,
1421 2901 1761 2972 Cathenisis]
1789 2901 2055 2956 Ecclesiae

421 2998 808 3054 visitationem
856 2997 1232 3067 injungimus,
1298 2996 1461 3067 cujus
1504 2995 1804 3067 episcopus
1849 2995 1918 3049 de
1949 2995 2056 3049 hac

421 3093 548 3146 luce
587 3090 858 3144 transisse
905 3094 1168 3160 suscepta
1216 3089 1356 3143 cleri
1403 3089 1684 3144 relatione
1727 3088 2054 3142 didicimus.

2519 1953 2841 2008 PELAGII
2901 1953 2957 2009 II
3008 1951 3398 2008 DECRETA.

2626 2039 2716 2103 Ea:
2741 2047 3005 2104 Gratiano
3029 2047 3279 2116 aliisque.

2601 2157 2896 2196 ADMONITIO
2955 2153 3309 2195 COLLECTOBIS
3318 2179 3330 2192 .

2212 2232 2406 2298 Pelagii
2428 2247 2576 2298 papae
2603 2235 2648 2283 ῐΙ
2675 2233 2889 2284 decreta
2915 2232 3156 2297 quaedam
3181 2246 3244 2282 ex
3277 2229 3522 2280 Gratiano
3548 2227 3798 2279 Labbeus

2151 2304 2313 2365 dedit,
2341 2305 2435 2354 sed
2459 2305 2529 2354 ita
2548 2306 2770 2356 collecta
2789 2309 2846 2355 ut
2867 2305 3120 2354 nonnulla
3143 2302 3390 2352 omiserit.
3415 2302 3490 2350 Ne
3516 2299 3644 2363 quid
3660 2313 3798 2363 ergo

2150 2375 2216 2426 ad
2234 2377 2440 2438 plenam
2457 2375 2760 2426 eorumdem
2774 2377 3104 2426 decretorum
3118 2373 3485 2424 collectionem
3497 2371 3651 2433 desit,
3671 2383 3800 2434 qua

2150 2446 2289 2497 illius
2313 2446 2630 2510 diligentiam
2655 2447 2916 2511 fugerunt,
2952 2444 3244 2510 supplenda
3269 2443 3353 2494 hic
3384 2442 3658 2506 assumpsi.

2919 2541 3026 2596 XV.

2222 2624 2487 2696 Pelagius
2513 2642 2664 2696 papa
2691 2625 2842 2680 clero
2881 2621 3204 2679 Narniensi.

2227 2719 2372 2784 Quia
2396 2719 2576 2774 frater
2593 2722 2650 2774 et
2688 2719 3058 2791 coepiscopus
3083 2719 3280 2772 noster
3304 2717 3575 2783 Joannes,
3607 2713 3794 2769 eccle-

2155 2813 2396 2869 siasticze
2446 2813 2706 2868 utilitatis
2756 2811 2944 2867 studio
2993 2810 3294 2878 suadente,
3327 2813 3386 2864 et
3419 2812 3644 2864 naturae
3672 2825 3798 2862 suae

2157 2907 2518 2978 simplicitate
2540 2906 2812 2962 laudabili
2827 2905 3292 2962 consideratione
3308 2906 3570 2970 tractata,
3591 2901 3665 2957 ob
3680 2900 3799 2956 hoc

2157 3001 2314 3073 quod
2339 3017 2397 3054 se
2419 2999 2478 3054 in
2500 3000 2757 3072 gerenda
2774 2999 3112 3071 patrimonii
3136 2997 3500 3070 gubernandi
3524 3012 3686 3062 cura,
3705 2995 3800 3050 vel

2157 3095 2216 3150 in
2237 3093 2537 3166 disciplina
2563 3093 2946 3150 ecclesiastica
2967 3091 3361 3148 conservanda
3381 3090 3626 3144 minime
3653 3089 3803 3143 fate-

429 3183 807 3256 (lmpossibile
835 3185 920 3236 est
955 3182 1110 3237 enim
1145 3185 1208 3236 ut
1237 3199 1342 3237 nos
1368 3181 1426 3236 in
1456 3181 1750 3253 provincia
1786 3181 1884 3236 illa
1909 3181 2054 3236 dun-
2077 3191 2133 3267 C
2156 3191 2250 3242 tur
2276 3187 2582 3256 idoneum;
2603 3187 2908 3242 Constituti
2937 3185 3258 3258 presbyteri
3277 3184 3351 3239 ad
3367 3184 3489 3238 haec
3509 3181 3802 3254 explenda

419 3281 578 3333 taxat
615 3277 675 3331 in
725 3275 1095 3347 Syracusanis
1137 3275 1390 3347 partibus
1421 3275 1520 3329 alii
1561 3275 1795 3329 cuilibet
1837 3291 2054 3343 causas,

425 3388 553 3444 quae
579 3371 652 3427 ad
666 3372 848 3426 Deum
865 3369 1176 3442 pertinent,
1201 3369 1652 3438 committamus,
1677 3368 1785 3422 nisi
1809 3370 1957 3424 forte
1979 3373 2059 3424 ta-

423 3467 540 3521 lem
569 3482 674 3536 per
703 3467 757 3519 te
777 3465 928 3518 Deus
949 3479 1101 3518 nunc
1125 3463 1185 3517 in
1203 3463 1495 3518 Catinensi
1547 3462 1763 3534 eligere
1792 3462 2056 3529 voluerit,

426 3560 497 3615 de
526 3559 685 3630 cujus
719 3557 1070 3620 conscientia
1115 3557 1402 3628 possimus
1433 3573 1554 3610 esse
1605 3556 1811 3626 securi,
1846 3560 1909 3610 ut
1938 3573 1972 3610 a
2001 3559 2057 3610 te

423 3654 654 3708 labores
677 3653 815 3707 istos
829 3653 1123 3724 paululum
1137 3667 1435 3706 removere
1448 3650 1773 3722 possimus.)
1785 3651 1907 3706 Mox
1919 3666 2058 3721 ergo

426 3746 662 3801 Dilectio
685 3749 782 3800 tua
818 3745 892 3800 ad
937 3743 1326 3816 supradictam
1357 3745 1726 3800 Catinensem
1755 3743 2059 3799 ecclesiam

427 3842 654 3912 pergat,
680 3842 740 3892 et
763 3837 1060 3892 hominem
1089 3838 1161 3892 de
1195 3839 1368 3906 clero,
1407 3838 1505 3909 qui
1531 3855 1639 3894 nec
1676 3855 1913 3894 uxorem
1955 3838 2055 3894 ha-

428 3931 586 4000 beat,
613 3948 720 3987 nec
746 3931 914 4000 ﬁlios,
949 3948 1058 3986 nec
1074 3931 1298 3991 crimen
1327 3931 1565 4002 aliquod
1601 3932 1919 3987 canonibus
1948 3931 2056 3987 ini-

404 4019 666 4094 ~micum,
690 4025 824 4097 eligi
863 4042 993 4080 cum
1020 4024 1226 4079 auxilio
1253 4025 1356 4079 Dei
1385 4027 1694 4098 compellat
1729 4029 1903 4098 atque
1929 4043 2058 4081 sua-

432 4119 588 4187 deat,
621 4123 679 4174 et
699 4118 893 4174 statim
923 4135 1056 4173 eum
1083 4117 1156 4172 ad
1177 4117 1378 4172 urbem
1395 4119 1639 4173 Romam
1671 4135 1799 4172 cum
1829 4101 2060 4175 decreto

432 4217 492 4270 et
514 4213 917 4269 testificatione
943 4211 1236 4268 relationis
1257 4217 1369 4266 tuae
1395 4212 1717 4266 transmitte
1747 4208 1792 4266 ι’.

1178 4318 1326 4356 IDEM.

503 4399 524 4421 ί
539 4394 932 4454 Fraternitatis
953 4397 1065 4448 tuae
1079 4393 1355 4447 relatione
1372 4395 1652 4464 suscepta,
1677 4393 1800 4465 ejus
1816 4394 2062 4450 latorem

432 4493 713 4548 secundas
731 4489 964 4562 quidem
995 4487 1226 4559 nuptias
1251 4489 1549 4560 expertum
1575 4503 1693 4543 non
1719 4487 1894 4544 fuisse
1915 4489 2060 4544 didi-

2157 3280 2260 3335 sibi
2307 3280 2562 3352 exposcit
2601 3280 2863 3335 adhiberi
2909 3295 3256 3351 personam:
3304 3281 3366 3332 ut
3394 3294 3459 3332 ea
3498 3293 3628 3348 quae
3663 3281 3804 3330 sunt

2159 3374 2475 3429 necessaria
2485 3417 2498 3442 ,
2515 3374 2868 3446 competenti
2883 3373 3223 3445 disponente
3237 3370 3620 3426 sollicitudine
3633 3369 3799 3437 ﬁant,
3891 3378 3898 3382 ’

2159 3467 2300 3522 nihil
2331 3467 2604 3522 indecens
2630 3467 2776 3535 ﬁeri,
2796 3468 2883 3521 vel
2909 3467 3108 3530 inutile
3129 3465 3518 3538 permittatur.
3539 3462 3799 3534 Ideoque

2158 3561 2429 3633 praesenti
2485 3561 2644 3617 vobis
2689 3560 2946 3632 jussione
2996 3559 3402 3632 praecipimus,
3457 3561 3522 3612 ut
3569 3559 3801 3611 servata

2158 3655 2346 3727 primo
2368 3654 2427 3709 in
2454 3655 2580 3710 loco
2607 3654 2870 3726 episcopo
2899 3657 3225 3709 memorato
3243 3651 3588 3718 reverentia,
3613 3665 3796 3722 quam

2157 3765 2258 3804 vos
2288 3749 2305 3820 [
2320 3749 2446 3807 Cod.
2485 3751 2635 3806 Vat..
2663 3748 2798 3820 nos]
2845 3747 3115 3803 convenit
3165 3744 3591 3819 inculpabiliter
3637 3743 3799 3798 exhi-

2160 3843 2318 3911 bere,
2350 3841 2410 3896 in
2443 3841 2729 3910 omnibus,
2761 3859 2891 3914 quae
2915 3841 2990 3896 ad
3017 3841 3194 3896 divini
3237 3841 3421 3894 cultus
3450 3837 3802 3909 obsequium

2161 3935 2472 4008 pertinent,
2499 3937 2588 3990 vel
2619 3953 2745 4007 quae
2776 3935 3172 3990 ecclesiasticae
3199 3932 3462 3988 utilitatis
3509 3947 3802 4004 peragere

2159 4047 2298 4086 cura
2345 4030 2616 4098 suaserit,
2667 4029 2969 4101 praebeatis
3025 4027 3417 4084 obedientiam
3470 4026 3803 4081 Constituto

2163 4123 2506 4196 [Constituto
2532 4125 2680 4180 abest
2703 4141 2740 4180 a
2767 4124 2895 4183 Cod.
2935 4126 3060 4181 Vat.
3091 4123 3310 4194 ubique]
3339 4123 3801 4192 competentem,

2161 4217 2223 4273 in
2244 4219 2402 4274 nullo
2425 4217 2892 4290 dispositionibus
2913 4217 3037 4288 ejus
3053 4215 3254 4288 spiritu
3273 4213 3604 4270 contumaci
3627 4213 3806 4268 resul-

2163 4313 2352 4367 tantes
2391 4311 2611 4384 (Forsan
2640 4312 3028 4382 reluctantes),
3079 4309 3216 4378 imo,
3250 4307 3610 4380 competenti
3656 4307 3801 4380 vigi-

2161 4406 2573 4461 lantiaavestraa
2603 4404 2814 4474 studio,
2843 4422 2970 4477 qua;
3004 4419 3108 4477 pro
3137 4401 3523 4459 ecclesiastica
3550 4401 3802 4456 utilitate

2163 4499 2423 4584 gerenda
2449 4499 2798 4557 Constitutus
2841 4499 3154 4566 monuerit,
3182 4497 3566 4570 adimplentes
3591 4513 3606 4564 ;
3633 4499 3698 4550 ut
3717 4495 3807 4550 his

433 4586 636 4655 cimus,
671 4584 994 4639 castitatem
1029 4585 1226 4637 tamen
1257 4599 1390 4636 eum
1431 4581 1607 4653 priori
1653 4598 1770 4638 non
1811 4600 2057 4638 servasse

2167 4575 2250 4650 ita
2275 4593 2582 4666 dispositis,
2607 4598 2666 4649 et
2690 4597 2966 4650 consueta
2985 4593 3144 4648 vobis
3164 4591 3452 4664 stipendia
3475 4591 3812 4646 ministren-

434 4677 706 4750 conjugio
735 4675 1070 4748 dcsignasti.
1101 4679 1170 4732 Et
1193 4675 1449 4748 quamvis
1483 4676 1664 4731 multa
1703 4676 1819 4731 sint
1850 4694 1976 4749 quia
2008 4677 2066 4731 in

433 4771 768 4845 hujusmodi
811 4770 1034 4825 casibus
1062 4769 1354 4825 observari
1385 4769 1590 4840 jubeat
1619 4770 1948 4826 subtilitatis
1973 4787 2068 4826 au-

435 4868 690 4935 ctoritas,
715 4869 913 4921 tamen
937 4865 1072 4937 quia
1091 4863 1348 4918 defectus
1368 4867 1699 4936 temporum
1717 4868 2066 4934 nostrorum,

439 4961 643 5034 quibus
665 4976 778 5016 non
796 4961 982 5015 solum
1002 4957 1232 5028 merita,
1251 4957 1352 5011 sed
1363 4973 1605 5030 corpora
1621 4958 1744 5030 ipsa
1765 4958 2067 5014 hominum

441 5055 796 5124 defecerunt,
817 5050 1350 5110 districtionisillius
1361 5068 1479 5107 non
1493 5052 1707 5124 patitur
1725 5052 1783 5108 in
1803 5053 2069 5109 omnibus

437 5159 678 5203 manere
731 5165 1056 5219 censuram,
1099 5149 1157 5202 et
1193 5149 1334 5201 aetas
1377 5145 1556 5214 istius,
1589 5145 1660 5200 de
1709 5163 1823 5218 quo
1855 5147 2066 5219 agitur,

438 5241 647 5295 futurae
670 5241 1103 5298 incontinentiae
1120 5239 1505 5312 suspicionem
1533 5239 1758 5295 auferre
1788 5240 2071 5312 dignosci-

512 5364 537 5394 ⁸
577 5365 706 5420 Haec
741 5383 872 5421 cum
920 5367 1292 5438 sequentibus
1337 5369 1535 5422 extant
1573 5366 1724 5438 apud
1776 5366 2067 5422 Baluzium

439 5438 668 5495 Miscell.
697 5441 740 5490 t.
775 5439 836 5505 V,
861 5454 994 5508 pag.
1023 5439 1147 5492 467.

512 5517 540 5557 b
575 5509 748 5580 Hujus
761 5508 1016 5592 epistolae
1041 5509 1436 5592 fragmentum
1456 5510 1635 5592 refert
1646 5509 1826 5592 etiam
1855 5510 2071 5566 Gratia-

441 5600 570 5664 nus,
603 5579 682 5664 cr
697 5597 810 5664 quo
834 5579 964 5662 dedi
983 5579 1284 5652 periodum
1311 5581 1466 5636 illam
1488 5581 1871 5663 interjectam,
1892 5598 2068 5653 quam

440 5671 604 5710 unus
629 5653 878 5721 distinx1,
908 5662 1153 5724 qumque
1180 5651 1333 5724 apud
1368 5653 1658 5708 Baluzium
1688 5652 2066 5708 desideratur.

439 5727 986 5869 Mchfiisragmentuni
1036 5792 1186 5869 istud
1223 5793 1585 5869 subAPelagii
1631 5811 1800 5869 papas
1833 5795 2068 5869 nomine

445 5867 624 5922 edidit
653 5864 976 5933 Gratianus,
1009 5882 1114 5920 nec
1143 5864 1362 5920 indicat
1395 5881 1470 5918 an
1495 5864 1805 5934 primifvel
1833 5866 2064 5922 secundi

2167 4691 2280 4758 tur,
2309 4691 2368 4743 et
2389 4705 2742 4760 quaecunque
2771 4687 2830 4743 in
2857 4687 3112 4760 praefatae
3143 4685 3396 4742 ecclesiae
3422 4683 3809 4757 patrimonio,

2167 4783 2256 4836 vel
2286 4782 2357 4836 de
2389 4783 2560 4838 rebus
2582 4781 2657 4837 ad
2693 4799 2822 4838 eam
2848 4781 3274 4854 pertinentibus
3317 4777 3662 4852 repetendis
3680 4781 3810 4834 sunt

2168 4876 2508 4948 necessaria,
2537 4876 2956 4948 compleantur.

2927 4967 3056 5025 XVI.

2239 5053 2501 5126 Pelagius
2548 5072 2700 5128 papa
2748 5057 2794 5112 ll
2819 5047 2846 5090 ἀ
2889 5055 3118 5128 Oplioni
3161 5057 3297 5127 [Al.,
3331 5055 3670 5128 Apollonio]
3707 5053 3808 5112 de-

2167 5148 2404 5206 fensori.

2239 5245 2464 5299 Nullam
2493 5246 2839 5314 potestatem
2877 5244 2948 5300 de
2989 5249 3218 5314 caetero,
3248 5246 3467 5302 nullam
3501 5245 3806 5304 licentiam

2167 5369 2400 5440 Pelagii.
2439 5369 2705 5426 Secundo
2747 5373 2944 5426 tamen
2977 5370 3109 5427 ideo
3152 5371 3530 5426 tribuendum
3571 5389 3809 5440 censeo,

2169 5441 2328 5515 quod
2351 5441 2454 5496 sub
2477 5441 2656 5513 priori
2671 5442 2910 5515 Pelagio
2935 5443 3345 5515 Narniensibus
3369 5449 3624 5515 praeerat
3640 5445 3812 5500 Juve-

2170 5513 2314 5568 nalis
2334 5515 2398 5582 ll,
2430 5517 2492 5567 ut
2511 5513 3094 5586 exrtabulis’Ughellii
3123 5513 3599 5586 discimuilnxu.

2241 5587 2268 5626 ά
2295 5587 2466 5640 Deest
2497 5587 2542 5642 Il
2585 5585 2644 5640 in
2695 5585 2881 5656 editis,
2910 5585 3012 5641 sed
3053 5587 3284 5659 supplet
3323 5585 3462 5643 Cod.
3490 5603 3662 5642 meus
3698 5603 3812 5641 ms.

2231 5799 2252 5825 *
2279 5800 2390 5850 Hoc
2414 5799 2760 5864 fragmentum
2783 5798 2870 5848 vix
2895 5796 3069 5850 dill‘ert
3088 5812 3118 5848 a
3150 5798 3360 5850 decreto
3393 5799 3540 5863 quod
3569 5799 3814 5865 superine

2168 5871 2356 5935 legitur
2387 5871 2482 5922 sub
2511 5886 2655 5922 num.
2683 5871 2748 5922 IX
2781 5871 2927 5924 EDIT.
