3940 6178
220 321 305 377 749
947 315 1037 374 AD
1071 313 1282 374 EPIST.
1323 314 1410 374 ΕΤ
1443 312 1754 374 DECRETA
1789 311 2054 370 PELAGII
2092 312 2285 372 PAPE
2321 313 2370 370 II
2405 311 2758 373 APPENDIX.

3430 321 3536 374 750

218 422 476 482 monachis
491 421 868 496 relinquimus
895 440 1001 497 pro
1022 425 1258 480 arbitrio
1279 441 1380 481 suo
1400 427 1500 481 aut
1529 423 1798 480 abbatem
1821 440 1881 515 Α
1900 423 2284 478 reverentiam
2335 424 2425 478 vel
2463 423 2538 480 ad
2580 423 2887 478 utilitatem
2930 421 3193 494 ejusdem
3237 424 3420 495 [Deest
3466 428 3526 481 in

216 520 456 592 expellere
481 520 578 572 aut
599 516 828 574 sibimet
861 518 1004 575 alios
1037 519 1322 588 ordinare,
1353 519 1488 591 quia
1519 519 1676 573 nulla
1706 536 1802 573 au-

1906 517 2108 588 Vatic.]
2149 517 2826 590 monasteriipertinent,
2850 516 3072 572 abbatis
3111 517 3433 576 sollicitudo
3459 519 3533 575 ad

215 613 411 670 ctoritas
423 612 741 668 remanebit
759 612 973 681 abbati,
996 613 1042 668 si
1075 613 1495 668 monachorum
1530 611 1802 684 potestati
1903 627 2079 682 quem
2108 615 2362 683 potestas
2391 615 2516 666 tota
2544 612 2834 683 pertinere
2873 612 3159 681 convenit,
3202 613 3414 669 debeat
3437 613 3535 668 ad-

215 705 417 778 ceperit
443 705 752 777 subjacere,
780 710 844 761 ut
869 706 942 762 de
971 709 1181 762 cetero
1209 707 1455 762 fideliter
1476 707 1626 778 [ναι.
1647 707 1799 771 Cod.,

215 798 438 872 discreta]
471 805 527 856 et
550 799 803 856 studiose
850 799 1118 855 universa
1147 816 1276 872 quas
1301 801 1375 856 ad
1401 799 1578 855 divini
1620 800 1802 856 cultus

1900 704 2163 777 implere.
2214 707 2483 773 (Gratian.
2513 722 2668 774 XVIII,
2701 723 2756 778 q.
2787 709 2839 777 2,
2869 723 2992 778 cap.
3019 706 3288 778 Nullam.)

1361 1135 2308 1304 APPENDIX

359 1324 514 1422 AD
593 1325 1268 1426 EPISTOLAS
1345 1330 1499 1425 ET
1573 1327 2134 1426 DECRETA
2209 1331 2702 1430 PELAGII
2793 1333 3150 1429 PAPAE
3245 1337 3362 1432 II.

673 1613 1001 1670 EPISTOLA
1027 1615 1211 1686 [01m
1244 1616 1309 1688 η.

534 1723 604 1761 ΔΒ
629 1723 904 1763 ΒΕΝΙαΝυκ
929 1725 1384 1764 ΔΒΩΗΙΕΡῙΞΟΟΡΠΠ
1413 1709 1459 1763 ⁸.

1906 1620 2111 1688 sponte
2140 1634 2244 1673 sua
2267 1619 2591 1690 prosiliunt,
2620 1622 2678 1674 et
2695 1618 2886 1691 potius
2903 1617 3201 1673 ambitioni
3227 1634 3404 1690 quam
3431 1619 3535 1674 uti-

1905 1711 2049 1765 litati
2075 1711 2338 1767 Ecclesiaa
2358 1712 2588 1780 servire,
2609 1716 2667 1767 et
2684 1715 2747 1766 ut
2771 1711 3232 1767 dominationem
3252 1713 3536 1784 agant,in-

206 1803 442 1897 Περίοδαί
467 1807 834 1897 episcoporum
847 1807 1045 1897 deliga
1069 1807 1145 1862 ad
1164 1808 1346 1897 aliam‘
1359 1808 1630 1897 ecclesiam
1657 1813 1880 1897 trawB
1905 1803 2103 1858 sistere
2141 1805 2382 1876 cupiunt
2405 1806 2432 1845 δ
2459 1847 2472 1860 .
2527 1805 2686 1860 Unde
2725 1809 2783 1860 et
2815 1805 2874 1860 in
2907 1805 3176 1876 subjectis
3219 1806 3535 1862 canonibus
3633 1837 3641 1844 -

263 1877 403 1938 sitas,
432 1876 660 1930 ecclesi'se
684 1879 922 1932 utilitate
948 1879 1009 1933 id
1033 1894 1140 1933 non
1164 1880 1552 1950 expostulante.

263 1990 620 2047 Dilectissimo
637 1992 802 2048 fratri
821 1993 1079 2066 Benigno
1095 1993 1524 2068 archiepiscopo
1540 1993 1805 2066 Pelagius

203 2082 486 2156 episcopus.

258 2178 424 2233 Lectis
458 2179 856 2235 Fraternitatis
897 2182 1009 2235 tua:
1049 2181 1254 2236 litteris
1285 2181 1358 2252 (S.
1385 2183 1509 2245 Leo,
1541 2184 1696 2252 epist.
1728 2183 1802 2252 3),

199 2269 428 2342 vigorem
445 2272 586 2328 ﬁdei
603 2277 733 2342 tuae,
751 2291 926 2345 quem
947 2274 1166 2330 dudum
1187 2260 1551 2342 noveramus,
1573 2275 1806 2347 agnovi-

199 2379 326 2434 mus,
351 2367 821 2438 congratulantes
841 2367 1146 2424 Dilectioni
1170 2372 1304 2437 tuae,
1335 2369 1492 2441 quod
1517 2369 1593 2424 ad
1615 2375 1801 2424 custo-

200 2455 443 2514 diendum
453 2475 700 2532 gregem
711 2461 918 2516 Christi
928 2463 1278 2534 pastoralem
1291 2479 1490 2517 curam
1500 2461 1806 2534 vigilanter

199 2549 477 2623 impendis,
517 2557 576 2608 et
611 2570 716 2626 pro
751 2553 852 2608 tibi
879 2555 1120 2610 subditis
1163 2557 1434 2611 sollicitus
1477 2555 1686 2611 existis.
1717 2555 1804 2610 Ad

199 2652 425 2701 nostram
445 2648 607 2702 enim
632 2649 893 2704 laetitiam
921 2653 980 2704 et
1003 2649 1308 2704 benefacta
1332 2649 1696 2721 perveniunt.
1729 2650 1801 2718 (S.

199 2740 400 2806 Cale-sa,
430 2745 592 2814 epist.
625 2744 708 2813 2);
765 2746 824 2797 et
851 2742 898 2797 si
943 2743 1137 2815 aliqua
1177 2760 1338 2798 secus
1369 2759 1544 2814 quam
1579 2746 1807 2814 oportet

194 2835 565 2905 provenerint,
596 2851 714 2890 non
739 2836 969 2891 modico
998 2853 1102 2892 nos
1142 2853 1392 2892 maerore
1437 2837 1802 2891 conturbant.

191 2923 431 2998 Magnam
458 2929 621 2983 enim
647 2930 1096 3000 gratulationem
1117 2930 1312 2986 divina
1332 2929 1598 2985 concedit
1621 2929 1806 3002 gratia

197 3019 349 3087 (Conc.
382 3025 554 3079 Tolet.
581 3024 656 3094 x),
680 3023 910 3095 quando
931 3024 1132 3079 tribuit
1154 3025 1307 3079 inter
1330 3041 1436 3080 nos
1464 3027 1522 3078 et
1545 3023 1806 3079 salutaris

193 3112 480 3187 disciplina!
516 3133 785 3172 normam
811 3117 1017 3173 litteris
1045 3120 1309 3174 conferre
1332 3119 1468 3188 [Al.,
1497 3117 1802 3192 proferre],

1906 1898 2267 1953 continetur:
2295 1900 2356 1955 Si
2402 1899 2606 1972 aliquis
2655 1898 2933 1955 exstiterit
2977 1899 3320 1954 temerarius
3358 1899 3534 1971 (Cone.

1903 1992 2091 2057 Sard.,
2117 2008 2161 2047 c.
2191 1994 2264 2064 2),
2288 1993 2386 2064 qui
2416 1993 2657 2048 forsitan
2679 1991 3104 2050 excusationem
3132 1992 3354 2062 afferat,
3379 1995 3536 2065 quod

1902 2085 2100 2156 populi
2113 2085 2334 2141 litteras
2361 2087 2665 2159 acceperit,
2695 2093 2754 2142 et
2776 2086 2908 2142 ideo
2936 2086 3224 2158 migravit,
3255 2087 3394 2141 dum
3418 2104 3537 2142 ma-

1904 2178 2178 2234 nifestum
2206 2181 2277 2235 sit
2296 2181 2533 2252 praemio
2564 2185 2622 2236 et
2664 2180 2934 2236 mercede
2973 2197 3206 2252 paucos,
3236 2180 3334 2252 qui
3359 2181 3538 2236 since-

1903 2289 2032 2327 ram
2061 2273 2236 2328 ﬁdem
2254 2291 2372 2329 non
2397 2275 2635 2344 habent,
2649 2275 2901 2346 patuisse
2923 2275 3232 2346 corrumpi,
3249 2277 3311 2328 ut
3329 2276 3538 2330 clama-

1903 2371 2037 2421 rent
2061 2367 2120 2422 in
2148 2368 2406 2437 ecclesia,
2427 2373 2485 2424 et
2511 2369 2698 2440 ipsum
2715 2372 2914 2441 petere
2930 2369 3284 2437 viderentur,
3299 2369 3538 2424 omnino

1904 2460 2009 2516 has
2037 2461 2270 2517 fraudes
2284 2463 2667 2517 removendas
2689 2479 2811 2517 esse
2825 2479 3144 2518 censemus.
3172 2461 3267 2517 llis
3278 2462 3465 2516 verbis
3481 2465 3541 2517 et

1905 2554 2030 2609 aliis
2079 2556 2274 2610 multis
2315 2557 2592 2628 exemplis
2619 2557 2800 2628 liquet
2840 2574 2960 2611 non
3007 2556 3078 2610 de
3110 2555 3198 2610 his
3221 2557 3410 2611 dicere
3455 2555 3540 2628 (ut

1904 2648 2076 2720 paulo
2108 2650 2368 2720 superius
2385 2650 2750 2722 praelibatum
2769 2650 2873 2721 est)
2899 2649 2996 2722 qui
3027 2649 3196 2722 pulsi,
3221 2653 3284 2704 ut
3303 2666 3422 2704 non
3446 2665 3536 2704 re-

1905 2741 2056 2812 cepti
2086 2758 2120 2796 a
2151 2742 2386 2810 civibus,
2413 2744 2501 2797 vel
2531 2760 2566 2796 a
2597 2743 3051 2814 quibuscunque,
3076 2746 3176 2797 aut
3200 2742 3538 2797 necessitate

1905 2838 2170 2906 cogente,
2190 2836 2277 2890 vel
2307 2835 2650 2891 auctoritate
2677 2835 2968 2906 majorum
2990 2838 3294 2890 transeunt
3318 2835 3390 2890 de
3411 2834 3539 2891 civi-

1903 2931 2023 2983 tate
2053 2929 2124 2984 ad
2145 2929 2432 2986 civitatem
2461 2947 2479 3000 ;
2509 2928 2612 2984 sed
2639 2929 2710 2984 de
2740 2929 2830 2984 his
2857 2929 2954 3001 qui
2975 2933 3181 3001 sponte
3207 2929 3534 3001 prosiliunt,

1905 3025 2004 3076 aut
2029 3023 2390 3092 temeritatis,
2433 3027 2533 3078 aut
2561 3023 2892 3078 ambitionis
2929 3040 3101 3079 causa
3143 3024 3252 3078 hoc
3298 3023 3536 3079 faciunt.

1903 3117 2048 3172 Nam
2073 3117 2230 3173 aliud
2273 3121 2361 3172 est
2404 3121 2608 3190 sponte
2636 3117 2904 3187 transire,
2933 3121 2992 3173 et
3035 3117 3192 3172 aliud
3231 3121 3318 3172 est
3344 3122 3538 3174 coacte

193 3210 242 3260 et
263 3212 564 3280 provenire
591 3211 666 3273 ad
689 3212 1060 3283 pacificorum
1094 3213 1284 3267 studia
1302 3213 1440 3267 facit
1462 3215 1801 3284 praeoptata.
1825 3215 1880 3289 ρ
1906 3215 2006 3266 aut
2031 3211 2368 3268 necessitate
2391 3212 2608 3267 venire.
2639 3211 2800 3267 Unde
2821 3229 2940 3267 non
2967 3211 3063 3266 isti
3093 3216 3327 3266 mutant
3349 3212 3540 3267 civita-

191 3300 356 3374 Exigit
381 3321 528 3378 ergo
565 3306 803 3374 Dilectio
860 3309 962 3360 tua
1010 3307 1315 3378 [Hosimus]
1357 3307 1618 3362 consulta
1656 3305 1806 3360 sedis

191 3398 526 3467 apostolicae,
562 3400 608 3454 si
629 3400 852 3455 licitum
877 3402 1028 3455 foret
1053 3401 1386 3472 episcopum
1406 3400 1674 3469 transire,
1708 3402 1807 3454 aut

191 3495 394 3547 mutare
426 3493 501 3548 de
534 3493 762 3549 civitate
788 3494 864 3548 ad
882 3494 1190 3562 civitatem,
1214 3494 1354 3549 dum
1375 3495 1612 3566 quidam
1642 3510 1806 3549 cano-

191 3599 281 3638 nes
301 3586 378 3656 (ut
395 3588 496 3643 tibi
523 3587 768 3660 videtur)
789 3588 899 3644 hoc
914 3587 1039 3642 fieri
1068 3589 1438 3660 prohibeant.
1463 3587 1806 3659 Signiﬁcasti

190 3677 348 3734 etiam
368 3682 575 3738 litteris
589 3683 722 3750 tuis,
743 3681 1059 3754 quemdam
1071 3683 1331 3752 fratrem,
1347 3682 1581 3737 nomine
1602 3687 1660 3736 et
1675 3685 1804 3736 actu

187 3768 278 3826 Dei
303 3774 562 3844 Servum,
577 3792 750 3832 causa
769 3775 1033 3832 utilitatis
1051 3782 1276 3831 mutare
1301 3781 1354 3832 te
1370 3777 1514 3831 velle
1539 3776 1600 3830 in
1615 3776 1805 3830 locum

186 3868 238 3919 et
271 3867 558 3925 civitatem
590 3870 880 3940 defuncti,
907 3871 1042 3926 licet
1061 3870 1298 3943 quidam
1324 3871 1520 3925 dicant
1541 3870 1650 3925 hoc
1677 3868 1805 3923 ﬁeri

187 3973 292 4015 non
321 3962 513 4032 licere,
538 3964 933 4036 nisi[etiamsi]
946 3981 1290 4022 consensum
1308 3963 1634 4036 apostolicae
1654 3963 1805 4018 sedis

183 4051 860 4131 habuisses.Quapropter
874 4059 1224 4128 scias,frater
1239 4057 1626 4127 dilectissime,
1649 4056 1803 4112 aliud

185 4161 294 4203 esse
331 4167 567 4208 causam
599 4153 952 4208 necessitatis
981 4157 1040 4209 et
1081 4152 1357 4222 utilitatis,
1392 4156 1450 4208 et
1483 4152 1638 4208 aliud
1669 4168 1802 4207 cau-

183 4255 294 4297 sam
319 4247 786 4318 praasumptionis
811 4253 870 4302 et
893 4247 1140 4320 proprias
1157 4247 1488 4302 voluntatis.
1511 4248 1636 4302 Non
1663 4261 1802 4317 ergo

182 4339 350 4392 mutat
366 4339 592 4410 sedem,
607 4341 705 4412 qui
725 4358 842 4396 non
860 4345 1048 4396 mutat
1064 4345 1348 4409 mentem,
1362 4340 1422 4395 id
1442 4343 1547 4409 est,
1570 4339 1670 4412 qui
1684 4355 1801 4394 non

180 4443 338 4487 causa
361 4435 641 4503 avaritiae,
663 4438 762 4489 aut
781 4434 1214 4503 dominationis,
1231 4433 1586 4506 autproprize
1601 4433 1800 4488 volun-

179 4527 314 4599 tatis,
339 4533 431 4586 vel
453 4549 576 4588 suae
603 4532 898 4588 electionis
926 4533 1140 4605 migrat
1159 4533 1230 4588 de
1255 4532 1479 4587 civitate
1507 4533 1580 4586 ad
1603 4531 1800 4588 civita-

1906 3309 2012 3376 tes,
2045 3306 2147 3361 sed
2176 3309 2510 3362 mutantur:
2540 3305 2674 3377 quia
2698 3322 2817 3360 non
2839 3311 3064 3377 sponte,
3096 3307 3193 3362 sed
3214 3310 3408 3361 coacte
3429 3305 3538 3361 hoc

1905 3403 2106 3472 agunt.
2131 3400 2267 3464 Quis
2294 3401 2452 3455 enim
2466 3416 2722 3472 unquam
2741 3400 2914 3454 audet
2939 3399 3151 3469 dicere,
3165 3403 3426 3454 sanctum
3439 3401 3538 3455 Pe-

1906 3497 2062 3548 trum
2088 3495 2480 3565 apostolorum
2492 3493 2814 3566 principem
2837 3510 2953 3548 non
2964 3493 3114 3548 bene
3131 3493 3336 3564 egisse,
3353 3510 3534 3565 quau-

1905 3586 1981 3642 do
2011 3587 2254 3642 mutavit
2273 3586 2472 3642 sedem
2487 3587 2557 3642 de
2578 3586 2883 3642 Antiochia
2906 3587 2967 3640 in
2983 3587 3268 3642 Romam?
3282 3590 3395 3643 Aut
3411 3589 3538 3660 quis

1907 3697 2040 3736 eum
2057 3685 2236 3753 negat
2255 3681 2326 3736 ob
2349 3680 2407 3735 id
2429 3685 2690 3736 sanctum
2706 3699 2823 3737 non
2849 3697 2993 3752 esse,
3017 3684 3115 3735 aut
3131 3681 3402 3737 meritum
3429 3699 3537 3738 un-

1905 3791 2082 3848 quam
2111 3775 2462 3847 apostolatus
2486 3779 2608 3830 tam
2637 3775 2696 3830 in
2723 3775 2892 3844 caelis,
2925 3792 3101 3847 quam
3129 3775 3188 3830 in
3215 3776 3382 3831 terris
3411 3792 3538 3848 per-

1906 3873 2112 3928 didisse
2127 3873 2154 3928 ?
2169 3876 2283 3928 Aut
2293 3873 2420 3945 quis
2433 3877 2612 3946 negat
2631 3879 2858 3930 sanctos
2879 3891 2998 3930 non
3023 3891 3146 3930 esse
3166 3875 3379 3929 multos
3395 3875 3538 3930 alios

1905 3967 2220 4040 episcopos,
2249 3967 2348 4039 qui
2379 3967 2451 4022 de
2495 3968 2820 4024 civitatibus
2867 3969 2941 4024 ad
2988 3969 3244 4024 civitates
3275 3968 3536 4024 translati

1904 4065 2056 4131 sunt,
2087 4068 2186 4118 aut
2203 4061 2477 4118 meritum
2502 4063 2871 4135 pontificatus
2890 4063 3208 4136 perdidisse
3238 4081 3252 4119 :
3287 4080 3535 4136 quorum

1905 4157 2144 4214 nomina
2155 4156 2203 4212 si
2214 4157 2485 4229 cceperim
2497 4174 2860 4226 enumerare,
2877 4160 3010 4212 ante
3027 4157 3148 4212 dies
3159 4157 3537 4232 pertransiret

1905 4266 2082 4322 quam
2103 4251 2224 4306 haec
2241 4251 2440 4306 omnia
2460 4251 2812 4323 perscribere
2833 4234 3058 4322 possem
3076 4249 3216 4323 [Al.,
3230 4250 3539 4322 scribipos-

1904 4343 2048 4417 sent]
2061 4387 2074 4412 ,
2099 4348 2157 4399 et
2180 4345 2453 4417 prolixior
2464 4345 2573 4401 erit
2586 4345 2827 4416 epistola
2846 4361 3020 4416 quam
3036 4361 3269 4398 necesse
3292 4344 3402 4400 sit?
3421 4346 3536 4399 Aut

1904 4437 2034 4509 quis
2057 4455 2312 4508 unquam
2339 4441 2530 4509 potest
2572 4438 2912 4510 approbare,
2952 4441 3216 4492 sanctum
3265 4453 3382 4493 non
3409 4454 3533 4493 esse

1901 4531 2292 4586 Alexandrum
2347 4531 2443 4602 qui
2495 4531 2954 4602 Hierosolymam
2985 4531 3056 4586 de
3095 4531 3274 4586 altera
3303 4531 3530 4587 civitate

177 4592 310 4693 tem,
333 4626 436 4682 sed
491 4643 667 4682 causa
697 4592 1052 4682 necessitatis
1097 4630 1199 4681 aut
1227 4625 1486 4682 utilitatis
1521 4630 1798 4682 mutatur.
1820 4592 1880 4665 D
1905 4625 2213 4680 translatus
2244 4629 2329 4680 est
2349 4592 2482 4696 (Sco.
2506 4641 2606 4693 v11,
2635 4641 2680 4681 c.
2711 4592 2798 4696 3(3)
2826 4625 2853 4680 ‘I
2883 4630 2984 4680 aut
3023 4629 3284 4681 sanctum
3315 4627 3527 4699 Grego-

176 4714 309 4773 Nam
320 4725 374 4775 et
386 4722 780 4792 plurimorum
803 4721 1016 4777 utilitas
1035 4721 1201 4777 unius
1222 4720 1455 4775 utilitati
1481 4725 1581 4776 aut
1599 4722 1798 4776 volun-

175 4811 268 4866 tati
291 4810 666 4885 prazferenda
695 4820 797 4872 est.
820 4816 990 4871 Aliud
1007 4820 1092 4872 est
1109 4816 1264 4872 enim
1287 4819 1534 4884 mutare,
1565 4821 1622 4870 et
1645 4815 1800 4870 aliud

174 4910 380 4964 mutari
408 4929 427 4981 ;
452 4911 600 4965 sicut
623 4911 779 4966 aliud
806 4911 1159 4980 ministrare,
1189 4913 1246 4965 et
1279 4910 1435 4965 aliud
1461 4909 1797 4965 ministrari.

175 4997 322 5058 Unde
349 5003 636 5060 Dominus
677 5005 738 5060 in
766 5005 1078 5077 Evangelio
1106 5005 1380 5076 loquitur,
1409 5003 1606 5060 dicens
1635 5021 1648 5060 :
1681 5007 1800 5064 Non

170 5099 285 5150 veni
305 5101 636 5164 ministrari,
654 5099 748 5156 sed
765 5103 1077 5156 ministrare
1105 5100 1318 5170 (Matth.
1331 5102 1440 5169 xx).
1465 5098 1631 5163 Quod
1643 5097 1800 5153 enim

169 5185 223 5243 in
250 5193 578 5247 canonibus
603 5193 830 5264 legitur,
861 5211 980 5250 non
1007 5193 1219 5249 debere
1261 5193 1594 5265 episcOpum
1621 5191 1692 5246 de
1719 5191 1796 5246 ci-

169 5282 334 5340 vitate
351 5285 431 5340 ad
454 5285 746 5343 civitatem
767 5289 1009 5343 transire
1031 5288 1250 5360 (Concit.
1265 5288 1537 5350 Antioch.,
1550 5302 1669 5342 can.
1686 5285 1795 5358 21),

166 5377 246 5432 vel
277 5381 608 5450 transferri,
640 5399 758 5438 non
788 5382 860 5437 de
887 5382 975 5437 his
1001 5382 1223 5452 dicitur,
1244 5383 1345 5454 qui
1360 5385 1461 5437 aut
1479 5380 1533 5436 vi
1561 5379 1796 5452 expulsi,

168 5476 261 5526 aut
284 5474 631 5530 necessitate
653 5477 853 5545 coacti,
883 5479 984 5532 aut
1009 5477 1349 5532 auctoritate
1377 5475 1666 5548 majorum
1690 5475 1800 5530 hoc

165 5571 344 5637 agunt
373 5586 388 5625 :
419 5567 530 5624 sed
550 5569 618 5625 de
644 5571 754 5642 his,
783 5570 879 5643 qui
907 5571 1162 5628 avaritiae
1199 5571 1406 5627 ardore
1430 5569 1795 5638 inﬂammati,

229 5743 254 5770 ⁸
301 5738 462 5805 Quin
508 5738 628 5797 haec
668 5741 750 5816 sit
776 5759 866 5816 fex,
897 5740 1469 5816 suppositisulsidori
1511 5740 1798 5797 mercibus

163 5824 340 5886 nemo
361 5827 626 5883 unquam
653 5813 938 5870 dubitabit
957 5813 1298 5886 iu'legendis
1316 5816 1572 5870 veterum
1594 5829 1798 5869 monu-

166 5883 377 5938 mentis
403 5885 764 5942 exercitatus.

1901 4719 2054 4774 rium
2081 4718 2524 4788 Nazianzenum,
2545 4719 2644 4791 qui
2663 4719 2724 4774 in
2742 4719 3021 4775 Nazianzo
3043 4719 3383 4775 constitutus
3404 4720 3529 4776 est?

1903 4819 2002 4869 aut
2029 4816 2292 4868 sanctum
2321 4815 2609 4883 Proclum,
2651 4814 2750 4886 qui
2781 4814 2851 4870 de
2879 4814 3076 4886 Cyzico
3116 4816 3443 4883 translatus,
3473 4821 3530 4871 et

1901 4907 2456 4979 Constantinopolim
2484 4907 2901 4964 inthronizatus
2921 4908 3045 4962 est?
3073 4909 3198 4964 Non
3215 4923 3354 4980 ergo
3380 4908 3527 4964 bene
3583 4905 3586 4908 ’

1900 5001 2230 5073 intelligunt
2273 5001 2684 5058 ecclesiasticas
2719 5003 2970 5074 regulas,
3004 5001 3103 5074 qui
3154 5003 3262 5058 hoc
3306 5007 3528 5075 negant

1899 5112 2072 5151 causa
2096 5095 2355 5152 utilitatis
2380 5102 2479 5152 aut
2498 5096 2851 5154 necessitatis
2873 5096 3000 5151 ﬁeri
3026 5113 3146 5152 non
3175 5113 3364 5169 posse,
3393 5115 3530 5170 quo-

1899 5189 2004 5245 ties
2059 5191 2384 5246 communis
2418 5191 2631 5246 utilitas
2673 5195 2773 5246 aut
2801 5191 3108 5246 necessitas
3155 5194 3520 5263 persuaserit.

1897 5285 2094 5340 Nullus
2123 5284 2277 5340 enim
2305 5301 2373 5339 ex
2397 5285 2504 5353 his,
2535 5289 2634 5340 aut
2653 5301 2725 5340 ex
2754 5284 2900 5354 aliis,
2927 5285 3024 5358 qui
3048 5286 3271 5344 meliori
3290 5287 3526 5344 consilio

1898 5383 2265 5435 mutaverunt
2275 5379 2527 5448 civitates
2537 5379 2876 5436 necessitate
2895 5380 3166 5452 quadam,
3179 5383 3266 5438 vel
3279 5382 3523 5438 utilitate

1899 5473 2294 5540 eCclesiastica,
2341 5476 2442 5526 aut
2468 5471 2614 5528 laica
2637 5474 3046 5530 communione
3072 5492 3268 5532 carere
3305 5474 3519 5546 reperi-

1897 5583 2046 5636 mus,
2081 5583 2186 5621 nec
2211 5566 2491 5622 ullatenus
2534 5584 2794 5640 unquam
2821 5569 2948 5624 ﬁeri
2991 5569 3182 5624 debet.
3223 5567 3522 5624 Sententia

1967 5732 2188 5812 1}_Bar.r
2213 5753 2364 5793 anno
2392 5740 2514 5807 590,
2542 5744 2688 5812 n.7,
2728 5743 2901 5812 atque
2931 5757 2998 5794 ex
3017 5737 3352 5812 _eouBinius
3401 5738 3524 5812 haec

1897 5807 2198 5882 ediderant
2244 5813 2524 5882 tanquam
2591 5807 2876 5868 decimam
2936 5809 3150 5879 Pelagii
3216 5811 3520 5881 epistolam

1899 5880 2090 5954 ejusve
2115 5880 2532 5954 fragmentum.
3253 5880 3268 5881 ”
3559 5885 3570 5894 '
