3940 6178
310 313 405 370 731

1215 307 1304 370 AD
1341 308 1701 371 EPISTOLAS
1737 309 1823 372 ET
1859 311 2167 374 DECRETA
2201 311 2466 373 PELAGII
2499 313 2692 373 PAPIE
2731 315 2778 372 Π

3573 312 3669 377 752

311 439 447 478 vero
475 437 602 494 quae
621 419 681 478 in
712 413 1066 478 Antiocheno
1097 421 1339 478 concilio
1371 422 1618 478 habetur
1650 425 1800 495 (Can.
1828 427 1939 495 21),
1962 441 2022 515 Α
2043 425 2114 480 de
2133 426 2258 481 loco
2285 425 2360 480 ad
2386 426 2600 494 locum,
2623 429 2683 480 et
2711 425 2783 480 de
2826 421 3054 481 civitate
3079 423 3156 482 ad
3189 423 3500 495 civitatem,
3534 428 3668 482 tales

310 519 372 570 ut
392 516 690 590 episcopus
716 517 787 570 ab
814 515 926 571 alia
951 515 1228 587 parochia
1247 533 1616 588 nequaquam
1635 518 1848 590 migret
1865 518 1942 574 ad

311 611 506 679 aliam,
534 614 671 678 tota,
707 614 877 681 atque
907 625 1112 665 omnes
1153 610 1457 665 sententias
1479 611 1550 666 de
1593 627 1660 667 ea
1691 613 1938 683 [eadem]

309 720 370 758 re
383 704 498 758 vim
516 703 772 774 superius
784 704 1263 774 comprehensam
1285 705 1554 772 retinent,
1575 707 1632 759 et
1649 705 1790 760 nihil
1803 723 1942 778 prai-

310 801 499 852 taxato
525 796 700 851 modo
730 796 1207 852 translationibus
1233 798 1632 870 episcoporum
1673 799 1812 854 actis
1843 803 1944 854 aut

311 890 546 962 agendis
577 894 805 960 nocent,
835 890 934 945 sed
963 891 1150 962 magis
1177 891 1356 946 robur
1378 891 1460 946 eis
1485 908 1551 947 ac
1571 893 1805 948 Domini
1829 893 1944 948 Sal-

306 987 516 1043 vatoris
541 1004 670 1058 quia
714 1003 916 1043 omnes
962 988 1270 1044 canonicos
1319 990 1708 1061 superexaltat
1742 989 1938 1060 libros,

309 1081 709 1136 auctoritatem
740 1084 1034 1153 praestant.
1066 1083 1228 1137 Tales
1243 1088 1434 1138 autem
1453 1083 1794 1157 quaestiones
1813 1100 1939 1138 ma-

309 1175 395 1246 gis
408 1191 472 1229 ex
495 1175 708 1230 invidia
731 1192 905 1246 quam
921 1192 990 1231 ex
1017 1175 1292 1232 charitate
1306 1180 1406 1231 aut
1420 1176 1660 1232 utilitate
1689 1177 1847 1232 nasci
1866 1176 1942 1231 vi-

308 1269 536 1336 dentur,
579 1285 712 1324 cum
742 1269 866 1340 ipsa
896 1286 1002 1340 per
1031 1285 1088 1324 se
1115 1269 1335 1324 Veritas
1365 1269 1540 1325 dicat:
1569 1273 1632 1327 Si
1648 1286 1740 1326 vos
1761 1285 1938 1340 perse-

304 1365 416 1416 cuti
434 1364 640 1430 fuerint
659 1364 716 1417 in
739 1379 905 1417 unam
925 1365 1216 1425 civitatem,
1236 1365 1415 1433 fugite
1443 1367 1502 1418 in
1522 1365 1692 1418 aliam
1720 1363 1938 1435 (Matth.

305 1457 380 1526 Χ),
413 1459 472 1510 et
495 1456 734 1526 reliqua.
767 1456 905 1510 Huic
934 1471 1072 1526 ergo
1105 1457 1407 1512 sententiae
1423 1458 1614 1511 nullus
1637 1457 1942 1512 catholico-

307 1565 437 1604 rum
452 1565 692 1620 usquam
726 1549 1118 1605 contradicere
1149 1553 1352 1621 potest,
1379 1567 1508 1622 quze
1539 1567 1656 1606 non
1683 1550 1938 1620 alterius,

308 1643 409 1698 sed
430 1643 607 1714 ipsius
628 1643 860 1714 proprio
879 1643 1106 1697 Domini
1133 1661 1230 1698 ore
1243 1644 1488 1714 prolata,
1505 1647 1562 1698 et
1573 1644 1796 1699 ﬁrmata
1817 1660 1939 1699 esse

307 1735 679 1806 dignoscitur.
713 1737 815 1791 Cui
845 1736 892 1789 si
919 1735 1126 1806 aliquis
1149 1736 1580 1804 contradixerit,
1613 1755 1728 1792 non
1753 1739 1940 1792 solum

2044 535 2412 592 nequaquam
2426 519 2729 591 reciperet,
2750 536 2860 575 nec
2877 535 3071 576 secum
3087 523 3335 588 teneret,
3350 537 3459 576 nec
3475 521 3538 576 in
3555 521 3669 576 aliis

2041 613 2362 668 civitatibus
2398 629 2498 668 eos
2541 614 2866 669 collocaret.
2913 613 3017 679 Qui
3049 614 3208 669 enim
3245 616 3670 686 persequuntur

2042 707 2268 762 Domini
2291 706 2608 779 episcopos,
2638 723 2852 779 eosque
2877 707 2950 762 de
2975 707 3297 762 civitatibus
3323 707 3398 764 ad
3419 708 3668 764 civitates

2040 799 2285 854 transire
2316 800 2828 872 compellunt,‘non
2859 817 2956 856 eos
2977 805 3204 856 tantum
3227 805 3665 874 persequuntur,

2042 896 2322 964 quantum
2343 893 2655 950 Dominum
2683 898 2945 950 nostrum
2963 897 2992 950 J
2997 911 3156 950 esum
3175 895 3488 962 Christum,
3517 895 3668 966 cujus

2041 985 2331 1058 legatione
2375 989 2713 1060 funguntur.
2747 989 2859 1043 Nec
2889 987 2997 1060 ipsi
3027 987 3086 1042 in
3123 989 3232 1044 hoc
3265 991 3514 1060 peccant
3555 988 3666 1060 epi-

2042 1080 2217 1151 scopi,
2249 1079 2525 1152 quoniam
2545 1097 2662 1136 non
2694 1084 2919 1154 sponte,
2952 1081 3055 1136 sed
3085 1085 3280 1138 coacte
3315 1083 3426 1138 hoc
3455 1085 3665 1153 agunt:

2042 1172 2144 1227 sed
2171 1172 2252 1227 illi
2281 1189 2315 1228 a
2345 1173 2548 1246 quibus
2578 1178 3038 1246 persequuntur;
3084 1191 3190 1230 nec
3217 1175 3356 1248 ipsis
3395 1175 3670 1247 episcopis

2040 1265 2150 1321 hoc
2180 1266 2452 1338 imputari
2483 1271 2694 1339 potest,
2728 1268 2828 1322 sed
2855 1268 2966 1322 illis
2993 1269 3090 1340 qui
3115 1285 3216 1324 eos
3243 1269 3352 1324 hoc
3372 1285 3548 1340 agere
3578 1285 3669 1324 co-

2042 1362 2202 1430 gunt.
2233 1360 2473 1416 Sanctus
2502 1361 2660 1416 enim
2691 1366 3083 1432 protomartyr
3108 1362 3436 1434 Stephanus
3458 1361 3673 1434 lapida-

2038 1453 2227 1521 batur,
2261 1453 2360 1508 sed
2379 1456 2405 1509 J
2411 1471 2538 1509 esus
2566 1455 2913 1526 suscipiebat
2935 1456 3154 1527 plagas.
3185 1455 3434 1527 Ideoque
3456 1456 3674 1512 unicui-

2041 1563 2151 1618 que
2179 1547 2612 1618 prmvidendum
2656 1552 2743 1602 est
2771 1548 2993 1620 (Hadr.,
3025 1550 3150 1613 σοι,
3170 1565 3290 1620 cap.
3323 1551 3412 1622 66)
3465 1567 3538 1605 ne
3571 1550 3670 1605 ali-

2041 1656 2216 1710 quem
2241 1640 2451 1712 injuste
2501 1645 2900 1712 persequatur,
2927 1641 3168 1713 judicet,
3204 1643 3294 1698 vel
3332 1643 3557 1715 puniat,
3599 1660 3670 1698 ne

2037 1735 2231 1788 Iesum
2261 1737 2662 1805 persequatur,
2685 1733 2929 1806 judicet,
2962 1738 3020 1790 et
3058 1735 3282 1806 puniat.
3335 1735 3442 1800 Qui
3473 1741 3672 1792 autem

307 1829 566 1899 extorris,
601 1830 704 1884 sed
730 1829 902 1884 etiam
931 1829 1446 1885 anathematizatus
1472 1831 1542 1885 ab
1569 1831 1808 1886 ecclesia
1826 1831 1940 1902 pel-
1961 1818 2016 1890 B
2041 1829 2258 1897 negant
2273 1827 2729 1882 misericordiam
2744 1827 3074 1883 faciendam
3097 1827 3472 1900 fugientibus,
3494 1845 3562 1884 ac
3580 1847 3676 1884 ne-

304 1925 526 1978 latur'a.
579 1924 648 1977 Et.
671 1923 948 1978 Dominus
979 1923 1036 1977 in
1064 1924 1373 1994 Evangelio
1412 1923 1552 1978 alias
1580 1924 1716 1978 dicit
1745 1941 1757 1979 :
1785 1926 1942 1981 Beati

301 2019 398 2087 qui
418 2019 830 2088 persecutionem
852 2020 1146 2088 patiuntur
1186 2023 1408 2088 prapter
1423 2018 1699 2086 justitiam
1720 2018 1936 2088 (Matth.

302 2112 376 2182 v).
407 2111 468 2165 Si
495 2127 591 2166 eos
615 2110 891 2166 Dominus
923 2111 1127 2165 beatos
1153 2110 1308 2180 dicit,
1343 2111 1440 2181 qui
1477 2111 1940 2182 persecutionem

300 2203 602 2276 patiuntur
611 2207 847 2276 propter
849 2204 871 2275 j
883 2203 986 2258 usti
994 2204 1156 2272 tiam,
1173 2203 1302 2274 quis
1315 2220 1412 2258 eos
1425 2204 1699 2260 damnare
1715 2204 1939 2276 potest?

299 2298 368 2352 Et
393 2298 439 2351 si
461 2298 580 2368 ipse
610 2297 681 2351 de
717 2297 944 2352 civitate
975 2297 1050 2352 ad
1089 2297 1373 2352 civitatem
1401 2301 1638 2369 propter
1664 2313 1935 2369 persecu-

298 2390 518 2445 tionem
531 2391 733 2460 fugere
761 2391 1034 2462 prsecipit,
1056 2391 1182 2462 quis
1201 2407 1299 2445 eos
1313 2389 1638 2460 detrahere,
1659 2396 1760 2446 aut
1780 2392 1940 2446 dam-

300 2500 441 2538 nare
471 2487 777 2554 propterea
804 2483 980 2538 audet
1007 2485 1092 2538 vel
1125 2487 1330 2555 potest,
1357 2483 1510 2555 quod
1538 2485 1728 2540 verbis
1756 2485 1939 2540 domi-

299 2576 440 2632 nicis
466 2577 918 2648 obtemperant?
964 2578 1224 2632 Profecto
1262 2577 1310 2631 is
1350 2578 1447 2648 qui
1473 2579 1817 2634 contradicit
1840 2581 1940 2633 aut

298 2670 531 2739 resistit,
550 2671 802 2742 seipsum
829 2672 1086 2739 damnat,
1111 2672 1244 2742 quia
1265 2672 1350 2726 ori
1368 2672 1598 2727 Domini
1627 2677 1938 2728 contumax

300 2768 358 2819 et
385 2764 724 2818 inobediens
753 2765 961 2819 existit.
985 2765 1147 2820 Unde
1175 2769 1232 2819 et
1257 2764 1379 2836 ipsa
1408 2783 1512 2837 per
1536 2782 1594 2820 se
1611 2765 1830 2820 Veritas
1851 2766 1934 2822 di-

299 2858 410 2912 cit:
441 2859 569 2926 Quis
596 2874 662 2913 es:
702 2860 850 2913 vobis
878 2863 1070 2928 arguet
1094 2875 1177 2914 me
1201 2860 1266 2915 de
1281 2862 1548 2930 peccato?
1573 2861 1637 2918 Si
1658 2863 1938 2916 veritatem

297 2951 438 3014 dico,
461 2959 630 3021 quare
644 2968 734 3006 vos
758 2968 866 3008 non
885 2953 1102 3007 creditis
1115 2955 1292 3008 mihi?
1317 2955 1422 3020 Qui
1442 2970 1508 3008 ea:
1530 2957 1634 3010 Deo
1651 2959 1747 3017 est,
1774 2955 1938 3009 verba

297 3047 398 3099 Dei
414 3045 591 3099 audit.
619 3047 910 3114 Propterea
935 3061 1026 3100 vos
1048 3061 1155 3100 non
1199 3047 1426 3110 auditis,
1459 3049 1589 3116 quia
1617 3064 1685 3102 ea:
1706 3051 1808 3103 Deo
1831 3063 1938 3103 non

297 3140 420 3193 estis
450 3141 620 3203 (Joan.
653 3138 793 3209 vni).
847 3138 1095 3193 Omnino
1145 3143 1370 3210 oportet
1401 3141 1518 3194 Deo
1547 3140 1776 3196 obedire
1807 3142 1936 3212 plus

301 3187 475 3302 quam
501 3187 834 3286 hominibus
862 3231 997 3301 (Act.
1033 3231 1107 3303 v).
1135 3187 1442 3288 Etidcirco
1470 3232 1628 3304 quod
1659 3234 1775 3289 Deo
1804 3187 1936 3290 gbe-
1955 3187 2011 3263 Ο

297 3323 506 3392 dimus,
541 3329 598 3378 et
627 3325 696 3379 de
719 3324 942 3380 civitate
968 3326 1039 3380 ad
1066 3325 1352 3380 civitatem
1378 3326 1518 3398 (ipso
1540 3326 1929 3399 praecipiente)

295 3417 710 3490 persecutionis
741 3435 930 3486 causa,
964 3419 1021 3474 id
1045 3421 1149 3489 est,
1173 3419 1526 3474 necessitatis
1557 3424 1657 3475 aut
1672 3421 1936 3476 utilitatis

295 3511 627 3580 transimus,
659 3512 976 3568 damnandi
1004 3513 1240 3568 sumus?
1265 3515 1388 3570 Non
1418 3514 1678 3578 omnino,
1703 3514 1804 3569 sed
1829 3532 1930 3587 po-

297 3605 411 3660 tius
431 3606 746 3662 venerandi
769 3609 939 3678 atque
965 3607 1256 3678 portandi,
1281 3608 1558 3678 quoniam
1576 3625 1649 3662 ne
1672 3608 1807 3680 ipsis
1822 3609 1936 3681 epi-

299 3700 484 3770 scopis
514 3700 622 3754 hoc
651 3700 920 3770 imputari
948 3704 1155 3770 potest.
1184 3701 1292 3766 Qui
1320 3701 1407 3756 his
1426 3702 1654 3770 resistit,
1677 3705 1932 3774 profecto

295 3793 398 3848 Dei
423 3792 772 3848 ordinationi
804 3793 1035 3860 resistit,
1063 3799 1120 3848 et
1147 3797 1233 3848 est
1257 3794 1481 3850 inﬁdeli
1502 3795 1781 3852 deterior:
1802 3796 1935 3868 quia

297 3887 506 3943 melius
526 3893 610 3942 est
641 3905 758 3942 non
771 3904 1120 3958 cognoscere
1143 3890 1296 3944 viam
1314 3891 1589 3960 veritatis,
1620 3908 1795 3963 quam
1809 3897 1936 3964 post

298 3980 659 4052 agnitionem
689 3983 1008 4036 retrorsum
1033 3981 1210 4038 abire.
1239 3985 1380 4038 Nam
1407 3988 1465 4038 et
1500 3985 1622 4056 ipse
1655 3986 1933 4041 Dominus

299 4074 371 4130 de
418 4075 541 4130 loco
573 4074 648 4129 ad
687 4075 876 4129 locum
913 4075 1164 4142 secessit,
1195 4075 1254 4130 id
1281 4080 1385 4146 est,
1412 4077 1691 4146 transivit,
1722 4079 1934 4134 Iudaeis

296 4170 462 4225 illum
491 4167 898 4240 quaerentibus.
926 4168 1170 4240 Fugiens
1185 4168 1284 4240 ille
1311 4173 1632 4242 quaerentes
1662 4174 1720 4225 et
1743 4189 1934 4244 perse-

298 4268 538 4337 quentes
565 4279 643 4332 se,
675 4261 832 4318 dedit
858 4262 1025 4317 nobis
1052 4264 1380 4335 exemplum
1411 4265 1610 4336 fugere
1643 4281 1760 4321 non
1800 4283 1928 4338 per-

299 4359 625 4430 sequentes,
655 4361 712 4412 et
739 4356 809 4411 de
856 4356 1077 4412 civitate
1116 4357 1190 4412 ad
1231 4356 1517 4414 civitatem
1549 4359 1813 4429 transire,
1845 4360 1928 4416 di-

299 4468 436 4508 cens
457 4469 472 4507 :
496 4441 664 4509 Sivos
683 4453 950 4522 persecuti
973 4453 1184 4520 fuerint
1200 4453 1262 4507 in
1280 4454 1501 4509 civitate
1518 4455 1650 4518 ista,
1677 4456 1855 4526 fugite
1874 4457 1932 4511 in

297 4546 470 4600 aliam
499 4545 714 4616 (Matth.
744 4545 816 4617 x),
866 4549 924 4600 et
961 4548 1171 4600 caetera
1196 4545 1286 4601 his
1313 4545 1538 4638 similia.
1576 4549 1721 4603 Nam
1767 4548 1814 4604 si
1838 4549 1928 4604 fu-
1948 4564 2008 4638 D

301 4655 459 4712 gere,
487 4640 706 4693 malum
736 4642 822 4693 est
845 4641 1004 4708 (Hist.
1048 4643 1222 4710 Trip.,
1265 4657 1315 4696 c.
1351 4644 1439 4711 22,
1473 4636 1568 4696 Εἰ).
1599 4657 1677 4710 vi,
1705 4659 1772 4698 ea:
1797 4660 1928 4714 apo-

301 4731 446 4802 logia
469 4733 526 4789 S.
554 4732 688 4787 Ath.
706 4748 805 4802 pro
829 4735 968 4803 fuga
992 4732 1134 4804 sua),
1153 4734 1442 4805 persequi,
1458 4736 1640 4790 multo
1659 4735 1928 4792 deterius.

299 4827 398 4882 Hic
419 4827 649 4898 quidem
661 4843 733 4880 ne
747 4825 1030 4882 moriatur
1051 4827 1424 4882 absconditur
1445 4845 1458 4896 ;
1492 4829 1582 4884 hic
1600 4833 1793 4884 autem
1811 4848 1934 4902 per-

300 4921 560 4992 sequitur
582 4925 647 4975 ut
667 4920 916 4987 occidat;
950 4923 1008 4975 et
1033 4924 1095 4974 ut
1115 4920 1391 4992 fugiatur,
1419 4923 1776 4995 praecipitur:
1797 4925 1934 4996 quia

303 5016 400 5086 qui
429 5015 635 5085 quaerit
661 5014 921 5070 occidere
961 5014 1366 5086 praevaricatur
1403 5015 1616 5088 legem,
1649 5021 1706 5072 et
1745 5019 1934 5089 magis

300 5107 566 5178 fugiendi
591 5108 812 5179 praebet
827 5108 1204 5164 occasionem.
1226 5108 1284 5164 Si
1308 5109 1508 5180 fugam
1537 5109 1935 5183 improperant

298 5206 728 5275 persequentes,
743 5203 1086 5257 erubescant
1103 5203 1292 5274 potius
1325 5203 1686 5276 semetipsos,
1702 5208 1760 5260 et
1778 5205 1935 5277 quie-

301 5300 466 5351 scant
477 5293 749 5360 insidiari,
765 5300 822 5350 et
833 5295 1130 5366 quiescent
1141 5297 1415 5352 continuo
1429 5298 1734 5370 fugientes.
1749 5300 1931 5356 Nemo

300 5391 458 5448 enim
487 5389 693 5444 mitem
725 5389 873 5460 fugit
891 5390 1220 5462 aliquando,
1243 5391 1344 5446 sed
1371 5391 1559 5463 magis
1586 5392 1840 5448 ferocem
1866 5393 1934 5448 si-

297 5486 418 5540 mul
440 5487 496 5539 et
511 5482 803 5538 callidum.
823 5483 1022 5538 Omnis
1043 5484 1198 5538 enim
1220 5483 1318 5555 qui
1337 5486 1928 5557 gemebatetvexaba-

295 5583 394 5635 tur
411 5595 445 5634 a
466 5579 621 5646 Saul,
652 5576 909 5648 fugiebat
923 5577 1258 5632 etveniebat
1279 5578 1352 5633 ad
1373 5579 1549 5634 David
1571 5580 1754 5652 (IReg.
1775 5585 1926 5652 XXII).

297 5673 356 5728 Si
384 5689 521 5744 ergo
541 5671 832 5742 piissimus
851 5673 1024 5741 atque
1043 5669 1394 5740 justissimus
1406 5673 1584 5730 David
1605 5675 1776 5732 sciret
1801 5692 1932 5748 pec-

298 5769 493 5818 catum
520 5780 662 5831 esse,
687 5763 1145 5834 persecutionem
1166 5763 1476 5834 fugientes,
1499 5769 1558 5821 et
1573 5771 1932 5826 transeuntes

371 5890 396 5922 ⁸
445 5882 560 5936 Huc
603 5896 782 5954 usque
839 5883 964 5939 Bar.
1017 5888 1075 5938 et
1123 5882 1336 5952 Binius,
1373 5899 1502 5955 quae
1537 5887 1659 5960 jam
1709 5890 1929 5945 sublata

2041 1919 2366 1974 cessitatem
2392 1919 2762 1992 patientibus,
2791 1921 2979 1993 ipsum
2999 1921 3289 1977 Christum
3313 1927 3552 1993 negant,
3577 1923 3675 1994 qui

2041 2016 2127 2066 est
2145 2011 2559 2081 misericordia,
2575 2018 2634 2068 et
2648 2015 2878 2083 veritas,
2894 2018 2952 2069 et
2968 2014 3240 2070 omnibus
3265 2016 3671 2071 necessitatem

2039 2105 2389 2177 patientibus
2411 2107 2710 2162 subvenire
2726 2107 2911 2178 jubet.
2937 2109 3127 2178 Pauca
3147 2111 3298 2176 sunt,
3321 2108 3522 2175 frater,
3545 2125 3674 2180 qua:

2039 2199 2286 2267 asserui;
2311 2199 2412 2254 sed
2433 2205 2651 2271 quanta
2668 2218 2735 2255 ex
2761 2201 2849 2255 his
2865 2201 3177 2272 pendeant,
3196 2205 3296 2256 tua
3313 2201 3678 2273 providentia

2038 2294 2253 2364 poteris
2281 2294 2586 2348 aestimare.
2615 2293 2804 2358 Quare
2831 2295 2980 2350 hanc
3015 2294 3358 2350 annituntur
3401 2295 3676 2352 malevoli

2039 2386 2363 2459 irrumpere
2384 2387 2840 2442 misericordiam
2878 2388 3176 2460 (Ennodius
3200 2391 3260 2443 in
3283 2389 3540 2460 apologia
3570 2406 3677 2461 pro

2036 2481 2352 2549 Symmacho
2382 2479 2997 2552 papa)?Curilludere
3040 2481 3200 2536 vanis
3251 2481 3679 2537 intentionibus

2038 2573 2372 2628 felicitatem
2393 2573 2422 2628 ?
2448 2574 2882 2629 Excusationem
2892 2574 3017 2646 jam
3038 2591 3158 2630 non
3178 2575 3354 2630 habet
3378 2575 3543 2631 furor
3563 2577 3675 2630 iste

2038 2667 2096 2720 in
2111 2667 2476 2722 credentibus
2491 2685 2503 2734 ;
2519 2685 2624 2722 nec
2637 2667 2875 2723 interest
2887 2668 3092 2740 quibus
3103 2667 3401 2724 itineribus
3419 2668 3494 2724 ad
3508 2686 3680 2724 mun-

2039 2760 2094 2816 di
2122 2760 2443 2832 principem
2469 2767 2678 2830 currat,
2694 2762 2842 2833 quia
2863 2761 3265 2818 benevolentia
3280 2763 3526 2818 fratrum
3549 2763 3680 2818 des-

2037 2854 2213 2923 ciscit,
2247 2859 2348 2910 aut
2389 2855 2790 2910 necessitatem
2819 2855 3170 2927 patientibus
3203 2856 3674 2912 misericordiam

2037 2950 2230 3018 negat.
2260 2948 2444 3018 Negat
2469 2947 2924 3004 misericordiam
2947 2949 3352 3004 necessitatem
3393 2949 3676 3022 patienti-

2035 3041 2159 3109 bus,
2175 3040 2272 3112 qui
2287 3042 2514 3113 populis
2531 3041 2924 3114 indigentibus
2938 3042 3142 3098 divinis
3155 3043 3462 3116 mysteriis,
3477 3047 3538 3098 et
3553 3061 3678 3100 non

2034 3134 2382 3190 habentibus
2423 3135 2724 3207 proprium
2773 3135 3105 3208 episcopum
3143 3136 3242 3208 qui
3269 3154 3368 3192 eos
3398 3138 3676 3206 instruat,

2035 3244 2205 3282 causa
2235 3228 2496 3283 utilitatis
2518 3231 2689 3300 atque
2711 3229 3086 3298 necessitatis,
3111 3246 3178 3284 ex
3198 3229 3312 3285 alia
3332 3231 3563 3286 civitate
3586 3232 3679 3302 (li~

2035 3325 2122 3378 cet
2141 3321 2336 3376 minor
2356 3321 2446 3394 sit)
2468 3323 2527 3377 in
2550 3339 2678 3378 eam
2696 3339 2806 3395 que
2828 3339 2946 3378 non
2967 3323 3144 3379 habet
3161 3325 3520 3396 episcopum,
3540 3324 3678 3381 doc-

2033 3415 2242 3471 tiorem
2262 3417 2350 3470 vel
2386 3416 2702 3488 utiliorum,
2739 3416 2967 3473 meliori
3013 3417 3271 3487 consilio,
3302 3435 3422 3474 non
3459 3423 3674 3491 sponte

2033 3513 2453 3579 transeuntem,
2474 3510 2574 3566 sed
2585 3510 2875 3582 majorum
2894 3511 3290 3566 exhortatione
3303 3516 3556 3580 mutare,
3572 3517 3678 3568 aut

2035 3603 2366 3675 episcopum
2380 3604 2628 3676 ejectum
2643 3607 2697 3658 et
2708 3605 3170 3676 persecutionem
3189 3605 3680 3678 patientem,cau~

2034 3713 2096 3751 sa
2117 3697 2376 3752 utilitatis
2397 3701 2496 3752 aut
2515 3698 2869 3753 necessitatis
2889 3699 3266 3755 inthronizari
3287 3717 3407 3756 non
3429 3701 3673 3772 permit-

2034 3789 2119 3845 tit.
2143 3790 2308 3862 Apud
2329 3795 2548 3847 veteres
2574 3791 2732 3848 enim
2763 3795 2920 3862 (Hist.
2950 3796 3122 3864 Trip”
3141 3810 3259 3865 cap.
3281 3795 3336 3862 8,
3360 3794 3460 3849 lib.
3485 3810 3584 3862 xu,
3606 3811 3680 3850 ea:

2031 3886 2248 3941 Socrate
2275 3887 2413 3958 lib.),
2437 3886 2560 3941 sine
2589 3887 2705 3941 ulla
2733 3885 3058 3942 differentia
3083 3887 3155 3942 de
3185 3904 3300 3942 una
3327 3888 3561 3942 civitate
3595 3887 3680 3943 ad

2033 3979 2276 4034 alteram
2297 3978 2588 4050 migrabat
2607 3980 2926 4052 episcopus,
2951 3981 3090 4036 dum
3107 3981 3318 4036 utilitas
3345 3985 3448 4036 aut
3473 3998 3683 4037 neces-

2033 4070 2168 4126 sitas
2193 4075 2478 4130 evocaret.
2491 4073 2850 4146 Quapropter
2859 4073 3044 4147 ipsam
3057 4075 3233 4130 etiam
3246 4076 3518 4148 regulam
3534 4075 3679 4131 huic

2033 4165 2290 4236 epistolae
2317 4167 2532 4239 placuit
2555 4167 2751 4237 inseri,
2784 4172 2847 4223 ut
2883 4171 3236 4224 monstretur
3263 4185 3364 4225 eos
3390 4171 3681 4226 mentitos

2031 4274 2174 4327 esse,
2192 4259 2289 4332 qui
2311 4260 2646 4333 episcopum
2657 4278 2773 4318 non
2785 4278 2952 4334 posse
2972 4263 3350 4320 inthronizari
3373 4263 3675 4320 dixerunt.

2034 4353 2194 4409 Unde
2215 4357 2272 4410 et
2296 4354 2356 4410 in
2375 4355 2691 4411 canonibus
2719 4356 2933 4428 legitur
2951 4356 3033 4412 ita
3063 4358 3181 4429 (vn,
3205 4374 3254 4413 c.
3282 4360 3335 4426 6,
3361 4357 3680 4414 Antiochea

2031 4463 2176 4504 conc.
2203 4465 2325 4505 can.
2358 4449 2442 4522 18)
2471 4469 2487 4505 :
2531 4452 2592 4507 Si
2616 4453 2736 4521 quis
2761 4453 3035 4523 episcopus
3067 4452 3376 4516 ordinatus,
3404 4453 3484 4508 ad
3504 4469 3682 4524 pam-

2030 4543 2208 4598 chiam
2251 4546 2310 4598 in
2335 4559 2444 4614 qua
2471 4544 2754 4600 ordinatus
2780 4550 2876 4609 est,
2907 4547 3122 4602 minime
3142 4547 3531 4617 proﬁciscitur,
3561 4563 3678 4603 non

2029 4652 2130 4692 sua
2147 4638 2330 4708 culpa,
2359 4638 2453 4693 sed
2475 4643 2573 4693 aut
2590 4640 2793 4710 populo
2813 4645 3110 4710 respuente,
3136 4645 3236 4695 aut
3245 4645 3478 4712 propter
3495 4642 3680 4697 aliam

2032 4732 2325 4801 quamlibet
2349 4747 2567 4788 causam
2589 4735 2900 4789 necessitate
2924 4735 3156 4802 factam,
3182 4734 3323 4789 hunc
3347 4735 3550 4791 honore
3571 4738 3682 4791 mi-

2031 4829 2353 4897 nisterioque
2373 4828 2728 4898 participare,
2754 4843 2848 4882 nec
2875 4831 3052 4884 tamen
3081 4830 3293 4884 misceri
3315 4831 3477 4885 rebus
3503 4833 3677 4887 eccle—

2031 4922 2144 4983 siae,
2173 4921 2230 4974 in
2271 4936 2381 4990 qua
2423 4921 2668 4976 collectas
2714 4921 2964 4986 celebrat,
3003 4922 3098 4977 sed
3147 4926 3415 4978 sustinere
3457 4940 3680 4996 quoque

2033 5014 2176 5085 quod
2217 5017 2510 5084 provincia
2531 5015 2768 5084 synodus
2792 5031 2887 5072 suo
2898 5016 3108 5086 judicio
3137 5020 3534 5082 terminaverit,
3573 5019 3680 5074 deo

2032 5111 2312 5163 cernimus.
2341 5108 2482 5163 Huic
2507 5109 2724 5180 regula:
2772 5109 3166 5164 contradicere
3218 5111 3412 5166 nullus
3457 5116 3683 5184 potest,

2034 5218 2162 5272 qua
2194 5201 2370 5256 etiam
2399 5219 2568 5258 causa
2597 5203 2856 5258 utilitatis
2875 5207 2976 5258 aut
2995 5205 3349 5260 necessitatis
3373 5206 3682 5262 inthroni-

2033 5295 2146 5350 zari
2167 5295 2498 5368 episcopum
2525 5296 2711 5367 jubet,
2744 5300 2802 5351 et
2825 5297 3037 5354 mutari
3066 5315 3132 5354 ac
3160 5299 3408 5354 transire
3423 5317 3561 5355 eum
3599 5300 3685 5356 de

2031 5389 2255 5445 civitate
2281 5389 2355 5445 ad
2377 5389 2548 5445 aliam
2565 5390 2858 5446 civitatem
2871 5409 2988 5448 non
3013 5393 3313 5464 proprium
3341 5393 3682 5450 habentem

2032 5485 2362 5557 episcopum
2394 5484 2546 5540 sinit.
2593 5485 2840 5557 Pingues
2866 5487 3080 5542 hostias
3116 5487 3243 5542 litat
3272 5487 3508 5543 diabolo
3537 5492 3685 5545 (En-

2029 5580 2222 5634 nodius
2235 5579 2356 5649 jam
2379 5578 2616 5647 citatus),
2647 5580 2744 5651 qui
2773 5580 2861 5635 his
2884 5581 3151 5636 resistere
3173 5580 3397 5649 nititur,
3425 5587 3530 5658 aut
3551 5583 3686 5638 mi-

2031 5672 2400 5728 sericordiam
2413 5678 2472 5728 et
2493 5673 2803 5728 utilitatem
2829 5663 3092 5730 Ecclesiae
3111 5675 3238 5747 jam
3265 5675 3436 5731 dictis
3463 5682 3692 5748 negat,

2028 5765 2089 5822 id
2109 5770 2214 5835 est,
2238 5770 2297 5822 et
2321 5767 2602 5840 episcopis
2621 5770 2681 5823 et
2705 5767 2950 5840 populis.
2983 5770 3045 5825 In
3060 5783 3274 5826 vanum
3294 5785 3435 5844 ergo
3464 5773 3700 5833 contra

2029 5889 2264 5952 fuerunt
2281 5889 2341 5944 in
2363 5888 2498 5945 edit.
2527 5889 2707 5966 regia.
