4058 6190
287 363 386 429 753

1783 337 2134 437 Aprmmx.

3543 366 3646 434 7st

287 476 589 554 simplices,
606 479 706 556 qui
719 478 843 540 haec
859 483 998 542 olim
1013 481 1262 543 dicentes
1281 500 1452 560 agere
1471 485 1915 560 prohibuerunt,
1937 500 1998 575 Α
2017 490 2158 546 riter
2177 487 2404 546 titulare
2430 493 2488 545 et
2515 487 2800 557 ordinare,
2828 488 2906 544 ita
2931 488 3016 559 (ut
3038 481 3373 560 praedictum
3393 485 3496 559 est)
3521 503 3649 544 cau-

286 576 568 632 tendicula
593 577 855 651 deinceps
879 580 1178 652 parabunt,
1209 597 1340 637 cum
1367 583 1456 638 his
1483 585 1541 638 et
1565 581 1690 637 aliis
1713 584 1916 640 armati

287 671 666 740 adminiculis,
699 674 961 730 noverint
993 675 1131 748 quid
1175 693 1346 748 super
1386 676 1476 732 his
1509 677 1582 733 sit
1605 678 1916 750 agendum,

281 767 342 820 et
365 764 504 836 quid
526 765 840 822 vitandum.
862 768 1040 823 Nimis
1066 769 1220 825 enim
1247 775 1498 826 armatus
1516 773 1601 827 est
1625 771 1790 843 (Idem
1811 775 1917 828 En-

283 859 504 921 nodius,
531 860 689 931 ibid.)
707 859 805 933 qui
825 861 942 928 illa,
968 879 1096 934 qum
1121 863 1470 920 adversarius
1492 865 1913 936 misericordiae,

279 951 540 1007 utilitatis
565 957 735 1024 atque
763 955 1074 1012 concordia:
1091 956 1394 1028 ministrat,
1424 958 1535 1013 tela
1579 959 1912 1015 contemnit.

281 1044 504 1102 Sufﬁcit
557 1062 694 1118 ergo
737 1053 932 1104 contra
973 1049 1166 1105 omnia
1205 1050 1394 1121 jacula
1425 1051 1750 1123 jurgiorum
1784 1051 1915 1108 ﬁdei

278 1139 439 1195 nuda
465 1141 757 1211 oppositio.
789 1141 914 1197 Scio
944 1145 1000 1198 te
1029 1159 1143 1198 non
1165 1143 1446 1215 ignorare,
1477 1145 1668 1216 frater,
1693 1162 1912 1201 memo-

276 1234 431 1288 ratas
449 1249 728 1290 canonum
753 1235 1058 1292 sententias
1083 1241 1252 1309 atque
1283 1239 1632 1311 evangelicas
1669 1239 1913 1295 sanctio-

275 1343 402 1396 nes,
433 1343 602 1383 novas
633 1345 747 1384 non
763 1345 917 1412 Iesse,
949 1331 1048 1385 sed
1076 1335 1277 1387 nostro‘
1296 1348 1390 1388 eas
1418 1333 1672 1388 assensui
1709 1333 1916 1390 manci-

279 1421 426 1494 pari.
449 1423 562 1477 Cur
587 1423 676 1478 his
695 1423 1161 1492 contradicentes,
1191 1430 1248 1481 et
1267 1426 1673 1498 emigrationes
1697 1428 1910 1500 episco-

279 1533 492 1588 porum
519 1516 772 1572 utilitatis
785 1518 1193 1573 etnecessitatis
1203 1535 1369 1574 causa
1382 1520 1505 1576 ﬁeri
1523 1521 1912 1592 prohibentes,

276 1615 345 1665 ut
367 1625 520 1682 saepe
553 1610 768 1666 dictum
797 1615 899 1680 est,
938 1615 996 1667 et
1033 1612 1284 1668 avaritiae
1330 1617 1429 1669 aut
1463 1614 1812 1683 temeritatis,
1854 1615 1914 1670 in

274 1703 596 1776 perniciem
635 1705 988 1760 sacerdotum
1009 1722 1072 1761 ac
1099 1707 1460 1778 populorum,
1491 1707 1706 1763 laedunt
1729 1724 1912 1764 sacer-

276 1797 466 1853 dotale
499 1788 842 1854 consilidm?
868 1799 981 1854 Cur
1005 1800 1250 1856 lacerant
1278 1801 1636 1872 sententiam,
1681 1801 1740 1856 in
1776 1819 1910 1874 qua,

2017 601 2139 639 sam
2166 583 2515 640 necessitatis
2537 588 2638 638 aut
2657 583 2911 640 utilitatis
2937 583 3108 638 habes
3133 587 3188 638 et
3215 587 3458 652 mutare,
3491 597 3555 636 ac
3575 581 3648 640 de

2015 678 2184 735 titulo
2227 679 2299 734 ad
2330 678 2560 733 titulum
2607 677 2937 732 translatare
2982 675 3326 748 [transferre,
3358 678 3439 731 ita
3480 681 3532 732 et
3583 675 3642 732 Ο.

2015 771 2202 846 Just.],
2231 771 2364 828 licet
2389 771 2459 828 de
2487 771 2697 826 minori
2721 771 2792 826 ad
2817 770 3090 841 majorem
3109 769 3314 824 urbem
3338 770 3648 826 mutandus

2017 867 2106 922 sit.
2128 867 2240 921 Hoc
2253 871 2444 922 tamen
2455 881 2816 936 summopere
2827 864 3255 936 praevidendum
3271 866 3375 933 est,
3393 880 3465 918 ne
3477 880 3648 919 causa

2015 961 2356 1033 arrogantiae
2371 963 2470 1016 aut
2491 959 2740 1014 avaritiae
2767 973 3022 1030 unquam
3047 957 3174 1013 ﬁat:
3193 957 3325 1028 quia
3349 957 3410 1011 hi
3437 973 3470 1011 a
3494 974 3646 1028 prae-

2015 1055 2178 1110 dictis
2218 1053 2528 1108 canonibus
2553 1053 2915 1120 damnantur,
2945 1067 3060 1106 non
3085 1051 3166 1106 illi
3191 1051 3288 1122 qui
3318 1051 3648 1107 necessitate

2013 1152 2111 1202 aut
2133 1147 2394 1216 utilitate,
2417 1147 2700 1217 majorum
2723 1145 2976 1211 consilio,
3023 1149 3088 1199 et‘
3123 1161 3256 1198 sana
3292 1161 3356 1200 ac
3393 1161 3557 1215 pura,
3591 1146 3650 1199 et

2014 1242 2127 1296 Deo
2146 1240 2350 1314 placita
2378 1239 2692 1295 intentione
2717 1240 2824 1294 hoc
2852 1238 3083 1294 faciunt.
3111 1239 3212 1307 Tu,
3257 1237 3452 1306 frater,
3493 1253 3644 1293 sem-

2012 1351 2120 1408 per
2161 1339 2364 1390 sectare
2401 1335 2705 1404 justitiam,
2739 1335 3020 1402 pietatem,
3059 1333 3249 1402 ﬁdem,
3304 1333 3646 1395 charitatem,

2007 1431 2334 1500 patientiam
2358 1432 2409 1483 et
2430 1427 2904 1483 mansuetudinem
2931 1426 2980 1496 (I
3012 1428 3146 1480 Tim.
3171 1424 3266 1496 v1).
3303 1427 3458 1482 Certa
3482 1427 3647 1480 etiam

2016 1523 2212 1578 bonum
2239 1526 2507 1576 certamen
2533 1521 2682 1591 ﬁdei,
2715 1525 2764 1576 et
2777 1520 3120 1591 apprehende
3155 1520 3326 1574 vitam
3367 1523 3648 1581 aeternam,

2011 1618 2074 1672 in
2103 1631 2212 1686 qua
2235 1619 2454 1670 uocatus
2483 1630 2538 1670 es
2570 1635 2588 1670 :
2621 1614 2934 1686 quoniam'I
2957 1615 3184 1685 spiritus
3211 1613 3512 1667 timentium
3539 1614 3650 1666 Do-

2011 1711 2236 1772 minum,
2260 1710 2525 1778 queritur
2549 1708 2619 1762 ab
2657 1708 2772 1771 illo,
2801 1711 2854 1762 et
2873 1709 2934 1762 in
2975 1710 3221 1776 respectu
3251 1706 3404 1760 illius
3443 1705 3654 1763 benedi-

2012 1806 2172 1858 citur.
2203 1801 2333 1872 Spes
2359 1803 2502 1856 enim
2529 1791 2748 1855 illoriim
2791 1802 2851 1854 in
2897 1800 3199 1854 salvantem
3239 1801 3384 1862 illos,
3425 1803 3477 1853 et
3511 1799 3654 1853 oculi

271 1890 594 1963 inspirante
617 1891 858 1966 Christo,
885 1893 1109 1948 oracula
1132 1909 1380 1966 superna
1402 1897 1730 1966 patuerunt,
1760 1871 1915 1950 etin-
1932 1871 1990 1944 B
2012 1899 2108 1952 Dei
2138 1897 2197 1950 in
2222 1871 2508 1963 diligentes
2532 1909 2606 1949 se.
2640 1894 2746 1960 Qui
2775 1895 2925 1948 timet
2964 1895 3271 1956 Dominum,
3307 1893 3448 1946 nihil
3480 1893 3648 1960 trepi-

271 1990 368 2042 ter
389 1987 564 2041 Deum
593 1991 650 2042 et
670 1985 929 2041 homines
951 1986 1232 2059 interpres
1270 1987 1484 2043 exstitit
1531 1987 1726 2060 lingua
1763 2005 1911 2060 pon-

272 2077 497 2135 tiﬁcum
516 2080 544 2134 ‘l
578 2079 674 2135 llla
697 2079 850 2136 enim
876 2079 998 2135 coeli
1023 2079 1180 2136 curia
1196 2081 1480 2136 variarum
1497 2081 1724 2137 dotibus
1751 2086 1915 2137 aucta

273 2173 588 2242 curulium,
619 2177 678 2228 et
703 2173 886 2229 multo
921 2175 1314 2246 Redemptoris
1353 2175 1531 2230 nostri
1563 2191 1700 2230 auro
1728 2179 1912 2231 ostro-

273 2282 388 2340 que
417 2267 697 2335 decorata,
729 2267 874 2323 nihil
903 2267 963 2322 in
987 2267 1082 2322 illa
1115 2267 1394 2324 decisione
1427 2273 1656 2325 auctore
1686 2285 1745 2325 se
1776 2285 1910 2340 pro-

272 2360 428 2429 tulit,
469 2361 568 2416 sed
602 2376 706 2432 per
741 2361 1010 2416 humanae
1043 2361 1258 2434 linguze
1298 2362 1681 2418 ministerium
1725 2363 1914 2418 divino

273 2453 541 2510 militavit
566 2453 823 2525 imperio.
850 2455 1132 2510 lntellexit
1147 2471 1261 2510 non
1282 2471 1400 2511 esse
1417 2472 1606 2524 suum,
1635 2456 1912 2529 quidquid

273 2547 528 2620 impulsa
567 2547 886 2617 constituit;
919 2547 1066 2603 nihil
1085 2564 1312 2621 quoque
1337 2549 1510 2606 habet
1538 2550 1602 2606 in
1643 2549 1738 2606 illa
1778 2566 1909 2606 sen-

273 2639 477 2708 tentia,
511 2637 622 2692 nisi
663 2637 816 2692 unde
843 2637 914 2692 de
943 2638 1057 2692 sola
1082 2637 1380 2693 devotione
1408 2639 1741 2710 gratuletur.
1772 2641 1912 2695 Nam

273 2733 419 2788 dum
443 2731 696 2804 profanis
720 2735 1168 2787 memoratarum
1190 2731 1376 2786 verbis
1399 2732 1666 2802 creditur,
1696 2738 1753 2788 et
1793 2749 1912 2788 suae

272 2825 520 2882 vesaniae
545 2824 825 2881 inscitiam
850 2825 1118 2897 produnt,
1146 2829 1203 2882 et
1225 2825 1480 2880 livorem.
1520 2825 1654 2890 Quis
1689 2825 1784 2882 hic
1824 2826 1909 2880 lo-

271 2937 374 2976 cus
400 2919 628 2990 erroris,
657 2919 754 2974 ubi
793 2918 1168 2990 congruentia
1203 2919 1326 2990 pari
1355 2919 1526 2974 ductu
1564 2921 1810 2992 exempli
1855 2923 1913 2976 et

271 3013 534 3070 histories
557 3013 730 3069 verba
755 3017 1099 3069 concurrunt
1114 3013 1142 3068 ?
1161 3014 1272 3068 Nec
1297 3013 1583 3068 diversum
1607 3018 1690 3068 est
1711 3013 1782 3068 ab
1815 3014 1907 3068 in-

270 3108 504 3163 tellectu
522 3107 796 3162 catholico
818 3111 876 3163 et
895 3106 1250 3176 lectionibus,
1272 3107 1425 3178 quod
1449 3107 1753 3178 profertur.
1769 3108 1910 3162 Nam

266 3216 391 3256 non
413 3201 562 3256 bene
588 3200 771 3255 nodus
802 3201 864 3255 in
911 3199 1093 3270 scirpo
1146 3199 1440 3272 quaeritur,
1489 3201 1628 3256 dum
1675 3201 1911 3256 involvit

268 3293 486 3350 nebula
511 3293 832 3364 praedicata;
856 3293 998 3348 lucis
1021 3297 1298 3349 auctores.
1323 3293 1489 3350 Fceda
1507 3311 1733 3366 quoque
1762 3275 1906 3349 a’ni-

2015 1990 2186 2052 dabit,
2215 1993 2268 2044 et
2287 2004 2395 2043 non
2413 1988 2654 2058 pavebit,
2677 1989 2934 2056 quoniam
2961 1989 3074 2056 ipse
3091 1991 3188 2061 est
3221 2001 3340 2056 spes
3365 1985 3504 2054 ejus.
3555 1986 3649 2040 Ti-

2012 2085 2203 2138 mentis
2229 2084 2513 2138 Dominum
2552 2081 2709 2136 beata
2745 2084 2822 2135 est
2866 2081 3074 2143 anima,
3109 2080 3184 2134 ad
3218 2095 3373 2148 quem
3407 2079 3648 2148 respicit,

2013 2181 2064 2231 et
2087 2177 2209 2246 quis
2227 2181 2307 2231 est
2328 2174 2596 2244 fortitudo
2617 2173 2732 2242 ejus
2752 2176 2780 2228 ?
2804 2174 2960 2230 Oculi
2977 2175 3192 2228 Domini
3213 2187 3377 2241 super
3403 2174 3650 2226 timentes

2011 2285 2166 2325 eum:
2185 2273 2459 2340 protector
2467 2269 2739 2339 potentia,
2772 2270 3168 2337 ﬁrmamentum
3185 2267 3428 2345 pirtutis,
3443 2270 3652 2336 tegmen

2011 2363 2248 2426 ardoris,
2286 2367 2338 2418 et
2378 2362 2756 2417 umbraculum
2785 2361 3096 2424 meridiani,
3128 2364 3180 2414 et
3211 2359 3530 2430 praedicatio
3559 2361 3645 2426 of-

2009 2458 2293 2525 fensionis,
2339 2460 2390 2510 et
2427 2455 2767 2524 adjutorium
2805 2467 2984 2514 casus,
3017 2453 3268 2508 exultans
3301 2453 3561 2514 animam,
3599 2454 3652 2506 et

2009 2551 2330 2604 illuminans
2356 2549 2552 2615 oculos,
2595 2548 2736 2602 dans
2761 2549 3076 2610 sanitatem,
3107 2549 3158 2601 et
3193 2547 3384 2608 vitam,
3412 2551 3463 2600 et
3493 2545 3646 2600 bene-

2012 2644 2314 2698 dictionem.
2327 2643 2665 2697 Immolantis
2691 2657 2758 2695 ea:
2788 2643 2978 2710 iniquo
3007 2641 3208 2695 oblatio
3233 2643 3312 2694 est
3350 2639 3648 2702 maculata,

2010 2741 2062 2792 et
2102 2753 2209 2790 non
2240 2740 2368 2795 sunt
2407 2736 2752 2804 beneplacitae
2795 2735 3247 2789 subsannationes
3301 2732 3647 2800 injustorum,

2007 2832 2265 2885 Dominus
2290 2829 2436 2884 solus
2461 2829 2853 2884 sustinentibus
2877 2842 2932 2882 se
2957 2829 3018 2881 in
3057 2828 3174 2880 vita
3204 2827 3450 2880 veritatis
3483 2830 3534 2880 et
3558 2825 3651 2894 ju-

2008 2925 2190 2978 stitiaa.
2232 2926 2384 2978 Dona
2425 2923 2740 2992 iniquorum
2783 2937 2892 2975 non
2932 2919 3132 2990 probat
3181 2919 3518 2981 Altissimus,
3553 2933 3648 2973 nec

2007 3017 2229 3086 respicit
2254 3017 2316 3070 in
2342 3015 2704 3070 oblationibus
2727 3014 3072 3083 injustorum,
3102 3027 3197 3067 nec
3210 3015 3269 3066 in
3293 3011 3648 3066 multitudine

2007 3112 2396 3181 sacriﬁciorum
2421 3125 2602 3164 eorum
2631 3108 3025 3178 propitiabitur
3055 3108 3311 3176 peccatis.
3355 3105 3459 3171 Qui
3492 3105 3651 3175 oﬂ’ert

2007 3206 2330 3274 sacriﬁcium
2344 3219 2412 3258 ea:
2427 3203 2739 3258 substantia
2752 3185 3082 3272 pauperum,
3106 3202 3268 3270 quasi
3282 3201 3380 3270 qui
3403 3201 3647 3254 victimat

2007 3300 2182 3370 filium
2196 3300 2256 3352 in
2274 3301 2558 3367 conspectu
2565 3297 2748 3366 patris
2766 3297 2872 3348 sui.
2900 3295 3068 3348 Panis
3084 3295 3354 3360 egentium
3373 3295 3488 3347 vita
3501 3307 3645 3361 pau-

264 3389 401 3443 tore
427 3386 654 3442 Domini
677 3388 765 3441 sui
787 3385 1128 3457 obligatione
1171 3385 1510 3456 dissolvitur,
1555 3387 1654 3460 qui
1683 3387 1910 3442 statutis
2002 3407 2198 3462 perum
2235 3395 2350 3446 est:
2400 3392 2499 3460 qui
2523 3388 2827 3456 defraudat
2851 3387 3028 3450 illum,
3051 3387 3202 3440 homo
3219 3387 3504 3454 sanguinis
3530 3389 3609 3439 est
3623 3403 3644 3450 ;

265 3480 593 3536 celestibus
617 3479 807 3535 minus
823 3495 980 3536 mera
1005 3479 1115 3535 ﬁde
1143 3479 1412 3552 dependit
1447 3481 1651 3536 ofﬁcia.
1692 3481 1910 3536 Talium

265 3589 412 3646 ergo
439 3573 714 3630 dictiones
733 3573 820 3629 vel
844 3571 1252 3646 prohibitiones
1275 3573 1527 3646 indignae
1555 3573 1726 3628 etiam
1764 3575 1913 3630 ﬁunt

267 3672 616 3723 memoratu.
655 3667 938 3723 Profunda
977 3670 1062 3723 est
1101 3682 1236 3738 ergo
1270 3667 1442 3722 nimis
1483 3667 1765 3739 imperitia
1811 3683 1908 3722 eo-

266 3778 430 3830 rum,
460 3766 513 3817 et
535 3761 842 3832 sepulcrum
871 3766 1064 3832 patens
1092 3765 1284 3832 guttur
1312 3777 1514 3824 eorum,
1546 3765 1678 3832 quia
1711 3763 1911 3830 linguis

265 3858 392 3913 suis
420 3855 598 3911 dolose
625 3859 796 3924 agunt
821 3854 982 3926 (Psal.
1020 3871 1077 3923 v,
1117 3857 1410 3926 interprete
1449 3855 1506 3911 S.
1553 3856 1750 3926 Hier.).
1784 3856 1909 3911 Non

265 3955 362 4006 est
386 3949 542 4004 enim
567 3948 628 4004 in
653 3964 750 4004 ore
778 3965 976 4005 eorum
1001 3953 1242 4016 rectum,
1273 3948 1547 4004 interiora
1569 3965 1768 4004 eorum
1819 3949 1906 4004 in-
1953 3980 1960 3986 ›

267 4043 458 4111 sidim,
491 4042 677 4098 densis
703 4059 799 4098 cor
834 4058 1032 4098 eorum
1067 4041 1334 4114 vepribus
1377 4041 1681 4098 suffocatur
1709 4043 1911 4114 (Verba

267 4142 406 4193 sunt
428 4137 665 4206 ejusdem
688 4129 964 4208 Ennbdii),
993 4141 1051 4191 et
1097 4136 1326 4192 interna
1364 4135 1499 4192 vitia
1533 4137 1658 4191 aliis
1695 4140 1912 4192 certant

268 4230 577 4286 ascribere.
604 4229 960 4286 Nobilitatem
989 4245 1125 4302 ergo
1174 4229 1270 4284 dat
1310 4229 1670 4297 facinoribus,
1711 4230 1810 4301 qui
1849 4231 1908 4284 in

267 4323 485 4381 talibus
503 4323 927 4380 ventilationem
954 4323 1210 4394 ipsorum
1240 4323 1302 4377 in
1349 4323 1676 4395 exemplum
1715 4323 1908 4393 sumit,

269 4421 378 4473 aut
416 4417 488 4471 ad
526 4432 691 4472 aures
735 4421 988 4488 posteras
1029 4417 1201 4488 digna
1245 4416 1521 4472 relatione
1561 4415 1908 4472 transmittit.

271 4510 399 4566 Tibi
426 4513 621 4566 autem
647 4526 762 4565 non
782 4509 856 4564 sit
883 4526 1020 4565 cura
1042 4509 1242 4564 talium
1269 4509 1669 4581 quaestionum,
1697 4509 1796 4564 sed
1822 4526 1910 4565 se-

2010 3487 2106 3555 qui
2143 3487 2325 3552 aufert
2352 3485 2413 3538 in
2453 3483 2647 3538 sudore
2685 3497 2907 3551 panem,
2947 3484 2999 3534 et
3034 3479 3261 3534 sudanti
3295 3479 3456 3540 cibos,
3485 3479 3648 3547 quasi

2009 3581 2106 3649 qui
2129 3577 2322 3632 occidit
2337 3577 2652 3647 proximum
2677 3590 2854 3628 suum.
2887 3573 2992 3640 Qui
3031 3572 3266 3642 effundit
3300 3573 3643 3639 sanguinem,

2009 3675 2060 3727 et
2083 3674 2180 3742 qui
2206 3671 2344 3738 facit
2381 3667 2638 3736 fraudem
2673 3668 3025 3730 mercenario,
3071 3667 3276 3734 fratres
3310 3668 3454 3720 sunt.
3499 3667 3648 3720 Unus

2007 3765 2302 3834 aediﬁcans,
2333 3767 2384 3818 et
2405 3776 2548 3816 unus
2573 3761 2851 3816 destruens
2862 3778 2880 3827 ;
2907 3759 3044 3830 quid
3056 3759 3280 3830 prodest
3298 3759 3410 3814 illis
3426 3759 3536 3814 nisi
3563 3759 3646 3813 la-

2011 3859 2142 3912 bor?
2171 3858 2318 3912 Unus
2341 3871 2525 3918 orans,
2551 3869 2695 3909 unus
2720 3853 3084 3920 maledicens;
3137 3853 3295 3922 cujus
3331 3869 3507 3908 vocem
3551 3869 3649 3908 au-

2010 3952 2122 4007 diet
2148 3954 2287 4007 Deus
2307 3953 2336 4004 ?
2358 3949 2464 4016 Qui
2491 3949 2802 4019 baptizatur
2827 3964 2861 4003 a
2889 3951 3121 4011 mortuo,
3149 3952 3198 4003 et
3243 3949 3440 4002 iterum
3474 3951 3652 4020 tangit

2009 4061 2150 4107 eum,
2183 4044 2316 4115 quid
2338 4045 2555 4114 proﬁcit
2579 4043 2781 4098 lavatio
2796 4043 2969 4112 ipsius
2986 4045 3015 4096 ?
3037 4041 3126 4098 Sic
3150 4043 3301 4097 homo
3318 4044 3414 4112 qui
3430 4041 3650 4112 jejunat

2009 4142 2069 4194 in
2088 4141 2325 4210 peccatis
2348 4139 2483 4204 suis,
2516 4141 2567 4192 et
2593 4138 2789 4192 iterum
2807 4135 2995 4190 eadem
3021 4137 3250 4204 faciens,
3274 4136 3408 4204 quid
3435 4137 3651 4204 proﬁcit

2010 4232 2350 4287 humiliando
2373 4246 2429 4286 se
2448 4233 2477 4284 ?
2497 4229 2802 4286 Orationem
2831 4229 2984 4284 illius
3005 4231 3126 4298 quis
3147 4228 3380 4282 audiet?
3405 4229 3509 4293 Qui
3523 4242 3648 4281 con-

2007 4329 2188 4382 servat
2216 4326 2402 4394 legem,
2422 4324 2750 4393 multiplicat
2775 4325 3089 4377 orationem.
3127 4321 3464 4390 Sacriﬁcium
3493 4321 3648 4375 salu-

2011 4423 2127 4473 tare
2157 4421 2238 4472 est
2265 4417 2542 4471 attendere
2565 4415 2865 4476 mandatis,
2894 4419 2945 4468 et
2969 4413 3242 4468 discedere
3281 4413 3348 4465 ab
3373 4414 3520 4466 omni
3547 4415 3652 4467 ini-

2011 4513 2258 4582 quitate:
2287 4515 2337 4565 et
2353 4510 2701 4580 propitiatio,
2733 4508 2894 4562 litare
2926 4508 3250 4575 sacriﬁcium
3290 4521 3454 4578 super
3497 4507 3649 4575 inju-

273 4619 454 4678 quere
474 4603 816 4659 sententiam
836 4603 984 4659 beati
1009 4603 1165 4658 Pauli
1192 4603 1448 4690 apostoli,
1479 4603 1578 4675 qui
1606 4607 1799 4658 monet
1817 4619 1916 4675 per
1933 4613 1992 4684 D
2015 4607 2223 4670 stitias;
2251 4608 2304 4658 et
2327 4603 2632 4673 deprecatio
2649 4617 2752 4672 pro
2765 4602 3024 4672 peccatis,
3057 4601 3302 4655 recedere
3331 4601 3399 4655 ab
3425 4601 3648 4670 injusti-

271 4697 620 4768 discipulum
647 4701 901 4766 cunctos,
926 4701 984 4751 et
1011 4697 1237 4766 clamat,
1269 4696 1460 4752 dicens
1486 4715 1500 4752 :
1530 4699 1728 4752 Inanes
1759 4713 1912 4767 qua:-

273 4794 478 4848 stiones
518 4791 700 4846 devita
745 4791 794 4857 (Ι
841 4793 978 4846 Tim.
1030 4791 1123 4860 ιν).
1171 4793 1392 4859 lnanes,
1431 4806 1680 4863 namque
1738 4789 1919 4861 (juxta

273 4884 628 4955 Apostolum)
659 4883 1002 4954 quaestiones
1031 4899 1257 4954 semper
1276 4882 1483 4953 devita,
1529 4887 1586 4938 et
1621 4899 1726 4955 age
1767 4883 1919 4955 quod

272 4977 500 5033 meliori
541 4977 793 5047 consilio,
841 4993 956 5032 non
1004 4976 1256 5032 avaritiae
1288 4977 1376 5031 vel
1418 4976 1771 5046 temeritatis,
1821 4977 1920 5032 sed

271 5069 537 5126 utilitatis
573 5076 631 5126 et
655 5070 1002 5126 necessitatis
1031 5070 1115 5140 (ut
1157 5085 1309 5141 saepe
1356 5069 1571 5125 dictum
1614 5070 1716 5141 est)
1756 5087 1920 5126 causa

275 5164 608 5220 faciendum
641 5164 856 5220 utiliter
887 5162 1261 5235 perspexeris.
1297 5163 1666 5236 Quapropter,
1705 5163 1918 5218 charis-

279 5257 449 5325 sime,
474 5257 562 5312 his
588 5257 906 5328 apostolicis
931 5257 1105 5312 fultus
1131 5257 1576 5326 auctoritatibus,
1609 5261 1767 5312 muta
1795 5257 1917 5328 epi-

271 5367 518 5422 sc0pum
551 5366 719 5406 causa
754 5350 1094 5406 necessitatis
1145 5353 1244 5405 aut
1283 5350 1555 5421 utilitatis,
1603 5365 1776 5421 super
1808 5366 1921 5422 quo

279 5444 576 5500 consulere
601 5460 706 5499 nos
729 5443 985 5514 voluisti;
1017 5449 1074 5499 et
1101 5444 1240 5500 alios
1263 5443 1464 5500 fratres
1505 5448 1745 5513 nostros,
1791 5445 1920 5516 qui-

281 5538 392 5594 bus
438 5537 545 5594 hoc
585 5537 912 5594 faciendum
958 5541 1258 5597 necessitas
1292 5545 1392 5596 aut
1439 5537 1646 5594 utilitas
1692 5553 1922 5611 compu-

282 5631 435 5699 lerit,
465 5647 636 5704 agere
665 5632 802 5688 doce
831 5649 845 5687 :
879 5633 1012 5704 quia
1041 5633 1148 5688 hoc
1173 5633 1324 5706 quod
1344 5631 1446 5688 tibi
1466 5631 1568 5686 soli
1601 5630 1916 5702 scribimus,

291 5724 635 5796 generaliter
670 5725 932 5781 omnibus
969 5731 1163 5783 tenere
1202 5726 1560 5782 mandamus.
1599 5725 1741 5791 Quia
1780 5725 1923 5782 sicut

297 5821 628 5888 potestatem
651 5819 930 5875 habemus
952 5820 1239 5894 episcopos
1267 5824 1324 5876 et
1347 5819 1665 5876 sacerdotes
1694 5820 1921 5892 regula-

2015 4701 2124 4753 ria.
2147 4697 2419 4753 Retribuit
2441 4697 2698 4764 gratiam,
2721 4697 2820 4764 qui
2842 4695 3000 4764 offert
3024 4695 3412 4763 similaginem;
3458 4699 3509 4749 et
3558 4696 3656 4764 qui

2014 4793 2152 4860 facit
2175 4789 2622 4852 misericordiam,
2669 4788 2826 4858 offert
2863 4790 3206 4858 sacriﬁcium.
3249 4789 3654 4858 Beneplacitum

2015 4889 2092 4940 est
2118 4885 2338 4940 Domino
2364 4883 2608 4938 recedere
2633 4883 2700 4937 ab
2722 4884 3048 4952 iniquitate;
3071 4886 3123 4936 et
3151 4881 3478 4950 deprecatio,
3509 4895 3652 4934 rece-

2018 4979 2142 5034 dere
2167 4978 2235 5032 ab
2255 4977 2554 5046 injustitia.
2591 4977 2713 5034 Non
2732 4975 3022 5046 apparebis
3051 4979 3178 5030 ante
3205 4978 3542 5044 conspectum
3563 4977 3659 5030 Dei

2016 5088 2239 5128 vacuus.
2276 5074 2403 5127 Haec
2450 5075 2594 5127 enim
2629 5074 2812 5127 omnia
2845 5075 3074 5142 propter
3095 5070 3416 5124 mandatum
3447 5072 3662 5126 Domini

2017 5170 2175 5237 ﬁunt.
2207 5165 2419 5222 Oblatio
2421 5167 2570 5236 justi
2592 5165 2900 5235 impinguat
2925 5165 3122 5227 altare,
3152 5168 3203 5218 et
3225 5164 3360 5220 odor
3371 5167 3662 5220 suavitatis

2021 5265 2098 5315 est
2118 5262 2175 5314 in
2203 5265 2486 5331 conspectu
2505 5261 2798 5314 Altissimi.
2841 5257 3177 5330 Sacriﬁcium
3202 5259 3349 5328 justi
3387 5264 3662 5330 acceptum

2022 5359 2120 5418 est,
2152 5360 2203 5410 et
2230 5356 2541 5410 memoriam
2558 5353 2676 5423 ejus
2704 5368 2812 5406 non
2831 5353 3174 5408 obliuiscetur
3195 5355 3472 5408 Dominus.
3515 5356 3665 5409 Bono

2023 5450 2205 5503 animo
2255 5448 2486 5518 gloriam
2525 5446 2691 5501 redde
2732 5449 2859 5509 Deo,
2905 5451 2957 5501 et
2991 5462 3101 5502 non
3137 5449 3351 5502 minuas
3385 5446 3664 5516 primitias

2021 5545 2247 5610 frugum
2259 5545 2499 5595 tuarum.
2523 5542 2590 5595 In
2612 5541 2761 5596 omni
2778 5540 2906 5595 dato
2923 5543 3019 5610 fac
3037 5541 3268 5596 hilarem
3279 5541 3486 5594 vultum
3505 5541 3660 5591 tuum

2025 5640 2075 5690 et
2099 5637 2158 5689 in
2193 5634 2523 5689 exultatione
2548 5635 2827 5705 sanctiﬁca
2847 5634 3081 5690 decimas
3106 5639 3248 5689 tuas.
3271 5635 3353 5688 Da
3376 5630 3660 5684 Altissimo

2025 5727 2316 5783 secundum
2343 5727 2534 5783 datum
2565 5729 2706 5798 ejus,
2725 5733 2775 5784 et
2794 5731 2853 5783 in
2877 5728 3029 5782 oculo
3065 5727 3198 5780 bono
3231 5723 3664 5778 adinuentionem

2023 5823 2118 5889 fac
2138 5836 2397 5877 manuum
2423 5826 2664 5887 tuarum,
2693 5823 2946 5893 quoniam
2956 5819 3211 5874 Dominus
3233 5814 3532 5872 retribuens
3563 5821 3663 5882 est,

361 5931 386 5962 '
413 5935 569 5992 Hanc
597 5952 667 5996 ex
690 5935 966 6012 capitibus
989 5939 1195 6001 Eccles.
1223 5954 1386 6003 κων
1412 5943 1472 6000 et
1494 5955 1637 6000 xxxv
1665 5937 1930 6000 laciniam
1958 5954 2076 6000 non
2098 5940 2212 6014 legi
2240 5939 2300 5998 in
2325 5941 2464 6000 Cod.
2491 5942 2633 6000 Just.
