4058 6190
354 359 458 413 755

1261 353 1350 408 AD
1386 351 1744 408 EPISTOLAS
1779 351 1864 409 ET
1901 351 2209 411 DECRETA
2245 353 2506 411 PELAGII
2543 353 2736 410 PAPIE
2769 354 2818 410 II

3628 352 3736 406 756

358 467 412 520 et
439 464 635 534 septies
666 467 880 520 tantum
902 460 1092 516 reddet
1118 459 1236 515 tibi.
1258 459 1387 516 Noli
1401 459 1596 530 offerre
1622 475 1851 516 munera
1858 475 1994 532 pra-
2019 471 2080 546 Α
2097 463 2271 534 bitur,
2309 464 2450 520 dum
2472 467 2529 519 et
2554 460 2906 518 abundantia
2953 475 3152 517 eorum
3182 460 3247 516 in
3293 460 3630 531 egestatem,
3679 461 3741 513 et

356 575 460 625 va;
481 573 590 613 non
606 559 748 613 enim
765 557 1024 624 suscipiet
1046 555 1166 608 illa.
1188 555 1259 610 Et
1272 554 1387 608 noli
1396 555 1660 624 inspicere
1673 555 2000 625 sacrificium

359 653 644 721 injustam,
667 651 922 721 quoniam
943 649 1200 704 Dominus
1217 647 1400 716 judex
1414 652 1513 710 est,
1541 651 1592 702 et
1609 662 1718 702 non
1747 651 1826 702 est
1849 647 2000 718 apud

361 747 519 802 illum
543 746 718 814 gloria
741 757 1005 814 personae.
1031 743 1155 799 Non
1178 744 1404 812 accipiet
1429 743 1687 797 Dominus
1709 755 2000 811 personam

358 843 419 895 in
438 853 753 911 pauperem,
778 841 828 894 et
839 837 1200 907 precationem
1221 835 1335 890 laesi
1360 835 1632 890 exaudiet.
1665 837 1790 894 Non
1817 835 1996 905 despi-

359 936 459 989 ciet
477 947 662 1002 preces
683 930 908 1002 pupilli,
935 945 1032 984 nec
1055 929 1298 993 viduam,
1342 931 1392 984 si
1428 929 1679 998 effundat
1733 929 2002 998 loquelam

356 1028 602 1096 gemitus.
631 1027 823 1083 Nonne
861 1025 1112 1092 lacrymie
1138 1023 1319 1078 viduae
1343 1023 1418 1078 ad
1453 1023 1740 1078 maxillam
1778 1023 1998 1078 descen-

357 1121 518 1182 dunt,
566 1123 616 1175 et
657 1119 978 1174 exclamatio
1009 1117 1125 1186 ejus
1169 1132 1330 1187 super
1373 1117 1724 1172 deducentem
1769 1119 1896 1171 eas?
1948 1116 2001 1172 A

356 1215 590 1270 maxilla
607 1215 750 1269 enim
772 1211 1072 1267 ascendunt
1099 1225 1269 1280 usque
1307 1211 1384 1265 ad
1408 1211 1597 1265 coelum
1650 1214 1702 1264 et
1745 1213 2000 1266 Dominus

359 1308 648 1363 exauditor
670 1322 778 1362 non
807 1306 1161 1362 delectabitur
1189 1307 1249 1360 in
1276 1305 1409 1358 illis.
1444 1304 1548 1370 Qui
1571 1303 1773 1360 adorat
1807 1307 1998 1368 Deum,

355 1405 416 1458 in
435 1401 783 1457 oblectatione
807 1401 1150 1472 suscipietur,
1179 1403 1229 1453 et
1248 1400 1492 1468 precatio
1517 1399 1671 1452 illius
1707 1413 1876 1468 usque
1926 1398 2002 1454 ad

354 1496 522 1551 nubes
535 1494 949 1566 propinquabit.
983 1493 1165 1548 Oratio
1196 1492 1537 1558 humiliantis
1563 1506 1618 1546 se
1654 1492 1820 1546 nubes
1840 1507 2004 1562 pene-

357 1590 554 1657 trabit;
586 1593 636 1644 et
660 1589 827 1643 donec
855 1589 1207 1658 propinquet,
1229 1601 1339 1664 non
1368 1585 1756 1640 consolabitur.
1786 1587 1856 1640 Et
1893 1602 2004 1641 non

358 1683 615 1746 discedet,
644 1683 808 1738 donec
851 1683 1086 1751 aspiciat
1118 1680 1438 1735 Altissimus
1467 1691 1484 1726 :
1520 1683 1571 1734 et
1601 1680 1864 1734 Dominus
1895 1695 2004 1735 non

367 1777 659 1846 elongabit,
678 1776 772 1831 sed
781 1775 1059 1844 judicabit
1086 1774 1342 1843 injustas,
1368 1776 1420 1827 et
1435 1773 1602 1840 faciet
1616 1772 1914 1841 judicium,
1951 1778 2003 1828 et

357 1871 688 1939 fortissimus
709 1885 818 1923 non
846 1867 1062 1923 habebit
1084 1869 1145 1922 in
1173 1867 1287 1921 illis
1321 1867 1672 1936 patientiam,
1709 1871 1772 1920 ut
1799 1868 1996 1922 contri-
2019 1847 2076 1920 B

361 1964 507 2020 bulet
542 1963 763 2018 dorsum
784 1965 1044 2033 ipsorum,
1078 1965 1128 2016 et
1167 1959 1415 2028 gentibus
1448 1959 1647 2014 reddat
1677 1960 1995 2024 vindictam,

358 2057 525 2112 donec
549 2057 706 2112 tollat
721 2055 1120 2126 plenitudinem
1155 2054 1528 2124 superborum,
1574 2056 1626 2107 et
1655 2056 1869 2124 sceptra
1886 2055 1995 2108 ini-

361 2165 590 2222 quorum
611 2149 952 2212 contribulet,
991 2149 1157 2202 donec
1195 2147 1394 2201 reddat
1427 2145 1674 2201 omnibus
1707 2147 1998 2203 secundum

365 2248 517 2300 actus
541 2258 686 2306 suos,
717 2243 1080 2298 etsecundum
1105 2256 1271 2312 opera
1284 2239 1444 2303 Ade,
1477 2243 1529 2294 et
1551 2241 1846 2295 secundum
1855 2256 2000 2310 prae-

360 2340 716 2408 sumptionem
742 2337 913 2400 illius,
941 2337 1107 2391 donec
1120 2336 1336 2405 judicet
1353 2333 1629 2402 judicium
1656 2334 1834 2411 plebis
1866 2350 1996 2400 suae,

361 2437 414 2488 et
441 2431 726 2488 oblectabit
741 2431 926 2500 justas
950 2429 1324 2484 misericordia
1343 2441 1466 2482 sua.
1494 2429 1639 2483 Deus
1657 2431 1849 2482 autem
1873 2428 1998 2499 (fra-

359 2530 450 2582 ter
470 2523 812 2594 charissime)
836 2523 1068 2594 impleat
1107 2521 1472 2591 desiderium,
1522 2525 1579 2576 et
1612 2520 1998 2578 ministerium

359 2618 463 2676 tibi
515 2617 781 2674 divinitus
820 2616 1106 2685 collatum,
1153 2615 1465 2680 secundum
1506 2614 1726 2670 divitias
1777 2631 1906 2670 suas
1937 2615 1999 2672 in

362 2711 542 2785 gloria
569 2711 628 2766 in
654 2711 875 2767 Christo
901 2711 1032 2765 Jesu
1059 2707 1300 2764 Domino
1327 2712 1546 2764 nostro.
1576 2709 1688 2764 Deo
1707 2713 1902 2765 autem
1943 2713 2000 2766 et

359 2805 511 2862 Patri
546 2809 738 2861 nostro
783 2803 964 2877 gloria
1014 2803 1075 2858 in
1127 2802 1334 2883 saecula
1379 2802 1740 2859 saeculorum.
1793 2805 1996 2860 Amen.

362 2901 499 2957 Data
530 2903 593 2957 l3
619 2899 710 2956 die
733 2902 877 2973 Aug.
904 2897 1136 2970 mensis,
1163 2897 1469 2953 indictione
1497 2897 1586 2953 14.

816 3059 1143 3116 EPISTOLA
1166 3058 1193 3088 ι
1237 3056 1407 3130 [Olim
1441 3055 1522 3129 In

841 3184 911 3224 ,ω
942 3180 1222 3223 EPISCOPOS
1251 3180 1442 3222 ITALIE
1471 3163 1520 3218 δ.

366 3276 656 3347 Episcopos
680 3291 884 3332 summo
911 3277 969 3330 in
994 3275 1191 3347 honore
1215 3288 1327 3328 esse
1353 3271 1644 3347 habendos,
1672 3287 1767 3328 nec
1787 3287 1946 3344 posse
1964 3289 2000 3329 a

907 3346 1144 3418 quolibet
1169 3346 1435 3401 accusari.

434 3466 818 3524 Dilectissimis
855 3471 1024 3540 atque
1053 3463 1374 3522 clarissimis
1413 3463 1684 3520 fratribus
1726 3464 2002 3521 universis

365 3561 662 3634 episcopis,
711 3566 768 3618 et
807 3561 1022 3617 cunctis
1073 3559 1392 3632 specialiter
1433 3575 1537 3630 per
1577 3558 1901 3630 Campaniae
1947 3565 2004 3615 et

289 3701 296 3708 .
364 3655 535 3711 Italiae
552 3655 870 3727 provincias
905 3653 1276 3711 militantibus
1316 3653 1578 3724 Domino,
1616 3651 1876 3724 Pelagius
1909 3669 1998 3708 sa-

362 3748 561 3804 lutem.

437 3839 880 3896 Sollicitudinem
925 3840 1183 3895 omnium
1229 3839 1605 3896 Ecclesiarum
1649 3839 1830 3912 (juxta
1859 3843 2004 3912 Apo-

367 3935 591 4006 stolum)
609 3933 1086 4002 circumferentes,
1114 3933 1319 3989 divinas
1340 3933 1486 3989 circa
1513 3950 1617 3989 nos
1644 3933 1840 4006 gratiae
1876 3950 1999 3990 me-

365 4045 554 4086 mores
581 4045 700 4084 esse
725 4027 998 4084 debemus
1042 4027 1291 4098 (Aeacius
1337 4030 1498 4100 episc.
1543 4028 1668 4092 CP.,
1719 4031 1874 4098 epist.
1927 4029 2004 4086 ad

361 4123 701 4194 Simplicium
731 4121 983 4194 papam),
1011 4121 1163 4193 quod
1201 4136 1304 4175 nos
1341 4137 1446 4192 per
1471 4119 1860 4192 dignitationis
1885 4137 2002 4176 suae

365 4216 634 4273 Dominus
661 4215 1110 4272 misericordiam
1135 4215 1203 4270 ad
1226 4215 1334 4270 hoc
1351 4213 1646 4286 fastigium
1663 4215 2001 4272 sacerdotale

361 4311 640 4385 provexit,
668 4302 734 4367 ut
757 4309 1037 4378 mandatis
1062 4309 1239 4383 ipsius
1264 4309 1624 4376 inhaerentes,
1652 4307 1715 4363 in
1755 4309 2002 4380 quadam

365 4407 720 4463 sacerdotum
739 4405 860 4478 ejus
887 4405 1117 4476 specula
1142 4403 1430 4462 constituti
1467 4401 1867 4475 prohibeamus
1897 4402 2002 4458 illi-

361 4500 490 4571 cita,
523 4505 581 4556 et
601 4500 886 4573 sequenda
924 4500 1223 4556 doceamus
1266 4497 1490 4570 (Hilarii
1525 4513 1690 4570 papx
1729 4499 1885 4568 epist.
1925 4498 2003 4553 ad

2019 3219 2075 3294 C

2097 558 2365 631 superbia
2377 573 2574 613 eorum
2594 556 2884 614 transierit
2903 555 2964 611 in
2988 553 3398 612 confusionem.
3411 554 3437 608 Ι
3440 555 3568 607 usto
3579 549 3740 607 enim

2091 652 2305 726 judicio
2317 653 2484 708 datur
2499 653 2836 723 plerumque
2858 653 3100 723 potestas
3123 647 3515 721 peccatoribus
3545 644 3740 716 (Ejus-

2098 748 2219 803 dem
2243 751 2380 802 sent.
2415 748 2505 816 23,
2533 762 2601 802 ex
2635 747 2692 804 S.
2729 745 2880 815 Aug.
2905 747 2966 800 in
2996 759 3085 815 ps.
3113 743 3321 812 αντη),
3358 757 3472 812 qua
3508 743 3739 794 sanctos

2099 842 2216 913 sjus
2257 844 2690 913 persequantur,
2737 843 2804 895 ut
2830 837 2930 911 qui
2973 837 3204 910 spiritus
3237 835 3336 891 Dei
3364 835 3645 906 juvantur
3679 837 3740 889 et

2099 940 2369 1009 aguntur,
2419 933 2556 990 ﬁant
2588 949 2694 1006 per
2736 932 2999 989 laborum
3034 931 3302 988 exercitia
3339 927 3624 984 clariores.
3669 927 3738 983 Et

2099 1045 2450 1102 quanquam,
2475 1029 2697 1098 fratres,
2724 1027 2849 1082 haec
2870 1027 2950 1082 ita
2975 1041 3034 1081 se
3072 1024 3339 1093 habeant,
3385 1038 3504 1077 non
3537 1024 3738 1075 tamen

2099 1126 2236 1178 sunt
2252 1120 2654 1190 consentiendi,
2681 1119 2777 1176 sed
2797 1118 3157 1191 reprobandi,
3189 1116 3288 1188 qui
3315 1115 3581 1188 prmlatos
3604 1128 3737 1168 suos

2099 1215 2544 1288 reprehendunt,
2573 1214 2661 1270 vel
2687 1217 2971 1268 accusant.
3003 1212 3163 1268 Unde
3196 1209 3467 1266 canonica
3508 1211 3737 1263 sancto-

2099 1327 2233 1366 rum
2257 1311 2487 1366 Patrum
2517 1313 2723 1365 statuta
2751 1320 2794 1379 ο,
2825 1324 2900 1364 ne
2933 1306 3213 1362 columnae
3242 1308 3451 1359 sanctae
3484 1301 3742 1357 ecclesia

2100 1404 2382 1474 vacillent,
2417 1406 2715 1474 sequentes
2737 1418 2801 1456 ac
2840 1401 3189 1469 roborantes,
3226 1413 3429 1454 omnes
3468 1395 3738 1464 infames,

2102 1501 2443 1570 Cunctosque
2493 1501 2777 1570 suspectos
2812 1496 2900 1551 vel
2933 1494 3213 1562 inimicos,
3253 1495 3311 1548 et
3351 1507 3448 1546 eos
3489 1491 3593 1562 qui
3621 1505 3744 1545 non

2102 1600 2234 1648 sunt
2261 1607 2459 1648 eorum
2487 1591 2689 1663 gentis,
2717 1591 2806 1646 vel
2827 1605 3073 1662 quorum
3096 1587 3254 1655 ﬁdes,
3286 1585 3400 1641 vita
3425 1588 3485 1640 et
3507 1583 3744 1639 libertas

2102 1685 2374 1754 nescitur,
2420 1690 2478 1742 et
2494 1685 2594 1757 qui
2619 1701 2736 1740 non
2776 1687 2910 1739 sunt
2944 1683 3112 1738 bona:
3144 1678 3602 1746 conversationis,
3650 1677 3746 1732 vel

2102 1796 2348 1852 quorum
2387 1779 2502 1836 vita
2537 1783 2623 1836 est
2676 1777 3021 1846 accusabilis,
3064 1775 3135 1830 ab
3175 1773 3332 1830 omni
3381 1771 3744 1828 accusatione

2100 1875 2490 1946 episcoporum
2510 1873 2764 1929 funditus
2789 1871 3210 1926 submovemus.
3237 1867 3509 1925 Similiter
3531 1869 3590 1922 et
3614 1881 3739 1920 om-

2096 1984 2218 2036 nes,
2240 1984 2382 2040 quos
2415 1967 2622 2022 divina:
2649 1966 2806 2038 leges
2842 1969 3097 2020 mortuos
3144 1961 3454 2035 appellant,
3503 1959 3738 2015 submo-

2095 2061 2306 2118 vendos
2333 2077 2452 2117 esse
2483 2061 2556 2116 ab
2584 2059 2784 2115 eadem
2809 2057 3186 2126 accusatione,
3215 2061 3272 2112 et
3297 2054 3540 2128 publica:
3556 2053 3741 2126 pinni-

2096 2155 2288 2212 tentiaa
2303 2153 2715 2210 submittendos
2725 2153 3067 2225 judicamus.
3095 2153 3288 2222 Neque
3317 2150 3456 2205 dum
3476 2147 3742 2204 Ecclesia

2097 2249 2336 2321 alicujus
2366 2248 2636 2322 episcopi,
2667 2251 2766 2302 aut
2785 2245 3187 2318 possessiones,
3205 2245 3294 2300 vel
3317 2259 3410 2298 res
3426 2242 3498 2297 ab
3510 2241 3741 2298 amulis

2097 2345 2239 2415 ejus,
2271 2343 2361 2398 vel
2385 2359 2417 2397 a
2443 2341 2878 2414 quibuscumque
2902 2339 3026 2394 aliis
3054 2355 3170 2394 non
3199 2353 3301 2393 sua
3339 2339 3541 2408 sponte
3586 2335 3740 2390 deti-

2096 2441 2326 2504 nentur,
2357 2435 2571 2508 aliquid
2594 2434 2676 2490 illi
2703 2434 2889 2504 debet,
2917 2437 3016 2489 aut
3033 2436 3217 2506 potest
3240 2448 3275 2486 a
3293 2445 3580 2503 quoquam
3601 2434 3744 2484 ante

2096 2531 2638 2604 redintegrationem
2657 2529 2917 2585 omnium
2935 2545 3126 2584 rerum
3155 2543 3388 2582 suarum
3412 2525 3608 2596 objici:
3636 2523 3745 2580 sed

2096 2627 2257 2698 prius
2274 2625 2357 2681 illi
2380 2625 2604 2698 legibus
2622 2623 3058 2696 redintegrauda
3075 2626 3208 2678 sunt
3228 2619 3441 2688 omnia,
3460 2622 3517 2676 et
3539 2621 3746 2691 postea

2095 2726 2350 2792 tempore
2371 2737 2406 2775 a
2429 2719 2684 2774 Patribus
2702 2717 2982 2790 prmﬁnito
2998 2720 3132 2772 sunt
3146 2714 3375 2787 negotia
3387 2712 3740 2770 ventilanda.

2096 2813 2402 2870 Refutandi
2421 2816 2555 2868 sunt
2577 2811 2751 2868 etiam
2770 2815 3044 2883 raptores,
3067 2809 3242 2879 fures,
3269 2806 3545 2879 sacrilegi,
3569 2805 3744 2862 adul-

2097 2907 2227 2975 teri,
2259 2910 2316 2962 et
2341 2906 2554 2962 horum
2583 2905 2814 2960 similes.
2849 2903 3206 2960 Manifestum
3247 2907 3333 2958 est
3383 2901 3538 2957 enim
3581 2899 3746 2972 quod

2097 3015 2322 3072 semper
2350 2999 2490 3056 tales
2513 2998 2695 3071 magis
2724 2997 3059 3054 discordiam
3092 3013 3267 3068 quam
3287 3011 3485 3068 pacem
3509 2999 3741 3050 sectan-

2097 3098 2212 3150 tur.
2241 3093 2436 3150 Nullus
2455 3108 2682 3166 quoque
2701 3091 3017 3148 monachus
3037 3090 3172 3146 talia
3189 3105 3445 3162 unquam
3471 3088 3736 3161 arripiat,

2097 3203 2202 3244 nec
2245 3185 2534 3243 saecularia
2579 3191 2680 3242 aut
2723 3184 3094 3242 ecclesiastica
3131 3184 3364 3256 negotia
3399 3183 3742 3256 peruirbare

2098 3285 2422 3353 praesumat,
2468 3279 2604 3352 quia
2635 3282 2862 3334 mortua
2885 3279 2949 3334 in
2986 3277 3193 3334 talibus
3235 3293 3345 3332 vox
3385 3281 3472 3332 est
3505 3291 3740 3332 eorum.

2099 3373 2419 3429 lmmobiles
2443 3373 2597 3428 enim
2622 3372 2892 3428 Dominus
2917 3388 3048 3428 suos
3071 3387 3328 3426 summos
3355 3385 3580 3440 semper
3614 3369 3746 3425 vult

2100 3484 2328 3524 manere
2363 3467 2776 3540 praedicatores,
2801 3471 2861 3523 et
2883 3482 3003 3522 non
3029 3483 3062 3521 a
3083 3464 3421 3538 quibusdam
3443 3462 3739 3530 temerari,

2099 3563 2197 3618 sed
2237 3561 2345 3616 sibi
2381 3547 2565 3617 libere
2607 3563 2664 3616 et
2715 3560 2904 3632 quiete
2931 3559 3194 3615 famulari
3217 3558 3266 3614 ἀ.
3302 3557 3462 3614 Unde
3504 3559 3564 3612 et
3611 3556 3742 3628 ipse

2098 3655 2211 3711 ait:
2241 3656 2346 3723 Qui
2367 3671 2461 3712 vos
2490 3657 2688 3724 tangit,
2729 3657 2908 3724 tangit
2933 3654 3212 3724 pupillam
3237 3653 3380 3707 oculi
3400 3653 3524 3707 mei.
3545 3653 3618 3706 Et
3638 3652 3744 3720 qui

2097 3766 2191 3805 vos
2219 3751 2521 3812 contristat,
2545 3764 2630 3804 me
2654 3751 2937 3804 contristat
2967 3747 3147 3820 (Zaeh.
3171 3763 3212 3802 ιι
3227 3765 3244 3816 ;
3278 3746 3479 3805 Coloss.
3509 3744 3612 3814 ιιι).
3643 3745 3739 3814 Et,

2099 3846 2196 3915 qui
2207 3846 2399 3912 fecerit
2415 3844 2704 3913 injuriam,
2726 3844 2950 3914 recipiet
2961 3841 3108 3912 quod
3128 3843 3316 3911 inique
3332 3841 3497 3910 gessit
3513 3838 3739 3909 (Matth.

2100 3939 2173 4009 x).
2205 3939 2274 3992 Et
2299 3937 2434 3993 alibi
2458 3953 2472 3992 :
2503 3937 2608 4003 Qui
2633 3953 2726 3992 vos
2749 3937 2964 4006 recipit,
2988 3951 3071 3990 me
3098 3935 3322 4006 recipit;
3371 3937 3446 4001 et,
3498 3935 3597 4002 qui
3641 3947 3742 3988 vos

2097 4033 2326 4102 spernit,
2347 4047 2430 4086 me
2454 4032 2664 4102 spernit
2690 4029 2839 4100 (Luc.
2871 4029 2944 4100 x).
2971 4030 3049 4084 Ita
3073 4042 3304 4100 quoque
3328 4031 3385 4082 et
3411 4043 3446 4080 a
3471 4025 3742 4098 plebibus

2098 4127 2186 4181 vel
2215 4124 2430 4181 caeteris
2460 4125 2799 4196 generaliter
2822 4121 3086 4178 omnibus
3106 4125 3239 4178 sunt
3261 4119 3502 4176 timendi
3541 4124 3602 4176 et
3648 4119 3743 4175 fe-

2098 4219 2262 4276 rendi
2285 4225 2456 4292 atque
2484 4217 2791 4275 venerandi
2809 4221 3059 4290 pastores
3104 4221 3162 4272 et
3193 4215 3591 4288 praedicatores
3627 4214 3742 4269 Ec-

2099 4314 2300 4384 clesiae,
2329 4318 2395 4369 ut
2429 4313 2534 4368 sub
2573 4311 2970 4368 exercitatione
3010 4311 3176 4366 home
3217 4307 3520 4365 voluntatis
3561 4306 3742 4362 susti-

2097 4411 2342 4463 neantur
2365 4406 2699 4478 temporalia
2735 4405 2940 4476 (Prosp.
2972 4409 3107 4460 sent.
3139 4404 3228 4472 34,
3259 4419 3328 4458 ex
3367 4403 3513 4472 Aug.
3551 4403 3616 4456 in
3640 4416 3738 4472 ps.

2097 4501 2294 4573 cxx1v),
2321 4505 2622 4573 sperentur
2645 4502 2877 4555 aeterna.
2904 4501 3090 4571 Auget
3101 4496 3254 4553 enim
3269 4494 3474 4551 merita
3488 4494 3738 4564 virtutis,

362 4595 657 4651 Ascanium
691 4597 852 4664 θΡίεο.
893 4593 1386 4664 Tarraconensem).
1423 4592 1634 4656 omnes.
1671 4591 1984 4646 charissimi
2023 4593 2084 4666 D
2106 4595 2206 4668 qui
2247 4593 2601 4668 propositum
2650 4610 2765 4648 non
2807 4592 2998 4659 violat,
3041 4591 3139 4647 sed
3180 4593 3372 4661 auget,
3417 4587 3739 4660 religionis.

361 4690 460 4760 qui
482 4688 672 4743 volunt
698 4689 758 4742 in
787 4687 997 4744 Christo
1019 4691 1114 4758 pie
1136 4690 1312 4744 vivere
1337 4685 1413 4758 (II
1439 4689 1575 4742 Tim.
1618 4687 1718 4756 IIl),
1769 4701 1994 4741 necesse

361 4787 464 4854 est,
491 4786 558 4838 ut
582 4781 653 4838 ab
682 4780 876 4853 impiis
896 4787 952 4838 et
977 4780 1340 4836 dissimilibus
1378 4780 1667 4852 patiantur
1691 4779 1996 4851 opprobria

359 4877 612 4950 Prosperi
632 4880 770 4932 sent.
799 4877 890 4945 32,
919 4891 987 4932 ex
1011 4876 1069 4933 S.
1093 4875 1240 4945 Aug.
1271 4876 1332 4930 in
1368 4889 1458 4946 ps.
1494 4874 1676 4945 cxxn),
1709 4878 1766 4929 et
1803 4872 1991 4946 despi-

359 4971 582 5026 ciantur
611 4975 886 5042 tanquam
913 4969 1071 5025 stulti
1097 4971 1155 5025 et
1179 4968 1387 5036 insani,
1419 4966 1520 5040 qui
1541 4967 1668 5023 ideo
1691 4966 1995 5040 praesentia

358 5064 505 5119 bona
532 5065 798 5136 perdunt,
820 5068 888 5120 ut
914 5063 1217 5120 invisibilia
1239 5079 1304 5119 ac
1333 5061 1440 5118 sibi
1466 5061 1762 5134 profutura
1796 5061 1990 5134 acqui-

359 5161 506 5214 rant.
527 5158 634 5214 Sed
661 5159 787 5216 haec.
811 5159 1094 5231 despectio
1123 5162 1180 5214 et
1198 5155 1385 5213 irrisio
1410 5155 1471 5212 in
1500 5155 1652 5228 ipsos
1695 5160 1989 5229 retorque-

429 5281 455 5312 ⁸
480 5285 626 5365 Cum
649 5283 798 5365 bello
826 5284 1348 5365 Langobardorum,
1383 5298 1496 5355 quo
1531 5280 1815 5365 .universa‘
1839 5281 1992 5365 Italia

359 5355 654 5438 ﬂagrabat,
700 5351 1164 5438 adhucnvigente,
1220 5351 1728 5438 cultuslepiscopis
1784 5352 1994 5434 deferri

356 5423 554 5484 solitus
577 5425 840 5480 nonnihil
863 5423 1174 5482 diminutus
1203 5442 1320 5482 esse
1359 5423 1664 5493 videretur,
1707 5423 1990 5495 persuasi-

355 5516 468 5572 que
501 5497 781 5554 bellorum
814 5501 1072 5572 tempore
1103 5497 1237 5568 jura
1261 5498 1493 5572 _silere,_
1518 5495 1680 5572 bonis
1709 5494 1991 5572 Ecclesiae

354 5566 470 5626 non
513 5573 830 5642 parcerent,
865 5566 1012 5642 hanc
1039 5566 1375 5642 decretalem
1407 5566 1699 5642 epistolam
1725 5566 1794 5622 de
1824 5581 1989 5642 accu-

354 5637 663 5698 sationibus
687 5657 748 5696 ac
779 5638 1008 5710 judiciis
1048 5637 1460 5710 episcoporum'
1472 5638 1724 5710 pontifex
1755 5637 1993 5693 conscri-

354 5657 663 5698 sauomnus
687 5657 748 5696 ac
813 5657 1008 5695 unicus
1048 5657 1440 5710 eplscoporllm
1472 5657 1724 5710 ponmex
1755 5657 1992 5693 ροηδεω-

352 5714 486 5769 bere
515 5713 730 5770 debuit.
763 5657 836 5768 lge
864 5710 928 5766 in
953 5709 1152 5783 primis
1175 5709 1244 5783 de
1270 5725 1472 5783 causa,
1485 5710 1635 5783 quod
1667 5709 1992 5783 frequenter

356 5785 627 5850 eveniret,
654 5790 720 5839 ut
747 5800 876 5840 cum
904 5779 1154 5855 episcopi
1177 5781 1326 5855 bona
1363 5779 1726 5855 ecclesiarum
1765 5779 1799 5835 ἑ
1837 5779 1991 5855 laicis

357 5860 625 5928 usurpata
643 5850 992 5928 repetebant,
1022 5850 1192 5928 atque
1225 5851 1286 5906 in
1312 5867 1482 5928 usum
1507 5850 1812 5920 pristinum
1864 5851 1988 5928 vin-

355 5921 541 5981 dicare
563 5921 878 5997 studebant,
910 5921 1054 5984 inse
1079 5921 1308 5983 illorum
1333 5921 1558 5995 linguas
1597 5927 1988 5994 provocarent,

2091 4689 2342 4744 Charitas
2400 4705 2533 4744 vero
2585 4702 2812 4759 semper
2843 4685 3134 4741 hominem
3180 4683 3412 4738 innovat
3449 4681 3742 4753 (Ejusdem

2092 4789 2228 4840 sent.
2257 4784 2400 4853 273).
2447 4785 2514 4838 Et
2553 4781 2698 4837 sicut
2741 4779 3064 4852 malignitas
3104 4782 3342 4845 veteres,
3384 4775 3464 4831 ita
3503 4775 3737 4832 dilectio

2094 4895 2264 4934 novos
2310 4876 2461 4933 facit.
2513 4876 2676 4932 Fides
2725 4890 2956 4944 eorum,
3002 4871 3101 4946 qui
3147 4872 3328 4927 Deum
3369 4869 3547 4926 visuri
3603 4873 3742 4926 sunt

2094 4973 2373 5045 (Ejusdem
2397 4975 2535 5028 sent.
2567 4969 2712 5041 36l),
2745 4968 2900 5042 quod
2930 4983 3049 5024 non
3077 4965 3249 5036 videt,
3277 4963 3474 5020 credit.
3519 4964 3662 5018 Nam
3687 4961 3740 5017 si

2092 5067 2264 5136 videt,
2309 5082 2426 5122 non
2468 5067 2552 5120 est
2593 5063 2754 5120 ﬁdes.
2799 5061 3065 5118 Credenti
3101 5059 3391 5131 colligitur
3433 5057 3734 5127 meritum,

2091 5161 2303 5218 videnti
2331 5159 2588 5217 redditur
2616 5157 2942 5231 praemium.
2971 5157 3126 5212 Tunc
3151 5153 3464 5228 pretiosum
3489 5151 3738 5224 pastoris

2091 5282 2192 5354 qui
2219 5297 2292 5338 ne
2317 5281 2472 5354 quod
2508 5280 2858 5354 abstulerant
2894 5277 3224 5354 redderent,
3263 5271 3588 5354 criminosis
3621 5269 3738 5354 pri-

2092 5342 2254 5409 mum
2277 5342 2535 5408 omnium
2560 5351 2847 5422 episcOpos
2869 5345 3315 5422 accusationibus
3355 5342 3733 5414 impetebant.

2095 5427 2310 5496 (Baron.
2335 5439 2476 5480 anno
2505 5420 2628 5491 582,
2657 5439 2808 5496 num.
2835 5420 2912 5496 8.)

2162 5496 2190 5537 ι)
2217 5498 2347 5551 Haec
2377 5510 2603 5567 quoque
2627 5491 2944 5548 adulterina
2971 5493 3075 5567 est.

2163 5580 2185 5608 ο
2221 5568 2358 5632 Quae
2393 5555 2735 5637 ‘seqiiuntur
2759 5577 2938 5634 usque
2989 5559 3060 5614 ad
3089 5557 3367 5637 Pposperi
3411 5555 3738 5637 sententias

2093 5654 2161 5694 ex
2183 5628 2512 5694 adulterinis
2552 5628 2913 5708 superiorum
2965 5628 3299 5708 pontiﬁcum
3336 5628 3589 5708 epistolis
3630 5628 3738 5682 de-

2093 5654 2161 5694 ex
2183 5645 2512 5694 adulterinis
2552 5645 2913 5708 superiorum
2965 5645 3299 5703 pontulcum
3336 5645 3366 5683 e
3409 5645 3589 5683 istons
3630 5645 3735 5682 ae-

2092 5715 2314 5780 sumpte
2352 5708 2581 5780 suntab
2609 5707 2804 5780 inepto
2835 5703 3336 5780 _consarcinatore._
3367 5645 3552 5780 suam
3594 5715 3735 5755 vero

2091 5771 2376 5835 dissimilis
2406 5779 2534 5834 finis
2561 5771 2732 5850 hujus
2760 5775 3009 5850 epistola
3037 5791 3069 5828 a
3097 5771 3396 5848 principio!

2161 5851 2187 5892 ά
2217 5851 2453 5926 Reliqua
2479 5848 2685 5907 absunt
2702 5865 2736 5905 a
2759 5848 2822 5906 C.
2847 5849 2989 5903 Just.
