4058 6190
279 281 381 334 757

273 384 546 443 diadema
573 389 662 443 est
683 388 982 460 (Ennodius
1001 392 1064 444 in
1085 391 1216 446 dict.
1237 393 1402 463 incip.
1432 394 1637 466 φίλια),
1665 397 1899 466 quando

273 479 529 536 suasioni
549 481 673 551 ejus
691 496 835 552 grex
845 482 1278 553 ecclesiasticus,
1293 484 1432 540 dum
1453 487 1526 542 ad
1546 487 1898 558 probitatem

272 573 555 645 graditur,
589 589 707 633 non
732 579 1038 648 repugnat.
1059 577 1154 632 llle
1174 578 1299 633 sine
1319 579 1450 635 fuco
1475 581 1824 638 monitorem
1843 586 1901 638 et

270 667 524 722 veridico
551 683 651 722 ore
677 668 882 740 diligit,
905 669 1006 742 qui
1025 670 1149 741 ejus
1171 671 1434 728 instituta
1453 677 1721 730 sectatur.
1748 675 1896 732 Prm-

267 761 415 816 bent
442 762 789 832 hominibus,
811 767 1029 818 natura;
1058 763 1468 835 institutiones,
1498 771 1557 823 et
1579 769 1901 825 monitare-

269 872 570 928 sponsum.
605 855 774 912 Redit
785 857 858 911 ad
871 859 1146 914 mortales
1171 859 1497 916 vicissitudo
1513 863 1776 918 clamosis
1789 864 1896 918 sol-

269 948 604 1018 licitudinis,
619 951 754 1022 quia
769 951 1163 1024 unusquisque
1189 957 1360 1024 prout
1377 955 1618 1025 gesserit
1636 957 1894 1030 recipiet.

267 1042 416 1098 Nam
441 1044 611 1114 perit,
644 1045 799 1116 quod
823 1045 1038 1118 lingula
1061 1051 1424 1118 acceperunt,
1440 1049 1654 1105 frustra
1678 1051 1895 1106 beneﬁ-

267 1136 426 1191 cium
453 1136 636 1208 (Idem,
659 1141 816 1209 epist.
842 1143 930 1208 22,
961 1141 1054 1195 lib.
1081 1142 1198 1210 vn),
1229 1139 1339 1196 nisi
1357 1141 1618 1215 legitime
1646 1150 1897 1216 coeptum

267 1229 448 1285 fuerit
473 1231 791 1302 negotium,
825 1237 882 1288 et
918 1234 1192 1290 canonice
1222 1241 1538 1307 peractum.
1570 1240 1648 1294 De
1690 1238 1900 1294 fiducia

265 1324 432 1379 enim
469 1325 720 1395 partium
747 1329 1075 1382 nostrarum
1103 1328 1370 1398 mittitur,
1401 1330 1555 1402 quod
1585 1333 1900 1403 apostolica

268 1417 516 1472 mandat
531 1419 856 1475 auctoritas.
871 1422 982 1476 Vos
998 1423 1399 1478 tantummodo
1411 1425 1681 1496 praesules
1692 1425 1900 1482 Christi

265 1511 690 1584 benignitatem
713 1517 982 1583 vestram,
1013 1517 1166 1570 salva
1197 1517 1424 1572 aurium
1451 1519 1898 1591 animorumque

266 1605 540 1678 equitate
571 1607 757 1678 (Idem,
779 1609 909 1664 dict.
938 1608 1048 1680 21),
1079 1612 1138 1665 et
1165 1609 1320 1666 bona
1348 1612 1640 1667 voluntate
1671 1627 1902 1684 semper

269 1703 562 1771 praestate.
582 1701 726 1756 Nam
740 1702 1012 1758 adversus
1025 1703 1275 1776 impetus
1287 1705 1510 1775 juvare,
1527 1706 1900 1777 peregrinan-

264 1798 388 1849 tem
412 1793 690 1850 reducere
712 1800 842 1866 post
865 1796 1534 1869 intervalla,estjustitia.
1561 1798 1724 1854 Libat
1743 1799 1898 1854 enim
1918 1777 1974 1849 B

263 1887 515 1943 Domino
565 1904 861 1960 prospera,
913 1890 1010 1962 qui
1053 1891 1126 1946 ab
1178 1891 1406 1947 afﬂictis
1455 1891 1616 1963 pellit
1659 1892 1901 1948 adversa

265 1979 446 2050 (Cone.
480 1982 644 2038 Tolet.
675 1998 793 2050 VIII,
822 1999 868 2037 c.
900 1986 971 2054 l).
1019 1983 1294 2052 Statutus,
1337 1984 1653 2040 venerandi
1683 2002 1896 2058 praesu-

263 2074 370 2142 les,
404 2074 708 2130 sudoribus
751 2077 968 2130 fructus
1013 2081 1126 2145 est,
1159 2093 1290 2132 cum
1326 2077 1545 2150 judicio
1593 2079 1898 2150 purissime

261 2167 620 2236 reddendus,
647 2171 708 2222 ut
733 2168 793 2223 in
825 2173 1069 2242 utroque
1092 2187 1380 2243 congruas
1410 2171 1582 2240 nitor,
1605 2188 1711 2226 nec
1731 2172 1902 2228 susci-

260 2261 528 2333 pientem
557 2261 913 2331 devenustet,
943 2263 988 2318 si
1017 2263 1260 2336 indigno
1302 2267 1534 2320 auctore
1570 2266 1902 2336 provenerit

262 2355 377 2426 (Ea:
405 2356 584 2410 eodem
613 2358 876 2420 Ennodio,
906 2358 1034 2412 dict.
1063 2357 1186 2428 2i);
1213 2375 1338 2426 nec,
1369 2358 1414 2412 si
1439 2358 1770 2414 conferatur
1799 2357 1901 2414 im-

259 2444 500 2512 merito,
513 2447 764 2500 maculet
774 2446 1234 2518 largientem.Sit
1247 2463 1478 2520 semper
1489 2448 1759 2504 adversus
1775 2465 1900 2520 pra-

260 2553 366 2594 vos
393 2543 451 2594 et
473 2537 704 2610 impios,
737 2542 910 2610 atque
931 2556 1225 2595 servorum
1255 2540 1355 2596 Dei
1385 2546 1799 2612 persecutores,
1829 2543 1896 2597 li-

261 2633 410 2688 bera
437 2648 563 2700 vox,
596 2637 655 2688 et
683 2633 799 2688 oris
841 2633 1034 2704 gladio
1061 2634 1345 2690 feriantur
1371 2638 1430 2689 et
1453 2635 1896 2707 redarguantur.

260 2727 696 2798 Persequantur
720 2729 779 2781 et
797 2727 1174 2798 repellantur,
1187 2727 1617 2783 confundantur
1631 2733 1688 2783 et
1704 2728 1901 2784 adver-

259 2821 485 2887 tantur,
515 2836 622 2875 nec
649 2820 901 2875 laedendi
929 2821 1022 2892 pie
1043 2821 1294 2876 viventes
1323 2822 1500 2876 ullam
1527 2821 1783 2877 habeant
1808 2823 1896 2877 fa-

257 2914 562 2968 cultatem.
585 2915 934 2986 Plerumque
959 2914 1227 2986 periculis
1242 2915 1412 2986 plena
1435 2922 1570 2971 sunt
1587 2916 1694 2986 (Ea:
1720 2917 1899 2971 eodem

256 3011 318 3061 in
351 3009 484 3062 Vita
509 3008 742 3063 Antonii
762 3009 1061 3080 monachi);
1113 3025 1242 3080 quae
1276 3008 1545 3064 videntur
1581 3025 1704 3064 esse
1732 3009 1894 3064 tutis-

257 3100 435 3155 sima.
463 3099 624 3168 Vide,
649 3101 880 3172 quantis
903 3101 1170 3157 laborent
1197 3103 1338 3158 tales
1363 3101 1614 3157 insidiis:
1643 3101 1775 3157 ideo
1804 3102 1898 3157 ab-

256 3193 593 3250 sconditum
621 3210 744 3250 esse
761 3211 879 3250 non
918 3195 1070 3264 licet,
1093 3195 1250 3267 quod
1286 3195 1570 3252 audimus.
1598 3197 1726 3252 lam
1751 3196 1893 3251 late-

253 3288 361 3344 bat
383 3292 583 3344 nostra
613 3289 933 3361 persecutio
985 3289 1328 3345 manifesta:
1361 3289 1756 3345 misericordia
1789 3294 1894 3358 est,

255 3382 413 3438 circa
457 3386 854 3454 persecutores
879 3389 938 3438 et
966 3383 1321 3440 facinorosos
1345 3388 1569 3440 servata
1597 3384 1893 3440 districtio.

251 3477 414 3547 Ergo
442 3476 634 3548 sopori
661 3477 918 3548 quietem
949 3477 1215 3533 tribuite:
1249 3478 1565 3534 caelestium
1587 3478 1893 3533 mandato-

255 3585 397 3625 rum
424 3571 652 3628 hostem
681 3587 910 3642 quoque
926 3570 1213 3642 depellite,
1235 3587 1309 3626 ne
1327 3571 1574 3626 candida
1593 3587 1894 3626 conversa-

251 3663 342 3719 tio
363 3663 657 3718 vobiscum
678 3663 1065 3719 habitantium
1093 3664 1251 3720 fusca
1276 3664 1732 3736 supervenientis
1757 3680 1894 3720 con-

255 3757 500 3828 tagione
529 3757 790 3813 violetur.
821 3759 968 3814 Ante
990 3758 1146 3812 enim
1169 3757 1526 3830 providenda
1549 3761 1683 3813 sunt
1706 3773 1894 3813 reme-

255 3850 381 3919 dia,
407 3867 584 3922 quam
635 3851 872 3907 morbus
925 3851 1220 3907 increscat.
1271 3853 1612 3909 Sanctorum
1667 3867 1895 3922 quoque

255 3944 660 4018 apostolorum
705 3950 763 4000 et
813 3944 1172 4016 reliquorum
1221 3945 1582 4000 sacerdotum
1634 3947 1898 4016 petamus

257 4037 599 4107 exercitum,
631 4043 692 4094 et
714 4038 1122 4110 praedictorum
1157 4041 1589 4110 persecutorum
1612 4055 1716 4094 ora
1742 4039 1893 4093 clau-

255 4135 488 4189 damus.
517 4132 719 4188 Saeculi
763 4132 1120 4188 conversatio
1168 4133 1365 4204 legum
1407 4135 1565 4187 metu
1619 4132 1900 4188 retinetur

258 4227 452 4296 (Idem,
479 4228 634 4296 epist.
662 4228 747 4294 i3,
777 4227 815 4282 ι.
842 4226 930 4299 v):
977 4226 1360 4282 ecclesiastica
1389 4243 1619 4298 quoque
1641 4225 1899 4282 custodia

257 4319 600 4391 regularum
630 4319 810 4374 frenis
837 4325 1096 4375 servatur
1121 4324 1180 4376 et
1203 4320 1440 4392 regitur.
1489 4321 1656 4388 Deus,
1683 4319 1894 4376 charis-

259 4413 432 4480 sima,
463 4429 697 4485 semper
723 4415 919 4485 procul
956 4416 1178 4470 avertat
1221 4411 1496 4468 invidiam
1525 4413 1713 4486 (Idem,
1739 4416 1895 4485 epist.

1763 285 2115 348 APPENDIX.

1917 3146 1972 3222 C

3521 308 3625 368 758

1918 411 1980 485 Α
2002 405 2174 474 ditur,
2203 405 2299 461 ubi
2347 423 2630 481 supernus
2662 411 2824 468 favor
2851 417 3084 484 praestat
3107 416 3428 474 exordium.
3471 418 3624 475 Deus

2000 499 2600 572 omnipotensindulta
2611 522 2845 578 semper
2854 509 3154 578 custodiat,
3169 515 3493 583 augeatque
3505 529 3627 568 suc-

1999 595 2249 649 cessibus
2297 597 2597 668 profutura
2639 599 2824 671 (Idem,
2861 604 3020 672 epist.
3051 605 3136 669 l9,
3178 605 3272 659 lib.
3309 604 3384 676 v).
3415 606 3626 662 Omnia

1997 687 2155 742 enim
2171 693 2361 744 vestra
2379 707 2628 763 semper,
2651 693 2874 762 fratres,
2903 694 2962 748 in
2986 696 3262 751 charitate
3280 697 3422 754 flant
3437 698 3486 771 (1
3503 700 3622 756 Cor.

1998 779 2094 853 vi).
2123 783 2191 836 Et
2221 783 2654 840 detrahentibus
2675 787 2853 842 nolite
2880 787 3184 844 detrahere
3214 791 3491 862 quoniam
3522 793 3623 848 de-

1996 875 2358 932 trahentibus
2385 878 2688 934 detrahere
2715 897 2832 935 non
2861 885 2947 936 est
2959 881 3201 950 bonum,
3217 900 3290 938 ne
3308 885 3380 939 ad
3401 903 3470 940 ea
3495 903 3624 957 qua:

1997 969 2207 1041 scripta
2238 974 2388 1040 sunt,
2422 974 2696 1028 commoti
2745 975 2985 1030 minime
3025 980 3316 1032 certamen
3346 978 3625 1035 faciamus

2003 1062 2310 1131 (Deusdedit
2357 1065 2705 1123 Caralitanus
2755 1071 2982 1124 consult.
3033 1071 3068 1124 4
3111 1086 3254 1126 conc.
3295 1075 3498 1135 Later.,
3525 1090 3618 1130 an.

1998 1157 2141 1226 649).
2165 1158 2288 1212 Non
2316 1158 2592 1215 debemus
2621 1162 2860 1218 omnino
2881 1162 3086 1219 timere
3115 1165 3488 1236 opprobrium
3514 1167 3620 1222 ho-

2000 1249 2248 1318 minum,
2277 1268 2462 1323 neque
2495 1271 2692 1310 eorum
2723 1257 3260 1328 exprobrationibus
3284 1259 3434 1314 vinci
3463 1264 3624 1324 (Mar-

1999 1346 2144 1399 tinus
2167 1347 2193 1401 1
2205 1361 2358 1416 papa
2384 1349 2611 1404 consult.
2634 1351 2664 1403 3
2690 1349 2925 1418 ejusdem
2943 1353 3193 1422 concilii),
3210 1353 3485 1423 quoniam
3511 1354 3622 1410 hoc

1999 1437 2161 1492 nobis
2190 1439 2467 1494 Dominus
2481 1440 2648 1511 jubet
2665 1459 2770 1513 per
2788 1443 2988 1498 Isaiam
3003 1445 3368 1516 prophetam,
3396 1446 3620 1504 dicens:

1997 1530 2202 1586 Audite
2221 1536 2444 1608 meaqui
2468 1536 2618 1590 scitis
2649 1534 2940 1605 judicium,
2963 1539 3197 1608 populus
3221 1554 3389 1602 meus,
3416 1541 3474 1594 in
3498 1556 3625 1610 quo-

1996 1639 2119 1678 rum
2142 1625 2388 1682 cordibus
2437 1628 2525 1682 lea:
2561 1644 2683 1683 mea
2727 1633 2823 1684 est.
2864 1631 3042 1687 Nolite
3068 1633 3252 1687 timere
3276 1633 3622 1702 opprobrium

1997 1718 2290 1782 hominum,
2345 1725 2396 1774 et
2448 1721 2806 1792 blasphemiae
2853 1738 3033 1778 eorum
3080 1739 3146 1780 ne
3191 1727 3426 1780 timeatis
3478 1725 3626 1795 (Isai.

1997 1811 2089 1882 LI),
2121 1810 2551 1868 considerantes
2595 1814 2752 1885 quod
2803 1814 2861 1869 in
2904 1817 3126 1887 psalmo
3177 1818 3450 1889 scriptum
3501 1823 3624 1875 est:

1996 1909 2184 1964 Nonne
2226 1910 2360 1962 Deus
2405 1909 2642 1977 requiret
2689 1911 2798 1963 ista
2820 1911 2849 1962 ξ)
2887 1912 3004 1979 ipse
3045 1912 3189 1965 enim
3227 1914 3378 1966 novit
3423 1914 3629 1968 occulta

1997 2000 2194 2063 cordis,
2218 2004 2269 2054 et
2291 2001 2634 2068 cogitationes
2667 2002 2860 2057 talium
2878 2003 3169 2066 hominum,
3199 2007 3454 2074 quoniam
3481 2022 3629 2062 vana

1996 2097 2142 2148 sunt.
2178 2096 2337 2150 Vana
2363 2097 2544 2148 autem
2569 2095 2772 2150 locutus
2808 2099 2886 2150 est
2927 2099 3290 2167 unusquisque
3314 2098 3388 2152 ad
3427 2101 3624 2168 proxi-

1996 2201 2142 2242 mum
2167 2201 2324 2242 suum
2355 2205 2372 2240 :
2394 2186 2544 2242 labia
2571 2187 2776 2251 dolosa,
2805 2191 2864 2243 in
2891 2190 3048 2244 corde
3072 2195 3123 2244 et
3145 2191 3301 2246 corde
3329 2191 3491 2245 locuti
3500 2196 3629 2246 sunt

1997 2281 2167 2334 mala.
2197 2280 2302 2338 Sed
2325 2280 2607 2351 disperdat
2635 2283 2890 2336 Dominus
2909 2275 3338 2338 universa'labia
3357 2284 3562 2348 dolosa,
3577 2288 3630 2340 et

1999 2374 2244 2443 linguam
2289 2374 2714 2443 magniloquam.
2761 2376 2868 2442 Qui
2891 2376 3147 2431 dixerunt
3167 2395 3184 2430 :
3237 2379 3504 2446 Linguam
3538 2393 3631 2433 no-

1995 2470 2167 2522 stram
2185 2468 2667 2536 magniﬁcabimus,
2714 2469 2863 2523 labia
2890 2473 3076 2524 nostra
3099 2485 3136 2524 a
3157 2470 3309 2524 nobis
3329 2463 3474 2534 sunt,
3503 2473 3628 2540 quis

1996 2563 2175 2615 noster
2220 2562 2476 2615 Dominus
2518 2565 2598 2616 est
2648 2560 2894 2628 (Psalm.
2967 2577 3144 2629 xLIu;
3195 2563 3396 2632 psalm.
3450 2577 3622 2631 xcm;

1993 2653 2191 2724 psalm.
2223 2653 2298 2724 x1)
2321 2652 2350 2707 ?
2369 2653 2512 2708 Nam
2533 2653 2575 2707 si
2599 2654 2721 2708 haec
2746 2653 2806 2708 in
2836 2654 3123 2710 memoria
3146 2654 3486 2723 retinerent,
3514 2655 3623 2711 mi-

1998 2745 2155 2801 nime
2176 2745 2253 2800 ad
2282 2748 2506 2810 tantam
2532 2746 2863 2818 prosilirent
2886 2747 3272 2819 iniquitatem.
3313 2749 3436 2804 Non
3466 2749 3626 2805 enim

1997 2855 2103 2910 per
2130 2838 2489 2910 probabilem
2515 2842 2574 2894 et
2593 2843 2898 2911 paternam
2920 2839 3243 2895 doctrinam
3263 2842 3373 2896 hoc
3387 2841 3624 2911 faciunt,

1997 2933 2101 2987 sed
2143 2935 2206 2987 ut
2249 2949 2412 2987 suam
2471 2939 2774 2988 exerceant
2823 2933 2882 2988 in
2925 2950 3118 2989 servos
3168 2935 3269 2989 Dei
3311 2935 3626 2992 vindictam

1999 3028 2182 3098 (Idem,
2233 3029 2402 3083 Mart.
2449 3028 2628 3096 ibid.).
2686 3027 2975 3098 Scriptum
3023 3033 3109 3082 est
3152 3044 3405 3099 namque
3447 3045 3461 3083 :
3521 3031 3629 3086 Via

1993 3122 2153 3176 stulti
2170 3125 2314 3176 recta
2337 3122 2397 3176 in
2424 3121 2589 3176 oculis
2611 3122 2727 3190 ejus
2779 3121 2954 3192 (Prov.
2973 3121 3089 3190 xu).
3119 3122 3218 3176 Et:
3240 3123 3376 3178 Sunt
3391 3123 3494 3177 viae
3509 3138 3629 3192 qua

1993 3215 2246 3270 uidentur
2262 3215 2468 3269 homini
2485 3215 2671 3284 justas,
2695 3217 2987 3270 novissima
3027 3218 3208 3270 autem
3245 3231 3431 3270 earum
3454 3215 3627 3271 dedu-

1995 3313 2122 3364 cunt
2144 3309 2218 3363 ad
2235 3313 2458 3364 mortem
2479 3307 2656 3378 (Prov.
2687 3308 2820 3379 xw).
2869 3309 2981 3364 Nos
3015 3309 3176 3363 enim
3201 3308 3301 3380 qui
3325 3309 3449 3363 haec
3474 3309 3624 3379 pati-

1995 3417 2144 3469 mur,
2167 3401 2385 3472 judicio
2411 3401 2509 3457 Dei
2530 3401 2654 3455 haec
2674 3418 2966 3456 reservare
2990 3401 3286 3467 debemus,
3307 3401 3404 3472 qui
3421 3401 3629 3457 reddet

1995 3495 2304 3566 unicuique
2323 3495 2487 3566 juxta
2507 3511 2685 3566 opera
2704 3511 2807 3549 sua
2837 3495 3052 3566 (Matth.
3066 3495 3200 3562 xvr).
3219 3493 3322 3558 Qui
3336 3493 3512 3550 etiam
3523 3511 3627 3565 per

1994 3589 2289 3644 ministros
2312 3605 2444 3643 suos
2471 3587 2740 3651 intonuit,
2775 3587 2998 3642 dicens:
3021 3587 3155 3642 Mihi
3173 3587 3487 3642 vindictam
3514 3603 3624 3659 ego

1995 3681 2311 3736 retribuam
2334 3681 2502 3752 (Rom.
2523 3684 2640 3751 xu).
2662 3683 2772 3736 Vos
2789 3681 2946 3736 enim
2968 3681 3028 3735 in
3055 3685 3213 3736 recta
3232 3681 3346 3736 ﬁde
3373 3697 3440 3736 ac
3459 3697 3624 3752 pura,

1995 3775 2054 3830 in
2082 3775 2236 3832 bona
2259 3775 2551 3830 voluntate
2593 3774 2903 3830 succurrin
2927 3774 3200 3841 vicissim,
3229 3791 3334 3829 nec
3358 3774 3562 3846 aliquis
3591 3791 3627 3830 a

1997 3870 2396 3942 supplemento
2422 3868 2614 3924 fratris
2641 3869 2942 3924 subtrahat
2965 3885 3237 3923 manum:
3267 3867 3542 3939 quoniam
3567 3870 3628 3923 in

1997 3964 2092 4018 hoc
2135 3962 2236 4034 (ait
2259 3963 2551 4031 Dominus)
2603 3966 2912 4032 cognoscent
2965 3978 3160 4026 omnes,
3193 3964 3328 4032 quia
3369 3964 3477 4017 mei
3498 3964 3626 4019 estis

1995 4057 2272 4128 discipuli,
2297 4058 2348 4111 si
2371 4057 2707 4112 dilectionem
2730 4057 3028 4112 habueritis
3076 4057 3151 4112 ad
3197 4058 3426 4111 invicem
3453 4055 3626 4123 (Ioan.

1995 4150 2134 4221 xm).
2164 4151 2308 4206 Data
2335 4149 2608 4206 Kalendis
2643 4149 2974 4205 Decembris
3003 4149 3318 4206 indictione
3348 4152 3411 4203 l5
3451 4146 3627 4220 (Anno

1994 4246 2213 4300 Domini
2239 4243 2381 4317 582).

2469 4331 2802 4387 EPISTOLA
2847 4329 3008 4401 [Olim
3043 4331 3128 4401 ιχ]

2263 4441 2332 4479 ΑΒ
2364 4439 2646 4480 EPISCOPOS
2671 4440 2957 4480 GERIANDE
2981 4441 3046 4478 ET
3063 4435 3090 4464 ⁸
3111 4439 3337 4478 GALLIS.

261 4507 334 4563 14
351 4507 590 4576 ejusdem
627 4506 795 4579 libri).
825 4509 934 4563 Vos
963 4523 1104 4578 ergo
1123 4507 1435 4562 armamini
1459 4506 1634 4578 (juxta
1653 4509 1894 4578 Aposto-

2000 4519 2567 4590 Novemprzfationes,
2587 4519 2729 4572 inter
2751 4520 3042 4590 missarum
3063 4517 3320 4572 solemnia
3344 4516 3628 4573 decantan-

259 4602 400 4669 lnm)
431 4599 624 4672 gladio
650 4601 902 4672 spiritus,
946 4601 1102 4673 quod
1130 4604 1218 4656 est
1255 4600 1496 4655 verbum
1521 4599 1644 4668 Dei,
1673 4605 1732 4655 et
1759 4616 1896 4672 apo-

259 4693 478 4750 stolicae
522 4694 880 4750 auctoritatis
926 4695 1127 4766 clypeo
1160 4695 1370 4765 (Ephes.
1412 4696 1509 4760 γι),
1542 4699 1608 4749 ut
1635 4693 1896 4749 ecclesia-

259 4787 421 4843 sticas
451 4787 966 4859 fecunditatisjura
993 4787 1153 4842 nulla
1182 4787 1464 4842 sevientis
1491 4788 1754 4859 procellae
1778 4804 1903 4860 pos-

261 4880 384 4936 sint
401 4880 747 4952 impulsione
775 4881 1029 4937 subverti
1053 4879 1240 4952 (Idem,
1258 4881 1437 4951 ibid.).
1456 4882 1620 4936 Nullo
1642 4898 1902 4954 unquam

263 4969 600 5042 praejudinio
621 4974 856 5042 gravate
871 4986 1248 5042 quemquam,
1268 4969 1370 5026 sed
1389 4969 1652 5042 inspicite
1673 4987 1904 5042 semper

267 5079 402 5134 qua:
428 5064 758 5134 regularum
793 5063 1122 5118 testimonio
1168 5063 1552 5118 declarantur.
1607 5063 1899 5135 Superest,

267 5157 452 5212 salute
473 5157 727 5228 praelata,
755 5160 819 5212 ut
838 5156 914 5211 ad
940 5156 1151 5228 gaudia
1173 5174 1404 5229 semper
1421 5158 1669 5212 fratrum
1699 5157 1901 5212 devote

271 5249 614 5322 properetis,
642 5249 776 5321 quia
825 5249 1017 5304 divina
1066 5250 1348 5306 beneficia
1378 5249 1652 5322 gradibus
1676 5266 1907 5321 semper

271 5343 576 5409 accedunt,
603 5347 664 5398 et
691 5343 899 5415 quibus
925 5343 1079 5398 bona
1109 5345 1432 5413 conferunt,
1466 5343 1711 5400 meliora
1737 5343 1900 5416 polli-

273 5442 496 5492 centur.
529 5436 774 5509 Semper
802 5437 958 5492 enim
979 5437 1350 5494 incrementis
1370 5438 1444 5493 ad
1459 5439 1689 5494 culmen
1714 5454 1906 5492 ascen-

349 5621 374 5680 ξι
401 5608 598 5678 Neque
627 5609 746 5680 haec
768 5608 848 5680 ab,
871 5608 1070 5664 lsidori
1093 5611 1238 5679 stylo
1264 5610 1568 5680 discrepat.

348 5676 378 5716 δ
403 5680 482 5734 De
507 5676 946 5750 praefationibus
984 5676 1303 5735 meminere
1341 5676 1644 5735 concilium
1674 5680 1903 5736 Milevit.

281 5766 406 5830 cap:
460 5753 634 5830 l2,_ct
662 5749 1261 5830 Africanumicapﬂp.
1297 5752 1521 5830 _Ear_um
1566 5767 1798 5830 novem,
1833 5753 1904 5830 de

286 5821 490 5893 quibus
507 5821 618 5890 hic,
639 5826 838 5877 auctor
847 5821 1110 5895 proditur
1128 5822 1381 5880 Gelasius
1395 5822 1541 5880 libro
1566 5823 1902 5881 Pontiﬁcali.

2340 4589 2445 4651 dae,
2471 4605 2505 4642 a
2527 4591 2770 4644 Romana
2789 4589 3022 4644 Ecclesia
3040 4590 3208 4659 recipi
3233 4594 3280 4643 b.

2069 4686 2333 4758 Pelagius
2385 4686 2662 4742 Romana:
2713 4685 2962 4742 ecclesia:
2989 4690 3049 4744 et
3092 4686 3421 4759 apostolicae
3477 4685 3628 4742 sedis

2001 4780 2302 4854 episcopus
2331 4778 2606 4835 universis
2637 4779 3078 4836 Germaniarum
3115 4795 3184 4840 ac
3206 4779 3514 4837 Galliarum
3544 4796 3628 4835 re-

2001 4874 2243 4948 gionum
2279 4873 2560 4946 episcopis
2591 4874 2662 4941 (S.
2692 4877 2793 4932 Leo
2819 4877 2976 4947 epist.
3005 4877 3115 4944 88).

2073 4968 2215 5023 Cum
2240 4966 2298 5022 in
2315 4967 2418 5022 Dei
2444 4967 2680 5024 nomine
2699 4967 2758 5022 in
2785 4969 3046 5023 Romana
3071 4966 3320 5022 Ecclesia
3345 4966 3631 5038 synodum

2003 5060 2405 5134 episcOporum
2418 5061 2532 5116 sive
2550 5065 2891 5116 caeterorum
2901 5060 3374 5116 consacerdotum
3387 5060 3483 5117 Dei
3495 5061 3633 5116 fide-

2001 5155 2143 5210 lium
2169 5159 2584 5228 congregatam
2604 5155 3020 5224 habuissemus,
3053 5160 3112 5210 et
3139 5154 3209 5209 de
3242 5155 3633 5210 ecclesiasticis

2003 5250 2247 5317 statutis,
2281 5255 2343 5304 ut
2366 5253 2500 5304 sunt
2528 5249 2600 5303 ab
2625 5249 2896 5319 apostolis
2922 5252 2979 5303 et
3004 5248 3214 5304 sanctis
3243 5251 3504 5306 Patribus
3521 5253 3634 5304 tra-

2005 5342 2143 5410 dita,
2173 5342 2504 5414 diligentius
2555 5347 2971 5410 tractaremus;
3013 5360 3395 5416 supervenere
3427 5343 3631 5399 littera:

2002 5441 2222 5506 vestrae,
2257 5441 2314 5492 et
2341 5439 2406 5490 ut
2429 5451 2658 5507 magna:
2680 5441 2872 5491 essent
2898 5437 3268 5506 auctoritatis,
3293 5437 3466 5492 etiam
3495 5435 3631 5488 vivae

2007 5589 2300 5644 Decimam
2329 5588 2400 5643 de
2421 5589 2830 5661 beataVirgine
2852 5589 3034 5645 edidit
3051 5591 3312 5646 Urbanus
3337 5587 3402 5650 ll,
3421 5584 3479 5637 in
3498 5599 3630 5637 con-

2006 5669 2134 5724 cilio
2154 5669 2457 5724 Placentiae
2483 5670 2700 5737 habito,
2729 5674 2791 5725 ut
2818 5670 2899 5725 ait
2927 5669 3230 5725 Gratianus
3258 5665 3331 5718 ad
3371 5663 3425 5716 d.
3456 5667 3544 5728 ‘70,
3572 5668 3631 5720 et

2007 5752 2122 5808 alii.
2153 5754 2279 5807 Sev.
2314 5754 2430 5810 BIN.
