3996 6188
494 231 595 330 739

491 397 660 438 voces
687 379 1120 452 praecesserunt,
1148 375 1520 445 rogantes,ut
1545 372 1806 428 ordinem
1835 369 2126 442 praefatio-
2145 390 2204 462 Α

495 493 661 544 num,
694 490 866 546 quem
887 475 1082 526 sancta
1107 467 1630 524 RomanaEcclesia
1655 466 1932 520 hactenus
1943 464 2118 518 habe-

493 573 603 642 ret,
643 567 852 624 nostris
899 563 1097 620 litteris
1124 561 1284 617 vobis
1333 561 1833 615 remandaremus.
1866 560 2021 614 Tunc
2051 559 2121 613 de

493 666 684 718 vestra
707 661 997 714 voluntate
1029 661 1084 711 et
1109 655 1296 710 studio
1335 659 1456 710 tam
1485 655 1638 710 bono
1669 655 1918 708 multum
1945 651 2122 724 gavisi

391 751 398 758 ’
497 772 710 822 sumus,
732 759 788 808 et
800 766 1026 806 sacrum
1050 749 1314 805 ordinem
1330 750 1678 814 Romanum,
1699 763 1974 818 sacraque
1994 764 2123 802 con-

497 851 692 906 stitnta
721 851 1049 901 nostrorum
1067 847 1494 898 antecessorum
1515 843 1756 898 solerter
1774 842 2121 912 relegentes,

495 941 821 998 invenimus
838 939 938 994 has
959 955 1168 993 novem
1189 937 1558 1009 praefationes
1585 936 1644 989 in
1672 951 1831 990 sacro
1861 935 2122 1006 catalogo

497 1033 896 1092 tantumnodo
919 1032 1294 1104 recipiendas,
1311 1047 1452 1102 quas
1477 1031 1654 1101 longa
1673 1033 1826 1084 retro
1847 1028 2121 1085 veritasin

1279 265 1571 322 SANCTUS
1607 263 1966 330 AUNARIUS,
2007 258 2634 319 ANTISSIODORENSIS
2671 257 3050 315 EPISCOPUS.
3715 276 3799 329 750

2225 368 2488 423 Romana
2517 367 2766 422 Ecclesia
2791 366 3070 420 hactenus
3097 366 3372 423 servavit:
3419 385 3584 427 unam
3605 371 3658 430 in
3673 377 3798 436 Albis

2225 461 2606 533 paschalibus,
2641 460 2810 514 aliam
2854 459 2923 514 de
2949 459 3294 516 Ascensione
3337 463 3572 532 Domini,
3607 471 3794 529 tertiam

2225 555 2296 609 de
2324 557 2681 620 Pentecoste,
2713 557 2980 624 quartam
3009 553 3078 608 de
3103 554 3289 609 Natali
3315 556 3555 624 Domini,
3577 562 3792 631 quintam

2225 648 2294 703 de
2313 647 2670 720 apparitione
2701 647 2954 716 Domini,
2987 651 3210 703 sextam
3257 649 3327 703 de
3357 653 3626 721 apostolis,
3655 660 3790 728 septi-

2225 757 2384 797 mam
2414 741 2484 796 de
2513 743 2709 796 sancta
2733 741 3029 808 Trinitate,
3055 744 3314 797 octavam
3337 742 3406 798 de
3423 755 3596 814 cruce,
3616 765 3790 808 nonam

2223 835 2282 890 in
2297 835 2521 906 jejunio
2550 838 2608 889 et
2627 835 3086 906 Quadragesima
3099 837 3498 892 tantummodo
3519 839 3784 900 dicendam.

2225 929 2333 984 Has
2362 930 2730 1000 praefationes
2741 932 2900 984 tenet
2930 934 2986 984 et
3007 930 3252 985 custodit
3268 935 3462 987 sancta
3479 933 3788 994 RomanaEc-

2224 1027 2413 1082 clesia.
2449 1029 2558 1082 Has
2583 1027 2865 1082 tenendas
2893 1027 3054 1082 vobis
3083 1027 3446 1084 mandamus.

558 1163 896 1224 OBSERVATIO.
925 1159 1195 1224 Lectorem
1218 1157 1304 1224 llic
1335 1169 1549 1207 monere
1567 1155 1732 1220 juvat,
1757 1157 1907 1208 notas
1931 1167 2045 1219 quae
2079 1151 2268 1216 Pelagii
2297 1153 2338 1201 ll
2368 1153 2618 1218 Opuscula
2647 1152 2905 1202 illustrant
2929 1152 3149 1202 Labbaao
3179 1165 3292 1203 esse
3317 1153 3604 1206 tribuendas
3631 1159 3790 1224 quoties

496 1226 640 1276 nullo
668 1223 880 1273 nomine
909 1222 1194 1285 signantur.
1225 1221 1371 1270 EDIT.

1904 1439 2112 1484 EODEM
2155 1436 2462 1482 TEMPORE.

883 1551 1937 1758 SANCTUS
2125 1549 3456 1774 AUNARIUS,

1117 1841 1846 1952 EPISCOPUS
1921 1834 3239 1951 AUTISSIODORENSIS.

505 2013 3789 2044 *ΗΜ-*ψ

1417 2135 1752 2264 NOTITIA
1835 2132 1945 2260 EX
2029 2130 2326 2260 GALLIA
2413 2127 2930 2258 CHRISTIANA.

567 2438 980 2506 Aunacharius,
1013 2437 1110 2508 qui
1129 2441 1302 2508 etper
1326 2451 1637 2508 syncopem
1657 2433 2124 2502 Aunarius,ﬁlius
2143 2445 2199 2516 B
2224 2429 2668 2484 celebrarentur.
2699 2427 2776 2481 Ex
2803 2427 3009 2498 quibus
3039 2425 3170 2480 satis
3197 2429 3443 2497 apparet
3465 2428 3592 2480 tunc
3611 2423 3801 2493 majoris

495 2532 874 2590 eratPastoris
891 2535 949 2586 et
975 2532 1315 2602 Ragnoares,
1331 2547 1638 2602 germanus
1667 2527 2124 2583 autemAustrini

495 2626 747 2700 episcopi
773 2625 1200 2680 Aurelianensis
1227 2629 1283 2679 et
1307 2623 1704 2694 Austregildis,
1729 2622 1930 2677 matris
1945 2621 2125 2676 sancti

495 2720 637 2791 Lupi
667 2718 1016 2774 Senonensis
1045 2718 1331 2784 antistitis,
1363 2721 1424 2771 ut
1447 2734 1514 2771 ex
1541 2717 1800 2788 ejusdem
1821 2715 1962 2786 Lupi
1999 2715 2124 2770 Vita

495 2813 782 2870 discimus.
814 2813 974 2867 Hunc
994 2813 1306 2884 aliquando
1326 2811 1678 2866 monachum
1691 2810 1862 2865 fuisse
1878 2809 2120 2864 etabba-

491 2913 614 2963 tem
641 2906 834 2962 Sancti
861 2906 1132 2961 Germani
1159 2907 1372 2977 vulgati
1407 2905 1626 2959 indices
1677 2909 1958 2970 asserunt,
1988 2903 2124 2974 quia

495 3003 644 3056 forte
671 3000 995 3055 coenobium
1025 2999 1500 3055 SanctiGermani
1514 3003 1745 3053 vocatur
1771 2998 1892 3068 ejus
1917 3012 2120 3052 mona-

495 3094 730 3149 sterium
749 3093 808 3146 in
834 3093 986 3146 Actis
1012 3093 1192 3147 sancti
1218 3093 1499 3160 Walarici,
1532 3108 1630 3146 seu
1652 3091 1805 3163 quia,
1821 3108 1888 3144 ex
1899 3090 2118 3158 Herico,

497 3188 680 3244 sancti
707 3186 980 3242 Germani
1007 3186 1304 3241 basilicam
1341 3185 1661 3256 magnificis
1709 3185 1936 3256 praediis
1963 3186 2119 3240 locu-

495 3281 748 3354 pletavit.
779 3281 924 3334 Nam
955 3280 1162 3335 eodem
1190 3283 1420 3336 auctore
1471 3279 1688 3350 primos
1719 3277 2122 3334 adolescentiae

495 3392 678 3432 annos
711 3375 770 3428 in
810 3374 942 3428 aula
972 3374 1313 3429 Guntramni
1349 3373 1502 3446 regis
1533 3373 1738 3444 exegit,
1777 3390 1888 3444 quo
1923 3373 2120 3427 relicto

493 3468 938 3542 postpositisque
976 3468 1308 3538 parentibus
1347 3469 1602 3523 Turones
1637 3467 1880 3538 aufugit,
1911 3467 2006 3520 ubi
2049 3467 2122 3521 ad

494 3565 821 3635 sepulcrum
872 3563 1050 3616 sancti
1099 3561 1343 3629 Martini,
1399 3578 1564 3617 coma
1609 3561 1809 3633 capitis
1859 3561 2118 3629 detonsa,

493 3657 740 3713 clericali
771 3657 1107 3710 saecularem
1161 3660 1380 3711 vestem
1423 3656 1683 3710 mutavit.
1717 3657 1858 3710 Tum
1897 3655 1970 3709 ad
1997 3655 2118 3710 Sia-

495 3752 686 3823 grium
704 3750 1284 3820 Augustodunensem
1311 3750 1643 3821 episcopum
1663 3749 1960 3816 adductus,
1990 3753 2118 3804 tan—

2225 2522 2475 2578 ecclesiae
2497 2523 2712 2578 elerum
2746 2537 2862 2575 non
2893 2519 3210 2575 admodum
3259 2520 3620 2590 frequentem
3645 2517 3800 2572 fuisse.

2222 2617 2420 2671 Tribus
2443 2615 2772 2687 subscripsit
2788 2613 3041 2669 conciliis
3055 2613 3472 2680 Aunacharius,
3485 2611 3750 2666 Parisiensi
3765 2625 3803 2662 ιγ

2223 2727 2376 2765 anno
2422 2712 2521 2764 573
2562 2714 2620 2763 et
2643 2707 3149 2764 Matisconensibus
3185 2706 3412 2762 duobus
3443 2706 3602 2760 annis
3643 2707 3728 2760 583
3760 2707 3804 2757 et

2225 2807 2344 2871 585,
2362 2807 2418 2858 et
2444 2801 2950 2873 Augustodunensi
2967 2817 3060 2856 an.
3081 2803 3203 2868 589,
3232 2800 3396 2871 cujus
3417 2817 3544 2854 cum
3569 2797 3802 2870 episcOpis

2223 2897 2446 2969 scripsit
2465 2897 2539 2951 ad
2569 2896 3004 2966 Gundegilisum
3027 2893 3520 2965 Burdegalensem
3549 2892 3806 2965 epistolam

2223 3009 2351 3064 quae
2389 2992 2637 3045 refertur
2663 3008 2696 3044 a
2729 2989 3004 3060 Gregorio
3048 2988 3370 3043 Turonensi
3395 2988 3494 3042 lib.
3525 3004 3594 3055 1x,
3623 3003 3729 3056 cap.
3753 2985 3798 3038 41

2226 3093 2389 3158 (Tom.
2440 3089 2642 3145 Patrol.
2693 3091 2882 3155 LXXI,
2935 3088 3033 3142 col.
3083 3089 3184 3141 510
3219 3091 3270 3141 et
3313 3087 3506 3156 seqq.).
3557 3083 3806 3157 Synodum

2221 3183 2344 3255 ipse
2355 3182 2622 3237 habuitin
2641 3181 2781 3236 urbe
2809 3197 2909 3236 sua
2929 3197 3060 3235 cum
3081 3180 3339 3235 dioecesis
3363 3179 3670 3244 abbatibus,
3684 3193 3804 3248 pres-

2221 3276 2435 3347 byteris
2455 3279 2513 3330 et
2537 3275 2790 3330 diaconis
2809 3275 2868 3328 in
2897 3291 3009 3345 qua
3033 3273 3425 3345 plurimiediti
3453 3275 3582 3327 sunt
3599 3285 3802 3326 canones

2221 3370 2280 3423 in
2295 3369 2500 3440 quibus
2511 3369 2693 3424 multa
2703 3371 2836 3423 sunt
2849 3367 3247 3422 observatione
3261 3367 3462 3438 digna.
3479 3368 3608 3422 Duae
3625 3365 3805 3420 exstant

2221 3463 2438 3534 Pelagii
2456 3479 2621 3534 papae
2641 3461 2714 3516 ad
2741 3461 3168 3516 Aunacharium
3199 3460 3482 3532 epistolae,
3504 3460 3599 3532 qui
3621 3458 3683 3514 ab
3707 3457 3801 3529 ipso

2223 3556 2559 3624 sanctuaria,
2586 3555 2646 3609 id
2695 3558 2781 3610 est
2813 3554 3068 3610 brandea
3095 3571 3196 3608 seu
3247 3571 3477 3625 pannos
3505 3571 3570 3608 ex
3611 3550 3800 3606 tumulis

2223 3651 2614 3720 apostolorum
2657 3649 2902 3720 petierat
2925 3665 3027 3720 pro
3073 3649 3236 3702 novis
3281 3648 3536 3703 ecclesiis
3569 3663 3680 3718 qua:
3704 3648 3800 3698 tum

2221 3745 2542 3814 complures
2570 3743 2630 3798 in
2657 3743 2743 3797 his
2783 3743 3042 3813 partibus
3089 3743 3588 3797 construebantur.
3624 3735 3804 3795 Petenti

493 3849 618 3898 tum
651 3843 804 3913 apud
829 3859 964 3896 eum
993 3843 1314 3898 eruditione
1343 3847 1400 3897 et
1441 3843 1743 3913 disciplina
1767 3843 2030 3913 profecit,
2063 3847 2124 3898 ut
2142 3823 2196 3897 Ο
2224 3842 2426 3897 annuit
2463 3842 2720 3914 pontifex
2750 3859 2762 3896 :
2801 3845 2860 3896 at
2899 3841 3158 3912 queritur
3185 3839 3340 3911 quod
3368 3839 3644 3894 Aunarius
3667 3835 3804 3892 italia

495 3951 674 4007 usque
705 3935 778 3990 ad
791 3937 1020 3989 culmen
1043 3936 1348 4006 pontiﬁciae
1369 3936 1662 4007 dignitatis
1682 3936 1970 4006 gradatim
1987 3953 2118 4008 pro-

493 4030 818 4084 veheretur.
847 4028 1083 4083 Atherio
1113 4029 1305 4100 itaque
1325 4029 1804 4084 Autissiodorensi
1815 4031 2059 4100 praesule
2091 4047 2120 4084 e

491 4123 630 4178 vivis
648 4125 933 4193 exempto,
955 4139 988 4176 a
1010 4123 1161 4176 clero
1181 4123 1350 4176 simul
1371 4127 1426 4177 et
1447 4124 1655 4193 populo
1679 4123 1938 4177 unanimi
1955 4139 2118 4178 voca-

495 4221 586 4273 tur
604 4216 1017 4285 Aunacharius,
1051 4217 1149 4287 qui
1169 4216 1352 4287 pridie
1379 4217 1665 4271 Kalendas
1690 4220 1834 4288 Aug.
1866 4217 2120 4271 ofﬁcium

492 4311 852 4383 episcopatus
881 4311 1145 4381 suscepit.
1172 4311 1406 4365 Sextum
1427 4328 1560 4364 eum
1583 4328 1617 4364 a
1642 4311 1810 4365 beato
1834 4311 2119 4367 Germano

487 4405 862 4460 Autissiodori
894 4405 1226 4475 episcopum
1265 4404 1533 4460 nominat
1561 4404 1789 4459 Hericus
1817 4405 1970 4460 idem
1998 4405 2116 4477 epi-

491 4501 636 4554 stola
664 4499 736 4552 ad
758 4499 1022 4553 Carolum
1050 4499 1285 4553 Calvum
1332 4499 1764 4568 imperatorem,
1799 4498 1856 4552 in
1884 4515 1998 4570 qua
2029 4516 2115 4554 re-

487 4593 600 4647 fert
623 4592 858 4647 Aunarii
886 4593 1103 4647 litteras
1125 4593 1382 4663 rogantis
1404 4593 1760 4663 Stephanum
1783 4593 2118 4647 Africanum

487 4677 886 4756 presbyterum
919 4689 982 4740 ut
1007 4687 1194 4740 Vitam
1233 4686 1492 4756 ejusdem
1519 4687 1700 4741 sancti
1748 4686 1983 4742 metrice
2017 4686 2112 4740 de-

487 4778 761 4834 scriberet
787 4783 843 4833 et
867 4783 994 4834 acta
1019 4779 1199 4834 sancti
1223 4780 1510 4834 Amatoris
1541 4780 1798 4850 prosaice
1825 4797 1838 4834 :
1861 4784 1918 4835 at
1951 4781 2118 4834 libra-

485 4873 554 4928 rii
607 4873 982 4945 proculdubio
1032 4873 1316 4927 mendum
1373 4876 1476 4940 est,
1537 4891 1673 4928 nam
1731 4874 1849 4945 ipse
1887 4873 2116 4928 Hericus

486 4967 782 5038 episcopos
809 4967 962 5022 inter
979 4967 1200 5021 medios
1225 4970 1665 5022 commemorat.
1701 4968 1898 5021 Factus
1921 4971 2116 5022 autem

485 5059 782 5131 episcopos
805 5061 1203 5116 Aunacharius
1229 5061 1478 5132 plurima
1505 5061 1564 5115 in
1587 5060 1822 5116 ecclesia
1836 5061 2112 5116 Autissio-

2224 3937 2642 3992 calamitatibus
2686 3952 2802 3990 non
2825 3935 3210 4006 compatiatur
3236 3937 3293 3988 et
3313 3935 3476 4005 quod
3505 3935 3804 3988 Francorum

2223 4047 2387 4101 reges
2417 4031 2490 4084 ad
2519 4047 2690 4101 opem
2717 4030 2768 4084 ei
2797 4028 3098 4083 ferendam
3141 4045 3258 4081 non
3304 4029 3534 4082 excitet.
3577 4022 3804 4097 Superius

2223 4125 2468 4178 diximus
2493 4123 2630 4195 quid
2652 4123 3016 4177 decessorum
3044 4137 3276 4175 suorum
3298 4120 3574 4175 Germani
3603 4123 3652 4174 et
3671 4119 3806 4172 Ama-

2221 4218 2360 4272 toris
2385 4217 2442 4271 in
2471 4218 2716 4288 gratiam
2747 4216 2950 4288 egerit.
2983 4217 3204 4286 Lupum
3225 4219 3508 4286 nepotem
3533 4227 3683 4268 suum
3697 4224 3800 4264 cum

2219 4311 2487 4366 Austrino
2521 4321 2798 4382 germano
2839 4309 2912 4364 ad
2958 4310 3170 4364 insulas
3225 4308 3531 4363 educando
3573 4303 3800 4378 provexit.

2221 4405 2494 4460 Sanctum
2520 4403 2981 4474 Austregisilum,
3011 4404 3266 4458 futurum
3295 4403 3696 4457 Bituricensem
3709 4395 3800 4468 epi-

2221 4516 2456 4570 scopum
2469 4497 2738 4552 clericum
2752 4497 2888 4550 fecit
2899 4501 2956 4550 et
2969 4496 3389 4551 subdiaconum
3411 4493 3698 4551 ordinavit.
3709 4491 3804 4542 Wa-

2217 4593 2456 4648 laricum
2483 4592 2541 4645 in
2569 4591 2986 4646 monasterium
3014 4607 3184 4644 suum
3213 4589 3470 4656 admisit,
3501 4587 3642 4660 quod
3665 4586 3714 4640 in
3735 4599 3800 4636 su-

2215 4686 2421 4740 burbio
2451 4685 2692 4740 civitatis
2725 4687 3118 4739 constructum
3165 4685 3234 4738 de
3267 4684 3618 4738 monasterio
3659 4675 3800 4734 sancti

2217 4779 2484 4835 Germani
2513 4778 2976 4852 interpretamur.
3007 4777 3144 4832 Huic
3181 4777 3557 4844 monasterio,
3587 4773 3672 4830 ubi
3703 4785 3796 4827 cor-

2215 4890 2320 4944 pus
2345 4889 2510 4927 suum
2537 4873 2845 4943 sepulturas
2875 4870 3140 4925 mandari
3155 4871 3510 4936 decreverat,
3529 4865 3800 4923 etecclesiie

2216 4983 2331 5021 suae
2355 4982 2524 5038 agros
2545 4969 2602 5020 et
2619 4965 2780 5020 villas
2810 4964 3064 5032 donavit,
3095 4965 3416 5035 plenusque
3441 4963 3672 5026 dierum,
3699 4973 3794 5012 san-

2215 5060 2410 5115 ctitate
2450 5075 2679 5132 quoque
2719 5063 2777 5113 et
2815 5059 3226 5113 miraculorum
3279 5057 3468 5129 gloria
3507 5054 3798 5112 clarissimus

485 5153 714 5207 dorensi
747 5155 1040 5209 constituit
1065 5171 1209 5226 quae,
1251 5157 1314 5208 ut
1343 5154 1630 5226 prmcipuo
1672 5155 2187 5226 observarentur“
2217 5155 2458 5209 decessit
2487 5171 2563 5208 vn
2592 5155 2713 5208 Kal.
2745 5153 2997 5219 Octobr.,
3023 5152 3146 5206 initi
3170 5153 3509 5224 praesulatus
3529 5153 3610 5216 44,
3639 5159 3796 5202 mense

1070 5205 1209 5226 γη,
1258 5205 1311 5208 η
1343 5205 1623 5226 rm--.“
1678 5205 2103 5208 -ίη-κῄ---ηκ-
2222 5205 2457 5209 παρ-η
2592 5205 2711 5208 κηη
2759 5205 2776 5208 ν
3034 5205 3037 5206 ν
3171 5205 3216 5224 ιν
3248 5205 3279 5207 η
3368 5205 3397 5206 η
3599 5205 3609 5216 ,

481 5246 699 5316 vigore,
716 5247 1058 5303 Guntramni
1073 5249 1224 5320 regis
1238 5249 1576 5304 auctoritate
1591 5248 1910 5314 roboravit;
1932 5249 1988 5302 in
2003 5249 2109 5316 his,
2131 5205 2190 5278 D
2219 5253 2265 5316 l,
2299 5249 2498 5303 diebus
2519 5251 2604 5303 23.
2621 5250 2837 5318 Corpus
2863 5247 2937 5302 ad
2958 5249 3220 5301 sanctum
3243 5247 3594 5301 Germanum
3615 5237 3798 5297 funebri

485 5343 614 5394 l°ut
630 5343 1001 5410 monasteria,
1021 5343 1270 5397 basilicae
1291 5342 1613 5398 etecclesiae
1635 5341 1968 5413 parceciales
1991 5359 2109 5396 cer-

479 5434 552 5488 tis
575 5433 775 5488 diebus
797 5453 900 5506 per
927 5452 1187 5491 mensem
1215 5453 1346 5491 cum
1373 5438 1524 5492 clero
1543 5441 1600 5492 et
1625 5437 1835 5508 populo
1867 5435 2114 5506 rogatio-

481 5545 582 5583 nes
609 5530 903 5596 facerent;
937 5534 994 5584 2°
1035 5531 1239 5603 quibus
1261 5531 1418 5586 horis
1444 5531 1652 5603 vigilia:
1693 5529 1893 5584 diebus
1919 5529 2107 5585 Domi-

479 5622 619 5676 nicis
649 5640 714 5678 ac
758 5623 1267 5696 archipresbyteris
1312 5631 1368 5680 et
1420 5625 1724 5680 abbatibus
1769 5624 2012 5696 propriis
2051 5625 2110 5678 in

2215 5360 2430 5414 pompa
2455 5343 2824 5406 tumulatum,
2861 5340 2992 5394 inde
3025 5357 3196 5411 capsa
3222 5343 3504 5410 argentea
3539 5337 3794 5396 inclusum,

2212 5437 2636 5491 calvinistarum
2663 5437 2866 5506 postea
2887 5433 3082 5504 praeda
3103 5433 3226 5488 fuit.
3241 5433 3368 5504 Proj
3379 5437 3504 5487 ecta
3524 5447 3646 5484 vero
3661 5441 3800 5483 ossea

2213 5534 2514 5589 Catholicis
2543 5532 2780 5588 collecta
2806 5549 2938 5587 cum
2973 5531 3097 5586 aliis
3128 5531 3186 5586 in
3220 5535 3433 5602 cryptis
3461 5529 3533 5585 ad
3567 5523 3796 5583 meridio-

2213 5625 2404 5678 nalem
2436 5625 2750 5680 fenestram
2783 5622 3075 5680 recondita
3107 5623 3286 5678 fuere.
3348 5621 3561 5678 Colitur
3601 5635 3664 5674 v11
3695 5614 3796 5670 Kal.

481 5715 614 5770 locis
641 5717 881 5782 ﬁerent;
923 5721 982 5774 3°
1027 5735 1061 5772 a
1086 5717 1290 5788 quibus
1319 5718 1524 5788 vigiliae
1571 5719 1630 5772 in
1669 5718 1903 5774 basilica
1931 5719 2110 5774 sancti
2211 5718 2439 5772 Octobr.

477 5806 753 5879 Stephani
773 5825 906 5869 cum
936 5809 1238 5870 abbatibus
1257 5811 1494 5886 singulis
1509 5799 1890 5868 hebdomadae
1910 5811 2109 5868 diebus
