3996 6188
393 437 1445 573 CONGILIUM“
1539 398 3336 580 ANTISSIODORENSE”.

1437 649 2286 772 SYNODUS

215 826 277 869 ΑΒ
340 815 720 868 AIINACHARIO
790 821 1087 870 EPISCOPO
1148 823 1719 882 ANTISSIODORENSI,
1789 828 1909 872 CUM
1973 826 2266 872 DICECESIS
2330 826 2459 872 SU2E
2523 825 2900 884 ABBATIBUS,
2967 829 3045 872 ET
3111 827 3521 875 PRESBYTERIS

278 904 611 948 CELEBRATA
681 904 738 948 lC
807 905 917 950 SUB
989 904 1203 950 ANNUM
1278 906 1518 951 CHRISTI
1588 891 1921 954 DLXXVIIIi
1952 908 2000 965 ο,
2076 909 2135 953 ID
2205 907 2340 964 EST,

275 984 434 1030 REGIS
473 984 652 1029 XVIII.

2416 908 2658 954 PELAGII
2730 911 2771 954 II
2841 909 3011 954 ΡΔΡΛΕ
3077 912 3119 971 I,
3185 910 3527 956 CHILPERICI

1279 1167 1684 1262 TITULI
1787 1167 2405 1264 CANONUM.

206 1320 242 1406 ἔξ
469 1311 1210 1406 ἓῗτξῗξὲῗέξῖἐἪέδίξῗῖἓρ’ς.π
1256 1375 1306 1406 ςη
1345 1376 1617 1406 “Mm-..
1660 1393 1765 1406 η...
1812 1317 2064 1406 ΑΧΠΠ·
2193 1316 3119 1406 θθηὲίέἓὲηιδῗὲῗίῖηὲῗὶ.ςῖίέοηδθδί
3161 1318 3379 1382 Ρθθθθίδ
3412 1330 3519 1368 ⁰⁰¹¹

206 1381 256 1430 II.
469 1379 530 1428 Ut
559 1376 973 1442 Quadragesimw
1011 1376 1212 1426 initium
1255 1376 1309 1426 in
1345 1376 1622 1442 epiphania
1660 1393 1792 1432 nun-
1812 1376 1872 1406 η
2214 1376 2524 1442 νξεήιεηᾱειῑ,
2549 1384 2638 1428 aut
2663 1376 2948 1429 denuntiat.

539 1440 712 1490 tietur.
1379 1440 1390 1441 7
1433 1440 1448 1442 7
1891 1443 2065 1493 XXIV.
2195 1440 2381 1490 Abbati
2405 1445 2492 1490 aut
2523 1443 2782 1492 monacho
2810 1443 2875 1491 ad
2904 1442 3109 1493 nuntias
3137 1442 3212 1490 ire
3243 1454 3352 1490 non
3378 1440 3520 1490 licet.

205 1505 275 1568 III.
467 1504 532 1568 Ut
554 1507 673 1551 vota
699 1504 749 1568 et
771 1500 962 1564 vigilite
988 1499 1042 1568 in
1073 1499 1296 1568 ecclesia
1309 1504 1672 1568 _exsolvantur.
1890 1505 2042 1555 XXV.
2197 1504 2381 1552 Abbati
2396 1507 2496 1568 aut
2522 1505 2780 1554 monacho
2803 1504 2937 1554 ﬁlios
2961 1499 3025 1554 de
3050 1503 3306 1568 baptismo
3327 1502 3520 1552 habere

203 1565 275 1616 IV.
467 1566 534 1616 Ut
560 1563 775 1627 auguria
804 1563 855 1627 et
882 1564 1142 1627 sortilegis
1168 1578 1274 1613 non
1301 1564 1439 1615 ﬁant.
2263 1580 2370 1615 non
2395 1566 2530 1615 licet.

204 1628 252 1692 Υ.
465 1626 665 1692 Vigilize
690 1626 855 1676 sancti
879 1626 1084 1692 Martini
1108 1626 1417 1692 interdictis.
1891 1630 2063 1681 XXVI.
2195 1628 2267 1678 De
2297 1642 2464 1692 paena
2491 1628 2693 1692 abbatis
2721 1630 2808 1692 qui
2846 1629 3120 1692 mulierem
3159 1627 3216 1678 in
3263 1631 3522 1678 monaste-

203 1690 272 1754 VI.
465 1688 779 1754 Ut7chrisma
805 1703 835 1737 a
857 1688 1028 1754 media
1051 1689 1452 1754 Quadragesima
1474 1693 1696 1754 petatur.
2265 1688 2398 1738 rium
2424 1691 2624 1754 ingredi
2649 1688 2959 1754 permiserit.

201 1751 292 1816 VII.
467 1755 542 1816 De
569 1751 780 1816 synodis
803 1751 1246 1816 presbyterorum,
1267 1751 1322 1801 7et
1339 1751 1603 1816 abbatum.
1892 1754 2086 1804 XXVII.
2197 1751 2558 1816 Novercam7in
2585 1751 2802 1802 uxorem
2827 1753 3064 1816 accipere
3088 1765 3196 1802 non
3221 1752 3363 1802 licet.

201 1815 310 1877 VIII.
463 1813 865 1877 Quodgmulsum
891 1813 944 1861 in
964 1813 1114 1877 altari
1140 1813 1326 1863 oﬂ’erre
1351 1829 1458 1864 non
1483 1815 1653 1865 liceat.
1891 1817 2110 1867 XXVIII.
2196 1816 2302 1864 Nec
2330 1815 2620 1877 privignam
2658 1815 2868 1865 ducere.

200 1876 267 1926 IX.
463 1880 554 1939 Ne,
585 1875 731 1926 chori
775 1879 825 1939 et
866 1875 1068 1925 cantica
1090 1877 1397 1939 puellarum,
1423 1891 1522 1928 nec
1556 1877 1792 1928 convivia
1891 1879 2062 1928 XXIX.
2198 1878 2303 1925 Nec
2330 1875 2619 1938 cognatam.

543 1938 597 1988 in
627 1937 852 1988 ecclesia
878 1937 1261 2000 permittuntur.
1381 1937 1390 1939 7
1891 1942 2041 1990 XXX.
2202 1940 2305 1988 Nec
2332 1939 2458 1988 duas
2481 1953 2704 1988 sorores.

199 2001 248 2051 Χ.
465 2004 541 2052 Ne
582 2002 637 2050 in
675 2000 821 2074 altari
845 1999 935 2071 ubi
964 2000 1241 2110 episcogus
1264 2000 1445 2052 missas
1473 2001 1619 2064 dixit,
1648 2015 1791 2066 pres-
1892 2003 2064 2052 XXXI.
2196 2003 2302 2051 Nec
2332 2001 2719 2074 consobrinam,
2744 2004 2832 2073 aut
2859 1999 3141 2051 sobrinum.

541 2063 694 2110 bvter
716 2063 804 2110 illa
829 2061 911 2110 die
939 2077 1118 2110 missas
1180 2065 1294 2110 teat.
1891 2066 2087 2110 XXXII.
2199 2065 2304 2110 Nec
2335 2065 2567 2110 relictam
2592 2064 2853 2110 avunculi.

541 2063 694 2126 byter
716 2063 804 2126 illa
829 2061 923 2126 die,
939 2061 1118 2112 missas
1141 2061 1294 2126 dicat.
1389 2125 1419 2126 η
1607 2061 1614 2064 ⁷
1648 2061 1666 2066 “
1891 2066 2087 2114 XXXII.
2199 2065 2304 2113 Nec
2335 2065 2567 2113 relictam
2592 2063 2853 2113 avunculi.

197 2125 266 2175 XI.
464 2127 540 2176 De
569 2125 758 2190 vigiliis
782 2125 1012 2187 Paschaa,
1041 2125 1243 2188 natalis,
1269 2127 1322 2174 et
1356 2125 1572 2176 aliarum
1604 2127 1792 2177 sclem-
1891 2127 2109 2178 XXXIII.
2197 2127 2260 2176 Ut
2283 2127 2572 2190 presbyteri
2600 2131 2654 2176 et
2676 2125 2880 2176 diaconi
2905 2137 3113 2175 reorum
3129 2125 3391 2190 supplicia
3414 2139 3521 2176 non

538 2188 776 2238 uitatum.
2267 2188 2519 2238 spectent.

194 2250 284 2300 XII.
463 2205 796 2316 Neniiiacii-Jtliiis
838 2249 1147 2316 eucharistia
1175 2249 1344 2316 detur,
1368 2263 1468 2300 nec
1511 2249 1747 2302 osculum
1773 2267 1786 2302 :
1891 2252 2110 2316 XXXIV.
2198 2205 2558 2316 ῃιθξξέειιξξῖὲτ
2575 2249 2772 2316 judicio
2800 2250 2981 2316 capitis
3008 2265 3115 2316 non
3141 2250 3359 2316 intersit.

539 2317 600 2377 e_t_
617 2326 682 2361 ne
707 2313 824 2361 velo
846 2313 1093 2377 velpalla
1119 2312 1462 2377 involvantur.
1524 2375 1535 2377 _
1890 2315 2089 2364 XXXV.
2202 2313 2264 2363 Ut
2287 2312 2528 2363 clericus
2568 2312 2820 2363 clericum
2857 2312 2923 2362 ad
2960 2313 3193 2377 judicem
3217 2313 3520 2364 saecularem

193 2375 304 2424 XIII.
462 2378 528 2426 Ut
551 2374 802 2424 diaconus
830 2374 979 2436 pallis
1003 2375 1240 2437 scapulas
1267 2388 1374 2424 non
1399 2375 1645 2425 involvat.
2264 2389 2370 2425 non
2397 2377 2582 2426 trahat.

191 2437 301 2502 XIV.
459 2442 536 2488 Ne
563 2437 677 2499 quis
705 2437 757 2486 in
786 2435 1413 2502 baptisteriosepeliatur.
1889 2438 2106 2502 XXXVI.
2198 2437 2460 2502 Utmulier
2476 2437 2837 2502 eucharistiam
2849 2437 2988 2502 nuda
3001 2451 3267 2488 manunon
3281 2435 3518 2502 accipiat.

191 2499 279 2563 XV.
459 2504 538 2550 Ne
570 2502 802 2563 mortuus
829 2499 1542 2563 supramortuummittatur.
1889 2501 2134 2550 XXXVII.
2197 2500 2269 2549 Ne
2296 2501 2483 2550 mulier
2508 2501 2671 2563 pallas
2699 2499 2987 2549 dominicas
3013 2504 3319 2551 contrectet.

191 2561 300 2610 XVI.
459 2565 538 2612 De
566 2561 925 2610 observatione
952 2561 1056 2609 diei
1085 2561 1383 2610 Dominicse.
1888 2563 2154 2613 XXXVIII.
2200 2563 2260 2612 Ut
2285 2564 2457 2612 nullus
2493 2561 2612 2612 eum
2653 2563 3103 2612 excommunicato
3149 2562 3520 2613 communicet.

190 2622 323 2672 XVII.
462 2628 539 2674 De
571 2623 630 2671 iis
655 2623 742 2685 qui
769 2623 866 2672 sibi
893 2627 1114 2672 mortem
1143 2624 1492 2673 consciscunt.

1889 2624 2104 2675 XXXIX.

2198 2626 2262 2674 Ut
2280 2625 2365 2688 qui
2389 2639 2507 2674 cum
2529 2625 2980 2675 excommunicato
3003 2626 3355 2676 communicat
3369 2623 3525 2674 simili

190 2685 344 2737 XVIII.
459 2690 528 2739 Ut
564 2683 850 2771 baptism'us
881 2690 1032 2771 extra
1079 2686 1274 2735 Pascha
1319 2686 1419 2735 nisi
1465 2683 1863 2771 moribundisB
1892 2750 1954 2771 Ἦ
2198 2751 2237 2771 υ
2263 2683 2531 2771 sententiae
2556 2688 2840 2771 subjaceat.

538 2748 644 2813 non
670 2748 978 2813 conferatur.
1063 2811 1075 2813 _
1145 2809 1154 2813 Α
1196 2811 1204 2813 _
1331 2811 1342 2813 _
1383 2810 1396 2813 _
1524 2812 1527 2813 ν
1759 2800 1770 2808 ,
1809 2748 1863 2771 υ
1888 2750 1990 2798 XL.
2197 2751 2268 2798 Ne
2296 2751 2566 2813 presbyter
2589 2750 2724 2813 inter
2749 2749 2927 2812 epulas
2958 2752 3149 2807 cantet,
3180 2751 3266 2798 aut
3290 2748 3456 2813 saltet.

190 2809 294 2860 XIX.
460 2814 530 2864 Ut
557 2811 724 2875 missae
751 2825 782 2859 a
805 2810 997 2874 jejunis
1033 2809 1236 2861 clericis
1269 2810 1598 2860 celebrentur
1624 2813 1675 2859 et
1701 2824 1788 2860 au-
1888 2812 2011 2860 XLI.
2196 2809 2522 2875 Presbytero,
2548 2812 2630 2875 vel
2665 2809 2886 2875 diacono
2912 2824 3156 2875 accusare
3184 2824 3289 2859 non
3318 2812 3452 2875 licet.

540 2874 762 2922 diantur.
810 2873 817 2874 7
860 2873 870 2874 7
1887 2875 2036 2923 XLII.
2196 2875 2257 2923 Ut
2302 2873 2489 2923 mulier
2531 2873 2642 2921 sine
2670 2873 2969 2922 dominicali
3006 2887 3113 2922 non
3149 2873 3519 2922 communicet.

189 2933 274 2984 XX.
462 2939 530 2987 Ut
574 2935 993 3008 archipresbyter
1040 2934 1467 3008 denelericorum
1523 2933 1789 3008 adulteriis
1887 2936 2057 2985 XLIII.
2189 2933 2267 2985 De
2312 2935 2691 3008 pretia-judicia:
2727 2935 3105 3008 quihclericum
3145 2935 3256 2984 sine
3287 2934 3519 2998 episcOpi

539 2997 807 3070 episcopo,
837 2997 916 3071 vel
950 2997 1316 3071 archidiacono
1347 2997 1631 3068 denuntiet.

458 3062 738 3133 Utclerici
761 3064 1023 3133 conjugati
1051 3060 1116 3132 ab
1142 3060 1390 3133 uxoribus
1416 3060 1721 3133 abstineant.

2261 2997 2522 3047 voluntate
2549 2997 2884 3046 distrinxerit.
3319 2997 3332 2998 7
3468 2997 3481 2998 7

1895 3059 2058 3109 XLIV.
2195 3061 2269 3110 De
2307 3075 2460 3124 paena
2486 3060 2605 3133 laici
2631 3061 2720 3133 qui
2749 3059 3189 3124 archipresbyteri
3212 3059 3520 3110 admonitio-

186 3120 316 3171 XXII.
457 3123 674 3172 Relicta;
693 3120 874 3186 clerici
894 3120 1012 3186 post
1036 3123 1148 3185 ejus
1171 3127 1391 3172 mortem
1415 3122 1562 3172 alteri
1588 3122 1787 3172 nubere
1889 3184 1950 3186 _7
1973 3185 2015 3186 η
2260 3120 2384 3186 nem
2413 3120 2722 3186 contemnit.

541 3199 646 3234 non
669 3185 807 3234 licet.
895 3184 912 3186 7
1067 3184 1074 3185 7
1888 3184 2034 3233 XLV.
2196 3186 2268 3234 De
2295 3185 2656 3236 observatione
2685 3184 2874 3234 horum
2903 3197 3184 3236 canonum.

1390 3416 2259 3548 CANONES.

998 3601 1038 3652 Ι.

239 3694 352 3748 Non
381 3693 558 3749 liceat
585 3691 1119 3748 KalendisJanuarii
1137 3694 1344 3761 vetula,
1361 3697 1459 3748 aut
1475 3695 1699 3750 cervolo
1714 3695 1792 3748 fa-

183 3801 292 3842 cere
313 3788 352 3854 ³,
379 3789 465 3842 vel
509 3790 702 3842 stenas
725 3786 1036 3843 diabolicas
1067 3786 1373 3842 observare
1399 3805 1411 3854 ;
1446 3789 1546 3843 sed
1573 3787 1633 3842 in
1667 3787 1790 3858 ipsa

1895 3598 1987 3652 die
2018 3599 2096 3654 sic
2127 3597 2323 3654 omnia
2353 3597 2635 3654 beneﬁcia
2663 3597 3011 3666 tribuantur,
3043 3597 3186 3652 sicut
3205 3597 3263 3650 et
3285 3593 3522 3666 reliquis

1893 3691 2112 3747 diebus.

1316 3887 1514 3944 NOTAE
1551 3889 1785 3944 JACOBI
1826 3888 2181 3956 SIRMONDI,
2209 3863 2279 3943 's.
2320 3889 2366 3942 ι.

245 3978 257 4010 ³
285 3978 341 4030 In
370 3977 594 4049 synodo
619 3975 1097 4032 Antissiodorensi
1121 3976 1262 4050 nihil
1283 3981 1369 4050 est
1384 3977 1538 4050 quod
1565 3981 1793 4050 tempus

183 4045 416 4120 denotet,
470 4053 944 4120 praeternomen
997 4049 1343 4102 Aunacharii
1394 4045 1642 4120 episc0pi
1686 4045 1792 4120 7qui

182 4119 406 4190 praefuit.
439 4121 574 4186 Nos,
620 4119 751 4190 quia
781 4120 1089 4174 verisimile
1135 4119 1445 4174 videbatur
1478 4119 1601 4174 sub
1629 4119 1792 4176 initia

183 4188 521 4260 episcopatus
565 4188 821 4246 habitam
877 4191 1068 4257 fuisse,
1098 4191 1272 4244 satius
1318 4191 1579 4244 duximus
1621 4193 1790 4261 paulo

180 4265 291 4329 post
314 4262 621 4316 concilium
653 4278 705 4315 1v
751 4261 1089 4327 Parisiense,
1114 4262 1201 4316 cui
1229 4262 1586 4326 interfuerat,
1617 4264 1788 4316 collo-

181 4346 311 4403 care,
345 4350 523 4403 quam
560 4332 632 4385 ad
673 4348 890 4385 annum
921 4333 1125 4403 Christi
1164 4335 1284 4400 590,
1317 4334 1470 4402 quod
1501 4333 1793 4386 nonnullis

180 4401 386 4470 placuit,
430 4403 694 4473 rejicere.
724 4402 1036 4456 Absurdius
1076 4407 1268 4458 autem
1307 4401 1389 4457 illi
1415 4404 1650 4469 faciunt,
1695 4405 1794 4474 qui

179 4487 313 4544 anno
357 4477 462 4528 614-
495 4475 799 4540 collocant,
827 4490 957 4527 cum
988 4476 1340 4544 exploratum
1388 4476 1459 4528 sit
1489 4476 1787 4528 Aunacha-

178 4543 307 4598 rium
331 4546 509 4600 vitam
543 4545 616 4599 ad
645 4562 711 4599 ea
740 4561 919 4615 usque
940 4543 1204 4615 tempora
1226 4563 1343 4600 non
1363 4545 1717 4615 produxisse.

237 4622 258 4662 2
283 4615 527 4680 Quidam
571 4616 698 4670 libri
730 4617 928 4679 vecola,
963 4616 1058 4670 alii
1102 4619 1318 4679 vcecola,
1343 4624 1442 4670 aut
1478 4619 1674 4678 recolo,
1707 4617 1786 4670 le-

179 4693 320 4757 gunt.
335 4689 530 4742 Lectio
552 4692 745 4742 nostra
761 4693 1053 4742 auctorem
1073 4688 1246 4741 habet
1266 4691 1526 4742 sanctum
1545 4688 1790 4757 Eligium

177 4755 224 4808 in
251 4775 513 4814 sermone
543 4758 615 4812 ad
638 4775 873 4813 omnem
905 4759 1164 4830 plebem:
1189 4760 1407 4814 «Nemo
1440 4759 1497 4813 in
1521 4755 1792 4814 Kalendis

1889 3977 2146 4031 Januarii
2167 3977 2420 4032 nefanda
2441 3980 2497 4032 et
2523 3977 2848 4044 ridiculosa,
2877 3978 3094 4033 vetulas
3123 3981 3223 4032 aut
3247 3977 3520 4042 cervolos,

1892 4050 1977 4103 vel
2001 4049 2242 4118 jocticos
2272 4049 2462 4104 faciat.
2488 4072 2514 4098 »
2561 4051 2751 4104 Exstat
2780 4050 2871 4104 hic
2895 4066 3086 4104 sermo
3113 4049 3170 4102 in
3200 4047 3518 4120 appendice

1890 4117 2045 4192 tomis
2084 4138 2136 4174 IX
2189 4137 2431 4190 operum
2474 4121 2653 4175 sancti
2699 4121 3023 4192 Augustini,
3071 4117 3521 4192 tract.7720,_s_in_e

1893 4191 2129 4246 nomine
2185 4187 2464 4256 auctoris;
2499 4209 2698 4246 revera
2734 4187 2928 4247 autem
2985 4195 3071 4244 est
3121 4191 3301 4244 sancti
3353 4187 3520 4258 Eligii

1893 4263 2143 4333 episcOpi
2193 4263 2888 4338 Novi_ome_nsisveterum
2938 4260 3520 4338 exemplariummcon-

1893 4329 2102 4401 sensu,7
2130 4337 2187 4388 et
2216 4334 2478 4388 Audoeni
2509 4333 2839 4387 testimonio
2876 4333 2933 4386 in
2961 4332 3084 4384 Vita
3111 4329 3290 4384 Sancti
3331 4329 3518 4401 Eligii.

1892 4405 2048 4457 Hanc
2070 4399 2266 4458 autem
2295 4405 2601 4458 lectionem
2629 4404 2949 4468 confirmat,
2978 4402 3261 4470 simulque
3289 4399 3426 4470 quid
3452 4399 3524 4470 sit

1892 4476 2080 4528 vetula
2109 4481 2202 4528 aut
2225 4476 2450 4528 cervolo
2478 4475 2666 4528 facere
2691 4475 2856 4527 docet
2873 4477 3031 4526 vetus
3050 4469 3520 4542 pmnitentialein

1891 4545 2096 4600 Codice
2141 4545 2563 4614 Andegavensi.
2603 4567 2629 4592 «
2662 4545 2718 4599 Si
2747 4545 2892 4614 quis,
2932 4540 3138 4614 inquit,
3166 4543 3234 4614 in,
3256 4540 3522 4614 Kalendis

1891 4617 2172 4671 Januariis
2195 4617 2251 4669 in
2291 4611 2517 4669 cervulo
2549 4620 2604 4668 et
2629 4615 2688 4668 in
2718 4611 2906 4670 vetula
2933 4611 3120 4680 vadet,
3148 4613 3329 4667 tribus
3358 4611 3524 4667 annis

1890 4687 2188 4758 paeniteat,
2215 4687 2350 4757 quia
2371 4687 2478 4741 hoc
2493 4686 2820 4758 dazmonum
2848 4690 2994 4740 est.»
3019 4684 3331 4756 Utrobique
3348 4699 3521 4756 porro

1891 4757 2072 4812 uetula
2100 4759 2285 4828 prisco
2307 4775 2469 4812 more
2499 4757 2774 4829 scriptum
2805 4774 2909 4830 pro
2941 4758 3131 4812 vitula.

1449 4858 1651 4913 NOTAE
1692 4857 2011 4914 SEVERINI
2051 4857 2231 4911 BlNlI.

235 4947 361 5001 'Ad
392 4948 835 5002 ecclesiasticam
885 4946 1246 5018 disciplinam
1293 4964 1396 5002 nec
1439 4967 1554 5003 non
1589 4966 1787 5003 mona-

174 5015 357 5072 sticam
409 5019 839 5073 observantiam
881 5015 1269 5085 retinendam,
1306 5020 1364 5073 in
1394 5021 1500 5075 hoc
1549 5021 1789 5075 concilio

172 5090 360 5142 sanciti
387 5091 763 5170 reperiunt-ur.
785 5090 1170 5170 quadraginta
1219 5091 1471 5170 quinque
1504 5109 1786 5170 canones;

172 5173 404 5227 quorum
427 5163 688 5215 nonnulli
716 5162 821 5215 etsi
848 5162 906 5215 in
935 5178 1035 5214 usu
1069 5177 1190 5214 esse
1223 5162 1516 5228 desierint,
1547 5163 1792 5228 antiqui-

172 5181 404 5227 quorum
427 5181 688 5215 nonnum
716 5181 821 5215 GLSI
848 5181 906 5215 ιη
936 5181 1035 5214 usu
1069 5181 1190 5214 esse
1223 5181 1516 5228 αδδιδι-ιω,
1547 5181 1681 5216 antu
1712 5181 1791 5216 ui-

169 5231 289 5284 tatis
339 5235 542 5286 tamen
597 5233 812 5287 indices
862 5236 1288 5287 remanserunt.
1319 5233 1635 5289 Concilium
1681 5181 1791 5288 iuit

171 5317 273 5356 non
320 5303 692 5373 provinciale,
753 5304 854 5357 sed
912 5303 1296 5358 dioecesanum
1343 5305 1656 5371 duntaxat,
1698 5305 1790 5358 cui

169 5373 308 5446 solus
333 5374 733 5430 Aunacharius
752 5445 758 5446 ί
777 5374 1036 5444 ejusdem
1063 5375 1301 5430 civitatis
1329 5377 1627 5446 episcopus
1660 5392 1789 5430 cum

167 5443 461 5517 abbatibus
519 5452 572 5500 et
615 5443 962 5517 presbyteris
1015 5446 1272 5516 ejusdem
1333 5443 1592 5502 dimcesis
1641 5463 1788 5517 prae-

169 5514 281 5569 fuit.
327 5518 502 5571 Plura
546 5514 632 5571 ex7
653 5517 738 5584 iis,
767 5514 894 5588 quae
936 5517 995 5572 in
1033 5514 1428 5573 Matisconensi
1472 5536 1511 5574 ιι
1550 5514 1788 5573 concilio

166 5590 366 5642 statuta
397 5588 648 5656 fuerant,
681 5587 884 5660 cuique
927 5588 1046 5660 ipse
1085 5591 1479 5645 Aunacharius
1509 5589 1787 5657 interfuit,

168 5660 217 5710 et
242 5663 399 5733 sexto
438 5660 564 5714 loco
609 5660 957 5732 subscripsit,
997 5660 1214 5731 pariter
1253 5661 1343 5715 hic
1383 5661 1627 5733 repetita
1666 5677 1788 5717 esse

167 5731 544 5798 reperiuntur.

228 5799 253 5839 δ
289 5801 775 5872 Antissiodorum,
831 5803 1016 5877 inquit
1047 5803 1311 5872 Ortelius,
1347 5824 1373 5853 «
1403 5802 1556 5859 urbis
1603 5808 1688 5860 est
1730 5804 1789 5860 in

1894 4946 2417 5019 Burgundionibus,
2444 4945 2597 5012 vino,
2613 4947 2777 5019 quod
2799 4945 2934 4999 inde
2957 4941 3524 5019 u_o_rnen_h_abet,pl_u-

1894 5013 2101 5073 rimum
2132 5018 2450 5072 nobilitata.
2481 5013 2659 5072 Hodie
2685 5021 2933 5073 Amerre
2946 5015 3150 5070 dicitur
3171 5015 3307 5084 [Hoc
3327 5013 3521 5068 certis-

1892 5089 2130 5162 simum],
2152 5090 2469 5162 secundum
2508 5089 2812 5162 quosdam.
2844 5110 2870 5136 ››
2894 5088 3005 5162 _Ita
3041 5083 3356 5162 Hort7e_lius;
3399 5083 3522 5138 aliis

1893 5165 1977 5214 est
2033 5156 2228 5215 civitas
2286 5160 2476 5215 Galliae
2525 5156 2937 5227 Lugdunensis
2977 5157 3141 5227 juxta
3196 5156 3524 5227 Sequanam

1894 5177 1977 5214 cst
2033 5177 2228 5215 emtas
2286 5177 2476 5215 ualuas
2538 5177 2937 5284 Lugdunenms
2977 5177 3141 5227 juxta
3196 5177 3516 5281 aetéuanam

1894 5233 2598 5306 [Icaunam],rsita,quze_a
2671 5231 2934 5306 tolemaeo
2959 5228 3255 5306 Autricum
3323 5227 3516 5281 icitur:

1892 5301 2158 5359 meminit
2181 5301 2310 5375 ejus
2335 5301 2660 5357 Antoninus
2687 5301 2746 5356 in
2780 5301 3097 5356 Itinerario.

1961 5459 1982 5485 ε
2007 5449 2180 5502 Paulo
2204 5449 2331 5518 post
2352 5446 2658 5501 concilium
2675 5445 3096 5518 Matisconense
3117 5460 3156 5499 ιι
3182 5444 3332 5497 hanc
3356 5456 3523 5518 syno-

1891 5518 2027 5590 dum
2055 5511 2326 5590 habitam
2344 5519 2513 5572 fuisse
2546 5518 2653 5573 hoc
2674 5518 2884 5573 indicio
2909 5517 3214 5590 colligitur,
3233 5511 3386 5590 quod
3406 5514 3516 5563 Au-

1893 5589 2192 5665 nacharius
2223 5589 2448 5665 utrique
2461 5590 2821 5665 interfuerit,
2855 5585 3095 5661 quaeque
3121 5586 3219 5665 illo
3257 5585 3513 5665 Matisco-

1893 5660 2059 5714 nensi
2078 5677 2115 5715 11
2142 5653 2434 5715 communi
2461 5663 2693 5717 Patrum
2715 5653 3243 5731 consensu7sancita
3266 5653 3512 5731 fuerant,

1892 5731 1996 5786 hac
2014 5731 2233 5802 synodo
2274 5732 2595 5789 dioecesana
2629 5734 2744 5789 suis
2765 5732 3004 5790 subditis
3036 5726 3403 5783 intimaverit.
