4058 6190
413 199 512 252 703

1307 201 1536 257 SANCTI
1574 201 1871 266 AUNARII,
1911 199 2540 264 ANTISSIODORENSIS
2575 211 2893 280 EPISCOPI,

3683 221 3792 276 764

1203 309 1264 361 II.
2071 320 2130 392 Α
2151 327 2496 386 praeparare,
2545 319 2676 388 quia
2703 319 2976 391 scriptum
3005 325 3091 377 est
3119 339 3132 377 :
3191 325 3392 380 Domus
3423 339 3564 388 mea,
3599 325 3792 382 domus

487 399 558 454 Ut
587 416 788 456 omnes
807 399 1124 472 presbyteri
1151 403 1285 455 ante
1307 401 1679 472 epiphaniam
1693 401 1897 456 missos
1917 417 2049 456 suos

417 492 690 564 dirigant,
723 495 820 566 qui
857 494 938 548 eis
963 493 1034 548 de
1068 493 1348 566 principio
1399 495 1872 567 Quadragesimee
1901 513 2044 550 nun-

415 586 578 656 tient,
612 591 670 642 et
695 587 752 642 in
786 587 908 658 ipsa
929 587 1248 660 Epiphania
1279 589 1350 642 ad
1371 590 1647 660 populum
1677 589 1954 644 iudicent.

1187 685 1274 738 III.

487 777 610 830 Non
657 774 790 828 licet
839 791 1181 848 compenses
1221 776 1280 830 in
1321 776 1583 832 domibus
1629 777 1897 850 propriis,
1946 793 2052 832 nec

419 867 743 940 pervigilias
769 869 828 922 in
855 869 1254 924 festivitatibus
1281 875 1610 926 sanctorum
1639 871 1830 926 facere
1857 885 1880 912 ε
1903 889 1916 939 ;
1947 888 2051 926 nec

419 961 570 1014 inter
589 965 798 1030 sentes,
840 967 940 1016 aut
965 964 1039 1018 ad
1054 965 1285 1018 arbores
1312 965 1556 1020 sacrivos
1585 977 1621 1032 ί,
1649 967 1736 1019 vel
1768 965 1841 1020 ad
1861 966 2052 1020 fontes

417 1057 548 1108 vota
586 1057 883 1124 exolvere;
924 1057 1022 1112 sed
1068 1059 1395 1130 quicunque
1433 1065 1627 1114 votum
1673 1059 1958 1126 habuerit,
1991 1058 2050 1112 in

419 1149 657 1203 ecclesia
677 1149 898 1220 vigilet,
926 1155 982 1204 et
1009 1153 1324 1206 matriculae
1345 1153 1532 1224 ipsum
1551 1158 1766 1221 votum,
1801 1156 1900 1207 aut
1917 1169 2053 1223 pau-

417 1241 650 1312 peribus
701 1243 936 1300 reddat:
985 1261 1091 1299 nec
1123 1245 1402 1317 sculptilia
1435 1247 1708 1317 [subtilia]
1745 1249 1842 1301 aut
1879 1245 2049 1318 pede,

421 1337 518 1392 aut
547 1335 783 1392 homine
810 1336 965 1392 lineo
993 1338 1118 1392 ﬁeri
1142 1340 1370 1410 penitus
1395 1344 1724 1411 praesumat.

1219 1435 1302 1490 IV.

491 1525 616 1579 Non
645 1523 813 1580 liceat
833 1525 908 1579 ad
935 1525 1254 1598 sortilegos,
1273 1528 1360 1580 vel
1382 1527 1454 1581 ad
1477 1527 1718 1597 auguria
1743 1526 2051 1598 respicere,

423 1637 538 1675 non
574 1621 646 1676 ad
679 1621 1010 1694 caragios’,
1045 1640 1150 1676 nec
1188 1624 1262 1677 ad
1303 1625 1503 1692 sortes,
1535 1639 1678 1694 quas
1721 1625 2050 1677 sanctorum

2151 412 2411 465 orationis
2437 413 2718 468 vocabitur
2748 413 2925 484 (Matt.
2959 415 3090 486 xm).

2953 509 3011 563 Χ.

2223 593 2348 648 Non
2377 593 2510 674 licet
2539 611 2711 664 super
2737 612 2850 650 uno
2865 597 3069 650 altario
3087 598 3147 652 in
3171 615 3286 654 una
3307 599 3399 654 die
3423 600 3564 654 duas
3587 601 3792 658 missas

2151 685 2362 754 dicere,
2393 703 2498 740 nec
2528 687 2731 742 altario
2759 689 2860 743 ubi
2889 689 3188 762 episcopus
3233 693 3436 748 missas
3475 693 3702 762 dixerit,
3733 701 3794 751 ut

2149 779 2452 851 presbyter
2476 780 2536 835 in
2567 779 2665 836 illa
2691 781 2783 836 die
2805 781 3008 836 missas
3038 783 3208 840 dicat.

2913 879 2997 931 XI.

2223 964 2348 1018 Non
2379 963 2510 1018 licet
2533 963 2592 1018 in
2619 963 2812 1036 vigilia
2837 967 3068 1022 Pascha:
3089 971 3222 1022 ante
3243 967 3447 1024 horam
3477 971 3792 1028 secundam

2153 1057 2336 1111 noctis
2347 1057 2570 1129 vigilias
2587 1060 2943 1131 perexplere,
2967 1059 3102 1130 quia
3119 1061 3178 1114 in
3209 1061 3306 1117 illa
3321 1065 3488 1118 nocte
3519 1080 3642 1119 non
3663 1065 3796 1120 licet

2151 1153 2282 1221 post
2309 1151 2568 1206 mediam
2607 1157 2836 1207 noctem
2867 1152 3086 1220 bibere,
3119 1169 3224 1208 nec
3257 1153 3382 1226 [nec
3413 1157 3794 1230 manducare]

2154 1244 2214 1298 in
2241 1245 2420 1300 natali
2436 1245 2685 1315 Domini,
2724 1262 2832 1302 nec
2855 1246 2916 1300 in
2945 1246 3182 1319 reliquis
3207 1249 3692 1306 solemnitatibus.

2918 1341 3027 1396 XII.

2223 1434 2348 1487 Non
2375 1432 2508 1488 licet
2531 1433 2796 1502 mortuis,
2817 1433 3374 1504 necEucharistiam,
3409 1453 3516 1492 nec
3535 1440 3800 1497 osculum

2157 1527 2328 1594 tradi,
2359 1543 2464 1582 nec
2495 1529 2622 1582 velo
2653 1529 2740 1582 vel
2767 1528 2934 1600 pallis
2965 1545 3210 1600 corpora
3237 1545 3438 1586 eorum
3467 1531 3704 1588 involvi.

2911 1623 3048 1678 XIII.

421 1719 646 1782 vocant,
677 1716 766 1769 vel
787 1691 926 1786 quas
948 1717 1018 1772 de
1040 1717 1216 1787 ligno,
1243 1719 1342 1770 aut
1369 1717 1440 1771 de
1467 1691 1616 1786 pane
1647 1715 1884 1782 faciunt,
1911 1713 2054 1786 aspi-
2073 1691 2130 1762 B
2227 1713 2350 1766 Non
2381 1712 2515 1767 licet
2533 1712 2798 1782 diacono,
2817 1713 2944 1768 velo
2969 1713 3061 1768 vel
3081 1713 3235 1786 palla
3266 1715 3524 1787 scapulas
3544 1731 3682 1772 suas
3705 1716 3802 1772 in-

422 1824 586 1874 cere;
617 1809 718 1862 sed
773 1825 1128 1881 quacunque
1156 1811 1334 1866 homo
1369 1811 1558 1866 facere
1595 1811 1733 1878 vult,
1766 1809 1960 1864 omnia
1995 1809 2053 1863 in

424 1901 658 1958 nomine
685 1903 915 1957 Domini
941 1903 1133 1959 faciat.

1229 1999 1294 2054 V.

489 2091 740 2146 Omnino
763 2096 820 2146 et
839 2091 991 2146 inter
1011 2091 1366 2164 supradictas
1392 2089 1772 2158 conditiones,
1803 2087 2052 2162 pervigi-

421 2182 544 2252 lias,
565 2201 706 2255 quas
729 2185 788 2240 in
811 2186 1032 2240 honore
1055 2185 1256 2240 domni
1275 2184 1500 2242 Martini
1527 2184 1852 2254 observant,
1873 2183 2057 2238 omni-

425 2277 612 2332 modis
639 2278 961 2350 prohibete.

1195 2373 1280 2426 VI.

495 2467 566 2520 Ut
619 2483 652 2520 a
687 2466 880 2521 media
937 2466 1392 2536 Quadragesima
1435 2463 1756 2538 presbyteri
1804 2463 2058 2518 chrisma

423 2561 664 2631 petant:
709 2564 768 2616 et
785 2561 832 2616 si
863 2559 989 2631 quis
1031 2559 1370 2615 inﬁrmitate
1403 2559 1673 2615 detentus
1714 2557 1910 2612 venire
1941 2575 2058 2612 non

425 2653 694 2724 potuerit,
746 2654 820 2708 ad
846 2653 1316 2709 archidiaconum
1339 2669 1525 2720 suum,
1553 2654 1640 2706 vel
1665 2651 2056 2706 archisubdia—

425 2763 635 2802 conum
665 2747 685 2782 ³
713 2747 1086 2816 transmittat,
1116 2749 1216 2803 sed
1245 2765 1376 2802 cum
1411 2745 1748 2802 chrismario
1777 2751 1834 2800 et
1857 2745 2058 2814 linteo,

425 2840 570 2895 sicut
599 2841 855 2913 reliquias
888 2847 1218 2896 sanctorum
1245 2841 1540 2912 deportari
1567 2841 1772 2904 solent.

1199 2936 1306 2990 VII.

499 3029 570 3082 Ut
596 3027 788 3082 medio
815 3028 958 3084 Maio
1000 3045 1200 3084 omnes
1240 3027 1558 3100 presbyteri
1583 3026 1656 3080 ad
1679 3025 1963 3096 synodum
2000 3025 2059 3078 in

429 3120 716 3176 civitatem
743 3123 999 3190 veniant,
1020 3121 1358 3176 etKalendis
1381 3121 1719 3176 Novembris
1741 3136 1943 3174 omnes
1965 3119 2060 3173 ab-

427 3221 589 3276 bates
610 3219 684 3275 ad
709 3221 1018 3275 concilium
1045 3219 1408 3275 conveniant.

1169 3313 1306 3366 VIII.

490 3409 612 3464 Non
649 3407 782 3464 licet
818 3407 879 3461 in
909 3407 1112 3462 altario
1153 3406 1212 3460 in
1243 3405 1464 3460 sacriﬁo
1511 3403 1700 3459 divino
1753 3405 2060 3472 mellitum,

429 3503 583 3574 quod
615 3504 868 3557 mulsum
899 3502 1212 3572 appellant,
1250 3517 1356 3554 nec
1383 3499 1563 3552 ullum
1605 3497 1759 3553 aliud
1795 3499 2064 3570 poculum

429 3599 588 3650 extra
639 3597 836 3649 vinum
880 3611 1012 3648 cum
1061 3609 1212 3664 aqua
1257 3593 1500 3646 mixtum
1553 3591 1781 3658 offerre,
1811 3591 1946 3662 quia
1991 3591 2066 3645 ad

431 3688 650 3759 grande
677 3691 900 3742 reatum
925 3693 982 3742 et
1001 3691 1302 3758 peccatum
1327 3685 1926 3757 pertinetpresbytero
1957 3685 2061 3752 illi,

429 3781 752 3852 quicunque
781 3781 938 3834 aliud
971 3781 1242 3851 poculum
1267 3783 1424 3832 extra
1445 3779 1642 3832 vinum
1675 3778 1738 3834 in
1766 3794 2062 3832 consecra-

431 3873 652 3928 tionem
677 3872 973 3943 sanguinis
995 3873 1203 3926 Christi
1225 3872 1430 3926 oti'erre
1461 3871 1913 3944 praesumpserit.

1195 3967 1274 4019 IX.

499 4062 624 4116 Non
650 4060 781 4115 licet
805 4059 864 4114 in
891 4057 1131 4114 ecclesia
1151 4057 1357 4114 choros
1383 4056 1761 4126 saecularium,
1795 4058 1880 4112 vel
1911 4061 2068 4130 puel-

429 4157 618 4212 larum
665 4153 890 4210 cantica
937 4169 1202 4210 exercere
1227 4195 1241 4221 ,
1289 4169 1395 4207 nec
1437 4151 1696 4206 convivia
1733 4151 1794 4204 in
1828 4151 2066 4207 ecclesia

2113 1875 2124 1884 ι
2156 1805 2324 1862 volvi.

2911 1877 3042 1932 XIV.

2227 1969 2351 2022 Non
2383 1968 2516 2024 licet
2535 1968 2596 2022 in
2627 1967 2964 2040 baptisteria
2989 1985 3234 2042 corpora
3263 1971 3512 2042 sepeliri.

2916 2063 3021 2117 XV.

2227 2151 2353 2206 Non
2385 2151 2515 2208 licet
2539 2153 2835 2206 mortuum
2867 2168 3041 2222 super
3065 2155 3362 2207 mortuum
3393 2153 3566 2208 mitti.

2914 2246 3045 2300 XVI.
3173 2245 3184 2254 ’

2229 2335 2354 2389 Non
2407 2333 2542 2388 licet
2577 2334 2670 2388 die
2709 2334 3008 2390 Dominico
3055 2335 3230 2391 boves
3253 2338 3636 2408 jungere,vel
3689 2339 3810 2395 alia

2159 2445 2336 2501 opera
2367 2444 2652 2496 exercere,
2685 2428 2792 2482 nisi
2817 2445 2922 2500 pro
2947 2429 3132 2484 causis
3163 2431 3504 2486 constitutis.

2899 2523 3054 2578 XVII.

2229 2613 2561 2684 Quicunque
2607 2628 2666 2666 se
2695 2611 2929 2683 propria
2957 2613 3252 2668 voluntate
3293 2613 3352 2668 in
3391 2614 3530 2685 [aut]
3583 2631 3808 2687 aquam

2155 2706 2479 2777 jactaverit,
2509 2707 2608 2760 aut
2633 2705 2844 2760 collum
2881 2705 3166 2776 ligaverit,
3197 2709 3296 2760 aut
3323 2707 3396 2760 de
3425 2707 3632 2762 arbore
3653 2725 3808 2779 pra-

2160 2800 2497 2871 cipitaverit,
2521 2802 2620 2852 aut
2649 2799 2801 2853 ferro
2841 2800 3204 2870 percusserit,
3238 2803 3336 2854 aut
3361 2801 3620 2871 qualibet
3643 2811 3812 2857 Occa-

2159 2894 2320 2948 sione
2344 2891 2682 2948 voluntarim
2715 2909 2773 2945 se
2817 2892 2992 2947 morti
3017 2893 3340 2960 tradiderit,
3369 2895 3610 2949 istorum
3634 2895 3800 2950 obla~

2161 2988 2238 3043 tio
2267 3004 2384 3042 non
2413 2986 2742 3058 recipiatur.
2771 2985 3097 3057 (Capitular.
3128 2987 3164 3042 ι.
3189 3003 3286 3056 vn,
3317 3004 3361 3042 c.
3387 2989 3509 3043 334.
3539 2991 3631 3045 Ιιό
3643 2995 3810 3060 part.

2081 3063 2136 3138 C
2163 3085 2248 3152 ιο,
2275 3097 2321 3136 ο.
2355 3085 2404 3152 5,
2439 3080 2515 3152 6.)

2233 3234 2358 3287 Non
2379 3232 2511 3286 licet
2529 3231 2746 3302 absque
2764 3152 3382 3286 Pasch‘mflltlemnitate
3401 3233 3514 3287 ullo
3539 3237 3810 3304 tempore

2162 3325 2474 3397 baptizare,
2496 3325 2604 3380 nisi
2623 3325 2746 3380 illos
2768 3325 2974 3396 quibus
2991 3341 3148 3378 mors
3167 3325 3354 3380 vicina
3377 3331 3480 3394 est,
3505 3343 3648 3397 quos
3667 3343 3806 3397 gra-

2162 3419 2414 3474 batarios
2443 3419 2656 3474 dicunt.
2682 3418 2848 3483 Quod
2873 3419 2918 3472 si
2942 3418 3067 3488 quis
3089 3417 3146 3472 in
3166 3419 3276 3474 alio
3309 3436 3482 3491 pago,
3505 3426 3812 3474 contuma~

2165 3515 2252 3569 cia
2283 3514 2548 3580 faciente,
2583 3516 2712 3583 post
2741 3511 3112 3566 interdictum
3141 3512 3252 3567 hoc
3283 3513 3536 3568 infantes
3565 3529 3697 3569 suos
3731 3515 3810 3568 ad

2163 3608 2514 3680 baptismum
2557 3605 2828 3661 detulerit
2853 3605 2912 3660 in
2945 3605 3211 3660 ecclesias
3239 3612 3480 3674 nostras,
3509 3625 3628 3662 non
3653 3609 3808 3664 reci-

2165 3701 2398 3772 piantur
2417 3717 2596 3771 usquc
2619 3700 2692 3754 ad
2720 3697 3188 3754 satisfactionem.
3213 3701 3282 3754 Et
3299 3701 3624 3772 quicunque
3651 3718 3814 3774 pres-

2163 3795 2327 3868 byter
2357 3795 2504 3866 ipsos
2529 3799 2688 3850 extra
2702 3799 2960 3850 nostrum
2991 3794 3334 3867 permissum
3365 3795 3616 3866 recipere
3649 3813 3808 3866 prae-

2164 3887 2488 3960 sumpserit,
2513 3887 2693 3942 tribus
2722 3889 3016 3944 mensibus
3045 3905 3078 3944 a
3108 3888 3518 3943 communione
3548 3890 3814 3944 ecclesiae

2167 3985 2557 4056 sequestratus
2587 3983 2676 4038 sit.

2957 4055 3084 4110 XIX.

2239 4148 2360 4201 Non
2383 4143 2514 4199 licet
2533 4143 2890 4216 presbytero,
2907 4149 3006 4199 aut
3021 4143 3286 4212 diacono,
3309 4145 3410 4200 aut
3429 4142 3814 4210 subdiacono,

1602 4315 1802 4372 ΝΟΤᾸΞ
1839 4317 2068 4374 JACOBI
2107 4312 2438 4372 SIRMONDI
2477 4311 2532 4366 S.
2573 4311 2620 4366 J.

501 4451 518 4484 ί
551 4449 790 4504 Sanctus
815 4447 1030 4520 Eligius
1061 4447 1118 4502 in
1153 4447 1360 4520 eodem
1384 4463 1651 4520 sermone
1681 4463 1694 4501 :
1745 4467 1777 4520 (ς
1795 4447 2062 4520 arbores,

431 4537 574 4592 quas
614 4521 860 4574 sacrivos
888 4518 1115 4592 vocant,
1146 4519 1450 4592 succidite;
1481 4519 1696 4592 pedum
1737 4518 2065 4592 similitudi-

433 4590 554 4658 nes,
589 4607 860 4670 quasper
885 4591 1066 4646 bivios
1095 4595 1355 4670 ponunt,
1385 4591 1510 4645 fieri
1541 4595 1746 4658 vetate,
1781 4593 1837 4644 et
1857 4591 1956 4644 ubi
1987 4590 2070 4644 in-

433 4661 706 4715 veneritis
738 4661 872 4732 igne
892 4665 1166 4716 cremate.
1203 4683 1232 4710 »

497 4733 519 4766 ²
540 4731 791 4804 Vulgati
810 4735 1170 4798 characteres;
1221 4731 1323 4785 sed
1350 4735 1594 4804 caragios
1623 4733 1842 4787 habent
1867 4747 2071 4786 omnes

429 4802 967 4876 antiqui,_Tilianus,
1011 4802 1424 4857 Bellovacensis
1455 4820 1518 4858 ac
1547 4803 1893 4860 Pithoeanus.
1927 4805 2068 4858 Item

2169 4449 2226 4500 et
2271 4445 2498 4498 sanctus
2551 4439 2796 4514 Eligius;
2851 4441 3030 4514 «Non
3071 4437 3332 4514 caragios
3373 4433 3810 4514 promittentes,

2171 4531 2296 4586 quae
2309 4515 2536 4586 explere
2569 4507 2686 4567 non
2709 4513 2922 4577 valent,
2953 4527 3066 4586 non
3091 4507 3335 4586 divinos,
3345 4523 3462 4586 non
3481 4507 3816 4586 sortilegos,

2171 4577 2303 4652 etc.,
2329 4577 2626 4640 consulere
2651 4583 3081 4654 praesumatis,»
3105 4585 3164 4636 et
3183 4583 3410 4635 sanctus
3435 4577 3816 4650 Augustinus,

2171 4673 2440 4712 sermone
2469 4657 2593 4722 241,
2628 4655 2700 4710 de
2731 4659 3012 4724 tempore.

2244 4730 2264 4764 ⁵
2287 4728 2635 4794 Pithoeanus,
2668 4725 3231 4782 subarchidt'aconum.

1721 4951 1922 5006 ΝΟΤᾸΞ
1961 4949 2278 5006 SEVERINI
2319 4948 2504 5003 BINII.

555 5069 940 5124 Prohibentur
961 5069 1175 5141 vigiliae
1209 5085 1335 5194 ([11:32
1362 5085 1491 5122 cum
1519 5069 1770 5141 quadam
1797 5069 2067 5140 supersti-

562 5155 592 5193 e
625 5155 798 5194 quam
819 5141 1134 5194 admixtam
1159 5141 1238 5194 ha
1281 5139 1456 5194 ebant
1477 5140 1534 5193 in
1563 5139 2067 5194 nrivatisdomibus

431 5138 592 5211 tione
625 5155 798 5210 quam
819 5138 1134 5195 admixtam
1159 5138 1456 5195 habebant
1477 5138 2076 5211 in'privatisdo—mibus

433 5209 557 5284 fieri
587 5217 1001 5284 cpnsueverant
1049 5213 1204 5284 (Cap.
1239 5215 1303 5267 3:
1340 5213 1468 5278 Qua.o
1505 5209 1712 5284 uigiliae
1751 5213 2076 5282 prohibean-

438 5279 568 5348 tur).
605 5279 746 5334 Cum
772 5281 927 5335 enim
959 5279 1294 5338 immediate
1324 5287 1457 5337 ante
1487 5281 1722 5336 dixisset
1751 5279 1912 5340 ἷΝοη
1957 5285 2076 5337 licet

433 5355 720 5424 conventus
747 5353 807 5424 in
838 5353 1084 5408 domibus
1111 5357 1356 5424 prepriis
1393 5357 1597 5420 facere,
1639 5353 2076 5422 subiunxerunt,

428 5437 520 5495 nec
543 5421 761 5490 vigilias
789 5423 848 5475 in
874 5421 1272 5488 festivitatibus
1295 5431 1619 5480 sanctorum.
1645 5425 1710 5478 Et
1725 5421 1900 5478 Paulo
1917 5427 2075 5495 post:

427 5494 523 5549 sed
549 5495 854 5564 quicunque
881 5499 1060 5548 votum
1091 5497 1360 5558 habuerit,
1393 5501 1452 5550 in
1478 5499 1694 5551 ecclesia
1733 5494 1940 5564 vigilet.
1999 5499 2082 5550 Ita

435 5563 806 5638 intelligenda
857 5569 992 5619 sunt
1029 5583 1156 5636 quae
1184 5566 1277 5638 _de
1329 5567 1724 5638 superstitiosa
1755 5563 2082 5638 vigiliarum

435 5635 834 5692 observatione
854 5635 1080 5692 canone
1101 5636 1305 5707 quinto
1327 5635 1632 5692 habentur.
1659 5639 1700 5692 Η
1707 5655 1787 5692 asc
1805 5635 2081 5709 expositio

2175 5067 2443 5122 dentibus
2473 5063 2766 5120 nocturnis
2791 5061 2999 5132 vigiliis
3019 5077 3052 5115 a
3083 5057 3352 5135 ﬁdelibus
3375 5054 3658 5135 celebrari
3685 5051 3824 5108 con'

2175 5139 2481 5192 stituerint.
2513 5136 2678 5201 Quod
2707 5125 3003 5188 decretum
3025 5128 3386 5202 provincialis
3411 5125 3658 5202 concilii,
3681 5141 3822 5179 cum

2175 5210 2295 5280 ipse
2343 5198 2738 5280 Aunacharius
2792 5198 3304 5280 Antissiddorensis
3359 5198 3665 5280 episcopus
3713 5213 3826 5280 sua

2175 5271 2484 5352 praesentia
2511 5283 2566 5333 et
2611 5275 3028 5352 subscriptione
3079 5271 3696 5352 conﬁrmaverit,_‘_non
3731 5271 3828 5352 est

2179 5339 2496 5423 probabile,
2541 5355 2603 5423 ut
2633 5339 2898 5423 per
2947 5345 3332 5423 diceccsanum
3376 5339 3686 5423 concilium
3739 5339 3830 5392 illi

2179 5415 2570 5478 constitutiOni
2597 5415 2813 5492 aliquid
2841 5417 3182 5492 derogatum
3203 5415 3466 5492 voluerit,
3497 5427 3632 5492 eum
3655 5425 3828 5492 pras-

2181 5495 2377 5548 sertim
2407 5507 2629 5546 canone
2661 5481 2967 5544 uhdecimo
2988 5481 3180 5560 Thujus
3213 5483 3458 5560 concilii,
3499 5481 3572 5535 de
3617 5481 3834 5560 vigiliis

2181 5565 2412 5619 Pascha:
2461 5557 3062 5634 religiosegservandis
3089 5555 3512 5634 sanctissimam
3545 5555 3832 5634 constitu-

2181 5637 2402 5690 tionem
2433 5625 2697 5689 edidérit.
2729 5632 2914 5696 Quam
2933 5630 3218 5698 frequens
3239 5626 3410 5680 fuerit
3425 5625 3534 5698 hoc
3561 5627 3836 5698 tempore

439 5709 813 5763 confirmatur
869 5725 938 5763 eo
987 5695 1352 5778 argumento,
1406 5709 1560 5778 quod
1611 5711 1806 5763 Patres
1855 5695 2084 5764 c‘oncilii
2187 5723 2318 5778 usus
2345 5706 2670 5778 vigiliarum
2787 5701 2988 5778 Gallia,
3023 5695 3088 5753 ex
3111 5714 3332 5778 canone
3375 5697 3565 5768 primo
3595 5695 3836 5750 concilii

439 5779 786 5834 Matisconen
797 5779 874 5834 sis
893 5796 951 5848 ιι,
980 5779 1300 5852 quemlibet
1317 5779 1472 5834 diem
1489 5779 1848 5834 Dominicum
1871 5796 2079 5852 praece-

2185 5771 2612 5833 Matiscohensis
2639 5775 2772 5830 satis
2803 5771 3022 5847 liquido
3053 5773 3310 5843 apparet.
