4058 6190
221 308 328 360 ⁸765

219 508 316 560 aut
346 504 408 559 in
429 502 658 558 ecclesia
685 501 823 556 dum
848 500 1035 556 missae
1065 499 1334 555 dicuntur
1359 501 1524 554 stare.

984 595 1087 650 XX.

287 691 450 755 Quod
478 689 522 744 si
550 691 861 762 presbyter,
894 688 1048 760 quod
1069 687 1223 743 nefas
1242 692 1327 742 est
1352 686 1558 755 dicere,
1608 689 1709 740 aut
1735 684 1857 739 dia-

215 802 416 852 conus,
449 789 546 839 aut
585 783 979 853 subdiaconus,
1020 787 1146 854 post
1181 786 1470 852 acceptam
1504 778 1855 836 benedictio-

217 895 380 949 nem,
411 878 651 934 infantes
670 877 1068 949 procreaverit,
1089 880 1186 931 aut
1197 876 1538 931 adulterium
1559 873 1854 930 commise-

1739 296 2059 352 CANONES.
2131 301 2135 306 '

217 414 350 482 post
378 412 672 480 acceptum
701 407 891 463 cibum
927 403 1015 462 vel
1050 405 1316 477 poculum
1352 405 1550 460 missas
1593 407 1852 474 tractare,
1877 415 1937 489 Α

3485 300 3585 353 766

2657 406 2870 464 XXXIV.

2029 502 2148 556 Non
2169 501 2300 557 licet
2324 502 2654 574 presbytero
2678 502 2737 556 in
2759 499 2975 573 judicio
3003 499 3099 554 illo
3120 503 3290 566 stare,
3308 499 3458 554 unde
3477 500 3582 554 ho-

1960 611 2054 651 mo
2084 596 2156 651 ad
2185 599 2427 651 mortem
2452 597 2726 652 tradatur.

2678 690 2872 745 XXXV.

2029 784 2149 839 Non
2193 783 2325 840 licet
2353 784 2700 856 presbytero,
2741 788 2841 838 aut
2886 782 3140 852 diacono,
3178 783 3267 836 vel
3318 782 3587 854 cuiquam

1958 878 2312 947 clericorum,
2340 879 2408 932 de
2436 877 2684 949 qualibet
2720 893 2883 931 causa
2908 876 3282 932 conclericum
3308 893 3472 933 suum
3511 877 3583 932 ad

218 973 317 1038 rit,
347 977 404 1027 et
432 972 884 1043 archipresbyter
910 971 1018 1026 hoc
1047 970 1307 1042 episcopo
1336 973 1437 1025 aut
1463 967 1856 1024 archidiacono
1950 972 2202 1042 judicem
2231 973 2557 1028 szecularem
2581 973 2828 1026 trahere.

219 1082 344 1121 non
363 1066 677 1120 innotuerit
705 1066 752 1120 si
782 1065 902 1135 scit,
941 1065 1165 1136 integro
1198 1081 1350 1119 anno
1386 1080 1503 1118 non
1537 1061 1856 1118 communi-

219 1165 335 1227 cet,
361 1160 446 1214 illi
478 1176 603 1216 vero
634 1160 734 1231 qui
763 1160 869 1214 hoc
898 1158 1287 1214 commiserint
1312 1158 1685 1229 deponantur.

975 1254 1102 1308 XXI.

293 1349 419 1402 Non
447 1348 577 1402 licet
591 1335 1067 1419 presbytero,post
1077 1349 1364 1418 acceptam
1383 1344 1853 1410 benedictionem,

215 1442 283 1496 in
307 1457 424 1496 uno
439 1445 587 1496 tecto
601 1457 730 1496 cum
756 1441 1085 1512 presbytera
1111 1456 1210 1494 sua
1229 1439 1495 1508 dormire,
1522 1454 1625 1493 nec
1653 1437 1713 1492 in
1733 1453 1858 1508 pec-

213 1538 350 1591 cato
379 1535 589 1590 carnali
619 1534 864 1604 misceri,
895 1550 998 1589 nec
1035 1534 1291 1601 diacono,
1349 1535 1450 1588 aut
1491 1531 1852 1587 subdiacono.

963 1629 1112 1683 XXII.

297 1725 422 1779 Non
444 1724 573 1779 licet
599 1722 811 1778 relictae
837 1721 1172 1794 presbyteri,
1209 1736 1316 1776 nec
1359 1721 1570 1775 relicta:
1609 1720 1854 1788 diaconi,

2642 1067 2854 1122 XXXVI.

2028 1162 2150 1216 Non
2175 1160 2307 1216 licet
2329 1161 2555 1217 mulieri
2580 1162 2735 1217 nuda
2773 1175 2948 1215 manu
2987 1159 3388 1215 Eucharistiam
3434 1159 3581 1214 acci-

1875 1321 1885 1327 _
1960 1271 2114 1328 pere.

2648 1352 2892 1406 XXXVII.

2026 1445 2151 1499 Non
2180 1444 2308 1499 licet
2331 1445 2553 1500 mulieri
2582 1460 2820 1500 manum
2841 1459 3003 1499 suam
3041 1443 3110 1498 ad
3153 1443 3363 1515 pallam
3401 1442 3582 1497 domi-

1955 1537 2142 1594 nicam
2169 1539 2417 1595 mittere.

2635 1635 2908 1689 XXXVIII.

2026 1727 2146 1780 Non
2173 1726 2307 1781 licet
2333 1743 2464 1781 cum
2490 1727 2978 1782 excommunicato
3007 1726 3451 1796 communicare,
3477 1741 3582 1780 nec

219 1835 333 1875 nec
359 1817 703 1887 subdiaconi,
731 1819 861 1888 post
879 1816 1000 1887 ejus
1020 1819 1268 1871 mortem
1296 1815 1566 1870 maritum
1583 1814 1854 1886 accipere.
1883 1786 1932 1859 Β
1957 1837 2090 1875 cum
2121 1836 2187 1875 eo
2211 1820 2401 1875 cibum
2428 1837 2672 1875 sumere,

959 1911 1132 1965 XXIII.

299 2008 355 2063 Si
405 2006 715 2061 monachus
741 2005 800 2060 in
826 2003 1167 2060 monasterio
1192 2002 1536 2058 adulterium
1569 2001 1859 2057 commise-

216 2103 317 2168 rit,
352 2105 453 2156 aut
473 2100 754 2173 peculiare
779 2100 988 2154 habere
1009 2096 1460 2169 praesumpserit,
1492 2100 1592 2151 aut
1638 2096 1858 2151 furtum

213 2195 438 2262 fecerit,
481 2199 537 2250 et
568 2195 674 2250 hoc
718 2193 887 2248 abbas
929 2209 1032 2264 per
1071 2208 1130 2246 se
1159 2208 1275 2246 non
1314 2190 1710 2259 emendaverit,
1761 2194 1860 2244 aut

213 2289 504 2359 episcopo,
533 2291 631 2342 aut
654 2287 1044 2341 archidiacono
1078 2301 1195 2340 non
1222 2284 1554 2353 innotuerit,
1585 2284 1656 2338 ad
1682 2283 1856 2354 poeni-

213 2382 463 2439 tentiam
491 2381 772 2454 agendam
808 2381 868 2434 in
893 2380 1002 2434 alio
1030 2377 1366 2434 monasterio
1394 2378 1737 2434 retrudatur.

953 2475 1127 2528 XXIV.

294 2571 416 2624 Non
443 2569 572 2624 licet
594 2567 802 2635 abbati,
831 2583 934 2623 nec
963 2567 1259 2634 monacho,
1286 2566 1358 2622 ad
1385 2564 1612 2638 nuptias
1654 2564 1852 2619 ambu-

214 2664 342 2720 lare
374 2662 470 2734 (De
488 2678 715 2727 censeo,
738 2663 868 2718 dist.
899 2661 974 2733 4).

973 2756 1122 2810 XXV.

293 2853 416 2906 Non
462 2851 596 2906 licet
638 2850 827 2905 abbati
856 2849 1000 2905 ﬁlios
1052 2849 1122 2904 de
1162 2848 1442 2922 baptismo
1492 2847 1723 2915 habere,
1746 2860 1851 2901 nec

213 2945 514 3003 monachis
540 2947 876 3000 commatres
905 2943 1134 2998 habere.

953 3038 1125 3092 XXVI.

292 3135 455 3199 Quod
481 3133 524 3188 si
550 3133 674 3205 quis
695 3133 866 3188 abbas
880 3131 1184 3186 mulierem
1206 3128 1265 3183 in
1285 3126 1624 3183 monasterio
1651 3142 1752 3181 suo
1772 3125 1856 3180 in-
1877 3157 1932 3231 Ο

218 3228 388 3300 gredi
423 3227 762 3300 permiserit,
789 3231 889 3281 aut
910 3225 1236 3281 festivitates
1266 3223 1481 3294 aliquas
1511 3220 1588 3276 ibi
1607 3225 1858 3292 spectare

223 3321 593 3394 [exspectare]
624 3319 977 3393 praeceperit,
1003 3318 1184 3373 tribus
1210 3316 1497 3371 mensibus
1521 3314 1583 3370 in
1611 3315 1717 3370 alio
1733 3330 1856 3369 mo-

218 3415 469 3471 nasterio
490 3415 832 3484 retrudatur,
866 3428 1012 3485 pane
1038 3417 1094 3467 et
1119 3428 1266 3484 aqua
1291 3413 1606 3466 contentus.

933 3508 1136 3562 XXVII.

297 3605 420 3660 Non
433 3604 563 3659 licet
576 3606 642 3658 ut
655 3601 856 3673 aliquis
870 3617 1028 3655 suam
1040 3614 1342 3655 novercam
1353 3596 1586 3668 accipiat
1598 3612 1854 3652 uxorem.

925 3695 1146 3750 XXVIII.

295 3792 416 3846 Non
440 3790 569 3845 licet
590 3793 656 3845 ut
683 3789 861 3844 filiam
889 3789 1082 3844 uxoris
1111 3803 1226 3843 suae
1247 3785 1374 3859 quis
1398 3783 1652 3855 accipiat.

947 3882 1113 3936 XXIX.

295 3980 418 4032 Non
450 3976 579 4032 licet
603 3980 666 4030 ut
689 3975 947 4030 relictam
971 3973 1162 4030 fratris
1189 3971 1276 4027 sui
1306 3971 1433 4044 quis
1457 3970 1517 4026 in
1555 3969 1854 4026 matrimo-

221 4071 388 4127 nium
413 4071 596 4126 ducat.

972 4162 1118 4217 XXX.

295 4259 418 4314 Non
449 4257 575 4312 licet
597 4257 736 4312 duas
761 4271 1001 4325 sorores,
1035 4255 1081 4309 si
1110 4270 1220 4308 una
1244 4257 1471 4308 mortua
1493 4252 1685 4320 fuerit,
1725 4251 1858 4307 alte-

224 4370 350 4408 ram
379 4353 440 4407 in
471 4350 800 4423 conjugium
826 4349 1101 4421 accipere.

952 4443 1121 4498 XXXI.

2657 1915 2883 1970 XXXIX.

2029 2007 2089 2062 Si
2118 2007 2243 2078 quis
2287 2006 2599 2079 presbyter,
2641 2011 2741 2062 aut
2784 2007 3021 2080 quilibet
3069 2009 3138 2062 de
3187 2007 3358 2074 clero,
3391 2011 3488 2061 aut
3515 2008 3585 2062 de

1957 2103 2189 2172 populo,
2222 2102 2772 2157 excommunicatum
2815 2103 3025 2173 absque
3054 2102 3339 2156 voluntate
3382 2101 3578 2171 ipsius,

1957 2195 2055 2266 qui
2081 2211 2213 2250 eum
2239 2195 2768 2265 excommunicavit,
2794 2196 2972 2250 sciens
2999 2194 3293 2266 receperit,
3325 2197 3423 2248 aut
3450 2210 3582 2249 cum

1956 2288 2051 2342 illo
2098 2306 2306 2361 panem
2357 2290 2798 2360 manducaverit,
2831 2291 2917 2344 vel
2969 2289 3317 2361 colloquium
3371 2288 3582 2343 habere

1957 2382 2284 2453 decreverit,
2314 2383 2484 2439 simili
2510 2384 2802 2440 sententiae
2827 2383 3154 2455 subjacebit.

2716 2478 2818 2533 XL.

2026 2572 2151 2626 Non
2203 2571 2335 2628 licet
2372 2571 2698 2644 presbytero
2740 2572 2888 2627 inter
2947 2571 3139 2643 epulas
3203 2572 3428 2625 cantare
3492 2567 3581 2622 vel

1956 2666 2036 2721 sal
2041 2669 2155 2721 tare
2166 2707 2176 2721 .

2706 2761 2837 2816 XLI.

2029 2854 2149 2908 Non
2177 2852 2307 2908 licet
2334 2853 2680 2925 presbytero,
2709 2869 2814 2908 nec
2840 2853 3097 2918 diacono,
3119 2864 3467 2922 quemquam
3492 2847 3579 2902 in-

1955 2946 2228 3016 scribere;
2281 2947 2376 3001 sed
2417 2947 2477 3001 in
2518 2947 2636 3002 vice
2681 2964 2781 3002 sua
2823 2947 2871 3001 si
2916 2962 3144 3001 causam
3178 2941 3458 3011 habuerit,
3486 2945 3585 2996 aut

1954 3040 2210 3110 fratrem,
2237 3044 2336 3095 aut
2354 3057 2750 3112 quemcunque
2779 3041 3107 3096 saecularem
3135 3041 3316 3110 roget.

2690 3136 2845 3190 XLII.

2029 3228 2096 3280 Et
2119 3243 2471 3299 unaquaeque
2497 3229 2724 3298 mulier,
2768 3228 2993 3300 quando
3036 3223 3434 3290 communicat,
3479 3223 3580 3278 do-

1958 3319 2284 3375 minicalem
2327 3320 2481 3390 (Can.
2524 3321 2610 3391 42)
2659 3337 2827 3374 suum
2864 3319 3135 3374 habeat“.
3177 3317 3336 3381 Quod
3383 3315 3428 3368 si
3471 3331 3584 3385 qua

1957 3428 2071 3467 non
2097 3413 2380 3482 habuerit,
2404 3430 2582 3484 usque
2613 3414 2671 3468 in
2695 3413 2874 3467 alium
2905 3412 3056 3467 diem
3082 3409 3438 3465 Dominicum
3467 3421 3582 3461 non

1957 3506 2355 3561 communicet.

2688 3581 2860 3655 XLIII;

2024 3693 2356 3764 Quicunque
2384 3693 2582 3764 judex,
2617 3699 2717 3749 aut
2759 3691 3065 3760 saecularis,
3113 3688 3460 3761 presbytero,
3487 3691 3586 3741 aut

1957 3786 2212 3854 diacono,
2230 3791 2329 3842 aut
2356 3787 2580 3842 cuilicet
2597 3788 2666 3843 de
2693 3788 2864 3856 clero,
2893 3790 2992 3841 aut
3021 3785 3088 3839 de
3108 3781 3432 3855 junioribus
3456 3780 3583 3834 abs-

1959 3897 2069 3951 que
2093 3881 2375 3936 voluntate
2403 3881 2668 3953 episcopi,
2697 3885 2796 3936 aut
2821 3877 3218 3946 archidiaconi,
3267 3876 3355 3931 vel
3397 3874 3584 3930 archi-

1957 3975 2289 4046 presbyteri,
2319 3975 2587 4046 injuriam
2613 3975 2823 4030 inferre
2848 3971 3290 4046 praesumpserit,
3329 3986 3476 4024 anno
3515 3969 3585 4024 ab

1960 4067 2217 4124 omnium
2229 4069 2674 4125 Christianorum
2688 4069 2966 4124 consortio
2977 4067 3251 4124 habeatur
3265 4069 3582 4120 extraneus.

2673 4164 2849 4219 XLIV.

2029 4256 2086 4311 Si
2115 4257 2241 4328 quis
2271 4274 2342 4311 ex
2370 4257 2732 4312 saecularibus
2768 4255 3179 4311 institutionem
3203 4255 3302 4307 aut
3325 4248 3582 4305 admoni-

1954 4349 2170 4404 tionem
2195 4350 2666 4421 archipresbyteri
2695 4349 2802 4419 sui,
2835 4347 3192 4404 contumacia
3211 4345 3469 4410 faciente,
3490 4359 3585 4396 au-

1955 4443 2076 4497 dire
2113 4443 2411 4512 distulerit,
2450 4443 2646 4498 tandiu
2694 4459 2727 4497 a
2759 4443 3052 4496 liminibus
3087 4443 3292 4494 sanctae
3339 4435 3586 4496 ecclesias

297 4542 421 4596 Non
453 4540 585 4594 licet
619 4537 1032 4605 consobrinam,
1077 4536 1188 4590 hoc
1227 4539 1311 4589 est
1349 4550 1477 4606 quae
1524 4533 1594 4587 de
1635 4530 1932 4602 duobusD
1955 4535 2227 4591 habeatur
2257 4541 2576 4605 extraneus,
2607 4536 2860 4607 quandiu
2886 4540 3003 4590 tam
3029 4533 3315 4589 salubrem
3355 4529 3582 4585 institu-

225 4634 514 4702 I'ratribus,
567 4637 666 4687 aut
701 4633 769 4687 de
812 4631 1031 4686 duabus
1075 4627 1359 4683 sororibus
1402 4628 1749 4699 procreatur,
1793 4625 1855 4679 in

223 4727 558 4799 conjugium
597 4725 882 4796 accipere:
922 4741 1028 4778 nec
1051 4723 1152 4795 qui
1189 4722 1257 4777 de
1289 4720 1424 4792 ipsis
1463 4720 1578 4776 nati
1621 4718 1853 4789 fuerint,

219 4823 281 4878 in
315 4821 579 4892 conjugio
609 4819 911 4875 socientur.

959 4912 1149 4966 XXXII.

293 5011 419 5065 Non
448 5008 579 5064 licet
603 5012 667 5064 ut
692 5023 868 5079 nepos
895 5003 1154 5060 avunculi
1179 5018 1418 5059 uxorem
1448 5000 1701 5073 accipiat.

925 5100 1144 5154 XXXIII.

293 5201 417 5254 Non
446 5199 574 5253 licet
600 5197 951 5269 presbytero,
990 5211 1094 5250 nec
1138 5193 1390 5258 diacono,
1431 5191 1501 5246 ad
1529 5189 1856 5262 trepalium,

222 5293 322 5347 ubi
349 5292 432 5348 rei
462 5294 821 5364 torquentur,
855 5294 1019 5345 stare.

1953 4629 2169 4685 tionem
2182 4629 2492 4701 adimplere
2521 4647 2636 4685 non
2654 4630 2953 4686 studuerit.
2974 4631 3204 4699 Insuper
3221 4632 3277 4682 et
3291 4625 3582 4693 muletam,

1955 4739 2128 4795 quam
2158 4723 2588 4795 gloriosissimus
2615 4725 2878 4780 dominus
2916 4739 3017 4779 rex
3055 4725 3332 4795 praecepto
3366 4735 3466 4774 suo
3493 4717 3581 4772 in-

1956 4816 2157 4885 stituit,
2187 4817 2478 4874 sustineat.

2689 4913 2837 4968 XLV.

2028 4999 2084 5056 Si
2111 5001 2238 5074 quis
2287 5002 2434 5057 hanc
2481 5003 2889 5071 deﬁnitionem,
2936 5017 3110 5075 quam
3149 5016 3218 5056 ex
3259 4995 3586 5053 auctoritate

1959 5094 2227 5150 canonica
2254 5098 2546 5153 communi
2571 5115 2846 5152 consensu
2877 5103 2932 5151 et
2945 5092 3332 5150 convenientia
3351 5089 3589 5146 conscri-

1957 5187 2174 5258 psimus
2201 5207 2267 5245 ac
2288 5190 2656 5261 instituimus,
2690 5195 2806 5245 tam
2834 5191 2904 5245 ad
2931 5191 3165 5258 clerum,
3194 5203 3365 5260 quam
3397 5185 3467 5240 ad
3492 5201 3588 5256 p0-

1960 5282 2161 5352 pulum
2191 5287 2686 5354 commonendum,
2719 5285 2806 5340 vel
2836 5283 2909 5338 ad
2939 5283 2996 5338 id
3029 5282 3184 5355 quod
3218 5279 3587 5338 constitutum

1520 5455 1720 5511 ΝΟΤᾸΞ
1761 5453 2077 5514 SEVERINI
2117 5460 2292 5516 BINII.

292 5561 474 5628 'Quid
500 5578 602 5634 per
630 5556 1278 5634 dominicalemintelligi
1311 5557 1526 5620 debeat,
1572 5552 1758 5634 accipe
1789 5568 1859 5608 ex

223 5624 415 5690 sancto
438 5624 775 5704 Avigustino,
807 5632 918 5704 qui
935 5631 1008 5704 de
1017 5631 1125 5684 hoc
1145 5624 1265 5699 agit
1277 5642 1540 5704 sermone,
1554 5624 1858 5704 centesimo

222 5695 696 5778 quinquagEsimo
718 5695 960 5778 secundo
979 5701 1048 5755 de
1067 5695 1338 5778 tempore,
1361 5696 1453 5778 ubi
1472 5696 1549 5749 ait
1563 5712 1636 5778 :_«
1651 5695 1860 5750 Omnes

221 5767 348 5844 viri,
371 5767 596 5849 quando
623 5774 1038 5849 communicare
1065 5767 1406 5849 desiderant,
1421 5767 1610 5849 lavent
1628 5783 1853 5849 manus,

225 5856 278 5905 et
306 5838 503 5904 omnes
533 5847 797 5903 mulieres
821 5844 998 5899 nitida
1041 5842 1344 5897 exhibeant
1363 5838 1710 5907 linteamina,
1757 5838 1856 5894 ubi

1960 5572 2163 5628 corpus
2191 5557 2394 5612 Christi
2415 5558 2710 5629 accipiant,
2742 5580 2770 5608 »
2804 5562 2892 5613 etc
2917 5558 3013 5627 (a).

2022 5711 2090 5772 (α)
2123 5709 2308 5772 Errare
2337 5709 2424 5759 hic
2448 5709 2652 5761 videtur
2689 5710 2882 5771 Binius,
2924 5713 2980 5759 ut
3009 5708 3064 5759 in
3092 5704 3279 5758 nostris
3321 5699 3587 5752 Annotatis

1957 5771 2364 5823 observabimus.
2398 5774 2547 5823 [ΑΕΒ.
