4058 6190
521 251 623 307 767

1272 247 1504 306 SANCTI
1543 249 1840 314 AUNARII,
1881 248 2509 306 ANTISSIODOBENSIS
2545 249 2866 319 EPISCOPI,
2908 249 3114 308 EPIST.
3759 259 3844 316 763

524 361 610 414 est
631 357 1096 426 conservandum,
1123 357 1421 429 negligens
1449 358 1712 413 inventus
1751 358 1938 427 fuerit,
1989 361 2044 413 et
2081 359 2151 412 ob
2174 373 2232 445 Α
2321 359 2604 415 Audovius
2631 360 2967 431 [Audoveus]
2993 360 3285 433 presbyter
3305 361 3624 436 subscripsi.

521 453 631 508 hoc
657 454 948 508 observare
977 451 1274 518 distulerit,
1312 456 1410 506 aut
1440 468 1534 506 eos
1577 452 1675 524 qui
1719 453 1908 523 ipsum
1955 451 2153 506 audire

525 545 876 618 neglexerint
896 544 1159 599 celeravit
1176 549 1272 599 aut
1292 545 1686 616 suppresserit,
1726 549 1782 598 et
1805 545 1864 598 in
1889 544 2150 600 notitiam

525 639 770 712 episcopi
793 655 908 692 non
938 639 1277 708 deposuerit,
1325 655 1472 693 anno
1508 655 1541 693 a
1573 638 1852 693 consortio
1889 638 2151 706 fratrum,

524 733 612 788 vel
641 733 710 786 ab
737 731 992 786 omnium
1021 731 1470 788 Christianorum
1511 731 1909 788 communione
1951 732 2155 788 habea-

525 831 619 881 tur
643 829 962 882 extraneus.

1050 920 1634 976 SUBSCRIPTIONES.

593 1014 984 1068 Aunacharius
1011 1013 1072 1069 in
1099 1014 1196 1069 Dei
1221 1015 1452 1070 nomine
1482 1014 1774 1086 episcopus
1813 1012 2156 1070 constitutio-

523 1124 658 1164 nem
683 1109 827 1164 hanc
851 1107 1193 1180 [conﬁrmavi
1225 1108 1296 1182 et]
1330 1108 1652 1179 subscripsi.

593 1203 934 1258 Viuobaudis
963 1201 1376 1275 [Winebaudus]
1415 1202 1582 1256 abbas
1603 1201 1904 1273 subscripsi

595 1296 916 1352 Baudonius
942 1296 1310 1369 [Baudoveus]
1338 1296 1509 1350 abbas
1536 1294 1855 1366 subscripsi.

595 1390 898 1444 Francolus
927 1389 1306 1462 [Frannulfus]
1343 1389 1514 1444 abbas
1543 1388 1863 1460 subscripsi.

595 1483 866 1538 Cesarius
891 1483 1062 1538 abbas
1088 1483 1410 1554 subscripsi.

595 1577 952 1633 Desideratus
983 1577 1152 1632 abbas
1181 1577 1503 1649 subscripsi.

599 1671 884 1726 Amandus
903 1671 1072 1724 abbas
1107 1671 1430 1742 subscripsi.

598 1764 884 1834 Tegredus
909 1763 1078 1818 abbas
1107 1764 1430 1835 subscripsi.

599 1857 836 1928 Vigilius
861 1857 1155 1928 presbyter
1184 1857 1508 1929 subscripsi.

598 1954 900 2025 Gregorius
929 1955 1222 2026 presbyter
1247 1953 1451 2028 [abbas]
1485 1955 1804 2028 subscripsi.

595 2049 860 2106 Claudius
888 2049 1184 2120 presbyter
1213 2049 1535 2120 subscripsi.

600 2142 848 2196 Anianus
879 2141 1154 2214 [Ananias]
1193 2142 1487 2214 presbyter
1512 2141 1834 2213 subscripsi.

601 2235 928 2306 Saupandus
951 2235 1246 2306 presbyter
1269 2235 1592 2307 subscripsi.

597 2328 937 2384 Theodulfus
969 2329 1264 2400 presbyter
1289 2329 1613 2400 subscripsi.

597 2421 858 2476 Ruricius
883 2423 1177 2492 presbyter
1201 2422 1525 2494 subscripsi.

601 2513 902 2570 Niobaudis
927 2515 1220 2586 presbyter
1249 2515 1569 2586 subscripsi.

599 2608 875 2663 Antonius
899 2609 1188 2686 presbyter
1213 2608 1534 2679 subscripsi.

599 2702 873 2756 Sevardus
901 2702 1197 2773 presbyter
1224 2701 1550 2773 subscripsi.

598 2795 755 2850 Addo
781 2795 1072 2866 presbyter
1095 2795 1416 2865 subscripsi.

597 2887 880 2943 Sindulfus
909 2889 1203 2960 presbyter
1235 2887 1562 2959 subscripsi.

2321 453 2613 509 Medardus
2639 453 2933 525 presbyter
2960 454 3283 526 subscripsi.

2323 547 2624 602 Badericus
2653 548 2948 619 presbyter
2971 548 3293 620 subscripsi.

2322 641 2586 712 Syagrius
2605 641 2900 713 presbyter
2929 642 3252 713 subscripsi.

2325 734 2650 789 Friobaudis
2679 735 2976 806 presbyter
2999 735 3320 806 subscripsi.

2325 828 2594 882 Eominus
2621 829 2915 900 presbyter
2937 829 3258 900 subscripsi.

2325 922 2571 976 Elladius
2599 923 2896 994 presbyter
2921 922 3242 994 subscripsi.

2325 1015 2756 1072 Theodemodus
2785 1015 3082 1088 presbyter
3109 1015 3430 1088 subscripsi.

2327 1109 2640 1166 Launovius
2669 1109 2962 1181 presbyter
2985 1109 3306 1181 subscripsi.

2327 1201 2610 1258 Leonastis
2633 1201 2927 1274 presbyter
2955 1202 3280 1274 subscripsi.

2327 1297 2624 1352 Medardus
2650 1295 2942 1368 presbyter
2968 1295 3270 1368 subscripsi
3289 1311 3396 1369 per
3421 1295 3706 1354 diaconum
3729 1297 3836 1355 Leu-

2257 1389 2576 1462 degisilum.

2328 1483 2540 1538 Ennius
2571 1481 2863 1554 presbyter
2886 1483 3208 1555 subscripsi.

2327 1576 2616 1630 Filmatius
2643 1577 2940 1648 presbyter
2965 1577 3288 1648 subscripsi.

2328 1669 2652 1726 Nonnovius
2680 1670 2974 1742 presbyter
2997 1670 3320 1742 subscripsi.

2176 1745 2234 1817 Β
2329 1764 2654 1820 Ballomeris
2683 1764 2978 1836 presbyter
3001 1763 3322 1836 subscripsi.

2325 1858 2728 1914 Bomacharius
2753 1859 3048 1929 presbyter
3071 1857 3396 1929 subscripsi.

2325 1951 2620 2008 Medardus
2645 1951 2938 2022 presbyter
2963 1951 3282 2023 subscripsi.

2332 2045 2530 2100 Audila
2549 2045 2840 2116 presbyter
2865 2043 3188 2116 subscripsi.

2329 2138 2601 2194 Genulfus
2628 2138 2925 2210 presbyter
2951 2138 3274 2210 subscripsi.

2329 2231 2594 2303 Syagrius
2623 2231 2916 2302 presbyter
2941 2231 3263 2303 subscripsi.
3287 2283 3295 2294 ,

2331 2324 2621 2381 Sindulfus
2645 2325 2942 2396 presbyter
2967 2325 3288 2396 subscripsi.

2329 2418 2666 2474 Vinobaudis
2695 2419 2991 2490 presbyter
3013 2418 3360 2491 subscripsiﬁ

2331 2513 2594 2566 Barbario
2620 2512 2886 2568 diaconus
2917 2512 3242 2584 subscripsi.

2331 2606 2718 2677 Leudegisilus
2747 2605 3012 2661 diaconus
3037 2623 3141 2678 pro
3169 2607 3432 2662 Medardo
3451 2607 3744 2679 subscripsi.

2331 2702 2394 2754 In
2424 2701 2524 2753 hac
2551 2700 2757 2768 synodo
2782 2703 3008 2768 fuerunt
3053 2704 3364 2769 congregati
3413 2703 3678 2772 episcopus
3709 2717 3836 2764 unus.

2259 2793 2478 2848 abbates
2500 2798 2717 2863 septem,
2741 2795 3044 2863 presbyteri
3084 2796 3314 2863 triginta
3355 2799 3605 2864 quatuor,
3647 2795 3835 2858 diaconi,

2259 2889 2358 2957 qui
2381 2889 2441 2940 in
2466 2887 2579 2942 vice
2597 2887 3506 2958 presbyterorumsubscripserunt,
3530 2893 3628 2944 tres
3646 2893 3833 2943 tantum.

1242 3230 1497 3297 SANCT
1503 3231 1526 3296 Ι
1567 3231 1924 3308 AUNARII,
1973 3231 2725 3298 AUTISSIODORENSIS
2769 3233 3161 3310 EPISCOPI,

687 3393 1474 3506 EPISTOLA
1572 3397 1775 3504 AD
1871 3396 2866 3507 STEPHANUM
2956 3397 3708 3508 ABBATEM

1617 3587 1756 3668 (Ex
1799 3587 2132 3666 Bolland.,
2170 3589 2395 3670 prima
2439 3589 2544 3651 die
2585 3587 2807 3663 Maii.)

1213 3752 1375 3798 HUNC
1419 3751 1756 3799 HOR'I‘ATUR
1799 3755 1878 3799 UT
1919 3753 2118 3798 VITAM
2163 3751 2383 3798 SANCTI
2427 3753 2740 3800 AMATORIS
2783 3753 3185 3800 CONSCRIBAT.

597 3994 970 4050 Dilectissimo
1009 4001 1180 4069 atque
1223 3999 1608 4054 amantissimo
1651 4005 1708 4056 et
1749 4000 1970 4055 interno
2013 4000 2160 4056 mihi
2181 4013 2234 4088 ρ
2260 4001 2492 4072 quidam
2515 4004 2706 4056 autem
2735 4000 2995 4056 numeris
3037 4017 3095 4056 se
3137 4001 3494 4072 rhythmisve
3527 4016 3588 4054 ac
3625 3996 3831 4052 cantibus

524 4089 748 4143 vinculo
773 4090 1061 4146 charitatis
1086 4108 1340 4147 conuexo
1369 4093 1652 4164 Stephano
1683 4094 2031 4165 presbytero,
2051 4097 2161 4148 Au-

523 4187 716 4242 narius
742 4187 922 4258 gratia
949 4188 1044 4244 Dei
1075 4190 1388 4263 episcOpus,
1422 4191 1482 4245 in
1516 4191 1756 4246 Domino
1783 4193 2058 4246 aeternam
2078 4207 2158 4246 sa-

524 4281 728 4336 lutem.

595 4377 728 4430 Ture
752 4375 914 4430 nobis
941 4377 1210 4432 doctrinas
1233 4379 1424 4433 multis
1430 4379 1556 4450 jam
1586 4378 1988 4450 experimentis
2013 4395 2161 4434 com-

525 4469 758 4540 probata
807 4471 1111 4540 prudentia
1173 4472 1446 4544 compulit
1505 4489 1628 4543 nos,
1685 4473 1994 4544 quamdam
2049 4473 2160 4528 tuis

525 4561 776 4617 humeris
817 4562 1184 4634 imperiosam
1221 4582 1601 4638 superponere
1641 4567 2021 4635 sarcinulam;
2062 4566 2162 4620 sed

526 4670 651 4710 eam
675 4671 798 4726 quae
819 4655 922 4710 tibi
949 4673 1062 4712 non
1104 4659 1176 4712 sit
1201 4661 1407 4726 oneris,
1437 4661 1532 4714 sed
1575 4659 1845 4730 honoris;
1891 4675 1996 4714 nec
2035 4676 2162 4731 quae

529 4747 794 4803 deorsum
827 4748 1028 4820 iniquo
1074 4753 1323 4821 pondere
1372 4759 1612 4823 premat,
1666 4755 1762 4808 sed
1810 4769 1934 4824 qum
1973 4754 2162 4824 potius

525 4837 730 4893 ccelum
753 4853 932 4910 usque
954 4839 1229 4895 sustollat.
1252 4841 1556 4912 Cognitum
1583 4842 1688 4897 tibi
1708 4847 1809 4912 est,
1831 4841 2159 4897 charissime

525 4929 717 5002 frater,
747 4935 804 4988 et
834 4948 962 5004 quae
994 4933 1066 4988 sit
1106 4935 1490 4988 humanarum
1534 4935 1814 4990 mentium
1849 4935 2160 5003 diversitas,

529 5027 585 5076 et
631 5027 1114 5094 quemadmodum
1155 5027 1214 5082 in
1275 5027 1460 5082 studia
1505 5028 1783 5082 contraria
1821 5045 1938 5083 non
1979 5029 2162 5084 solum

530 5114 699 5171 inane
724 5119 947 5190 vulgus,
980 5137 1178 5176 verum
1205 5121 1377 5177 etiam
1403 5121 1661 5177 universa
1689 5122 1979 5177 scindatur
1997 5123 2160 5178 nobi-

530 5209 683 5264 litas.
711 5211 776 5266 Et
804 5212 1036 5282 quidam
1063 5216 1290 5287 quidem
1323 5215 1576 5288 prosaico
1616 5215 1970 5272 oblectantur
1995 5217 2159 5288 stylo,

2259 4111 2526 4150 versuum
2553 4095 2817 4150 delectari
2847 4095 3115 4150 fatentur.
3145 4096 3312 4165 Ergo,
3355 4099 3424 4150 ut
3461 4092 3696 4148 omnium
3723 4088 3830 4142 votis

2259 4204 2635 4257 occurrerem,
2688 4191 2745 4243 et
2799 4188 2990 4243 nullus
3055 4205 3157 4242 suo
3205 4187 3484 4244 desiderio
3511 4185 3826 4248 fraudaretur,

2259 4281 2468 4352 placuit
2509 4280 2654 4335 mihi
2701 4285 2766 4336 ut
2817 4281 2958 4336 vitas
3005 4280 3462 4336 beatissimorum
3505 4279 3828 4334 confcssorum

2259 4375 2534 4446 quasdam
2571 4375 2714 4446 pede
2754 4375 2932 4430 libero
2987 4375 3369 4444 describeres,
3429 4375 3686 4446 quasdam
3727 4383 3826 4423 vero

2259 4469 2384 4539 lege
2419 4468 2654 4522 metrica
2689 4468 2988 4539 impeditas
3033 4469 3360 4540 digereres:
3419 4468 3490 4522 ob
3540 4481 3692 4538 quam
3736 4476 3824 4516 rem

2261 4562 2490 4616 obsecro
2521 4561 2740 4616 unitam
2765 4561 2910 4616 mihi
2953 4567 3068 4617 tuas
3117 4561 3428 4617 dilectionis
3471 4558 3759 4622 amicitiam,
3787 4557 3830 4607 ut

2259 4655 2570 4710 beatissimi
2599 4655 2858 4710 Germani
2885 4655 3134 4726 episcopi
3156 4656 3330 4710 vitam
3357 4655 3419 4710 in
3461 4667 3705 4710 versuum
3729 4663 3830 4719 qua-

2261 4747 2498 4818 litatem,
2521 4753 2870 4804 commutare
2895 4765 3010 4804 non
3040 4749 3300 4819 desistas;
3343 4749 3518 4804 sancti
3557 4763 3674 4802 vero
3702 4747 3828 4798 Ama-

2261 4842 2396 4897 toris
2423 4843 2674 4912 prosaica
2704 4842 3089 4898 modulatione
3139 4843 3451 4910 describas;
3499 4847 3562 4897 ut
3595 4841 3832 4896 sectatores

2261 4937 2579 5006 apostolicae
2631 4936 3051 5008 praedicationis
3092 4935 3304 5006 eﬂ‘ecti,
3379 4935 3644 4992 omnibus
3685 4925 3829 4986 omnia

2265 5029 2599 5096 efﬁciamur,
2647 5035 2702 5084 et
2740 5031 2882 5084 nulli
2925 5030 3236 5102 quidquam
3291 5031 3609 5096 debeamus,
3655 5023 3742 5080 nisi
3783 5021 3830 5070 ut

2265 5123 2505 5179 invicem
2531 5123 2851 5195 diligamus.
2885 5124 3066 5178 Indivi
3091 5124 3409 5179 duammihi
3435 5123 3734 5178 charitatem
3756 5127 3826 5166 τε·

2264 5221 2441 5273 stram
2467 5217 2654 5272 divina
2679 5217 2954 5274 custodiat
2977 5217 3173 5289 pietas,
3202 5217 3531 5274 venerabilis
3555 5215 3720 5270 frater.
