4058 6190
885 408 895 439 ,
1504 418 1507 419 ν
2576 408 2582 432 ,
3310 410 3313 413 .

1426 553 1875 639 \STEPHANI
1916 552 2259 622 ABBATIS

195 740 1079 873 EPISTOLA
1205 740 1439 871 AD
1568 738 2400 869 SANCTUM
2516 734 3537 891 AUNARIUM,

1359 965 1978 1014 AUTISSIODORENSEM
2019 966 2384 1013 EPISCOPUM.

254 1206 506 1262 Domino
531 1206 865 1262 beatissimo
893 1208 952 1261 et
975 1206 1296 1278 apostolicis
1326 1206 1519 1261 infulis
1546 1206 1817 1262 decorato
1840 1218 1900 1292 Α
1921 1206 2176 1262 assumit.
2196 1207 2397 1261 Nonne
2411 1205 2665 1260 ferarum
2689 1203 3019 1267 sectatores,
3038 1196 3288 1253 siminus
3302 1194 3552 1268 captiosa

185 1300 344 1354 Patri
371 1300 670 1372 spirituali,
697 1300 948 1356 Aunario
980 1300 1267 1374 episcopo,
1301 1299 1643 1372 Stephanus,
1692 1316 1816 1355 om-

186 1394 353 1449 nium
383 1408 689 1450 servorum‘
707 1393 913 1450 Christi
943 1394 1210 1449 famulus.

256 1494 524 1547 Decursis
562 1493 766 1548 litteris
807 1495 1160 1564 apostolatus
1216 1492 1407 1561 vestri,
1441 1493 1594 1565 quod
1642 1491 1822 1548 sancti

183 1586 461 1641 desiderii
492 1587 664 1643 ardor
711 1604 937 1642 summa
981 1587 1274 1643 alacritate
1323 1586 1650 1658 praetendit,
1697 1587 1821 1641 luce

185 1680 399 1735 clarius
435 1682 769 1753 approbavi.
816 1683 912 1737 Est
937 1697 1076 1753 ergo
1105 1680 1425 1736 devotionis
1459 1685 1658 1735 vestrae
1687 1696 1818 1751 pro-

184 1774 464 1845 positum,
482 1775 734 1830 virorum
753 1775 1283 1847 opinatissimorum
1301 1774 1573 1829 Germani
1590 1776 1823 1829 etAma-

181 1868 324 1922 toris
354 1867 578 1923 ﬂorida
602 1868 732 1923 vitae
765 1868 984 1923 nobiles
1019 1872 1177 1923 actus
1198 1868 1471 1936 describi;
1504 1868 1607 1922 sed
1628 1866 1702 1922 ad
1724 1884 1823 1922 eos

179 1960 520 2032 lepidissimi
554 1962 709 2016 callis
745 1962 917 2017 vestri
949 1962 1232 2033 dirigatur
1256 1961 1525 2029 intentio,
1560 1960 1657 2032 qui
1688 1977 1819 2032 pos-

187 2057 320 2108 sunt
345 2054 624 2110 virtutum
650 2055 868 2110 lumina
880 2054 1185 2127 aequiparis
1206 2055 1494 2109 afﬂatibus
1519 2054 1819 2126 inspicere.

185 2149 404 2203 Verum
437 2165 547 2220 ego
579 2149 759 2220 (cujus
807 2149 963 2204 iners
998 2149 1299 2220 ingenium
1348 2148 1581 2220 gemino
1632 2147 1822 2217 rigore

185 2242 484 2314 torpescit,
526 2245 584 2297 et
616 2242 814 2313 lingua
843 2242 1188 2311 balbutiens,
1222 2242 1474 2297 faucium
1512 2241 1665 2295 inter
1690 2258 1820 2295 rau-

185 2334 411 2390 cidulos
439 2352 634 2421 cursus
673 2335 955 2407 squallido
1004 2336 1122 2391 sitis
1148 2335 1428 2410 impedita
1457 2334 1669 2405 rigore,
1707 2350 1823 2389 non

185 2428 469 2500 loquitur,
508 2429 607 2484 sed
634 2429 822 2501 potius
864 2429 1087 2500 stridet)
1117 2429 1410 2501 quomodo
1442 2433 1644 2500 potero
1691 2425 1828 2482 divi-

1918 1301 2200 1356 industria
2216 1298 2572 1367 formaverit,
2591 1296 2782 1351 audax
2803 1293 3099 1348 temeritas
3116 1289 3549 1363 pessumdabit?

1919 1396 2225 1466 Nunquam
2246 1393 2357 1447 tiro
2383 1391 2635 1446 victoriae
2669 1391 3047 1443 monumenta
3066 1401 3292 1457 parma,
3316 1399 3442 1455 quas
3468 1387 3553 1436 est

1919 1489 2091 1559 picta,
2125 1486 2385 1559 gestavit,
2415 1485 2461 1539 si
2488 1499 2625 1539 eum
2653 1482 2823 1537 docta
2846 1478 3103 1534 veterani
3148 1476 3395 1547 exempli
3437 1492 3551 1529 ma-

1921 1599 2028 1637 nus
2051 1598 2167 1637 non
2193 1579 2477 1635 instruxit.
2505 1580 2807 1648 Nunquam
2824 1574 2999 1629 etiam
3022 1571 3171 1627 aeris
3201 1571 3306 1626 sibi
3328 1586 3553 1625 conces-

1923 1693 2050 1730 sum
2094 1674 2355 1746 patulum
2408 1673 2517 1728 iter
2544 1673 2661 1726 ales
2684 1670 2858 1724 tutius
2887 1666 3181 1733 resecavit,
3214 1664 3304 1720 cui
3340 1663 3553 1736 praevia

1923 1770 2033 1824 dux
2059 1768 2345 1840 penniger
2395 1770 2584 1820 mater
2635 1781 2749 1818 non
2795 1761 2986 1817 fuerit.
3029 1759 3250 1815 Jacebit
3296 1759 3553 1829 profecto

1921 1863 2199 1919 ﬂuctuum
2226 1860 2464 1923 elisione
2486 1862 2800 1923 truncatus,
2831 1853 3088 1927 quisquis
3106 1870 3220 1907 suae
3248 1852 3555 1923 procacita-

1921 1957 1994 2012 tis
2013 1957 2147 2010 fisus
2172 1956 2628 2019 auctoramento,
2657 1949 2966 2005 indocilem
2989 1946 3128 2001 ratis
3156 1947 3451 2000 dexteram
3471 1945 3554 1999 in-

1924 2051 2075 2123 gerit
2099 2050 2290 2105 clavo:
2320 2049 2397 2103 sic
2443 2044 2829 2116 unusquisque
2850 2043 2910 2096 in
2941 2041 3223 2096 diversum
3251 2038 3553 2110 imperitiae

1923 2145 2100 2199 hamo
2145 2142 2507 2209 inscinditur,
2548 2140 2593 2193 si
2645 2139 2947 2193 doctorum
2985 2133 3273 2190 favoribus
3311 2132 3551 2188 minime

1924 2238 2242 2309 adjuvetur.
2274 2237 2414 2307 Ego,
2458 2232 2787 2289 beatissime
2825 2230 2929 2296 vir,
2962 2244 3156 2302 quaeso
3196 2230 3258 2281 ut
3283 2227 3379 2281 illa
3408 2224 3550 2281 mihi

1925 2332 2153 2386 culmen
2178 2329 2352 2402 apicis
2376 2328 2459 2382 tui
2485 2327 2768 2398 imponat,
2789 2340 2917 2395 qua:
2936 2322 3099 2378 facile
3121 2337 3217 2376 me
3228 2336 3394 2393 posse
3421 2336 3551 2391 per-

1924 2425 2094 2479 ficere
2125 2440 2243 2478 non
2272 2421 2527 2487 dubitat;
2558 2420 2604 2474 si
2625 2423 2821 2473 tamen
2854 2421 2910 2472 et
2944 2417 3002 2470 in
3028 2416 3137 2470 hoc
3166 2431 3358 2486 opere,
3389 2412 3552 2484 quid-

187 2523 345 2578 nitus
402 2523 681 2595 inspirata
720 2523 977 2578 virorum
1032 2523 1523 2578 sanctissimorum
1576 2537 1894 2599 munera_
1928 2518 2068 2590 quid
2098 2516 2331 2589 illepide
2360 2518 2457 2570 aut
2502 2514 2748 2568 infacete
2776 2510 2987 2566 rustica
3032 2508 3337 2581 garrulitas
3364 2505 3551 2599 diges-

188 2617 376 2689 polito
409 2616 679 2688 expedire
724 2633 1010 2686 sermone,
1041 2616 1138 2688 qui
1175 2634 1282 2672 nec
1323 2615 1545 2688 privata
1594 2630 1825 2686 possum
1845 2590 1903 2663 B
1927 2611 2083 2679 serit,
2107 2608 2511 2682 aquanimiter
2535 2608 2707 2674 feras,
2740 2603 3077 2677 aggrediar;
3108 2608 3165 2657 et
3192 2601 3397 2657 faciam
3423 2590 3555 2671 quae

188 2712 454 2767 humano
483 2728 618 2767 casu
644 2717 917 2782 congesta
929 2711 1167 2783 negotia
1191 2709 1516 2783 explicare?
1541 2709 1822 2777 Ridiculo,

191 2805 251 2860 ni
285 2805 481 2873 fallor,
509 2822 576 2861 ac
617 2804 1003 2877 inexplicabili
1027 2804 1275 2860 ludibrio
1328 2806 1515 2859 semet
1540 2802 1827 2874 impendit

191 2899 455 2972 quisquis
484 2899 636 2956 ultra
661 2899 869 2955 virium
923 2915 1156 2954 suarum
1194 2897 1634 2971 possibilitatem
1680 2913 1825 2952 onus

1925 2709 2170 2778 paterna
2194 2703 2372 2758 infert
2399 2718 2463 2757 ac
2499 2700 2665 2772 jubet
2694 2699 3020 2754 auctoritas.
3056 2697 3190 2750 Vale
3219 2694 3277 2749 in
3311 2695 3553 2765 longum

1924 2805 2173 2871 tempus,
2202 2796 2435 2852 domine
2465 2810 2634 2865 papa.

188 3050 3553 3114 ω

1570 3252 1779 3299 EODEM
1822 3249 2131 3297 TEMPOBE.

1211 3429 2558 3666 SEDATUS,

721 3728 1931 3865 BITEBRENSIS
2037 3739 3062 3864 EPISGOPUS.

1503 4143 2297 4281 NOTITIA.

1173 4361 1339 4463 Ea:
1413 4360 1876 4463 Fabricii
1946 4360 2603 4463 Bibliotheca.

278 4691 545 4762 Sedatus,
571 4694 871 4767 episcopus
892 4695 1250 4765 Biterrensis,
1281 4697 1379 4769 qui
1414 4713 1507 4751 an.
1532 4699 1633 4753 589
1660 4695 1845 4752 conci-
1864 4709 1917 4784 ρ
1943 4696 2162 4752 mentio
2183 4694 2450 4751 facienda
2462 4697 2548 4750 est
2562 4693 2935 4768 epistolarum
2960 4690 3135 4748 trium
3153 4687 3349 4747 Sedati
3369 4686 3443 4742 ad
3455 4686 3567 4784 Bu-

204 4786 284 4842 lio
313 4786 589 4843 Toletano
623 4794 680 4843 et
706 4790 1065 4846 Narbonensi
1092 4790 1371 4859 interfuit,
1398 4795 1598 4846 auctor
1628 4796 1714 4846 est
1740 4792 1840 4846 ho-

204 4879 385 4935 milia
414 4880 485 4935 de
508 4882 832 4953 Epiphania
855 4884 1107 4955 primum
1127 4883 1391 4956 Lugduni
1409 4900 1539 4939 cum
1562 4885 1846 4957 opusculis

207 4973 599 5044 quorumdam
648 4977 881 5032 Patrum
914 4981 1051 5033 1615
1099 4995 1133 5033 a
1157 4979 1379 5033 Thoma
1407 4979 1622 5034 Galleto
1655 4980 1842 5047 editae,

206 5071 340 5139 post
365 5067 424 5121 in
456 5068 805 5125 Bibliotheca
841 5073 1074 5127 Patrum
1112 5072 1367 5127 Parisina
1420 5077 1478 5127 et
1520 5073 1845 5130 Coloniensi

208 5160 364 5216 inter
391 5162 576 5217 mtatis
598 5162 831 5220 incertas
856 5165 1158 5238 scriptores
1172 5168 1390 5238 positw,
1410 5167 1499 5223 cui
1525 5168 1762 5222 tandem
1786 5167 1843 5221 in

211 5254 606 5327 Lugdunensi,
636 5260 676 5311 t.
718 5259 803 5327 XI,
832 5275 888 5330 p.
924 5262 1079 5328 1093,
1112 5276 1324 5315 nomen
1378 5260 1629 5333 episcopi
1675 5260 1845 5315 Biter-

172 5355 185 5361 ‘
210 5349 397 5403 rensis
425 5356 836 5421 apposuerunt.
866 5354 1020 5408 lnter
1040 5353 1227 5425 Opera
1248 5356 1571 5427 Augustini,
1592 5358 1633 5408 t.
1649 5353 1841 5408 Vcdit.

213 5441 455 5512 Bened.,
488 5445 761 5517 append.,
789 5463 845 5518 p.
874 5450 998 5515 735,
1032 5450 1214 5501 exstat
1241 5464 1431 5503 sermo
1463 5448 1533 5503 de
1579 5448 1847 5502 Kalendis

209 5535 514 5605 Ianuariis,
539 5538 634 5610 qui
656 5538 717 5593 in
737 5540 832 5596 Ms.
849 5540 1219 5597 Floriacensis
1239 5541 1481 5597 abbatiae
1501 5541 1712 5597 Sedato
1734 5542 1849 5613 epi-

218 5646 390 5703 scopo
441 5631 731 5702 tribuitur,
761 5634 999 5691 dubium
1045 5651 1119 5691 an
1153 5634 1286 5691 huic
1313 5638 1531 5691 nostro.
1587 5635 1846 5708 Denique

287 5806 309 5829 ⁸
337 5802 441 5853 Has
471 5801 918 5867 Sedatiiepistolas
945 5804 1135 5856 videsis
1152 5804 1343 5856 Patro].
1368 5806 1497 5860 tom.
1534 5804 1705 5866 LVlll,
1726 5803 1847 5856 coll.

250 5874 329 5933 65,
351 5870 465 5930 866,
487 5870 599 5931 867,
622 5866 723 5918 ubi
739 5882 770 5919 a
799 5868 1091 5933 δίειμι·ωο
1116 5867 1182 5920 de
1211 5869 1261 5919 la
1282 5867 1464 5933 Bigne,
1493 5882 1560 5920 ex
1591 5868 1739 5934 cujus
1772 5867 1850 5918 Bi-

1942 4790 2146 4845 ricium
2194 4788 2681 4858 Lemovicensem,
2713 4805 2854 4861 quas
2894 4785 3147 4846 Canisius
3172 4783 3351 4840 edidit
3375 4781 3570 4852 Antiq.

1944 4884 2280 4940 Lectionum
2308 4886 2347 4938 t.
2378 4886 2440 4953 V,
2463 4887 2612 4957 part.
2641 4901 2699 4952 Ii,
2731 4901 2788 4955 p.
2827 4884 2951 4952 438,
2985 4881 3122 4937 edit.
3142 4894 3304 4934 novae
3330 4880 3471 4931 tom.
3506 4873 3571 4943 Π,

1944 4981 2091 5050 part.
2134 4995 2194 5045 ιι,
2225 4980 2419 5049 p.360,
2454 4981 2576 5046 362,
2607 4982 2738 5047 367;
2772 4978 2932 5049 cujus
2952 4989 3181 5047 quoque
3210 4970 3285 5026 ad
3312 4973 3573 5025 nostrum

1945 5072 2165 5143 aliquot
2192 5072 2447 5144 epistolae
2479 5078 2719 5128 exstant.
2753 5071 3047 5127 Habentur
3078 5083 3307 5139 quoque
3345 5068 3503 5120 tomo
3529 5064 3576 5118 Il

1945 5165 2334 5222 Conciliorum
2379 5165 2676 5234 Harduini,
2720 5169 2784 5219 ut
2814 5164 2955 5219 alias
3006 5161 3288 5218 editiones
3327 5162 3573 5235 taceam.

1930 5260 2057 5314 llas
2083 5260 2357 5331 epistolas
2378 5258 2613 5331 quidam
2640 5256 2849 5315 Sedato
2880 5253 3583 5326 Nemausensiumepisco-

1948 5371 2020 5425 po
2050 5354 2329 5421 tribuunt,
2363 5352 2460 5424 qui
2498 5370 2591 5407 an.
2626 5354 2727 5407 506
2755 5350 2997 5408 concilio
3035 5352 3369 5424 Agathensi,
3404 5356 3461 5406 et
3481 5366 3575 5406 an.

1949 5450 2050 5504 507
2076 5449 2357 5504 Tolosano
2388 5444 2651 5500 interfuit
2676 5449 2718 5500 '.
2758 5446 2917 5501 Adde
2970 5450 3111 5504 Hist.
3147 5448 3408 5504 littéraire
3431 5446 3497 5499 de
3526 5444 3578 5497 Ia

1947 5544 2168 5609 France,
2197 5546 2340 5596 tom.
2374 5540 2460 5608 lll,
2490 5556 2546 5610 p.
2578 5542 2700 5595 36'2.

1945 5802 2213 5880 bliotlreca
2224 5799 2511 5880 desumpta
2522 5810 2660 5880 sunt,
2674 5805 3154 5880 Faus_to_Rheg_iensi
3163 5804 3581 5880 tribuunturﬁub

1948 5866 2125 5920 Sodali
2142 5866 2468 5933 supposititio
2496 5866 2731 5933 nomine,
2754 5869 2823 5921 ad
2850 5866 3114 5919 Ruricium
3139 5868 3403 5920 scribenti.
3436 5866 3581 5926 Enn.
