3996 6188
483 351 3828 402 ψ

1352 514 1630 582 SANCTI
1675 514 1980 591 SEDATI,
2028 513 2546 581 BITERRENSIS
2591 477 2983 591 EPISCOPI,

1021 657 1819 781 HOMILIA
1901 657 2144 776 DE
2241 654 3310 782 EPIPHANIA.

555 957 836 1042 Proxime,
867 957 1074 1012 fratres
1091 957 1432 1025 charissimi,
1458 956 1876 1029 redemptionis
1901 961 2112 1013 nostra
2135 969 2194 1042 Α
2212 957 2284 1012 sit
2306 955 2504 1012 vinum
2527 957 2680 1028 quod
2699 955 2964 1012 defecisse
2983 953 3208 1024 dicitur,
3236 956 3295 1008 et
3310 951 3464 1024 quod
3490 950 3567 1006 sit
3590 947 3737 1005 aliud
3750 949 3823 1004 vi-

487 1031 900 1106 celebravimus
913 1055 1360 1118 sacramentum,
1376 1067 1489 1122 quo
1507 1052 1655 1105 Deus
1667 1050 1963 1106 hominem
1982 1066 2110 1105 cum

485 1143 914 1199 infirmitatibus
955 1143 1161 1198 induit.
1211 1144 1391 1200 Hodie
1449 1144 1590 1198 illud
1639 1144 1948 1200 excolimus
2001 1160 2115 1216 quo

485 1254 547 1294 se
574 1237 633 1292 in
673 1237 910 1293 homine
955 1239 1137 1292 Deum
1163 1237 1464 1292 virtutibus
1498 1237 1859 1293 declamavit.
1888 1239 1998 1292 Pro
2045 1253 2116 1291 eo

488 1331 643 1402 quod
671 1331 729 1385 in
749 1331 856 1386 hac
883 1331 972 1385 die
987 1331 1101 1385 sive
1128 1332 1269 1386 calo
1298 1332 1523 1385 stellam
1560 1335 1718 1386 ortus
1738 1330 1822 1385 sui
1850 1330 2117 1385 nuntiam

485 1424 881 1497 prabuit,sive
903 1425 1060 1496 quod
1090 1425 1150 1479 in
1167 1425 1463 1480 Chanaam
1490 1425 1734 1480 Galilaa
1765 1425 1827 1478 in
1859 1423 2116 1480 convivio

484 1518 728 1590 nuptiali
751 1535 928 1590 aquas
953 1519 1014 1573 in
1039 1518 1172 1574 vina
1197 1519 1496 1586 convertit,
1520 1518 1638 1573 sive
1661 1517 1816 1590 quod
1846 1519 1904 1571 in
1922 1517 2120 1573 Jorda-

488 1613 577 1667 nis
597 1611 768 1668 undis
788 1629 966 1684 aquas
977 1612 1050 1667 ad
1074 1612 1496 1684 reparationem
1515 1611 1754 1666 humani
1775 1611 2004 1682 generis
2015 1627 2116 1665 suo

488 1710 776 1781 baptismo
803 1709 1172 1764 consecravit.
1207 1711 1265 1763 ιιι
1290 1709 1548 1780 quolibet
1578 1709 1786 1763 horum
1816 1709 1993 1763 trium
2028 1725 2114 1762 sa-

488 1803 623 1859 lutis
659 1807 869 1858 nostra
898 1803 1174 1874 mysteria
1200 1802 1571 1858 continentur
1601 1806 1658 1857 et
1685 1801 1917 1873 gaudia.
1950 1801 2120 1856 Nobis

490 1897 648 1951 enim
679 1912 745 1951 ex
771 1896 1002 1967 Virgine
1030 1899 1196 1951 natus
1235 1901 1340 1963 est,
1373 1895 1528 1967 quod
1550 1896 1714 1950 stella
1740 1894 2116 1950 monstravit:

489 2007 597 2044 nos
620 1989 679 2044 in
725 1989 932 2044 melius
957 2006 1081 2044 esse
1127 1989 1438 2044 mutandos
1483 1987 1676 2060 operis
1721 1988 2020 2057 miraculo,
2064 1991 2122 2042 et

490 2099 770 2156 aquarum
783 2083 1154 2139 conversione
1168 2083 1430 2154 signavit.
1451 2082 1624 2138 Nobis
1644 2082 1909 2137 remedia
1932 2081 2121 2154 provi-

489 2177 632 2232 vidit
651 2194 718 2232 ex
744 2177 1030 2248 baptismo
1057 2177 1213 2248 quod
1239 2177 1298 2230 in
1329 2175 1594 2232 Iordanis
1628 2176 1787 2231 alveo
1816 2192 1993 2247 aquas
2019 2174 2116 2229 de-

493 2271 738 2338 dicavit;
773 2274 832 2324 et
877 2271 1029 2338 ideo,
1059 2271 1264 2325 fratres
1307 2269 1646 2336 charissimi,
1687 2268 1746 2323 in
1785 2269 1946 2323 omni
1991 2271 2121 2322 actu

494 2367 691 2419 nostro
717 2365 940 2418 stellam
956 2364 1088 2419 tidei
1111 2364 1507 2434 praferamus,
1527 2367 1586 2417 et
1605 2363 1663 2417 in
1687 2362 1945 2417 custodia
1961 2360 2120 2434 puri-
2141 2338 2199 2410 B

490 2458 629 2511 tatis
679 2457 884 2512 Christi
937 2457 1294 2528 baptismum
1349 2456 1724 2511 celebremus.
1789 2455 1933 2521 Quia
2001 2455 2125 2510 hac

494 2551 702 2608 Christi
729 2552 1024 2623 generatio
1052 2554 1165 2606 tua
1191 2550 1325 2605 ﬁdei
1363 2549 1722 2606 confirmatio
1750 2554 1854 2604 est.
1900 2551 1967 2604 Et
1991 2549 2127 2620 quia

495 2661 600 2717 per
629 2644 955 2699 universum
999 2644 1283 2699 mundum
1308 2649 1670 2698 sacramento
1714 2641 1988 2715 baptismi
2017 2643 2122 2696 hu-

495 2758 668 2797 mano
695 2741 896 2813 generi
922 2758 1064 2812 opus
1091 2745 1233 2811 erat,
1263 2741 1428 2813 aquis
1456 2739 1925 2796 benedictionem
1946 2740 2124 2807 dedit,

453 2846 456 2856 '
498 2836 730 2908 quando
758 2836 816 2890 in
839 2835 1105 2890 Jordanis
1133 2837 1375 2902 alveum,
1398 2834 1585 2903 unica,
1610 2851 1675 2888 ac
1699 2834 1977 2906 singulari
2005 2833 2124 2904 pie-

497 2935 616 2985 tate
643 2929 954 2984 descendit.
977 2929 1099 2984 Tibi
1119 2945 1256 3000 ergo
1278 2928 1590 2996 nascendo,
1605 2929 1859 2984 Christus
1875 2927 2125 2996 advenit,

499 3023 605 3079 tibi
628 3022 870 3078 vivendo
901 3022 1186 3090 militavit,
1214 3022 1317 3077 tibi
1348 3021 1656 3077 moriendo
1678 3021 1952 3090 conﬂixit,

574 3116 758 3181 Quem
787 3115 946 3170 vides
971 3132 1073 3186 pro
1095 3119 1153 3170 te
1177 3119 1492 3185 mortuum,
1524 3118 1762 3187 propter
1789 3118 1845 3169 te
1871 3115 2128 3186 intellige

500 3210 872 3282 baptizatum.
905 3209 1068 3276 lllud,
1085 3209 1290 3263 fratres
1301 3208 1641 3277 charissimi,
1671 3209 1826 3280 quod
1852 3209 1945 3264 die
1962 3209 2131 3263 tertia

503 3303 719 3376 nuptia
749 3303 914 3358 facta
944 3306 1096 3370 sunt,
1117 3302 1246 3370 hoc,
1275 3301 1432 3374 quod
1460 3319 1672 3374 aquam
1703 3302 1762 3358 in
1781 3303 1980 3358 vinum
2001 3319 2132 3358 con-

501 3414 726 3454 versam
746 3397 940 3463 fuisse,
973 3396 1150 3452 modo
1164 3413 1294 3452 cum
1324 3396 2017 3468 Evangeliumlegeretur,
2037 3413 2133 3452 au-

504 3491 684 3548 distis.
705 3493 814 3548 Sex
833 3497 1027 3547 autem
1048 3491 1268 3564 hydria
1300 3495 1431 3546 sunt
1457 3507 1550 3546 sex
1573 3490 1779 3546 mundi
1804 3491 1974 3562 hujus
2000 3493 2133 3546 ata-

501 3593 608 3655 tes,
632 3604 736 3658 per
761 3586 1049 3658 quasjusti
1075 3586 1321 3656 ﬁguram
1343 3589 1402 3640 et
1425 3588 1629 3658 typum
1653 3584 1885 3640 Domini
1915 3588 2127 3657 pratu-

503 3680 973 3751 lerant.Capiunt
1000 3682 1277 3734 metretas
1318 3679 1504 3748 binas,
1537 3679 1625 3734 vel
1655 3683 1870 3748 ternas,
1912 3677 2048 3750 quia
2071 3679 2134 3733 fl-

505 3772 638 3828 dem
650 3773 800 3827 intra
813 3789 871 3827 se
885 3773 1186 3828 continent
1203 3772 1516 3828 Trinitatis.
1540 3772 1653 3830 Sed
1667 3772 1968 3828 videamus
1993 3771 2132 3844 quid

507 3865 645 3922 dicit
680 3881 870 3922 sermo
910 3863 1156 3932 divinus,
1184 3871 1240 3920 et
1267 3867 1388 3937 ipsa
1413 3866 1558 3921 sacri
1597 3866 1890 3938 Evangelii
1921 3869 2131 3921 tracte-

506 3976 635 4014 mus
675 3960 924 4015 oracula.
951 3961 1012 4013 ln
1033 3959 1190 4014 Cana
1217 3959 1464 4014 Galilaa
1503 3975 1684 4030 aquas
1728 3959 1788 4014 in
1837 3959 1970 4014 vina
1995 3976 2131 4015 con-

506 4053 696 4121 vertit,
711 4057 770 4108 et
783 4055 1060 4108 latentem
1079 4053 1183 4107 sub
1212 4053 1450 4108 homine
1477 4055 1660 4108 Deum
1673 4070 1915 4125 operum
1929 4054 2132 4108 virtute

508 4147 739 4204 detexit.
770 4150 843 4204 Et
883 4149 990 4212 die,
1035 4147 1240 4218 inquit,
1290 4151 1452 4202 tertia
1500 4149 1706 4218 nuptiae
1743 4147 1960 4216 ﬁebant.
1995 4146 2133 4211 Qua

507 4241 772 4298 suntista
784 4240 1018 4313 nuptia,
1043 4241 1150 4296 nisi
1169 4239 1378 4312 gaudia
1398 4239 1594 4295 salutis
1619 4228 1928 4294 humana?
1955 4256 2132 4311 quare

508 4337 602 4394 die
615 4335 806 4404 tertia,
831 4334 1087 4406 nisiquia
1105 4334 1198 4389 die
1220 4333 1392 4388 tertia
1417 4333 1763 4390 resurrexit?
1791 4335 1988 4405 Itaque
2005 4337 2130 4389 tan-

507 4447 681 4506 quam
704 4446 945 4502 sponsus
969 4428 1289 4501 procedens
1317 4427 1387 4482 de
1415 4428 1670 4482 thalamo
1703 4444 1804 4483 suo
1839 4427 2135 4483 descendit

507 4527 582 4581 ad
603 4529 805 4592 terras,
825 4523 1087 4578 Ecclesia
1109 4540 1176 4578 ex
1202 4521 1470 4594 gentibus
1489 4521 1926 4593 congreganda,
1954 4521 2135 4576 incar-

508 4617 742 4674 natione
773 4617 1124 4688 jungendas.
1163 4617 1267 4672 Cui
1305 4615 1537 4688 quidem
1569 4619 1628 4670 et
1649 4615 1820 4687 hujus
1849 4615 2131 4686 Ecclesia,

507 4729 636 4785 qua
665 4711 858 4784 utique
897 4727 1091 4766 sumus
1119 4727 1244 4778 nos,
1274 4713 1331 4764 et
1375 4710 1596 4779 arrhas,
1626 4713 1685 4764 et
1710 4709 1907 4764 dotem
1950 4709 2130 4764 dedit.

503 4803 716 4869 Arrhas
765 4804 938 4874 dedit,
986 4804 1219 4877 quando
1265 4803 1431 4859 nobis
1477 4808 1564 4858 est
1601 4820 1668 4858 ex
1711 4803 1841 4876 lege
1889 4803 2130 4876 promis-

504 4919 618 4958 sus.
654 4901 860 4957 Dotem
889 4897 1064 4967 dedit,
1094 4897 1326 4970 quando
1365 4914 1470 4970 pro
1497 4897 1663 4953 nobis
1683 4899 1769 4952 est
1787 4897 2130 4952 immolatus.

574 4997 644 5052 Et
669 4995 781 5051 alio
811 4993 987 5050 modo
1031 4993 1140 5048 hoc
1171 4993 1360 5064 potest
1398 4991 1598 5063 accipi,
1631 4994 1694 5046 ut
1739 4991 1958 5059 arrhas,
1985 5007 2131 5064 pra-

2215 1067 2356 1106 num
2407 1051 2558 1124 quod
2617 1049 2954 1106 mirabiliter
3014 1051 3399 1120 praparatur,
3455 1044 3616 1117 quod
3670 1043 3829 1098 archi-

2215 1145 2473 1202 triclinus
2517 1144 2725 1200 melius
2785 1159 2905 1199 esse
2961 1139 3295 1215 pronuntiat
3339 1138 3557 1195 ibidem
3612 1137 3827 1193 dicens:

2217 1241 2398 1297 Omnis
2423 1241 2574 1294 homo
2615 1240 2856 1310 primum
2893 1239 3081 1292 vinum
3125 1235 3320 1290 bonum
3347 1234 3528 1305 ponit,
3555 1235 3743 1288 etcum
3763 1233 3832 1285 in-

2217 1334 2414 1388 ebriati
2434 1334 2664 1400 fuerint,
2691 1337 2820 1386 tunc
2845 1330 2907 1385 id
2925 1329 3070 1400 quod
3093 1329 3328 1384 deterius
3350 1331 3446 1382 est.
3481 1328 3562 1382 Tu
3585 1341 3712 1380 vero
3734 1340 3828 1380 ser-

2216 1428 2360 1481 vasti
2403 1427 2592 1480 vinum
2631 1425 2825 1480 bonum
2860 1439 3026 1494 usque
3051 1438 3213 1478 nunc.
3258 1420 3464 1476 Vinum
3494 1418 3697 1474 multis
3719 1417 3832 1474 locis

2217 1519 2537 1590 accepimus
2548 1518 2736 1574 divina
2754 1520 3033 1588 pracepta
3058 1519 3116 1572 et
3143 1513 3461 1585 Scripturas
3471 1517 3718 1578 sanctas,
3736 1527 3834 1568 me-

2217 1612 2572 1668 racissimum
2595 1611 2850 1684 vigorem
2879 1609 3116 1665 caelestis
3144 1607 3434 1680 sapientia
3470 1607 3835 1670 continentes,

2217 1705 2424 1779 quibus
2453 1706 2525 1761 ad
2550 1705 2818 1762 timorem
2843 1704 2940 1761 Dei
2963 1703 3261 1759 incalescat
3279 1716 3500 1772 sensus,
3531 1705 3593 1756 et
3611 1699 3839 1755 inebrie-

2217 1804 2314 1855 tur
2331 1798 2584 1855 affectus.

2291 1897 2613 1954 Secundum
2639 1895 2802 1966 illud,
2832 1895 2984 1968 quod
3027 1895 3096 1950 de
3149 1892 3435 1966 Sapientia
3473 1891 3697 1947 dictum
3727 1895 3837 1946 est:

2218 1998 2447 2053 Paravit
2470 2011 2894 2058 mensamsuam,
2923 1995 3140 2050 miscuit
3150 1995 3338 2048 vinum
3363 2007 3520 2048 suum
3533 1993 3598 2046 in
3631 1997 3838 2046 cratere.

2220 2089 2644 2162 Scripturarum
2669 2105 2807 2161 ergo
2847 2087 3171 2144 divinarum
3192 2086 3392 2155 virtus,
3421 2085 3470 2139 si
3491 2084 3726 2157 quando
3752 2083 3838 2136 ali-

2220 2183 2382 2255 cujus
2427 2182 2696 2238 interiora
2733 2182 3052 2254 repleverit,
3084 2181 3267 2236 dicere
3305 2179 3516 2252 poterit
3558 2193 3697 2232 cum
3723 2178 3840 2232 Pro-

2219 2278 2392 2350 pheta
2417 2276 2638 2347 (Psalm.
2682 2277 2788 2347 LIX)
2816 2295 2833 2331 :
2885 2277 3096 2331 Potasti
3127 2290 3222 2330 nos
3247 2276 3375 2329 vino
3408 2273 3842 2344 compunctionis,

2222 2375 2272 2427 et
2295 2371 2557 2442 populum
2578 2375 2729 2426 tuum
2761 2370 3034 2426 inebrians
3057 2384 3221 2439 quam
3241 2367 3542 2439 paclarum
3569 2367 3690 2420 est!
3713 2364 3842 2436 Ope-

2222 2469 2383 2520 rante
2411 2479 2547 2534 ergo
2575 2463 2795 2525 Christo
2831 2462 2893 2518 in
2945 2462 3098 2517 Cana
3132 2460 3376 2527 Galilea,
3402 2459 3608 2514 vinum
3635 2457 3843 2522 defecit,

2225 2563 2283 2614 et
2310 2557 2506 2612 vinum
2531 2557 2616 2626 fit,
2644 2557 2702 2612 id
2735 2559 2839 2626 est,
2872 2556 3094 2612 umbra
3145 2557 3532 2623 removentur,
3569 2556 3630 2608 et
3658 2551 3845 2607 vetitas

2223 2654 2619 2724 prasentatur.
2663 2650 2897 2706 Recedit
2941 2649 3054 2718 lex,
3087 2648 3271 2721 gratia
3297 2647 3569 2702 succedit.
3605 2643 3845 2702 Carnalia

2224 2745 2286 2800 in
2309 2744 2621 2817 spiritualia
2645 2748 3088 2799 commutantur.
3120 2743 3180 2796 In
3199 2757 3411 2796 novum
3434 2741 3847 2795 Testamentum

2225 2838 2538 2894 observatio
2562 2840 2781 2893 vetusta
2821 2835 3273 2902 transfunditur;
3300 2833 3449 2889 sicut
3473 2833 3676 2888 beatus
3703 2835 3841 2903 Apo-

2226 2933 2400 2988 stolus
2424 2933 2558 2988 dicit
2573 2932 2640 3004 (II
2664 2932 2783 2987 Cor.
2798 2930 2880 3002 ιιι)
2897 2948 2911 2986 :
2931 2934 3123 2988 Vetera
3139 2921 3493 2991 ti‘ansierunt,
3511 2932 3564 2982 et
3579 2943 3693 2982 ecce
3709 2929 3846 2994 facta

2226 3037 2352 3088 sunt
2375 3047 2535 3088 nova.
2555 3029 2848 3095 Quomodo
2873 3033 3063 3084 autem
3077 3027 3295 3100 hydria
3311 3025 3424 3082 illa
3442 3025 3696 3098 impleta
3719 3039 3847 3095 aqua

2227 3125 2370 3181 nihil
2399 3125 2668 3180 minuunt
2692 3141 2761 3179 ex
2774 3141 2840 3180 eo
2859 3123 3014 3196 quod
3035 3127 3215 3190 erant,
3236 3121 3316 3177 ita
3336 3121 3428 3176 lex
3447 3136 3568 3174 non
3591 3120 3738 3190 perit
3759 3103 3872 3190 per.

2228 3219 2534 3274 adventum
2562 3217 2771 3273 Christi
2815 3216 3107 3286 dissoluta,
3137 3215 3236 3270 sed
3271 3215 3520 3287 proficit.
3559 3213 3697 3267 Vino
3722 3227 3847 3282 ergo

2229 3312 2546 3382 deficiente,
2574 3311 2770 3366 vinum
2791 3310 2945 3365 aliud
2974 3309 3350 3365 ministratur.
3381 3308 3608 3362 Bonum
3631 3305 3846 3377 quidem

2229 3411 2315 3462 est
2339 3411 2500 3461 vetus
2527 3405 2972 3473 Testamentum,
3006 3403 3100 3459 sed
3151 3402 3273 3458 sine
3308 3400 3551 3473 spiritali
3579 3399 3844 3454 intellectu

2229 3499 2480 3555 vanescit
2503 3499 2563 3554 in
2603 3498 2785 3554 littera
2815 3499 2880 3569 (11
2918 3497 3039 3553 Cor.
3069 3503 3172 3564 ιιι).
3228 3496 3444 3550 Novum
3471 3510 3606 3550 vero
3631 3493 3846 3548 odorem

2227 3593 2356 3650 vita
2385 3592 2572 3648 reddit
2595 3591 2656 3646 in
2695 3591 2936 3664 gratiam
2965 3591 3027 3659 (ll
3045 3590 3164 3646 Cor.
3195 3590 3276 3662 ιι).
3305 3590 3448 3645 Cum
3469 3588 3596 3643 hac
3614 3587 3691 3642 ita
3719 3586 3842 3648 sint,

2232 3685 2699 3742 Architriclinum
2746 3685 2934 3757 ipsum
2971 3683 3339 3758 praepositum
3366 3682 3426 3737 in
3457 3682 3628 3737 domo
3649 3677 3843 3752 sponsi,

2232 3781 2541 3850 videamus,
2586 3795 2758 3852 quem
2792 3779 3000 3834 sentire
3030 3777 3329 3850 possimus.
3359 3778 3425 3831 Et
3467 3792 3640 3848 quem
3664 3774 3842 3839 alium,

2232 3874 2343 3930 nisi
2369 3875 2599 3930 beatum
2624 3872 2862 3928 Paulum
2889 3871 3206 3944 intelligere
3227 3870 3523 3940 debemus,
3537 3869 3635 3941 qui
3649 3871 3767 3939 post
3777 3865 3848 3920 le-

2235 3968 2321 4040 gis
2345 3968 2612 4038 litteram,
2641 3970 2935 4038 acceptum
2964 3965 3097 4022 novi
3156 3964 3498 4020 Testamenti
3527 3960 3843 4034 mysterium

2231 4061 2582 4129 suavissimo,
2609 4060 2698 4116 vel
2726 4059 2917 4130 odore,
2948 4059 3036 4114 vel
3067 4063 3258 4132 gustu,
3285 4063 3342 4112 et
3366 4056 3703 4129 spiritalium
3726 4068 3844 4108 sen-

2233 4172 2404 4211 suum
2440 4153 2740 4227 flagrantia
2781 4153 3052 4225 repletus,
3084 4158 3142 4208 et
3163 4151 3479 4207 inebriatus
3509 4149 3772 4204 exclamat
3793 4151 3846 4200 et

2231 4249 2464 4305 laudat:
2523 4251 2602 4304 Tu
2651 4250 2884 4303 servasti
2937 4247 3129 4302 bonum
3179 4247 3365 4300 vinum
3410 4259 3578 4314 usque
3626 4241 3790 4297 adhuc
3815 4239 3842 4292 l’

2236 4342 2407 4414 (Joan.
2457 4342 2538 4415 ιι).
2584 4340 2883 4396 Videamus
2920 4344 3112 4395 tamen
3143 4337 3627 4411 quemadmodum
3673 4335 3841 4405 ipsum

2232 4437 2426 4492 vinum
2452 4435 2644 4490 laudat
2667 4435 2695 4489 τ
2713 4437 2822 4492 Nec
2840 4435 3047 4497 oculus,
3069 4432 3277 4504 inquit,
3303 4432 3462 4495 vidit,
3493 4446 3590 4508 nec
3609 4431 3840 4483 aurisau-

2233 4531 2392 4596 divit,
2421 4545 2543 4600 quae
2567 4531 2908 4601 preparavit
2925 4531 3064 4584 Deus
3089 4525 3440 4596 diligentibus
3462 4539 3537 4580 se.
3555 4524 3684 4578 Ecce
3702 4534 3833 4586 vera,

2235 4639 2360 4679 ecce
2389 4621 2750 4696 pradicanda
2801 4621 3090 4690 miracula,
3119 4635 3247 4692 qua
3284 4618 3346 4673 in
3379 4617 3544 4672 nobis
3570 4619 3830 4688 operatur,

2235 4717 2464 4789 quando
2483 4717 2552 4770 de
2581 4713 2839 4788 pessimis
2863 4713 3043 4769 bonos
3055 4713 3204 4779 facit,
3219 4713 3288 4767 de
3316 4711 3576 4784 superbis
3599 4706 3831 4770 humiles,

2233 4811 2302 4866 de
2326 4811 2640 4866 inhonestis
2669 4813 2866 4877 castos,
2899 4808 2968 4864 de
2998 4805 3365 4863 sectatoribus
3416 4804 3628 4871 saculi,
3651 4800 3834 4858 amicos

2234 4903 2357 4960 Dei.

2302 4998 2437 5062 Qua
2488 5000 2672 5069 potest
2724 4995 2940 5068 majora
2999 5008 3263 5050 exercere
3325 4989 3633 5060 miracula,
3679 5000 3830 5060 quam

505 5093 728 5146 sentem
747 5088 1012 5160 gratiam,
1027 5085 1816 5158 dotemintelligamusvitam
1835 5091 2130 5141 aternam.
2153 5088 2213 5160 Ι)
2235 5091 2462 5164 quando
2487 5089 2780 5146 hominem
2824 5105 3078 5145 vermem
3104 5093 3162 5144 et
3204 5087 3571 5160 putredinem
3593 5085 3830 5156 dignatur

503 5181 810 5237 Videamus
837 5181 976 5253 quid
1023 5181 1143 5253 agit
1166 5180 1225 5235 in
1257 5180 1548 5236 Chanaam
1577 5177 1841 5234 Galilaa.
1877 5179 1976 5234 Hic
2007 5179 2132 5250 jam

501 5275 749 5352 prodant
773 5274 939 5330 nobis
967 5276 1149 5330 Deum
1175 5274 1459 5347 stupenda
1480 5273 1773 5328 miracula.
1797 5272 2137 5329 Statuuntur

503 5369 726 5442 hydria
747 5369 1034 5440 capientes
1045 5372 1319 5424 metretas
1339 5369 1524 5436 binas,
1546 5367 1634 5422 vel
1653 5371 1866 5421 ternas.
1894 5367 2136 5440 Implen-

503 5469 600 5521 tur
617 5463 858 5536 hydria,
872 5466 1170 5518 mutantur
1193 5463 1378 5518 subito
1402 5479 1585 5534 aqua,
1602 5461 1870 5517 homines
1885 5465 2135 5533 postmo-

506 5559 646 5614 dum
673 5556 884 5613 maturi
911 5557 1047 5612 dum
1073 5557 1133 5611 in
1171 5555 1376 5610 melius
1403 5557 1815 5622 reformantur,
1841 5556 1995 5612 velut
2030 5555 2129 5610 ba-

504 5652 776 5726 ptismate
815 5650 930 5706 vini
967 5650 1262 5721 liquantur
1313 5649 1780 5719 quodammodo;
1831 5649 2131 5705 deficiente

508 5760 648 5817 ergo
676 5745 832 5813 vino,
861 5743 1002 5798 dicit
1025 5742 1098 5797 ad
1122 5742 1317 5796 Iesum
1343 5743 1529 5795 mater
1551 5741 1673 5811 ejus
1704 5739 1878 5812 (Joan.
1901 5745 1958 5812 ιι)
1991 5759 2004 5799 :
2041 5745 2134 5802 Vi-

509 5851 640 5892 num
658 5852 766 5893 non
783 5837 999 5893 habent.
1050 5835 1177 5889 Iam
1211 5832 1401 5904 primo
1426 5833 1552 5888 loco
1576 5833 1937 5902 requiramus
1979 5836 2133 5906 quod

2231 5185 2294 5240 in
2315 5189 2524 5242 statum
2543 5184 2863 5258 angelicum
2877 5197 3207 5256 promovere
3220 5182 3248 5237 ?
3267 5181 3336 5236 de
3351 5180 3592 5236 terrenis
3602 5180 3658 5234 in
3671 5173 3829 5232 cales-

2231 5279 2383 5334 tibus
2408 5278 2699 5349 collocare,
2731 5277 2859 5334 etin
2887 5276 3066 5349 gratia
3085 5291 3205 5330 sua
3219 5274 3576 5346 adoptionis?
3599 5265 3828 5328 solemni-

2232 5376 2426 5444 tatem,
2457 5389 2586 5446 qua
2628 5373 2698 5428 de
2746 5369 2970 5426 Domini
2994 5368 3284 5424 nativitate
3321 5367 3629 5440 praecessit,
3654 5381 3713 5420 ea
3735 5359 3826 5416 fide

2232 5466 2657 5536 celebravimus,
2686 5482 2800 5538 qua
2823 5481 2895 5520 ex
2927 5463 3161 5518 homine
3206 5463 3350 5518 Deus
3376 5464 3544 5517 natus
3579 5465 3676 5530 est,
3701 5457 3824 5512 hanc

2231 5577 2364 5617 vero
2409 5577 2476 5616 ea
2514 5559 2900 5616 observatione
2949 5571 3311 5623 veneramur,
3341 5571 3459 5628 qua
3485 5555 3628 5611 Deus
3666 5553 3721 5607 in
3742 5550 3824 5604 ho-

2231 5651 2386 5706 mine
2415 5650 2733 5706 declaratus
2756 5653 2859 5706 est.
2889 5647 3008 5704 Illic
3033 5645 3460 5700 infirmitatibus
3480 5642 3824 5703 absconditur,

2231 5744 2324 5800 hic
2341 5743 2644 5801 virtutibus
2655 5743 2954 5801 reveletur.
2977 5739 3149 5797 Hodie
3161 5740 3318 5796 enim
3332 5756 3534 5813 magos
3545 5739 3616 5795 ab
3633 5734 3826 5796 Oriente

2231 5838 2520 5895 venientes
2566 5853 2746 5911 usque
2795 5838 3002 5906 locum,
3035 5833 3300 5906 gentibus
3349 5833 3650 5890 Salvator-is
3692 5825 3822 5884 stella
