4058 6190
231 312 331 364 773

1628 307 1923 365 SANCTUS
1960 308 2244 367 ARIGIUS.

3495 309 3596 368 774

230 417 526 472 Christum
547 415 956 490 quaerentibus,
982 419 1367 473 monstratura
1386 417 1670 488 perduxit.
1692 420 1869 489 Expe—
1888 431 1948 503 Α
1967 419 2132 475 aliam
2165 421 2309 474 viam
2338 421 2406 476 ad
2445 420 2737 492 regionem
2768 418 3055 490 propriam
3099 423 3437 487 remearent,
3476 420 3597 475 haec

228 511 372 565 titur
396 512 500 566 sub
531 512 734 566 humili
757 512 988 583 tugurio
998 529 1168 583 sacra
1192 511 1473 566 nativitas.
1503 513 1781 566 Adoratur
1809 512 1866 566 in

227 607 456 675 pannis,
487 605 544 659 id
575 610 677 671 est,
700 606 801 659 sub
830 595 1074 660 tection'e
1102 605 1476 677 corruptionis
1505 606 1868 660 humanaein—

229 699 424 753 voluta
454 700 716 770 majestas
742 700 1042 755 revelatur.
1077 701 1338 754 [nnuitur
1365 700 1636 770 mysterio
1664 699 1869 754 divina:

229 792 641 847 misericordia;
676 793 1032 864 magnitudo,
1085 793 1143 847 in
1175 810 1240 848 eo
1286 794 1438 865 quod
1478 794 1549 848 ad
1584 794 1872 848 Christum

229 887 488 956 primum
513 887 820 959 Ethiopes,
853 887 911 942 id
939 893 1040 956 est,
1071 890 1285 959 gentes,
1316 887 1741 958 ingrediuntur.

309 981 525 1034 Interea
555 980 718 1034 beata
741 981 1072 1051 perductam
1103 997 1161 1035 se
1190 981 1260 1035 ad
1288 997 1444 1034 sacra
1469 980 1746 1034 cunabula
1785 995 1868 1033 ra-

231 1072 330 1127 dio
357 1073 600 1144 desuper
624 1079 907 1140 currente,
950 1074 1193 1128 miratur
1234 1079 1487 1128 extrema
1525 1090 1683 1144 gens,
1723 1072 1872 1127 bono

231 1167 464 1237 publico
478 1167 666 1238 prima
679 1168 906 1222 fruitur.
925 1169 1104 1232 Quam
1121 1168 1396 1239 stupenda
1416 1167 1666 1238 dignatio
1687 1167 1700 1220 l
1727 1168 1876 1220 Inter

231 1261 532 1331 amplexus
554 1261 841 1332 genitricis
855 1261 1178 1329 includitur,
1205 1261 1300 1333 qui
1329 1261 1532 1315 coelum
1551 1267 1876 1331 terramque

234 1354 651 1425 complectitur.
683 1357 743 1410 In
769 1355 898 1409 sinu
924 1355 1123 1409 matris
1145 1354 1300 1422 latet,
1321 1355 1675 1427 quiregnum
1703 1354 1878 1408 Patris

237 1448 482 1502 excedit.
522 1450 628 1502 Per
660 1448 896 1519 simplex
927 1448 1177 1503 ofﬁcium
1206 1449 1455 1520 spiritale
1482 1449 1765 1503 revelatur
1784 1464 1875 1501 ar-

237 1557 468 1595 canum.
511 1543 837 1595 Humanitas
883 1542 1153 1610 cernitur,
1201 1545 1258 1596 et
1298 1542 1557 1596 divinitas
1593 1543 1878 1598 adoratur.

239 1635 528 1689 Exhibent
552 1652 776 1704 aurum,
799 1636 930 1689 thus
958 1641 1013 1690 et
1038 1636 1348 1706 myrrham.
1374 1637 1501 1690 Plus
1517 1635 1576 1689 in
1599 1635 1879 1704 mysteriis

239 1745 420 1801 quam
457 1729 516 1782 in
549 1729 900 1783 conscientiis
930 1729 1245 1798 offerentes,
1277 1729 1336 1782 in
1361 1729 1484 1783 auri
1510 1746 1768 1798 munere,
1798 1745 1882 1783 re-

1968 514 2136 568 etiam
2181 514 2343 568 nobis
2386 514 2715 585 spiritaliter
2756 512 3182 584 praecipiuntur.
3212 514 3277 567 Et
3301 529 3404 583 per
3428 513 3597 567 aliam

1969 607 2136 676 viam,
2169 609 2225 662 id
2255 611 2358 672 est,
2386 624 2490 678 per
2514 608 2684 662 aliam
2728 607 3210 661 conversationem
3251 612 3602 662 revertamur

1969 701 2038 755 ad
2065 702 2330 772 patriam.
2361 702 2520 755 Forte
2550 701 2752 772 aliquis
2790 699 3029 771 requirit
3065 700 3349 770 quomodo
3385 700 3437 754 id
3479 700 3600 754 ﬁeri

1968 793 2186 865 possit?
2211 793 2315 858 Qui
2363 794 2468 848 hoc
2509 794 2649 848 scire
2697 793 2992 862 desiderat,
3036 793 3228 847 audiat
3262 793 3603 863 prophetam

1971 887 2251 942 dicentem
2275 905 2288 941 :
2322 891 2534 943 Direrte
2561 904 2594 941 α
2619 889 2782 949 malo,
2810 891 2902 954 fac
2929 887 3138 950 bonum,
3160 889 3373 956 inquire
3390 903 3601 956 pacem,

1975 986 2025 1035 et
2051 997 2268 1050 sequere
2296 998 2413 1036 eam
2444 982 2663 1052 (Psalm.
2695 983 2904 1052 xxxm).
2935 982 3046 1034 Iloc
3075 980 3228 1035 enim
3267 981 3464 1036 ordine
3502 998 3607 1052 per

1973 1074 2144 1129 aliam
2163 1073 2314 1129 viam
2340 1075 2559 1130 reditur
2586 1075 2656 1130 ad
2683 1073 2944 1145 patriam.

2043 1170 2182 1222 Nam
2213 1169 2344 1240 quia
2366 1186 2470 1240 per
2494 1169 2818 1240 superbiam
2848 1167 3150 1222 cecidimus
3191 1167 3249 1221 in
3303 1168 3602 1236 mundum,

1976 1265 2197 1332 oportet
2214 1267 2279 1316 ut
2303 1279 2404 1333 per
2428 1262 2811 1316 humilitatem
2838 1262 3136 1316 redeamus
3164 1261 3230 1314 ad
3261 1262 3602 1332 paradisum.

1975 1357 2082 1409 Per
2109 1355 2472 1426 cupiditatem
2502 1357 2571 1410 ad
2615 1356 2910 1410 servitium
2949 1354 3157 1408 diaboli
3201 1355 3476 1423 venimus,
3507 1372 3610 1426 per

1978 1449 2418 1504 misericordiam
2440 1450 2508 1504 ad
2530 1449 2814 1504 Christum
2834 1449 3135 1502 Dominum
3163 1449 3474 1502 redeamus.
3506 1450 3611 1502 Per

1978 1543 2340 1614 voluptatem,
2369 1547 2538 1614 atque
2566 1544 2853 1598 luxuriam
2876 1543 3241 1596 durissimum
3263 1543 3472 1613 jugum
3499 1542 3612 1596 dia-

1979 1637 2094 1690 boli
2119 1637 2509 1706 sustinuimus,
2537 1654 2640 1708 per
2666 1637 3019 1705 charitatem,
3048 1642 3216 1708 atque
3234 1636 3516 1706 justitiam
3537 1636 3612 1690 le-

1982 1747 2045 1783 ve
2063 1730 2273 1802 jugum
2299 1731 2505 1785 Christi
2542 1731 2824 1801 suscipere
2851 1729 3202 1784 festinemus.
3245 1732 3350 1784 Per
3376 1730 3490 1784 vias
3524 1729 3610 1783 in-

243 1799 340 1894 gia
385 1822 654 1893 dignitas,
688 1824 748 1876 in
787 1823 972 1876 thuris
1001 1839 1228 1894 vapore,
1268 1822 1458 1876 divina
1497 1822 1777 1893 majestas.
1819 1799 1958 1877 lnB
1982 1799 2258 1879 ﬁdelitatis
2277 1799 2724 1896 atquenequitiae
2738 1824 3265 1878 diaboloinfeliciter
3284 1823 3613 1891 servientes,

240 1917 500 1987 myrrhae
530 1916 712 1987 specie
744 1916 1062 1988 sepelienda
1090 1917 1506 1971 demonstratur
1534 1916 1879 1970 humanitas.

244 2011 324 2065 Ac
358 2011 434 2064 sic
459 2009 790 2064 Trinitatem
819 2009 1115 2064 oblationis
1143 2026 1418 2064 numerus
1447 2009 1719 2080 loquitur,
1751 2009 1882 2063 uni-

241 2109 427 2159 tatem
457 2104 676 2158 devotio
705 2121 818 2158 una
851 2107 1118 2172 testatur;
1146 2120 1210 2158 ac
1234 2120 1337 2174 per
1362 2104 1493 2173 hoc,
1521 2103 1678 2175 vigili
1705 2103 1887 2157 inten-

241 2197 403 2252 tione
433 2197 616 2252 cordis
647 2197 850 2252 cmlum
881 2198 1206 2252 studeamus
1233 2197 1503 2268 aspicere,
1527 2197 1572 2250 si
1603 2197 1674 2251 ad
1722 2196 1884 2252 Chri-

243 2296 402 2346 stum
429 2291 688 2362 cupimus
713 2291 1028 2362 pervenire.
1063 2291 1276 2362 Dirigat
1311 2291 1470 2345 nobis
1515 2290 1747 2345 semitas
1785 2290 1888 2344 viae

243 2385 528 2457 perfectas
553 2385 710 2439 stella
725 2385 983 2455 justitiae.
1007 2383 1088 2451 Ei,
1114 2385 1211 2456 qui
1239 2384 1379 2439 dixit
1405 2400 1418 2438 :
1450 2385 1570 2441 Non
1602 2385 1889 2454 apparebis

243 2487 306 2538 in
337 2488 621 2553 conspectu
647 2499 780 2538 meo
806 2499 1009 2537 vacuus
1047 2483 1241 2552 (Exod.
1283 2484 1434 2553 xxm)
1473 2481 1797 2551 oﬂ'eramus,
1838 2485 1892 2536 et

245 2599 359 2637 nos
405 2585 612 2636 aurum
659 2579 810 2647 fidei,
859 2579 1079 2652 pietatis
1112 2584 1385 2650 aromata,
1431 2579 1700 2635 castitatis
1741 2580 1892 2633 holo-

250 2679 467 2745 causta,
490 2675 796 2746 spiritalem
822 2690 1047 2746 quoque
1063 2674 1356 2746 myrrham
1382 2674 1692 2728 habeamus
1718 2674 1776 2727 in
1797 2691 1893 2727 no-

247 2769 361 2838 bis,
409 2785 535 2840 qua:
585 2769 663 2823 ita
716 2768 931 2822 animas
977 2773 1194 2822 nostras
1244 2768 1485 2835 condiat,
1526 2773 1592 2822 ut
1628 2767 1822 2821 illaesas
1861 2785 1893 2821 a

251 2863 471 2934 peccati
497 2862 854 2933 corruptione
881 2861 1172 2916 custodiat.
1201 2863 1477 2916 Mutemus
1502 2861 1672 2931 viam,
1705 2862 1749 2914 si
1771 2877 1895 2932 per-

253 2958 453 3012 venire
483 2962 740 3027 optamus
761 2957 829 3011 ad
850 2955 1112 3027 patriam,
1143 2956 1213 3010 ad
1242 2955 1484 3028 patriam
1510 2955 1707 3027 utique
1736 2956 1892 3009 coele-

257 3057 428 3105 stem.
460 3053 534 3104 Ac
564 3051 608 3104 si
650 3051 800 3104 inter
834 3055 1138 3121 utrumque
1178 3050 1602 3118 commercium,
1644 3053 1707 3104 ut
1746 3048 1896 3102 illius

1982 1917 2052 1971 ab
2077 1918 2408 1988 angelorum
2429 1919 2691 1972 societate
2713 1917 3089 1986 discessimus,
3113 1917 3340 1987 pervias
3352 1917 3617 1971 bonitatis

1983 2028 2046 2065 ac
2073 2011 2202 2064 fidei
2219 2011 2400 2066 redire
2425 2012 2496 2065 ad
2522 2011 2831 2082 principale
2880 2011 3224 2066 studeamus.
3273 2011 3326 2065 Si
3374 2011 3479 2064 hoc
3522 2027 3614 2064 or-

1986 2107 2117 2162 dine
2148 2109 2263 2162 vias
2294 2109 2616 2163 mortiferas
2636 2109 3040 2180 relinquentes,
3093 2108 3209 2162 vias
3256 2108 3386 2163 vitaa
3425 2113 3618 2163 tenere

1986 2202 2352 2270 voluerimus,
2385 2203 2453 2257 de
2481 2204 2707 2257 sinistra
2733 2203 2987 2257 translati
3012 2202 3084 2256 ad
3115 2203 3393 2272 dextram,
3415 2219 3614 2273 mago-

1987 2313 2116 2350 rum
2142 2296 2348 2351 itinera
2391 2297 2630 2352 ﬁdeliter
2668 2315 2730 2351 ac
2773 2297 3011 2352 feliciter
3050 2314 3350 2368 possumus
3389 2296 3616 2350 imitari.

1987 2390 2091 2454 Qui
2123 2390 2278 2461 prius
2309 2391 2521 2454 solebat
2555 2407 2644 2445 res
2683 2391 2894 2446 alienas
2937 2391 3158 2459 tollere,
3211 2394 3268 2445 et
3295 2407 3446 2444 nunc
3495 2406 3623 2444 suas

1989 2484 2222 2555 coeperit
2247 2484 2687 2539 misericorditer
2721 2501 2977 2556 erogare,
3008 2501 3122 2539 non
3149 2484 3248 2539 tibi
3274 2483 3494 2538 videtur
3522 2501 3624 2554 per

1991 2578 2164 2632 aliam
2189 2578 2338 2632 viam
2369 2579 2628 2633 incedere
2651 2597 2668 2647 ;
2698 2579 2797 2650 qui
2825 2580 2933 2634 fuit
2961 2579 3200 2647 adulter,
3230 2584 3286 2634 et
3314 2584 3399 2633 est
3417 2581 3622 2647 castus;

1991 2672 2224 2744 quifuit
2254 2672 2525 2739 ebriosus,
2554 2676 2610 2726 et
2637 2677 2720 2726 est
2751 2672 2999 2738 sobrius;
3031 2672 3127 2743 qui
3156 2672 3366 2726 solebat
3392 2672 3625 2726 maledi-

1992 2782 2137 2836 cere,
2185 2771 2240 2820 et
2279 2765 2590 2834 benedicit;
2635 2766 2734 2836 qui
2768 2766 2952 2820 fuerat
2982 2766 3222 2835 invidus,
3270 2771 3328 2820 et
3353 2769 3437 2819 est
3464 2765 3622 2818 beni-

1994 2876 2138 2930 gnus
2168 2876 2179 2914 :
2214 2859 2260 2912 si
2286 2859 2440 2913 enim
2468 2858 2816 2913 orationibus
2841 2860 3009 2913 simul
3046 2863 3102 2914 et
3128 2859 3290 2913 bonis
3340 2858 3622 2929 operibus,

1994 2953 2104 3007 Deo
2133 2952 2460 3022 auxiliante,
2507 2953 2904 3007 contendimus
2941 2953 3048 3006 hoc
3079 2953 3274 3007 ordine
3305 2952 3621 3006 conversio-

1995 3063 2138 3101 num
2184 3052 2510 3101 nostrarum
2550 3046 2755 3101 itinera
2801 3047 2859 3100 in
2912 3047 3116 3101 melius
3155 3049 3525 3114 commutare,
3558 3047 3628 3100 ad

257 3145 426 3199 nobis
452 3145 853 3216 proprietatem
881 3160 986 3197 usu
1011 3143 1173 3197 istius
1211 3160 1635 3215 comparemus;
1669 3143 1746 3196 ita
1772 3142 1885 3197 ela-
1915 3173 1969 3248 Ο
1996 3145 2264 3195 aeternam
2277 3139 2685 3194 beatitudinem
2714 3140 3023 3211 poterimus
3042 3140 3282 3195 feliciter
3305 3139 3623 3210 pervenire.

257 3238 552 3307 boremus,
580 3243 644 3292 ut
675 3238 823 3292 illius
853 3237 955 3291 ista
978 3237 1051 3290 sit
1075 3236 1344 3307 pretium.

341 3333 480 3387 Illud
506 3335 697 3386 autem
724 3331 873 3403 quod
901 3331 979 3386 ait
1006 3331 1382 3402 Evangelista,
1415 3347 1612 3401 magos
1642 3330 1896 3384 admoni-

1997 3235 2153 3299 Quod
2196 3238 2462 3304 priestare
2519 3233 2786 3304 dignetur
2837 3234 2933 3305 qui
2985 3250 3115 3288 cum
3179 3235 3341 3288 Patre
3408 3238 3465 3286 et
3515 3232 3632 3303 Spi-

2000 3329 2114 3383 ritu
2157 3332 2347 3402 sancto
2397 3327 2533 3380 vivit
2568 3332 2624 3381 et
2668 3332 2870 3398 regnat
2909 3328 2968 3381 in
3013 3327 3219 3382 saecula
3273 3327 3626 3381 saeculorum.

263 3433 352 3483 tos
379 3443 497 3481 esse
524 3426 584 3480 in
615 3425 848 3495 somnis,
877 3441 948 3480 ne
979 3425 1228 3480 redirent
1250 3424 1320 3478 ad
1347 3424 1645 3493 Herodem,
1677 3425 1773 3479 sed
1802 3439 1904 3495 per
2003 3424 2204 3475 Amen.

1139 3763 2006 3903 SERMON
2015 3763 2260 3902 ES
2353 3761 2785 3902 DUO

410 3998 839 4086 SANCTO

957 4000 1386 4085 SEDATO
1505 3998 2249 4084 BITTERRENSI
2357 3996 2904 4084 EPISCOPO
3019 3998 3505 4085 TRIBUTI.

527 4279 840 4362 (Exstant
866 4282 983 4344 sub
1011 4283 1273 4345 nomine
1302 4283 1515 4345 sancti
1541 4283 1932 4364 Augustini,
1965 4282 2212 4345 Patrol.
2247 4291 2400 4344 tom.
2448 4282 2517 4358 V,
2543 4289 2717 4363 part.
2752 4299 2814 4354 II,
2849 4280 2964 4342 col.
3001 4281 3399 4359 1001-1005.)

1086 4461 1091 4462 ,
1205 4461 1428 4462 ηηηκ
3611 4461 3614 4462 ν

1662 4635 1829 4680 ΑΝΝο
1873 4635 2091 4680 DOMINI
2134 4635 2279 4679 DXCI
2289 4663 2301 4677 .

619 4779 1872 4991 SANCTUS

2025 4776 3324 5018 ABEGIUS,

1576 5073 2337 5370 ARISLIUS,

1011 5425 1615 5544 ABBAS
1706 5421 2940 5545 ATTANENSIS.

298 5760 558 5842 (Hujus
599 5762 810 5824 sancti
863 5760 1074 5826 Vitam
1121 5770 1186 5826 et
1227 5770 1679 5826 testamentum
1723 5763 1931 5845 legere
1973 5771 2066 5845 est
2107 5762 2272 5825 inter
2313 5778 2513 5845 opera
2559 5760 2868 5845 Gregorio
2919 5761 3275 5824 Turonensi
3319 5760 3659 5844 attributa,

1382 5853 1536 5908 tam.
1580 5843 1888 5926 precem,
1927 5843 2044 5907 col.
2093 5847 2249 5907 1119
2293 5843 2363 5905 et
2395 5843 2600 5924 1143.)
