3996 6188
500 382 536 435 ε
740 384 743 387 ’
2831 399 3774 435 -ψ-ΞΞΞΞΞΞΞΞΞΞΞΞΞΞΞΞΞΞΞ

1882 574 2093 621 EODEM
2134 575 2442 622 TEMPORE.

1349 729 2961 945 COGITOSUS.

1104 1041 1502 1160 Canis.,
1605 1044 2194 1147 Thesaurus
2276 1077 2732 1147 manum.
2814 1061 3052 1145 tom.
3142 1043 3223 1143 Ῑ.

1245 1373 1914 1530 NOTITIA,
1988 1377 2197 1501 EX
2291 1374 3098 1503 BASNAGIO.

552 1680 877 1750 Cogitosum
903 1680 997 1735 hic
1025 1681 1373 1752 reponimus,
1401 1682 1641 1737 aliorum
1678 1684 1930 1755 vestigiis
1971 1685 2109 1740 insi-
2134 1686 2432 1772 Amaticse
2462 1685 2618 1757 leges
2645 1689 2839 1756 peccat
2873 1684 3079 1755 sapius
3119 1682 3216 1737 ille
3266 1682 3517 1754 scriptor,
3558 1687 3609 1738 et
3646 1681 3784 1753 stylus

481 1778 690 1828 stentes
716 1774 1103 1846 potius,quam
1124 1780 1330 1831 nostrae
1349 1777 1640 1831 sententiae
1660 1777 2114 1853 addicti.0uippe
2215 1779 2541 1834 Barbariem
2586 1778 2778 1833 saeculi
2819 1794 2931 1849 quo
2969 1776 3108 1831 vixit
3157 1775 3387 1831 indicat.
3432 1776 3548 1830 Vita
3588 1776 3785 1847 Brigida:

479 1867 663 1922 multo
703 1868 1072 1922 recentiorem
1107 1870 1389 1925 credimus
1433 1870 1595 1925 illum
1625 1870 1977 1942 scriptorem.
2007 1874 2112 1927 Po-
2213 1889 2385 1944 quam
2411 1871 2708 1943 descripsit
2721 1875 2837 1927 tota
2852 1870 3138 1926 miraculis
3158 1873 3352 1939 scatet,
3374 1873 3563 1942 utpote
3580 1884 3708 1940 quae,
3726 1884 3787 1923 se-

479 1960 649 2014 stulat
674 1961 905 2031 quidem
926 1962 1243 2033 Cogitosus,
1270 1968 1336 2019 ut
1365 1968 1562 2019 oretur
1586 1981 1689 2036 pro
1717 1980 1775 2019 se
1789 1970 1975 2035 nepote
1994 1967 2111 2021 cul-
2212 1966 2465 2021 cundum
2487 1966 2693 2037 ipsum,
2711 1970 2961 2035 potenter
2989 1966 3171 2019 omnia
3189 1979 3309 2034 qua
3336 1963 3661 2018 desiderabat
3689 1978 3791 2032 ope-

471 2056 670 2126 pabili.
693 2058 800 2113 Sed
825 2075 882 2113 se
912 2059 1156 2131 Brigida:
1197 2066 1438 2131 nepotem
1484 2079 1600 2116 non
1645 2062 1798 2131 dicit,
1844 2079 1948 2118 nec
1991 2080 2114 2118 rem
2212 2065 2449 2115 raretur.
2478 2059 2641 2114 Canis
2670 2075 2788 2113 non
2813 2075 2983 2113 ausus
3007 2063 3109 2126 est,
3137 2062 3202 2112 ut
3225 2057 3457 2129 quidem
3485 2057 3680 2124 asserit,
3714 2070 3785 2110 co-

478 2149 586 2221 ipsi
614 2151 916 2221 gloriosam
947 2152 1207 2208 siluisset.
1239 2158 1323 2209 An
1344 2171 1413 2209 ex
1440 2154 1572 2224 ﬁlia,
1600 2172 1672 2210 an
1698 2172 1768 2211 ex
1809 2172 1997 2211 sorore
2026 2156 2114 2211 vel
2214 2153 2441 2208 medere
2472 2152 2791 2224 depositum
2813 2152 2994 2207 beatas
3021 2150 3273 2223 virginis,
3305 2151 3405 2205 sed
3430 2156 3604 2205 custos
3618 2153 3790 2219 patiens

476 2244 651 2297 fratre
674 2261 851 2315 nepos
864 2246 1046 2300 dictus
1062 2247 1172 2301 est?
1185 2247 1289 2303 Sed
1306 2249 1449 2302 nulli
1468 2254 1861 2304 memorantur
1872 2249 2115 2320 Brigida:
2218 2247 2367 2301 lardi
2389 2246 2577 2301 divina
2602 2246 2915 2301 refrenatus
2947 2245 3153 2299 virtute
3194 2244 3427 2299 exstitit.
3462 2244 3645 2299 Mirare
3673 2241 3791 2314 quod

479 2338 566 2391 vel
595 2337 798 2391 fratres
833 2339 920 2393 vel
942 2356 1180 2409 sorores,
1213 2357 1317 2395 nec
1342 2342 1518 2396 ﬁliam
1542 2342 1725 2412 potuit
1754 2341 1959 2396 habere
1986 2359 2114 2413 quae
2214 2339 2313 2397 illa
2338 2339 2498 2411 virgo
2524 2340 2707 2394 virum
2737 2339 3095 2394 eremiticum
3119 2337 3525 2406 convocaverit,
3560 2341 3620 2391 ut
3649 2335 3789 2390 eccle-

480 2429 641 2502 virgo
668 2434 994 2502 permansit.
1013 2434 1135 2497 Qua
1152 2434 1369 2489 ratione
1386 2435 1561 2506 igitur
1579 2452 1636 2490 se
1658 2442 1899 2506 nepotem
1919 2437 2113 2507 appel-
2216 2433 2359 2488 siam
2382 2433 2440 2487 in
2468 2432 2768 2504 episcopali
2788 2432 3060 2504 dignitate
3096 2448 3228 2486 cum
3270 2448 3337 2486 ea
3385 2431 3721 2503 gubernaret;
3752 2433 3793 2482 et

480 2524 865 2592 laverit,nobis
891 2542 1052 2597 teque
1072 2544 1136 2581 ac
1156 2528 1373 2582 Canisio
1400 2528 1701 2583 incertum.
1726 2529 1817 2583 Ait
1831 2520 2117 2600 'praeterea
2214 2532 2409 2598 postea
2434 2529 2508 2581 sic
2535 2531 2756 2581 unctum
2780 2531 2944 2596 caput
2963 2532 3012 2581 et
3039 2527 3347 2581 beatissima
3364 2526 3656 2596 puellarum
3674 2525 3795 2593 prim

478 2618 771 2688 Cogitosus
786 2621 1010 2675 virtutes
1022 2622 1262 2690 Brigida?
1277 2638 1382 2677 non
1397 2623 1567 2677 solum
1585 2623 1877 2685 audivisse,
1892 2624 1987 2677 sed
1998 2639 2116 2677 ocu-
2216 2621 2409 2690 cipalis
2438 2618 2587 2674 felici
2613 2620 2904 2689 comitatu,
2934 2620 3308 2692 principalem
3332 2619 3616 2674 ecclesiam
3634 2616 3792 2671 erexit.

483 2713 548 2766 Iis
560 2714 673 2766 suis
686 2713 901 2768 vidisse.
927 2713 1033 2768 Sed
1046 2714 1137 2768 hic
1150 2731 1264 2769 non
1276 2716 1465 2786 agitur
1476 2715 1830 2771 demiraculis
1841 2733 1875 2770 a
1892 2716 2116 2788 Brigida
2215 2712 2567 2785 Stupendum
2617 2713 2806 2781 etiam,
2863 2713 3145 2785 virginem
3222 2714 3580 2768 saluberrima
3630 2713 3795 2766 semina

480 2806 620 2859 dum
638 2806 849 2861 viveret
865 2808 1119 2878 patratis.
1144 2808 1368 2863 Viderat
1381 2809 1673 2880 Cogitosus
1690 2814 1949 2881 portenta
1964 2825 2118 2881 quae-
2212 2808 2363 2862 verbi
2392 2807 2650 2862 dominici
2679 2823 2745 2861 ear:
2788 2824 2931 2862 more
2971 2808 3375 2865 consuetudinis
3412 2806 3641 2862 omnibus
3669 2805 3795 2859 semi-

481 2898 697 2967 dam,in
717 2901 2115 2974 ejustemplooperarisolita;quodillamjamprius
2214 2915 2393 2955 nasse.
2440 2902 2566 2955 Haec
2610 2900 2763 2955 enim
2789 2901 3011 2973 legibus
3039 2901 3431 2957 adversantur.
3471 2900 3603 2955 Nata
3630 2896 3799 2953 dicitur

481 2992 803 3048 defunctam
818 2993 1367 3067 indicat,probatque
1386 3012 1502 3050 non
1522 2996 1897 3065 comvum,sed
1917 3012 2113 3050 recen-
2134 3064 2175 3067 _
2214 2993 2440 3066 Brigida
2464 3011 2616 3049 anno
2638 2996 2761 3050 439.
2779 2994 2946 3065 Obiit,
2965 2994 3275 3050 secundum
3296 2993 3660 3067 Sigebertum,
3677 3004 3795 3043 anno

480 3084 685 3140 tiorem
697 3086 865 3141 fuisse
883 3087 1230 3158 Cogitosum,
1254 3064 1609 3161 quiBrigidae
1628 3089 1865 3144 viventis
1879 3088 2113 3145 virtutes
2134 3064 2191 3136 B
2215 3064 2340 3157 518,
2381 3087 2471 3143 vel
2506 3104 2655 3143 anno
2685 3092 2808 3158 521,
2851 3088 3164 3143 secundum
3202 3064 3508 3143 Martinam
3547 3085 3794 3149 Polonum,

482 3196 517 3234 a
553 3179 860 3251 majoribus
895 3185 1119 3236 tantum
1156 3182 1529 3251 inaudiverat,
1573 3199 1689 3238 non
1730 3183 1945 3238 viderat
1970 3183 2110 3255 ipse.
2213 3197 2386 3257 quem
2427 3181 2681 3254 sequitur
2714 3181 3003 3236 Baronius.
3055 3181 3340 3253 Distingui
3388 3180 3551 3236 debet
3575 3178 3638 3233 ab
3660 3177 3796 3231 altera

484 3274 754 3329 Describit
771 3274 1062 3346 Cogitosus
1088 3275 1329 3347 parietes
1367 3276 1653 3332 decoratos
1681 3276 1844 3349 pictis
1886 3276 2112 3344 tabulis,
2215 3275 2469 3347 Brigitta,
2501 3292 2630 3347 quas
2656 3275 2858 3331 saeculo
2886 3292 2981 3331 xw
3004 3274 3161 3345 vixit,
3188 3280 3246 3330 et
3269 3276 3415 3331 casio
3458 3273 3684 3345 ascripta
3715 3268 3797 3324 fuit

484 3372 534 3423 et
568 3369 897 3437 imaginibus
935 3370 1183 3440 depictis,
1217 3386 1344 3442 quae
1379 3369 1689 3442 posteriora
1733 3370 1990 3426 redolent
2018 3386 2117 3425 sas-
2215 3385 2249 3423 a
2276 3369 2559 3424 Bonifacio
2584 3368 2850 3441 pontiﬁce
2874 3370 3128 3425 Romano
3158 3385 3251 3426 an.
3288 3371 3452 3424 1391.
3481 3368 3554 3422 De
3579 3366 3664 3421 illa
3687 3378 3792 3418 con-

482 3463 640 3530 cula;
671 3479 788 3519 non
817 3463 972 3519 enim
992 3464 1225 3520 ineunte
1250 3465 1457 3521 saeculo
1486 3481 1540 3519 γι
1561 3464 1945 3537 pingebantur
1969 3464 2113 3519 ima-
2216 3463 2325 3518 suli
2348 3467 2533 3536 potest
2556 3464 2860 3520 Casimirus
2887 3463 3091 3533 Oudin,
3124 3462 3223 3535 qui
3252 3478 3385 3519 eam
3404 3479 3552 3519 anno
3577 3461 3668 3517 530
3688 3456 3795 3513 assi-

485 3556 644 3629 gines
672 3558 734 3613 in
757 3559 984 3631 templis
1009 3558 1406 3615 Hibernorum.
1435 3559 1687 3631 Denique
1708 3564 1901 3615 contra
1915 3559 2114 3614 Gram-
2220 3562 2375 3627 gnat.
2404 3559 2589 3630 suppl.
2617 3558 2687 3614 de
2715 3558 2893 3630 Scrip.
2918 3574 3010 3630 ep.
3043 3559 3164 3613 108.

495 3796 1311 4048 SANCT/E
1419 3785 2289 4055 animum
2393 3902 3266 4054 VIRGINIS
3377 3901 3800 4051 VITA

1572 4162 1641 4243 A
1695 4161 2150 4244 COGITOSO
2206 4161 2764 4245 ADORNATA.

1942 4450 2399 4581 ψτσισςιω.

571 4737 781 4815 Cogisti
808 4758 921 4812 me,
943 4740 1163 4811 fratres,
1192 4747 1256 4797 ut
1281 4745 1487 4798 sanctas
1513 4745 1568 4796 et
1590 4736 1767 4796 beata:
1793 4739 2086 4795 memorias
2111 4739 2352 4812 Brigidae
2378 4738 2614 4811 virginis
2639 4738 2872 4795 virtutes
2894 4743 2953 4795 et
2976 4754 3167 4811 opera,
3194 4754 3357 4795 more
3386 4739 3689 4805 doctorum,
3713 4744 3799 4786 me-

490 4832 686 4888 moria:
703 4832 1018 4906 litterisque
1048 4833 1273 4890 tradere
1300 4830 1621 4905 aggrediar.
1646 4830 1804 4896 Quod
1830 4847 1972 4902 opus
2001 4830 2350 4902 impositum,
2380 4833 2438 4885 et
2463 4829 2715 4885 delicatas
2740 4829 2989 4885 materia:
3015 4829 3279 4900 arduum,
3295 4829 3588 4902 parvitatis
3609 4832 3660 4882 et
3679 4824 3799 4894 igno-

488 4924 685 4978 rantiae
711 4939 853 4978 mere
881 4926 937 4978 et
963 4924 1175 4995 lingua:
1201 4922 1437 4978 minime
1463 4920 1742 4976 convenit.
1770 4921 1878 4977 Sed
1904 4925 2103 4992 potens
2125 4925 2209 4977 est
2234 4922 2378 4975 Deus
2403 4920 2472 4975 de
2493 4920 2744 4974 minimis
2769 4936 2979 4993 magna
3002 4920 3205 4992 facere,
3226 4926 3293 4977 ut
3318 4920 3391 4976 de
3415 4920 3617 4992 exiguo
3635 4915 3738 4971 oleo
3757 4914 3798 4963 et

488 5013 686 5069 farinae
711 5015 930 5086 pugillo
960 5016 1197 5071 domum
1224 5014 1482 5087 implevit
1510 5015 1869 5086 pauperculae
1893 5015 2079 5069 viduae
2112 5014 2214 5085 (ΙΙΙ
2235 5017 2364 5083 Reg.
2390 5030 2502 5071 xvn
2517 5031 2534 5084 ;
2561 5016 2649 5071 IV
2662 5017 2791 5084 Reg.
2818 5015 2911 5086 Iv).

562 5124 752 5195 Itaque
769 5125 1120 5195 jussionibus
1145 5124 1343 5180 vestris
1358 5128 1603 5194 coactus,
1633 5123 1765 5178 satis
1797 5124 1977 5179 habeo
2002 5141 2191 5180 meam
2216 5142 2331 5180 non
2349 5125 2590 5181 defuisse
2612 5124 3015 5196 obedientiam,
3047 5129 3104 5180 et
3126 5125 3254 5181 ideo
3272 5142 3455 5198 pauca
3475 5125 3543 5180 de
3562 5118 3797 5196 pluribuS.

491 5231 523 5269 a
547 5214 854 5285 majoribus
880 5221 935 5270 et
960 5216 1315 5288 peritissimis
1344 5215 1567 5282 tradita,
1592 5215 1711 5269 sine
1739 5215 1855 5270 ulla
1879 5215 2265 5288 ambiguitatis
2291 5216 2553 5289 caligine,
2585 5232 2657 5271 ne
2686 5215 3084 5272 inobedientiee
3111 5216 3324 5272 crimen
3346 5217 3646 5283 incurram,
3671 5213 3797 5282 pate'

488 5304 673 5360 facere
699 5321 921 5361 censeo.
954 5307 1034 5360 Ex
1062 5307 1267 5378 quibus
1296 5310 1510 5379 quanta
1537 5305 1829 5378 qualisque
1856 5305 2019 5378 virgo
2044 5306 2321 5361 virtutum
2344 5307 2622 5362 bonarum
2648 5306 2866 5376 ﬂorida,
2918 5311 3252 5361 cunctorum
3285 5306 3465 5362 oculis
3516 5298 3796 5360 innotescat.

489 5395 611 5451 Non
640 5396 790 5467 quod
815 5397 1111 5467 memoria,
1140 5402 1197 5451 et
1226 5396 1602 5467 mediocritas,
1631 5400 1685 5451 ct
1712 5396 1953 5451 rusticus
1978 5412 2161 5451 sermo
2185 5394 2461 5468 ingenioli
2489 5396 2601 5451 mei
2627 5395 2771 5451 tanti
2798 5396 3050 5475 muneris
3094 5396 3339 5451 ofﬁcium
3384 5396 3653 5468 explicare
3686 5387 3800 5444 vale-

488 5490 596 5557 ret,
620 5484 719 5540 sed
746 5484 877 5540 ﬁdei
896 5492 1095 5541 vestrae
1122 5486 1429 5555 beatitudo,
1456 5490 1513 5542 et
1540 5485 1865 5542 orationum
1891 5490 2204 5541 vestrarum
2234 5485 2574 5542 diuturnitas
2601 5489 2854 5541 meretur
2876 5486 3133 5558 accipere
3157 5486 3307 5558 quod
3345 5501 3464 5541 non
3499 5484 3635 5539 valet
3667 5480 3798 5549 inge-

489 5576 653 5630 nium
672 5575 954 5632 dictantis.

563 5684 689 5738 Haec
715 5699 853 5755 ergo
880 5683 1126 5755 egregiis
1149 5698 1403 5737 crescens
1428 5679 1747 5753 virtutibus,
1776 5688 1833 5739 et
1860 5701 1962 5757 per
1986 5684 2199 5741 famam
2222 5683 2499 5742 bonarum
2523 5701 2718 5743 rerum
2744 5686 2816 5743 ad
2843 5703 2969 5743 eam
2992 5687 3061 5742 de
3089 5686 3353 5743 omnibus
3404 5680 3691 5758 provinciis
3730 5673 3801 5730 Ηί-

494 5769 709 5826 berniae
733 5772 1174 5828 innumerabiles
1196 5770 1390 5841 populi
1412 5769 1482 5825 de
1506 5774 1753 5842 utroque
1778 5789 1921 5829 sexu
1936 5776 2448 5846 conﬂuentes,vota
2474 5776 2580 5832 sibi
2604 5774 3217 5850 voventes,voluntarie
3240 5769 3798 5835 nummonasterium,

499 5862 667 5928 caput
683 5875 828 5930 pene
849 5861 1109 5916 omnium
1127 5857 1581 5915 Hiberniensium
1598 5858 1996 5933 Ecclesiarum,
2029 5870 2086 5921 et
2112 5866 2337 5923 culmen
2364 5868 2689 5942 precellens
2718 5868 2907 5924 omnia
2937 5869 3275 5925 monasteria
3311 5867 3622 5931 Scotorum,
3668 5855 3799 5928 mli“
