4058 6190
328 294 428 352 781

1607 303 1652 356 Α
1688 301 2005 358 COGITOSO
2041 301 2413 359 ADORNATA.

3575 313 3678 367 782

322 404 537 473 (Matth.
567 405 642 476 v),
671 409 728 459 et
758 403 967 460 eisdem
994 405 1187 461 dicens
1213 407 1404 462 intulit
1432 424 1446 462 :
1494 408 1669 478 Opera
1703 426 1822 479 qua
1862 426 1954 478 ego
1974 424 2033 495 Α
2052 411 2334 482 poscebat.
2367 413 2476 466 Nec
2509 411 2628 483 ipsa
2648 412 2770 483 ejus
2797 412 3030 468 audiens
3054 431 3248 486 preces
3283 415 3496 472 distulit
3518 434 3536 486 ;
3581 418 3679 473 sed

313 499 480 564 facio,
506 499 614 568 ipsi
629 501 856 565 facient,
879 504 929 553 et
948 501 1156 570 majora
1183 502 1371 555 horum
1389 504 1594 569 facient
1617 502 1789 571 (Joan.
1815 507 1944 574 XIV).

395 591 526 645 lnde
546 607 716 662 quem
743 593 1015 647 naturalis
1035 599 1229 665 partus
1249 611 1462 649 caecum
1480 595 1944 666 protulitnatum,

319 683 458 738 ﬁdes
483 683 736 754 ejusdem
761 685 997 757 Brigidaa
1019 705 1195 759 grano
1227 691 1457 759 Operata
1475 687 1704 760 sinapis,
1737 692 1794 744 et
1817 706 1950 744 con-

319 777 519 830 similis
567 778 771 848 cidem,
819 781 1007 834 oculos
1049 781 1332 851 simplices
1375 785 1432 836 et
1465 782 1681 836 lucidos
1731 783 1948 854 ingenii

319 869 589 924 miraculo
614 871 854 941 aperuit.
886 873 1011 926 Haec
1043 865 1234 944 itaque
1277 874 1444 928 tantis
1483 874 1784 929 virtutibus
1813 875 1944 929 illu-

319 963 469 1027 stris,
500 963 821 1018 humilitate
842 965 1024 1020 cordis
1060 971 1117 1020 et
1167 967 1410 1038 puritate
1446 967 1671 1036 mentis,
1722 984 1946 1023 morum

321 1057 691 1126 temperantia
711 1063 767 1112 et
790 1057 1066 1129 spirituali
1093 1059 1270 1131 gratia
1307 1061 1490 1131 plena,
1519 1065 1738 1116 tantam
1761 1066 1947 1116 aucto—

317 1147 544 1204 ritatem
574 1155 630 1204 et
677 1151 894 1206 celebre
928 1169 1136 1206 nomen
1185 1169 1300 1223 prae
1345 1153 1608 1210 omnibus
1651 1155 1946 1210 coaetaneis

315 1241 629 1313 virginibus
657 1243 864 1299 habere
903 1246 1134 1300 meruit.

390 1335 456 1389 Et
487 1335 730 1408 quadam
777 1337 886 1406 die,
932 1355 1062 1392 cum
1106 1355 1220 1394 una
1263 1355 1332 1394 ex
1378 1340 1798 1395 adhaarentibus
1839 1341 1946 1396 sibi

319 1427 666 1483 extrinsecus
688 1429 920 1502 femina,
943 1447 1073 1486 cum
1092 1431 1207 1486 ﬁlia
1224 1433 1523 1488 duodecim
1551 1449 1728 1488 annos
1747 1435 1942 1504 astatis,

319 1537 388 1576 cx
427 1522 669 1576 naturali
706 1524 1092 1594 procreatione
1118 1530 1297 1592 muta,
1323 1527 1394 1581 ad
1421 1542 1545 1581 eam
1573 1527 1787 1582 veniret
1811 1527 1936 1581 visi-

317 1615 572 1682 tandam,
627 1631 757 1670 cum
798 1617 973 1688 digna
1008 1619 1369 1674 veneratione
1410 1625 1466 1674 et
1499 1619 1837 1690 reverentia,
1881 1624 1948 1674 ut

315 1724 515 1762 omnes
539 1709 811 1778 solebant,
841 1727 899 1765 se
926 1712 1203 1766 inclinans
1224 1719 1282 1767 et
1308 1713 1511 1768 humili
1536 1715 1677 1767 collo
1711 1713 1783 1768 ad
1824 1713 1946 1784 ejus

2052 521 2188 558 mox
2241 505 2392 559 illam
2437 522 2606 577 quam
2657 506 2930 577 optimam
2958 507 3027 562 de
3055 509 3320 564 omnibus
3346 526 3589 580 vaccam,
3621 515 3679 566 et

2047 598 2190 651 alius
2209 614 2388 652 vaccae
2413 599 2653 653 vitulum
2695 600 3016 671 elegantem
3044 607 3100 656 et
3141 602 3424 672 optimum
3455 603 3682 676 roganti

2049 689 2274 743 inﬁrmo
2299 691 2608 746 voluntarie
2631 692 2892 762 donavit;
2935 698 2991 748 et
3032 694 3474 752 misericorditer
3510 713 3679 752 suum

2047 798 2177 836 cum
2207 783 2301 837 illo
2327 783 2715 838 transmittens
2741 801 2973 840 currum
2999 787 3230 858 pariter,
3261 787 3500 860 longum
3525 795 3582 845 et
3603 790 3679 844 la-

2045 879 2328 934 tissimum
2354 897 2638 951 campum,
2670 897 2742 936 ne
2766 883 3078 938 molestiam
3107 885 3167 938 in
3209 901 3372 940 vacca
3406 885 3678 942 minanda

2046 973 2306 1027 inﬁrmus
2351 975 2524 1045 longo
2570 975 2748 1028 fessus
2793 975 2997 1030 itinere
3039 982 3392 1048 sustentaret,
3437 980 3678 1036 vitulum

2047 1068 2174 1136 post
2197 1071 2421 1136 tergum
2449 1067 2496 1138 ej
2506 1084 2568 1122 us
2595 1068 2655 1122 in
2683 1084 2914 1123 currum
2942 1069 3078 1140 poni
3100 1070 3482 1143 prmcipiebat.
3504 1075 3574 1128 Et
3599 1074 3677 1129 sic

2047 1173 2180 1212 eum
2199 1175 2363 1213 vacca
2385 1159 2581 1232 lingua
2605 1161 2878 1229 lambens,
2901 1167 2956 1216 et
2974 1147 3242 1234 tanquam
3279 1165 3572 1235 proprium
3601 1165 3680 1221 di-

2043 1250 2247 1324 ligens,
2276 1252 2508 1308 nemine
2522 1269 2648 1308 eam
2675 1261 2929 1326 cogente,
2956 1271 3135 1326 usque
3156 1257 3227 1310 ad
3240 1257 3360 1312 loca
3399 1259 3676 1314 destinata

2045 1350 2342 1400 consecuta
2371 1351 2473 1401 est.

2115 1438 2440 1493 Charissimi
2477 1439 2678 1494 videtis
2717 1440 2940 1508 fratres,
2985 1441 3137 1512 quod
3181 1447 3238 1497 et
3269 1441 3438 1501 bruta
3483 1449 3674 1500 contra

2045 1531 2510 1587 consuetudinem
2536 1532 2588 1588 ei
2614 1533 3039 1589 famulabantur
3066 1535 3350 1591 animalia.

2116 1625 2369 1688 Quodam
2397 1624 2688 1681 intervallo
2716 1627 2987 1698 temporis
3014 1628 3108 1682 alii
3131 1629 3464 1701 nequissimi
3499 1630 3674 1700 fures,

2045 1716 2144 1788 qui
2170 1733 2274 1771 nec
2295 1718 2593 1772 Dominum
2607 1735 2712 1774 nec
2732 1721 2990 1774 homines
3011 1721 3363 1788 verebantur,
3396 1723 3466 1778 de
3485 1723 3676 1796 aliqua

315 1801 616 1871 paciﬁcum
654 1803 905 1857 osculum
931 1805 1243 1874 procidens,
1273 1805 1390 1878 ipsa
1421 1807 1680 1861 omnibus
1715 1806 1946 1862 affabilis
1966 1797 2022 1869 Β
2046 1805 2329 1876 provincia
2347 1805 2418 1860 ob
2437 1807 2794 1862 latrocinium
2813 1809 3124 1876 venientes,
3151 1827 3486 1882 peramnem
3511 1827 3690 1885 gran-’

317 1893 565 1965 Brigida,
620 1900 677 1950 et
728 1896 882 1965 felix,
939 1898 1177 1953 conditis
1215 1899 1328 1954 sale
1359 1899 1712 1954 sermonibus
1753 1899 1942 1955 divino

313 2003 441 2041 eam
471 1988 769 2044 salubriter
793 1990 1032 2046 allocuta
1051 1996 1154 2061 est,
1183 2009 1248 2047 ac
1292 1993 1584 2048 Salvatoris
1623 1994 1802 2048 nostri
1842 1994 1939 2064 ju-

313 2081 502 2135 bentis
529 2083 790 2154 exemplo
815 2084 1078 2155 parvulos
1105 2085 1177 2140 ad
1197 2101 1255 2140 se
1291 2085 1501 2156 venire,
1539 2086 1671 2141 ﬁliae
1709 2103 1940 2142 manum

314 2175 566 2230 retinens
592 2193 766 2232 manu
791 2194 913 2245 sua,
949 2179 1232 2234 nesciente
1267 2178 1362 2232 illa
1390 2180 1542 2250 quod
1585 2184 1730 2235 esset
1763 2185 1938 2249 muta,

315 2269 729 2324 etvoluntatem
752 2271 926 2342 ipsius
952 2273 1330 2342 interrogans,
1352 2277 1546 2327 utrum
1563 2273 1742 2327 velato
1763 2273 1941 2344 capite

312 2379 650 2434 permanere
686 2363 846 2436 virgo
897 2382 968 2419 an
1011 2365 1224 2436 nuptiis
1272 2365 1542 2420 tradenda
1590 2381 1710 2420 esse
1751 2367 1936 2435 vellet,

313 2461 496 2511 matre
528 2457 702 2528 ipsius
727 2457 1086 2526 admonente,
1113 2459 1265 2530 quod
1294 2459 1402 2513 sibi
1437 2459 1551 2512 ﬁlia
1595 2460 1748 2514 nulla
1785 2460 1942 2515 daret

315 2567 602 2620 responsa,
631 2551 976 2622 respondens
995 2552 1166 2606 matri
1181 2552 1342 2621 dixit,
1365 2568 1422 2606 se
1438 2569 1552 2607 non
1579 2552 1940 2608 dimissuram

315 2642 450 2697 ﬁlia:
476 2660 730 2712 manum,
765 2643 824 2698 ni
853 2644 958 2699 sibi
999 2645 1156 2716 prius
1192 2663 1526 2717 responsum
1557 2646 1833 2701 redderet.
1872 2647 1942 2702 Et

315 2736 492 2791 ﬁliam
516 2754 646 2791 cum
672 2737 912 2792 secunda
940 2738 1059 2792 vice
1089 2738 1482 2811 interrogaret,
1511 2739 1798 2810 respondit
1823 2739 1942 2794 illia

313 2829 426 2884 sibi
449 2830 638 2885 dicens
667 2847 680 2885 :
709 2831 829 2884 Non
854 2831 1026 2899 aliud,
1047 2831 1158 2886 nisi
1199 2833 1351 2903 quod
1396 2837 1460 2888 tu
1505 2833 1764 2902 volueris,
1813 2832 1940 2886 volo

314 2939 509 2994 agere.
565 2924 642 2976 Ac
683 2923 762 2977 sic
803 2928 995 2995 postea
1034 2929 1230 2996 aperto
1265 2942 1362 2980 ore
1413 2926 1534 2980 sine
1572 2925 1784 2998 linguas
1839 2925 1940 2980 im-

313 3015 676 3088 pedimento,
721 3021 778 3071 et
830 3017 1014 3071 soluto
1067 3017 1241 3088 ipsius
1290 3017 1548 3088 vinculo,
1603 3019 1941 3092 loquebatur

312 3125 470 3163 sana.

387 3204 454 3256 Et
479 3203 683 3274 quibus
709 3201 815 3257 hoc
842 3203 1094 3274 ejusdem
1123 3221 1264 3276 opus
1291 3205 1460 3260 nullis
1499 3205 1810 3262 multorum
1837 3223 1939 3262 au-

309 3295 471 3349 ribus
497 3295 814 3351 inauditum
842 3297 1172 3368 scrupulum
1200 3315 1316 3353 non
1343 3300 1641 3355 moveret?

383 3389 530 3444 Dum
561 3389 713 3444 enim
737 3390 858 3445 haec
880 3391 1070 3446 animo
1093 3396 1236 3446 esset
1259 3392 1475 3447 intenta
1495 3393 1806 3447 caelestium
1828 3409 1944 3448 me-

310 3481 600 3553 ditatione,
629 3488 695 3538 ut
717 3500 941 3555 semper
964 3485 1194 3554 solebat,
1218 3501 1378 3540 suam
1407 3487 1476 3540 de
1496 3485 1853 3540 terrestribus
1871 3487 1942 3541 ad

311 3575 560 3631 caelestia
583 3577 807 3632 elevans
825 3579 1322 3648 conversationem,
1346 3579 1655 3650 quamdam
1679 3595 1797 3634 non
1817 3595 1942 3650 par-

311 3685 462 3738 vam,
490 3669 588 3724 sed
615 3671 888 3742 grandem
913 3671 1057 3726 lardi
1095 3676 1319 3742 partem
1359 3688 1490 3726 cum
1532 3688 1669 3726 cane
1705 3671 1936 3727 dimisit.

311 3763 382 3818 Et
405 3779 538 3816 cum
565 3768 709 3818 esset
735 3763 1029 3834 inquisita,
1057 3781 1172 3818 non
1199 3763 1425 3831 alicubi,
1457 3765 1555 3820 sed
1585 3765 1684 3820 ubi
1709 3764 1858 3820 canis
1877 3764 1940 3820 in

311 3872 380 3911 eo
405 3856 524 3910 loco
553 3856 763 3912 solebat
787 3873 926 3926 esse,
951 3873 1143 3912 mense
1167 3862 1466 3924 transacto,
1496 3857 1706 3913 intacta
1749 3863 1806 3913 et
1845 3857 1937 3913 in-

312 3953 474 4019 tegra
499 3955 722 4021 reperta
743 3955 846 4005 est.
875 3951 995 4004 Non
1022 3950 1175 4006 enim
1219 3951 1372 4006 canis
1419 3967 1589 4006 ausus
1643 3951 1938 4007 comedere

311 4042 630 4114 depositum
653 4043 829 4097 beatas
855 4035 1110 4114 virginis,
1140 4043 1238 4098 sed
1261 4048 1446 4099 custos
1471 4044 1695 4115 patiens
1712 4043 1858 4100 lardi
1881 4049 1940 4100 et

308 4135 547 4190 idoneus
571 4142 764 4192 contra
788 4153 957 4192 suum
983 4136 1208 4192 solitum
1233 4153 1457 4193 morem
1477 4137 1668 4193 divina
1693 4138 1939 4194 refrena-

310 4234 407 4285 tur
428 4229 634 4286 virtute
661 4231 894 4286 exstitit.
1257 4289 1262 4294 ,

381 4329 743 4380 Accrescente
781 4323 1032 4397 quotidie
1061 4323 1468 4380 miraculorum
1504 4341 1762 4393 numero,
1806 4342 1936 4398 quas

314 4417 404 4473 vix
431 4418 754 4474 enumerari
772 4422 1026 4489 possunt,
1039 4421 1316 4489 quantum
1333 4418 1729 4474 misericordia:
1753 4425 1809 4474 et
1819 4419 1936 4492 pie-

1961 3157 2017 3231 C

2044 1898 2175 1954 dem
2199 1899 2346 1953 facili
2377 1904 2568 1954 meatu
2593 1900 2801 1971 pedum
2853 1902 3224 1973 egredientes,
3258 1903 3458 1960 bovem
3498 1905 3674 1977 ipsius

2041 1991 2212 2046 furati
2241 1995 2392 2046 sunt.
2423 1993 2533 2048 Sed
2558 2009 2652 2048 eos
2679 1994 2938 2050 eamdem
2967 1979 3310 2051 revertentes
3328 1998 3480 2052 viam
3498 1999 3674 2070 impe-

2040 2088 2132 2139 tus
2155 2085 2404 2156 ingentis
2443 2085 2716 2154 ﬂuminis,
2757 2087 3123 2143 inundatione
3167 2105 3444 2160 aquarum
3488 2091 3672 2146 subito

2038 2176 2202 2248 facta,
2242 2179 2613 2234 conturbavit.
2669 2181 2794 2235 Non
2842 2180 2996 2236 enim
3043 2182 3258 2236 ﬂumen
3301 2182 3480 2238 instar
3518 2184 3670 2238 muri

2040 2275 2290 2324 erectum
2335 2271 2781 2326 scelestissimam
2826 2273 3003 2328 boum
3045 2274 3303 2328 fraudem
3333 2275 3510 2330 beatae
3542 2275 3665 2330 Bri-
3702 2316 3705 2320 -

2041 2362 2185 2434 gidaa
2212 2380 2314 2435 per
2333 2381 2392 2418 se
2421 2365 2653 2420 transire
2679 2366 2969 2437 permisit;
2999 2367 3095 2421 sed
3115 2367 3340 2422 eosdem
3379 2368 3533 2423 fures
3571 2369 3667 2425 de-

2039 2473 2304 2528 mergens
2329 2463 2385 2512 et
2410 2475 2598 2512 secum
2624 2459 2872 2526 trahens,
2910 2460 3080 2514 boves
3105 2460 3174 2515 de
3200 2461 3453 2532 ipsorum
3488 2463 3669 2518 mani-

2039 2548 2144 2604 bus
2184 2550 2426 2621 liberati,
2468 2552 2602 2606 loris
2639 2551 2698 2606 in
2727 2552 2988 2608 cornibus
3011 2553 3408 2625 pendentibus,
3439 2557 3510 2610 ad
3537 2573 3671 2628 pro-

2038 2643 2228 2715 prium
2252 2649 2642 2700 armentorum
2670 2645 2740 2699 ad
2769 2645 3050 2701 bubulum
3092 2647 3299 2702 reversi
3333 2653 3483 2704 sunt.
3533 2650 3671 2704 Ecce

2039 2741 2096 2791 et
2122 2736 2213 2790 hic
2239 2737 2414 2792 virtus
2441 2737 2909 2808 divina-apparet.

2110 2831 2254 2885 Cum
2279 2829 2524 2902 quadam
2548 2830 2638 2886 die
2663 2831 2786 2902 ipsa
2810 2831 3155 2886 sanctissima
3170 2831 3412 2904 Brigida,
3437 2838 3671 2906 cogente

2037 2923 2227 2996 aliqua
2252 2923 2579 2979 necessitate
2604 2924 2878 2992 utilitatis,
2906 2929 2971 2979 ut
3011 2925 3441 2981 conventionem
3487 2928 3666 2998 plebis

2038 3016 2307 3085 visitaret,
2339 3017 2400 3071 in
2426 3033 2598 3072 curru
2632 3017 2832 3072 sedens
2873 3017 3032 3089 equis
3065 3017 3214 3072 binis
3248 3019 3578 3090 vehebatur,
3615 3024 3672 3076 et

2042 3127 2174 3166 cum
2197 3110 2256 3164 in
2283 3127 2384 3164 suo
2409 3110 2668 3166 vehiculo
2694 3110 3059 3166 meditatione
3093 3111 3344 3166 theorica
3385 3113 3670 3170 caelestem

2039 3219 2213 3276 agens
2239 3203 2298 3258 in
2323 3203 2488 3258 terris
2507 3203 2698 3273 vitam,
2731 3220 2918 3272 suum,
2964 3206 3048 3271 ut,
3087 3205 3322 3274 solebat,
3355 3205 3668 3262 dominato-

2040 3313 2166 3352 rem
2197 3301 2399 3363 oraret,
2432 3297 2501 3351 de
2527 3296 2634 3350 alio
2655 3297 2951 3367 procidens
2966 3296 3107 3365 loco,
3123 3297 3267 3351 alter
3290 3297 3456 3352 bruto
3477 3299 3669 3354 animo

2041 3389 2220 3460 equus
2245 3389 2445 3443 saliens
2471 3387 2529 3442 in
2555 3405 2744 3456 curru,
2768 3391 2824 3442 et
2848 3388 3222 3444 inrefrenatus
3246 3389 3480 3444 habenis
3505 3391 3666 3446 forti-

2039 3486 2128 3536 ter
2149 3497 2209 3536 se
2236 3481 2543 3548 excutiens,
2585 3486 2642 3535 et
2679 3480 2747 3534 de
2783 3479 2926 3552 jugo
2967 3481 3268 3535 exterritus
3309 3497 3413 3552 per
3449 3499 3668 3555 campe-

2039 3574 2172 3629 stria
2195 3573 2478 3639 cucurrit;
2511 3577 2570 3628 et
2599 3572 2677 3627 sic
2701 3589 2904 3628 manus
2931 3573 3151 3628 Domini
3171 3573 3382 3646 jugum
3417 3577 3668 3646 pendens

2038 3667 2160 3722 sine
2185 3666 2496 3739 praecipitio
2515 3665 2861 3720 sustentavit.
2890 3667 2958 3721 Et
2974 3667 3196 3722 vidente
3216 3667 3400 3739 turba,
3423 3669 3494 3724 ob
3520 3670 3672 3726 testi-

2039 3761 2295 3815 monium
2321 3760 2521 3814 divinae
2537 3758 2759 3814 virtutis
2779 3764 2991 3826 secuta,
3010 3760 3071 3814 in
3087 3776 3190 3816 suo
3217 3777 3384 3816 orans
3408 3762 3666 3818 vehiculo

2039 3871 2168 3909 cum
2195 3870 2311 3908 uno
2336 3869 2481 3924 equo
2507 3853 2612 3908 sub
2643 3869 2815 3907 curru
2855 3853 3056 3924 posito,
3091 3855 3162 3910 ad
3201 3855 3383 3926 plebis
3422 3873 3665 3912 conven-

2036 3947 2270 4016 tionem,
2316 3946 2570 4002 discursu
2608 3945 2889 4018 placabili,
2938 3946 3111 4002 illaasa
3146 3949 3424 4020 pervenit,
3477 3955 3534 4004 et
3587 3947 3666 4004 sic

2037 4041 2214 4112 signis
2240 4045 2296 4096 et
2319 4039 2618 4095 virtutibus
2644 4055 2746 4094 sua
2770 4039 3132 4111 confirmans,
3149 4041 3427 4112 doctrina,
3457 4058 3668 4096 sermo-

2035 4135 2202 4190 nibus
2235 4132 2590 4203 salutaribus,
2635 4137 2692 4188 et
2732 4135 2844 4189 sale
2895 4133 3083 4188 divino
3131 4133 3385 4202 conditis,
3435 4135 3662 4206 plebem

2036 4229 2331 4284 exhortata
2359 4231 2462 4282 est.
2491 4229 2557 4282 Et
2595 4227 2702 4282 hoc
2735 4226 3039 4282 virtutibus
3076 4225 3196 4297 ejus
3241 4226 3465 4282 videtur
3498 4227 3664 4282 nobis

2037 4338 2155 4376 esse
2180 4321 2584 4392 deputandum.

2107 4416 2248 4469 Cum
2273 4428 2410 4484 aper
2435 4413 2590 4467 ferus
2613 4409 2912 4482 singularis
2941 4415 2998 4466 et
3031 4409 3296 4467 silvestris
3331 4411 3563 4469 territus
3606 4419 3664 4470 et

307 4511 462 4580 tatis,
503 4516 559 4566 et
592 4511 654 4566 in
689 4527 966 4583 pauperes
999 4510 1483 4583 eleemosynarum
1522 4515 1836 4584 opportune
1879 4517 1936 4568 et
1952 4519 2013 4592 D
2033 4507 2304 4580 fugitivus
2329 4509 2492 4574 esset,
2518 4505 2590 4560 ad
2612 4518 2845 4576 gregem
2869 4519 3171 4575 porcorum
3194 4505 3436 4577 Brigidaa
3461 4507 3662 4565 felicis.

306 4605 686 4675 inopportune
712 4603 1119 4674 postulantium
1147 4610 1375 4676 Operata
1397 4603 1498 4660 est!
1516 4606 1655 4659 Nam
1667 4621 1798 4660 cum
1822 4605 1926 4660 ali-

307 4697 436 4768 quis
461 4697 858 4768 indigenscibo
883 4713 1198 4769 pauperum
1216 4713 1338 4752 eam
1363 4703 1606 4768 rogaret,
1634 4698 1732 4751 illa
1753 4699 1824 4754 ad
1837 4715 1931 4754 eos

306 4790 408 4861 qui
433 4806 629 4845 carnes
644 4795 928 4860 coxerant,
952 4795 1016 4846 ut
1037 4791 1106 4844 ab
1131 4790 1240 4844 illis
1261 4790 1475 4862 aliquid
1501 4791 1734 4862 pauperi
1754 4792 1932 4848 defer-

306 4889 414 4953 ret,
444 4883 746 4953 festinavit,
771 4889 826 4938 et
849 4883 1082 4939 illorum
1097 4900 1246 4938 unus
1263 4883 1649 4939 stolidissimus
1661 4885 1928 4955 famulus,

306 4975 407 5048 qui
435 4992 632 5031 carnes
657 4981 900 5046 coxerat,
927 4975 1258 5048 insipienter
1281 4980 1503 5048 partem
1524 4978 1778 5033 nondum
1805 4995 1928 5034 car-

305 5070 397 5125 nis
421 5074 658 5140 coctam,
685 5069 746 5124 in
770 5069 1020 5124 albatum
1045 5069 1220 5140 ipsius
1231 5070 1466 5125 sinuatas
1483 5071 1651 5126 vestis
1677 5075 1928 5142 recepta-

306 5163 503 5219 culum
531 5163 833 5234 transjecit,
864 5167 922 5218 et
946 5163 1024 5217 sic
1051 5163 1167 5234 illa,
1213 5180 1328 5218 non
1368 5164 1640 5219 suﬂ‘ocato
1683 5164 1926 5234 mantili,
1977 5148 1981 5152 ’

306 5257 456 5312 etin
483 5273 584 5311 suo
623 5256 860 5311 candido
899 5256 1090 5311 colore
1128 5261 1392 5312 manente
1425 5263 1655 5328 portans
1693 5257 1931 5328 pauperi

305 5351 526 5405 tribuit.
557 5351 666 5406 Nec
694 5366 811 5404 non
832 5353 890 5404 et
913 5350 1019 5404 hoc
1047 5349 1116 5405 de
1157 5349 1328 5422 gestis
1369 5349 1620 5406 felicibus
1663 5349 1932 5404 admirari

307 5443 496 5499 debet.
523 5443 952 5499 Conﬂuentibus
969 5443 1123 5498 enim
1141 5443 1211 5497 ad
1233 5459 1358 5497 eam
1378 5443 1633 5514 undique
1674 5443 1933 5514 pauperi-

305 5537 416 5592 bus
444 5541 502 5592 et
523 5537 854 5608 peregrinis,
884 5537 1103 5608 ingenti
1119 5537 1278 5591 fama
1291 5537 1528 5603 virtutis,
1553 5541 1608 5591 et
1619 5535 1934 5591 nimiazlar-

308 5631 500 5704 gitatis
543 5630 720 5698 tracti,
766 5631 1032 5686 accedens
1078 5631 1150 5686 ad
1193 5646 1320 5685 eam
1358 5629 1508 5684 inter
1546 5645 1640 5684 eos
1675 5629 1934 5702 ingratus

306 5725 538 5798 quidam
563 5725 834 5798 leprosus,
866 5725 1142 5798 optimam
1169 5725 1238 5781 de
1263 5727 1523 5780 armento
1552 5739 1773 5780 vaccam
1801 5739 1934 5780 cum

307 5819 524 5898 optimo
547 5819 720 5875 vitulo
744 5819 1002 5878 omnium
1028 5820 1332 5877 vitulorum
1351 5817 1581 5876 insimul
1605 5819 1710 5876 sibi
1737 5817 1935 5876 donari

2029 4603 2185 4660 simia
2221 4599 2476 4654 concitus
2519 4613 2688 4652 cursu
2712 4597 2988 4670 praecipiti
3015 4598 3291 4669 pervenit.
3323 4599 3505 4664 Quem
3533 4601 3656 4673 ipsa

2028 4699 2262 4751 ventum
2297 4692 2444 4746 inter
2480 4707 2607 4745 suas
2633 4707 2869 4746 cernens
2895 4691 3204 4747 benedixit.
3232 4692 3443 4748 Deinde
3470 4693 3656 4766 impa-

2027 4789 2188 4844 vidus
2211 4803 2274 4841 ac
2300 4783 2588 4840 familiaris
2610 4800 2741 4839 cum
2766 4783 2944 4856 ipsius
2964 4800 3268 4857 porcorum
3295 4801 3470 4857 grege
3491 4802 3654 4841 man-

2028 4881 2116 4938 sit.
2147 4883 2303 4946 Ecce,
2325 4878 2545 4946 fratres,
2574 4877 2772 4932 videtis
2796 4879 2950 4950 quod
2975 4883 3032 4932 et
3075 4878 3241 4932 bruta
3285 4879 3552 4934 animalia
3602 4885 3658 4936 et

2027 4973 2218 5030 bestia:
2259 4971 2612 5028 sermonibus
2657 4975 2714 5026 et
2750 4971 3023 5026 voluntati
3065 4971 3188 5040 ejus
3237 4971 3493 5028 resistere
3539 4989 3659 5030 non

2027 5068 2308 5140 poterant,
2333 5065 2429 5121 sed
2456 5064 2666 5119 domita
2703 5069 2759 5118 et
2800 5063 3048 5134 subjecta
3071 5063 3176 5118 sibi
3211 5063 3654 5124 famulabantur.

2098 5164 2348 5229 Quadam
2391 5167 2580 5218 autem
2623 5161 2734 5231 die,
2773 5177 2904 5216 cum
2951 5161 3154 5233 aliquis
3189 5162 3350 5218 nulla
3399 5163 3658 5221 suffultus

2029 5257 2279 5326 scientia,
2295 5256 2525 5327 vulpem
2544 5255 2696 5326 regis
2724 5254 2795 5308 ad
2819 5255 3087 5326 palatium
3110 5255 3498 5314 ambulantem
3510 5259 3658 5314 vide-

2029 5355 2136 5420 ret,
2185 5355 2390 5422 putans
2439 5347 2616 5416 illam,
2674 5347 2966 5402 obcaecatis
3004 5349 3260 5405 sensibus
3299 5350 3434 5418 suis,
3477 5351 3655 5406 feram

2029 5460 2151 5500 esse
2176 5442 2432 5507 bestiam,
2451 5444 2508 5494 et
2530 5439 2682 5512 quod
2713 5439 2774 5495 in
2801 5440 2929 5495 aula
2955 5441 3104 5514 regis
3122 5442 3418 5498 familiaris
3429 5448 3486 5498 et
3499 5459 3655 5497 man-

2030 5540 2189 5592 sueta
2217 5539 2379 5602 esset,
2401 5533 2570 5587 variis
2587 5533 2803 5588 artibus
2814 5534 3007 5590 edocta
3031 5535 3285 5605 agilitate
3300 5535 3568 5606 corporis,
3599 5539 3657 5590 et

2031 5628 2332 5684 subtilitate
2356 5625 2554 5695 animi,
2576 5627 2700 5697 regi
2719 5631 2776 5682 et
2800 5627 2916 5682 suis
2943 5627 3240 5682 comitibus
3261 5626 3471 5698 grande
3499 5642 3653 5698 pree-

2032 5727 2183 5778 stans
2192 5720 2570 5792 signaculum,
2588 5719 3122 5792 ignoraret,vidente
3137 5718 3502 5775 multitudine
3518 5721 3661 5778 occi-

2033 5815 2116 5874 dit
2139 5830 2284 5876 eam.
2313 5813 2382 5870 Et
2407 5813 2593 5872 statim
2623 5813 2693 5872 ab
2718 5813 2806 5871 his
2830 5812 2929 5892 qui
2952 5811 3215 5871 viderunt
3237 5811 3446 5870 factum
3473 5814 3662 5899 alliga-
