4054 6186
483 353 585 415 “783
1579 357 1730 414 Vl’l‘A
1767 359 2042 414 SANCTJE
2081 355 2367 413 BRlGlDzE
2404 349 2713 425 vmclNis',
3723 358 3814 417 78'.

480 475 572 524 tus
591 472 646 524 et
663 467 978 524 diffamatus
994 472 1095 534 est,
1123 464 1192 521 ad
1215 482 1406 537 regem
1434 467 1737 538 perductus
1764 461 1865 522 est.
1890 470 1955 523 Et
1974 484 2104 522 cum
2126 479 2185 552 Α
2276 472 2412 525 Nam
2440 489 2572 526 cum
2596 472 2811 526 semina
2841 469 3218 525 saluberrima
3251 470 3404 526 verbi
3449 471 3715 526 Dominici
3753 490 3810 527 ex

479 579 578 617 rex
609 563 786 616 iratus
809 579 928 616 rem
960 561 1174 614 discens
1201 565 1437 632 gestam,
1471 561 1579 615 nisi
1607 561 1712 616 sibi
1736 561 1918 632 vulpis
1946 561 2103 615 simi-

477 656 548 710 lis
572 656 630 710 in
657 655 916 710 omnibus
941 653 1350 724 calliditalibus,
1377 671 1515 725 quas
1544 672 1644 709 sua
1685 655 1867 726 vulpis
1905 670 2102 726 Opera-

478 749 664 817 batur,
692 747 950 802 restituta
977 751 1138 815 esset,
1169 748 1326 802 illum
1347 748 1518 819 jussit
1547 748 1744 818 occidi,
1779 753 1834 802 et
1866 764 2105 803 uxorem

478 847 534 896 et
558 843 702 896 filios
735 845 790 896 et
819 833 1009 894 omnia
1035 857 1164 912 quae
1211 841 1415 896 habeat
1457 842 1516 896 in
1553 842 1880 897 servitutem
1923 841 2105 913 redigi

472 933 748 1006 prmeipit.

545 1028 797 1098 Cumque
827 1043 946 1080 rem
979 1031 1191 1098 gestam
1220 1035 1410 1084 sancta
1430 1031 1487 1084 et
1510 1028 1846 1084 venerabilis
1873 1028 2103 1100 Brigida

473 1121 772 1191 didicisset,
801 1124 957 1175 tanto
986 1120 1344 1176 miseriarum
1375 1125 1431 1177 et
1471 1122 1692 1194 pietatis
1727 1121 1930 1176 affectu
1965 1137 2098 1194 per-

471 1218 646 1284 mota,
692 1231 924 1268 currum
970 1213 1074 1268 sibi
1121 1215 1290 1287 jungi
1335 1215 1633 1288 praecepit,
1675 1221 1732 1270 et
1776 1232 1844 1271 ex
1899 1214 2100 1270 intimo

473 1309 638 1363 corde
664 1309 859 1363 dolens
881 1324 984 1379 pro
1011 1308 1133 1380 ipso
1172 1308 1400 1379 infelici,
1429 1309 1526 1380 qui
1573 1309 1779 1380 injuste
1816 1307 2100 1380 judicatus

472 1405 576 1471 est,
613 1401 874 1472 precibus
917 1401 987 1455 ad
1027 1401 1333 1456 Dominum
1369 1401 1526 1469 fusis,
1574 1405 1631 1457 et
1671 1419 1773 1473 per
1798 1400 2098 1472 planiciem

471 1493 658 1564 campi
684 1493 962 1564 equitans,
993 1493 1242 1564 perrexit
1265 1494 1324 1548 in
1355 1494 1504 1548 viam
1523 1510 1652 1566 quae
1682 1495 1752 1548 ad
1773 1494 1923 1566 regis
1946 1493 2099 1565 pala-

469 1587 616 1641 tium
643 1585 902 1642 ducebat.
932 1587 1040 1640 Nec
1088 1602 1245 1640 mora
1284 1587 1559 1641 Dominus
1606 1587 1834 1642 exaudit
1880 1586 2094 1657 ipsam,

471 1695 598 1734 suas
635 1679 969 1734 fundentem
1011 1680 1261 1735 assiduas
1281 1697 1496 1752 preces.
1529 1682 1710 1734 Unam
1741 1681 1810 1734 de
1841 1679 1956 1734 suis
1982 1680 2096 1734 vul-

469 1773 635 1844 pibus
660 1773 790 1827 feris
819 1773 890 1826 ad
917 1789 1040 1828 eam
1069 1773 1259 1829 venire
1277 1773 1462 1844 jussit.
1496 1775 1632 1838 Quae.
1662 1789 1792 1827 cum
1812 1772 2091 1828 velocissi-

470 1879 566 1920 mo
597 1882 763 1920 cursu
795 1866 866 1920 ad
911 1881 1038 1920 eam
1079 1866 1316 1932 veniret,
1368 1870 1424 1920 et
1469 1865 1807 1920 beatissimae
1851 1852 2170 1936 BrigidaaB

469 1959 662 2012 currui
698 1959 1197 2030 appropinquaret,
1229 1959 1428 2014 leviter
1471 1975 1528 2012 se
1563 1959 1786 2013 elevans
1828 1958 1886 2012 in
1925 1975 2096 2012 curru

467 2051 713 2119 sedebat,
746 2056 801 2106 et
825 2052 927 2106 sub
955 2052 1376 2124 receptaculum
1404 2051 1646 2124 Brigida:
1674 2051 1840 2107 vestis
1870 2068 1928 2106 se
1958 2068 2092 2106 con-

465 2144 723 2212 stituens,
755 2143 937 2198 sobrie
967 2145 1028 2199 in
1057 2161 1228 2200 curru
1261 2161 1390 2199 cum
1423 2161 1488 2198 ea
1518 2145 1762 2199 sedebat.

535 2239 605 2292 At
636 2254 766 2291 cum
791 2237 911 2308 ipsa
937 2237 1006 2292 ad
1036 2254 1233 2308 regem
1253 2237 1489 2304 veniret,
1521 2241 1586 2291 ut
1633 2237 1724 2291 ille
1768 2237 1939 2292 miser
1986 2237 2091 2292 im-

465 2331 751 2401 providus,
775 2330 873 2402 qui
899 2336 1056 2385 reatu
1084 2349 1199 2386 sua:
1232 2330 1568 2401 ignorantia:
1599 2330 1918 2400 tenebatur,
1953 2329 2096 2386 liber

465 2427 523 2477 et
551 2423 839 2478 absolutus
868 2425 936 2479 de
956 2424 1179 2479 vinculo
1199 2424 1564 2494 egrederetur
1589 2423 1756 2495 coepit
1783 2423 2095 2495 precari.Et

465 2529 596 2571 cum
643 2533 738 2572 rex
780 2518 901 2589 ejus
941 2518 1202 2590 precibus
1242 2517 1558 2572 consentire
1593 2517 1882 2587 noluisset,
1931 2517 2090 2572 obte-

464 2613 616 2686 stans
643 2627 700 2664 se
731 2627 846 2664 non
877 2611 1035 2665 illum
1073 2601 1458 2680 dimissurum,
1500 2610 1609 2664 nisi
1657 2611 1826 2665 talem
1866 2611 2091 2682 vulpem

460 2706 634 2758 tantae
662 2705 1106 2759 mansuetudinis
1131 2709 1188 2759 et
1215 2703 1533 2758 calliditatis
1557 2704 1740 2776 qualis
1769 2704 1965 2774 vulpes
1991 2720 2091 2758 sua

461 2795 644 2852 fuerat
671 2797 931 2852 restituta
958 2801 1121 2866 esset,
1150 2798 1272 2869 ipsa
1296 2813 1457 2852 suam
1495 2798 1552 2852 in
1585 2797 1832 2852 medium
1864 2798 2090 2868 vulpem

460 2889 714 2960 protulit.
737 2892 873 2955 Quae
899 2908 1086 2946 coram
1113 2907 1248 2962 rege
1276 2894 1332 2945 et
1360 2891 1517 2946 omni
1543 2891 1922 2960 multitudine,
1963 2907 2087 2944 om-

460 2997 560 3036 nes
597 2999 800 3051 mores,
829 2988 887 3038 et
917 2984 1285 3038 subtilitatem
1314 2984 1614 3038 docibilem
1667 2983 1834 3038 variis
1875 2983 2090 3037 artibus

460 3073 690 3128 alterius
719 3091 891 3146 agens
913 3076 1112 3146 vulpis,
1159 3075 1217 3130 in
1239 3076 1435 3130 eadem
1461 3076 1644 3130 forma
1673 3076 1878 3146 prioris
1899 3076 2088 3147 palam

461 3167 724 3220 omnibus
747 3167 897 3222 lusit.
930 3169 1083 3223 Tunc
1112 3185 1209 3222 rex
1240 3169 1492 3239 placatus
1511 3174 1614 3235 est,
1647 3169 1768 3224 haec
1793 3169 2004 3239 videns,
2033 3171 2090 3223 et

461 3260 761 3331 Optimates
790 3261 910 3332 ejus
936 3275 1067 3316 cum
1095 3227 1318 3334 ingenti
1346 3263 1548 3333 plausu
1581 3227 1961 3318 multitudinis
1985 3227 2084 3317 ad-
2109 3227 2164 3300 Ο

459 3353 717 3408 mirantis
747 3353 1004 3408 mirabile
1043 3354 1275 3424 factum,
1317 3355 1478 3410 illum
1522 3355 1683 3424 solvi,
1736 3360 1792 3410 et
1847 3355 2088 3410 liberum

459 3445 636 3514 abire,
667 3448 764 3518 qui
793 3447 977 3502 fuerat
1000 3454 1131 3504 ante
1157 3465 1284 3502 reus
1315 3449 1523 3516 delicti,
1540 3449 1728 3519 jussit.
1989 3432 1999 3443 ’

531 3540 641 3594 Nec
669 3541 850 3596 multo
879 3547 1022 3613 post,
1057 3559 1187 3596 cum
1217 3545 1403 3596 sancta
1433 3542 1656 3613 Brigida
1686 3542 1959 3598 solutione
1997 3543 2084 3615 ip-

460 3633 573 3686 sius
603 3637 658 3688 et
687 3634 942 3690 libertate
971 3635 1132 3701 facta,
1163 3635 1233 3689 ad
1263 3651 1424 3689 suam
1449 3635 1657 3691 rediret
1681 3635 1935 3704 domum,
1968 3636 2088 3707 ipsa

460 3726 656 3795 vulpes
685 3725 874 3780 dolosa
893 3743 949 3780 se
977 3727 1124 3781 inter
1142 3727 1335 3782 turbas
1359 3733 1645 3799 torquens,
1669 3733 1724 3782 et
1742 3727 1939 3783 callide
1959 3745 2084 3782 mo-

462 3831 617 3883 vens,
631 3817 867 3888 fugitiva
882 3818 952 3872 ad
971 3817 1094 3872 loca
1112 3818 1330 3874 deserta
1349 3825 1405 3874 et
1431 3819 1727 3889 silvestria,
1756 3825 1813 3875 et
1830 3821 1897 3875 ad
1919 3837 2085 3876 suum

461 3911 711 3978 antrum,
739 3910 932 3963 multis
961 3910 1243 3982 equitibus
1271 3916 1329 3966 et
1356 3913 1586 3967 canibus
1612 3913 1975 3984 sequentibus
2003 3930 2082 3984 se,

461 4000 702 4056 illudens
725 4018 788 4056 ac
813 4018 915 4073 per
939 4007 1192 4073 patentes
1217 4021 1441 4075 campos
1466 4005 1712 4076 fugiens,
1745 4005 2086 4061 incolumnis

462 4093 654 4150 evasit.
701 4096 768 4150 Et
806 4112 1004 4150 omnes
1047 4096 1406 4166 admirantes,
1453 4099 1604 4169 quod
1642 4098 1852 4153 factum
1881 4099 2082 4170 fuerat,

460 4188 761 4261 privilegio
787 4189 1111 4259 sanctitatis,
1141 4195 1197 4244 et
1216 4191 1582 4262 praerogativa
1618 4192 1927 4247 multarum
1968 4193 2083 4247 vir-

458 4286 644 4337 tutum
683 4299 906 4354 semper
942 4284 1247 4354 pollentem
1283 4285 1587 4356 majoribus
1622 4286 1794 4358 gestis
1835 4289 2084 4342 sanctam

460 4376 708 4431 venerati
732 4383 866 4432 sunt
892 4376 1198 4449 Brigidam.

531 4471 598 4524 Et
623 4486 753 4524 cum
781 4470 842 4524 in
871 4470 979 4524 alia
1009 4470 1098 4525 die
1125 4473 1319 4526 anates
1344 4474 1570 4542 pectore
1595 4473 1802 4528 carnali
1830 4478 2085 4530 natantes

2205 580 2366 619 more
2396 582 2512 620 sua:
2556 565 2974 620 consuetudinis
3021 564 3285 619 omnibus
3322 566 3646 634 seminaret,
3693 566 3814 622 vidit

2202 673 2406 712 novem
2437 659 2584 713 viros
2608 659 2666 713 in
2695 660 2940 731 quadam
2969 659 3156 714 forma
3184 659 3408 730 speciali
3435 675 3592 712 vanas
3631 665 3684 713 et
3701 661 3804 714 dia-

2203 755 2400 810 bolicaa
2430 757 2842 828 superstitionis
2868 758 3132 828 plausum
3175 755 3467 826 habentes,
3507 755 3654 811 vocis
3691 757 3806 812 ridi-

2205 849 2346 903 culae
2375 866 2438 904 ac
2482 849 2762 908 insaniam
2784 851 2987 906 mentis
3012 850 3339 905 maximam.
3373 853 3436 904 In
3462 866 3700 921 quorum
3726 850 3810 905 viis

2203 942 2463 997 contritio
2488 946 2543 998 et
2569 943 2879 1014 infelicitas,
2913 946 2970 998 et
2998 943 3228 1015 antiquo
3266 943 3438 1012 hosti,
3482 943 3578 1014 qui
3622 943 3678 998 in
3715 943 3807 998 illis

2202 1036 2474 1106 regnabat
2493 1037 2634 1091 votis
2659 1037 3062 1092 scelestissimis
3091 1042 3147 1091 et
3181 1036 3540 1108 juramentis,
3587 1037 3806 1091 sitientes

2201 1129 2531 1184 effusionem
2561 1130 2872 1202 sanguinis,
2905 1135 3212 1202 antequam
3239 1129 3487 1185 calendas
3524 1129 3648 1184 Julii
3678 1129 3806 1184 illius

2199 1223 2409 1277 mensis
2429 1225 2875 1295 supervenirent,
2897 1222 3395 1290 venturi,aliorum
3419 1222 3805 1294 jugulationem

2199 1319 2256 1370 et
2283 1315 2584 1371 homicidia
2612 1317 3013 1388 deposuerunt.
3046 1316 3259 1381 Quibus
3287 1315 3726 1370 reverentissime
3759 1321 3804 1370 et

2196 1408 2432 1463 affabilis
2463 1409 2689 1481 Brigida
2726 1410 2999 1466 melliﬂua
3029 1410 3337 1465 verborum
3369 1409 3532 1481 cOpia
3557 1409 3802 1480 praedica-

2200 1502 2297 1572 vit,
2331 1506 2394 1556 ut
2422 1503 2726 1558 mortiferis
2748 1503 3034 1559 erroribus
3064 1503 3293 1572 relictis,
3324 1502 3559 1558 crimina
3591 1519 3687 1574 per
3707 1519 3806 1558 cor-

2199 1595 2284 1650 dis
2310 1591 2805 1668 compunctionem
2833 1601 2890 1652 et
2908 1613 3100 1652 veram
3126 1596 3380 1652 delerent
3419 1596 3800 1668 paenitentiam.

2193 1689 2300 1754 Qui
2330 1689 2670 1745 hebetudine
2695 1691 2906 1745 mentis
2931 1707 3068 1758 suae,
3085 1690 3193 1745 nisi
3219 1691 3379 1762 prius
3398 1707 3542 1744 vana
3566 1707 3662 1744 sua
3679 1706 3804 1744 com-

2193 1783 2440 1854 plessent
2465 1787 2616 1851 vota,
2639 1783 2776 1838 illud
2807 1783 3149 1851 resistentes,
3177 1783 3236 1837 in
3285 1783 3435 1838 viam
3467 1788 3804 1855 perrexerunt

2193 1892 2355 1931 suam
2381 1894 2398 1945 ;
2426 1880 2482 1930 et
2507 1893 2609 1948 pro
2643 1877 2750 1932 hac
2779 1893 2841 1933 re
2866 1877 3004 1932 fusis
3021 1877 3092 1932 ad
3118 1877 3298 1931 Deum
3317 1876 3578 1948 precibus
3597 1875 3798 1931 afﬂuen-

2195 1973 2281 2024 ter
2321 1974 2600 2024 veneratae
2645 1969 2900 2042 virginis,
2947 1969 3201 2039 volentis,
3267 1969 3497 2024 Domini
3551 1969 3797 2042 exemplo,

2193 2078 2394 2118 omnes
2423 2063 2602 2118 salvos
2627 2062 2770 2132 ﬁeri,
2805 2067 2862 2118 et
2891 2064 2962 2118 ad
2983 2063 3334 2135 agnitionem
3367 2063 3634 2118 veritatis.

2266 2157 2333 2210 Et
2379 2157 2733 2229 egredientes
2771 2156 2853 2210 illi
2900 2157 3080 2211 nefari
3123 2156 3438 2228 imaginem
3479 2155 3650 2211 instar
3687 2156 3794 2224 viri,

2195 2267 2366 2320 quem
2395 2249 2717 2305 debuissent
2739 2249 3026 2321 jugulare,
3065 2251 3532 2321 contemplantes,
3565 2253 3618 2303 et
3643 2249 3797 2303 conti-

2192 2359 2307 2397 nuo
2337 2344 2452 2398 suis
2473 2343 2805 2415 jugulantes
2849 2343 3078 2412 lanceis,
3124 2347 3181 2398 et
3223 2343 3424 2414 gladiis
3471 2343 3796 2409 decollantes,

2193 2436 2351 2507 quasi
2375 2439 2499 2508 post
2527 2435 2885 2507 triumphum
2917 2436 2986 2490 de
3013 2453 3113 2490 suo
3159 2436 3480 2492 adversario
3505 2436 3668 2490 armis
3690 2452 3795 2489 san-

2194 2528 2413 2600 guineis
2431 2529 2640 2584 reversi
2655 2529 2848 2584 multis
2863 2533 3267 2600 apparuerunt.
3291 2530 3496 2585 Mirum
3516 2529 3573 2584 in
3591 2529 3792 2583 modum

2193 2639 2324 2677 cum
2355 2623 2643 2678 neminem
2672 2623 3008 2690 occiderent,
3047 2622 3157 2677 illis
3187 2623 3374 2678 visum
3405 2627 3490 2678 est
3521 2621 3795 2694 complesse

2191 2733 2294 2770 sua
2319 2721 2476 2771 vota:
2509 2719 2680 2788 atque
2713 2733 2844 2771 cum
2864 2732 3037 2772 nemo
3063 2717 3255 2772 deerat
3283 2717 3354 2772 de
3380 2717 3480 2772 illa
3519 2715 3790 2789 provincia,

2191 2809 2260 2864 de
2291 2826 2402 2880 quo
2429 2809 2510 2864 illi
2536 2809 2974 2880 triumpharent,
2999 2811 3226 2881 largitas
3253 2809 3429 2864 divini
3456 2810 3694 2864 muneris
3710 2824 3794 2879 per

2190 2902 2604 2957 sanctissimam
2636 2902 2920 2974 Brigidam
2955 2903 3102 2958 facta
3150 2903 3417 2958 omnibus
3460 2902 3704 2958 innotuit.
3739 2901 3794 2955 Et

2191 2995 2268 3049 sic
2293 2995 2378 3050 illi
2397 2996 2497 3067 qui
2522 3000 2687 3050 antea
2725 3001 2884 3051 erant
2925 2996 3242 3066 homicidae,
3285 3013 3392 3068 per
3435 2995 3789 3068 paenitentiam

2189 3089 2260 3143 ad
2291 3087 2594 3144 Dominum
2620 3089 2873 3144 conversi
2904 3092 3056 3144 sunt.

2259 3183 2327 3236 Et
2353 3182 2411 3236 in
2441 3182 2547 3237 hoc
2577 3199 2747 3254 opere
2773 3199 2874 3254 per
2916 3187 3168 3238 sanctam
3211 3183 3504 3255 Brigidam
3545 3182 3687 3237 cultu
3722 3181 3792 3234 in-

2187 3275 2488 3330 enarrabili
2513 3293 2682 3330 sacrae
2711 3275 2997 3347 religionis
3023 3277 3209 3331 divina
3237 3277 3586 3332 manifestata
3612 3279 3686 3330 est
3707 3289 3789 3345 po-

2186 3369 2384 3424 tentia.
2415 3369 2574 3423 lllam
2603 3368 2776 3437 enim,
2809 3369 3186 3440 Luguidinam
3211 3371 3468 3438 nomine,
3499 3368 3694 3424 validus
3715 3367 3783 3419 vir

2185 3461 2367 3531 valde,
2409 3465 2465 3516 et
2510 3461 2761 3516 virorum
2811 3461 3168 3529 fortissimus,
3223 3462 3523 3518 duodecim
3566 3461 3781 3516 virorum

2186 3570 2358 3626 opera
2383 3571 2487 3626 per
2510 3553 2876 3626 semetipsum
2901 3559 3020 3610 tota
3044 3555 3376 3611 fortitudine
3421 3555 3506 3610 sui
3549 3551 3778 3624 corporis,

2186 3651 2244 3705 in
2276 3668 2406 3721 una,
2438 3668 2569 3706 cum
2593 3651 2782 3717 vellet,
2814 3651 3074 3706 laborans
3093 3652 3205 3719 die,
3239 3657 3301 3706 et
3339 3652 3565 3720 cibaria,
3612 3648 3780 3722 quibus

2185 3742 2528 3798 sufficienter
2553 3742 2849 3798 duodecim
2874 3743 2978 3798 viri
3007 3744 3153 3798 vesci
3180 3748 3430 3816 possent,
3460 3742 3618 3798 simul
3631 3755 3772 3796 come

2185 3835 2322 3890 dens
2353 3835 2516 3906 (sicut
2544 3835 2698 3890 enim
2721 3835 2949 3891 illorum
2977 3853 3147 3908 opera
3169 3838 3342 3905 solus,
3389 3837 3466 3892 sic
3512 3840 3564 3892 et
3603 3831 3772 3889 cibaria

2184 3929 2386 4000 aequali
2413 3929 2581 3984 modo
2604 3946 2754 3984 unus
2780 3932 2975 3984 contra
3001 3930 3190 4002 plures
3215 3930 3510 3986 comedere
3553 3925 3772 4000 poterat),

2184 4022 2514 4094 deprecatus
2533 4027 2634 4091 est,
2665 4026 2729 4077 ut
2752 4023 2871 4094 ipsa
2898 4023 3420 4094 Dominumooraret
3449 4022 3772 4093 Omnipoten-

2183 4120 2322 4184 tem,
2365 4121 2429 4171 ut
2471 4116 2592 4186 ejus
2645 4115 2978 4187 ingluviem,
3019 4131 3133 4188 qua
3181 4116 3469 4188 superﬂua
3492 4112 3769 4175 devorabat,

2183 4212 2559 4280 temperaret;
2611 4224 2714 4263 nec
2765 4211 3070 4280 antequam
3109 4209 3379 4264 virtutem
3436 4208 3520 4262 sui
3566 4199 3772 4276 corporis

2183 4317 2286 4373 pro
2314 4301 2420 4356 hac
2441 4301 2720 4356 amisisset
2747 4317 2931 4356 causa.
2965 4303 3032 4356 Et
3063 4301 3141 4356 sic
3161 4302 3252 4356 illa
3280 4301 3506 4374 Brigida
3525 4301 3673 4354 illum
3689 4297 3767 4350 be-

2182 4393 2466 4464 nedicens,
2493 4399 2550 4450 et
2574 4411 2676 4466 pro
2723 4393 2818 4450 illo
2862 4394 3166 4450 Dominum
3203 4411 3409 4465 orans;
3455 4394 3568 4465 ipse
3611 4392 3768 4463 postea

2182 4487 2330 4542 victu
2360 4487 2529 4543 unius
2552 4487 2657 4542 viri
2689 4487 2818 4542 satis
2845 4490 3161 4558 contentus,
3195 4504 3278 4556 ac,
3309 4491 3373 4542 ut
3389 4491 3551 4542 antea
3571 4483 3765 4544 solebat,

461 4563 522 4665 ίξξ
551 4579 714 4665 “(luis
741 4566 934 4665 ﬁt?“
963 4562 1762 4665 aera_interd‘1_m_"°1i_m§t83,
1798 4566 1962 4665 beat?
1997 4568 2082 4622 Vi'
2102 4590 2162 4665 D
2183 4581 2458 4648 laborans,
2503 4581 2648 4636 sicut
2713 4581 3008 4636 duodecim
3047 4581 3290 4652 operarii
3344 4579 3678 4654 operabatur,
3719 4572 3763 4627 in

463 4655 637 4710 disset
665 4654 911 4726 Brigida,
937 4672 1028 4710 eas
1043 4656 1113 4710 ad
1135 4673 1192 4712 se
1218 4657 1410 4712 venire
1423 4658 1609 4729 jussit.
1625 4660 2082 4732 Quazpennigero
2103 4654 2154 4665 ”
2183 4675 2378 4730 eadem
2406 4674 2636 4745 antiqua
2663 4674 2972 4746 permansit,
3000 4673 3222 4730 νίτιιιιθ,

461 4747 666 4817 volatu,
701 4753 756 4804 et
780 4751 896 4803 toto
923 4749 1122 4803 ardore
1147 4749 1480 4805 obedientite
1510 4752 1630 4822 ejus
1673 4753 1904 4808 vocibus
1951 4757 2079 4808 tan-

459 4858 632 4914 quam
668 4841 919 4897 humana
947 4858 1083 4896 cura
1108 4846 1408 4911 consuetae,
1453 4843 1572 4899 sine
1617 4845 1730 4899 ulla
1781 4845 2081 4902 formidine

459 4936 764 4991 multitudo
791 4935 862 4991 ad
891 4952 1016 4991 eam
1038 4935 1305 4991 volitavit.
1334 4937 1480 5001 Quas
1509 4953 1682 4992 manu
1726 4943 1986 5010 tangens,
2026 4945 2083 4996 et

459 5029 823 5101 amplectens,
853 5033 910 5085 et
942 5046 1046 5102 per
1081 5030 1435 5102 aliquantum
1475 5030 1744 5100 temporis
1783 5033 1888 5087 hoc
1930 5033 2079 5088 idem

457 5121 684 5192 faciens,
718 5123 899 5178 redire
927 5140 990 5178 ac
1019 5123 1203 5179 volare
1231 5123 1346 5178 suis
1375 5123 1434 5178 in
1457 5139 1648 5178 aerem
1674 5124 1774 5179 alis
1802 5127 2078 5197 permisit.

461 5213 795 5271 Collaudans
831 5218 1153 5272 Creatorem
1198 5217 1456 5272 omnium
1499 5232 1708 5287 rerum,
1757 5218 1846 5274 cui
1891 5220 2083 5274 omnia

459 5307 710 5379 subjecta
737 5311 870 5363 sunt
891 5309 1216 5379 animantia,
1241 5316 1296 5368 et
1315 5311 1406 5368 cui
1421 5311 1609 5367 omnia
1635 5311 1852 5380 vivunt,
1879 5315 1945 5367 ut
1961 5313 2080 5385 qui-

455 5404 586 5460 dem
615 5401 712 5471 ait,
744 5401 928 5456 ofﬁcio
961 5404 1209 5473 gerendi.

527 5499 594 5552 Et
623 5513 689 5552 ex
717 5494 804 5550 his
839 5495 1102 5550 omnibus
1133 5498 1430 5554 manifeste
1463 5499 1653 5572 colligi
1687 5503 1876 5574 potest
1924 5501 2077 5573 quod

453 5591 637 5648 omnis
679 5594 882 5646 natura
927 5588 1235 5645 bestiarum
1291 5596 1347 5646 et
1377 5609 1647 5664 pecorum
1697 5599 1754 5650 et
1785 5594 2077 5650 volucrum

452 5687 704 5758 subjecta
733 5685 854 5756 ejus
879 5683 986 5739 fuit
1017 5683 1272 5756 imperio.
1327 5685 1394 5740 Et
1438 5686 1547 5740 hoc
1588 5687 1709 5758 ejus
1741 5689 2077 5745 miraculum

454 5779 717 5834 omnibus
747 5779 962 5834 saeculis
993 5778 1392 5835 celebrandum
1413 5780 1643 5834 auribus
1668 5780 1919 5838 fidelium
1947 5783 2077 5840 insi-

452 5873 741 5930 nuandnm
773 5878 873 5930 est.

2249 4769 2387 4821 Item
2414 4767 2586 4822 arbor
2602 4768 2862 4839 qumdam
2879 4767 3107 4839 grandis
3124 4771 3180 4822 et
3198 4766 3538 4836 maxima,ad
3557 4764 3759 4835 aliquem

2179 4859 2432 4932 paranda
2451 4876 2773 4927 usum,cum
2794 4859 2881 4915 his
2907 4860 3004 4932 qui
3017 4859 3252 4916 artificia
3271 4875 3528 4916 exercere
3553 4854 3760 4912 solebant

2178 4953 2240 5008 in
2268 4952 2424 5025 ligna
2445 4951 2734 5024 lignorum
2755 4953 3043 5009 securibus
3053 4953 3238 5008 excisa
3254 4957 3356 5008 est.
3380 4953 3461 5008 Ad
3475 4963 3630 5024 quam
3647 4959 3754 5000 con-

2179 5045 2366 5100 ventio
2390 5045 2642 5100 virorum
2662 5046 2900 5102 fortium
2919 5050 3152 5119 propter
3167 5047 3289 5119 ejus
3304 5045 3605 5102 molestiam
3628 5045 3676 5095 et
3693 5038 3758 5092 in‘

2181 5142 2411 5211 gentem
2436 5139 2667 5208 molem,
2693 5139 2818 5194 loca
2843 5139 3174 5194 difﬁcillima
3202 5139 3262 5194 in
3288 5139 3492 5212 quibus
3514 5143 3754 5191 ramorum

2179 5248 2309 5288 cum
2324 5232 2547 5304 fragore
2567 5249 2824 5304 suorum,
2845 5238 2906 5289 ut
2925 5231 3628 5306 deponerent,attraherent
3649 5237 3751 5279 cum

2177 5325 2370 5381 multis
2405 5326 2609 5396 bubus,
2648 5330 2705 5381 et
2728 5326 3008 5382 artiﬁcum
3032 5326 3307 5382 machinis
3329 5325 3399 5381 ad
3417 5325 3592 5380 locum
3616 5315 3751 5373 desti-

2179 5423 2395 5486 natum,
2434 5421 2498 5472 ut
2539 5419 2838 5475 necessitas
2873 5419 2954 5474 rei
3000 5420 3282 5492 poscebat,
3312 5419 3631 5490 congregata
3668 5411 3748 5464 est.

2177 5513 2244 5566 Et
2258 5509 2512 5567 cum’nec
2531 5511 2838 5566 multitudo
2862 5512 3135 5582 virorum,
3153 5513 3298 5568 vires
3315 5511 3503 5577 boum,
3535 5512 3586 5562 et
3613 5499 3748 5557 varia

2175 5604 2454 5660 artiﬁcum
2473 5610 2640 5672 artes,
2668 5621 2892 5662 movere
2921 5607 3008 5662 vel
3050 5607 3274 5662 trahere
3306 5605 3420 5660 ullo
3465 5599 3616 5657 modo
3639 5608 3746 5667 pos-

2175 5702 2300 5752 sent
2341 5715 2466 5753 eam
2500 5699 2784 5766 arborem,
2813 5699 3204 5755 recedentibus
3232 5697 3440 5755 cunctis
3479 5694 3544 5750 ab
3570 5706 3642 5756 ea,
3664 5699 3749 5757 Ρετ

2175 5789 2539 5848 fortissimam
2563 5793 2733 5849 ﬁdem
2757 5792 2936 5849 beate
2963 5793 3203 5865 Brigida
3225 5808 3394 5866 grano
3411 5785 3600 5859 sinapis
3623 5777 3744 5836 simi-

2175 5885 2308 5955 lem,
2335 5900 2438 5958 per
2464 5902 2635 5959 quam
2677 5886 2866 5960 fidem,
2913 5893 2979 5945 ut
3014 5887 3275 5960 Magister
3311 5881 3535 5941 caelestis
3558 5885 3738 5969 om“?
