3996 6188
284 323 372 385 785
1230 349 1236 353 ·
1533 325 1576 385 Α
1615 327 1932 387 COGITOSO
1969 325 2346 388 ADORNATA.

3511 331 3611 397 786
3630 384 3643 396 .

278 427 590 507 evangelicae
615 430 766 490 vocis
791 431 972 505 docet,
1004 436 1224 492 montes
1248 439 1569 506 moventur,
1597 437 1675 493 sic
1698 439 1876 511 possi-
1899 449 1960 524 Α
1978 439 2177 496 eadem
2197 439 2379 494 forma
2415 437 2656 495 vitulum
2684 452 2817 496 cum
2845 456 2944 496 sua
2978 436 3195 500 invenit
3223 456 3406 516 vacca,
3436 459 3609 518 quem

277 529 398 587 bilia
437 533 562 583 sunt
589 528 850 584 omnibus
889 529 1245 585 credentibus
1288 529 1503 601 (Matth.
1547 533 1700 604 xvn),
1751 549 1878 589 eam

279 621 643 696 gravissimam
669 622 929 678 arborem
946 623 1285 694 evangelicae
1307 624 1550 693 virtutis,
1571 643 1676 697 per
1691 625 1880 682 divina

276 715 538 787 mysteria,
569 716 724 770 nullo
751 716 1075 771 mortalium
1095 717 1308 772 auxilio
1334 717 1587 773 levantes
1615 719 1734 775 sine
1766 721 1880 776 ulla

275 815 577 870 difﬁcultate
605 814 676 868 ad
721 813 930 884 locum,
957 832 1129 886 quem
1174 815 1352 870 voluit
1396 821 1590 871 sancta
1631 817 1874 890 Brigida,

273 908 592 974 detulerunt,
621 925 685 962 ac
721 925 824 979 per
866 925 1062 964 omnes
1110 909 1424 980 provincias
1467 915 1624 964 tanta
1675 911 1878 966 divinae

271 1001 473 1057 virtutis
496 1001 828 1056 excellentia
853 1001 1141 1073 divulgata
1171 1006 1274 1057 est.

333 1096 392 1150 Et
415 1100 600 1150 nostro
646 1095 887 1150 occurrit
913 1095 1122 1166 animo,
1155 1112 1268 1151 non
1309 1097 1610 1152 excludere
1641 1101 1703 1153 et
1726 1097 1876 1154 hanc

269 1190 510 1246 virtutem
543 1188 765 1244 silentio
791 1193 1006 1244 nostro.

331 1282 554 1346 Quidam
597 1282 752 1336 enim
793 1281 880 1336 vir
915 1283 1216 1352 saecularis,
1246 1287 1304 1338 et
1349 1289 1516 1356 gente
1559 1285 1782 1352 nobilis,
1819 1290 1878 1342 et

269 1375 468 1430 dolosus
503 1375 757 1430 moribus
789 1376 1156 1430 exardescens
1202 1377 1261 1430 in
1305 1377 1596 1447 cujusdam
1646 1378 1875 1433 feminea

267 1468 778 1539 concupiscentiam,
816 1472 873 1523 et
908 1485 1022 1540 quo
1051 1469 1221 1524 modo
1258 1470 1379 1540 ejus
1426 1471 1730 1526 concubitu
1759 1471 1871 1526 frui

265 1566 432 1634 posset
448 1561 642 1616 callide
669 1561 943 1634 cogitans,
971 1578 1036 1616 ac
1063 1567 1279 1616 sentem
1305 1569 1636 1634 argenteam
1659 1565 1870 1635 pretio-

267 1655 449 1710 samin
489 1655 810 1726 depositum
851 1639 959 1709 sibi
1004 1656 1432 1722 commendans,
1463 1673 1638 1729 quam
1683 1657 1872 1712 dolose

265 1748 478 1803 retraxit
499 1747 597 1802 illa
622 1748 940 1818 ignorante,
971 1754 1028 1802 et
1059 1747 1199 1819 jecit
1223 1749 1281 1803 in
1309 1765 1488 1818 mare,
1518 1755 1574 1806 et
1598 1766 1728 1804 cum
1752 1749 1870 1822 ipsa

1975 537 2042 588 ut
2066 533 2315 604 priorem
2344 533 2466 605 ipsa
2492 533 2782 590 dilexerat.
2816 535 2883 589 Et
2925 535 3125 591 telaria
3163 537 3320 610 ligna
3346 537 3608 598 similiter

1979 625 2084 681 sibi
2113 643 2230 698 prae
2257 627 2474 682 caeteris
2499 633 2778 699 reparata,
2811 628 2871 683 in
2897 629 2994 684 tali
3021 629 3204 688 forma
3220 637 3276 688 et
3292 634 3605 705 quantitate

1976 719 2036 774 in
2057 737 2167 790 qua
2194 721 2381 792 priora
2403 721 2649 788 fuerant,
2678 723 3057 794 contemplata
3082 729 3184 780 est.

2047 814 2115 868 Et
2143 813 2220 868 sic
2249 818 2438 868 sancta
2473 815 2704 886 Brigida
2731 815 2878 871 felici
2905 833 3229 888 progressu,
3259 824 3317 874 et
3361 821 3607 878 mirabili

1975 906 2120 961 facta
2146 906 2371 976 virtute,
2400 910 2457 962 et
2481 907 2890 963 habitatoribus
2903 909 3242 982 valedicens,
3263 913 3528 983 pontiﬁce
3543 914 3604 974 in

1976 1016 2138 1054 suam
2167 1000 2322 1054 viam
2346 1001 2614 1071 perrexit.

2047 1094 2114 1148 Et
2163 1109 2289 1148 ecce
2330 1092 2389 1146 in
2428 1098 2580 1148 tanta
2616 1093 3026 1152 miraculorum
3076 1097 3468 1169 magnitudine
3497 1101 3604 1158 hoc

1976 1185 2232 1256 ejusdem
2285 1203 2427 1257 opus
2480 1188 2813 1258 praeclarum
2865 1188 3137 1244 admirari
3183 1193 3344 1247 solet.
3401 1193 3600 1250 Tribus

1974 1279 2129 1333 enim
2147 1279 2384 1350 leprosis
2402 1281 2816 1350 postulantibus
2835 1299 3043 1337 munus
3064 1284 3512 1358 aliquodcunque
3529 1287 3600 1344 ab

1974 1387 2039 1426 ea
2065 1372 2336 1444 accipere,
2365 1389 2462 1426 vas
2511 1373 2714 1445 largita
2739 1380 2823 1429 est
2864 1381 3222 1446 argenteum.
3279 1380 3346 1433 Et
3382 1397 3456 1435 ne
3490 1381 3602 1436 illis

1973 1467 2116 1520 esset
2141 1482 2304 1520 causa
2329 1466 2627 1520 discordiae
2655 1472 2712 1522 et
2741 1468 3135 1539 contentionis,
3165 1471 3208 1524 si
3237 1471 3318 1526 illi
3363 1473 3512 1528 inter
3539 1491 3600 1528 se

1971 1557 2302 1625 dividerent,
2361 1559 2584 1614 cuidam
2632 1560 2691 1614 in
2739 1561 3083 1632 ponderibus
3128 1563 3253 1618 auri
3290 1570 3346 1620 et
3372 1567 3596 1638 argenti

1971 1656 2256 1721 comperto
2281 1651 2422 1705 dixit
2452 1656 2515 1706 ut
2555 1637 2706 1708 inter
2745 1653 2870 1708 illos
2897 1655 3004 1709 hoc
3030 1656 3376 1727 ponderaret
3419 1637 3600 1715 tribus

1972 1743 2282 1814 aequalibus
2327 1744 2600 1815 partibus.
2647 1747 2901 1817 Cumque
2942 1764 3212 1805 excusare
3248 1767 3306 1805 se
3344 1752 3602 1824 coepisset

260 1857 360 1896 non
385 1846 570 1912 posset
595 1817 850 1910 reddere,
882 1840 987 1896 sibi
1018 1817 1163 1896 esset
1191 1842 1413 1911 ancilla,
1449 1817 1508 1898 et
1533 1843 1654 1914 ejus
1674 1817 1871 1915 postea
1889 1817 1944 1888 B
1969 1836 2176 1903 dicenS,
2205 1838 2516 1907 ponderare
2542 1855 2600 1892 se
2642 1840 2936 1909 aequaliter
2958 1857 3072 1894 non
3097 1859 3284 1912 posse,
3315 1817 3448 1914 ipsa.
3469 1845 3594 1900 feli-

263 1938 510 2004 uteretur,
545 1938 612 1989 ut
641 1934 828 2004 vellet,
856 1934 1230 2006 amplexibus,
1257 1936 1614 1991 machinatus
1640 1942 1720 1992 est
1763 1937 1868 1992 hoc

259 2026 506 2099 perﬁcere
536 2028 774 2097 malum,
822 2029 978 2082 nulla
1011 2027 1120 2082 alia
1145 2045 1205 2082 re
1231 2045 1294 2083 ac
1323 2029 1708 2100 redemptione
1743 2029 1866 2101 pla-

258 2125 396 2176 catus
421 2120 542 2176 ﬁeri
585 2138 748 2192 posse
777 2122 988 2189 dicens,
1015 2121 1124 2176 nisi
1151 2125 1250 2176 aut
1291 2123 1520 2194 propria
1566 2122 1670 2177 sibi
1709 2126 1867 2179 sente

255 2218 499 2284 argentea
527 2215 771 2285 reddita,
793 2218 892 2270 aut
930 2215 1050 2286 ipsa
1071 2215 1285 2270 femina
1311 2215 1371 2270 in
1402 2215 1728 2271 servitutem
1759 2216 1865 2271 sibi

255 2307 455 2362 redacta
479 2325 585 2378 pro
610 2325 776 2362 causa
819 2309 1085 2379 culpabili
1125 2308 1342 2380 fragilis
1394 2309 1861 2380 concupiscentiae

255 2404 504 2456 uteretur.
536 2403 605 2457 Et
633 2401 756 2456 haec
780 2401 990 2456 timens
1015 2401 1221 2472 pudica
1245 2402 1460 2456 femina
1491 2403 1649 2474 quasi
1683 2403 1753 2457 ad
1781 2403 1859 2457 ci-

254 2491 461 2548 vitatem
475 2494 600 2549 refu
607 2495 686 2566 gii
701 2494 1062 2566 tutissimam,
1077 2495 1147 2550 ad
1167 2499 1418 2550 sanctam
1432 2495 1522 2550 Bri
1529 2495 1718 2566 gidam
1732 2512 1862 2551 con-

250 2585 400 2658 fugit.
429 2588 566 2652 Quae
586 2604 718 2643 cum
745 2589 917 2643 talem
943 2589 1309 2660 comperisset
1333 2605 1582 2656 causam,
1611 2590 1697 2643 vel
1722 2590 1860 2661 quid

250 2695 341 2750 pro
365 2680 465 2735 hac
489 2697 554 2737 re
573 2687 767 2752 ageret
785 2681 1078 2753 cogitaret,
1101 2699 1231 2736 cum
1245 2698 1346 2736 nec
1361 2681 1498 2736 dum
1523 2682 1694 2736 verba
1709 2699 1860 2737 com-

248 2772 454 2841 plesset,
482 2774 812 2845 supervenit
839 2775 910 2829 ad
935 2791 994 2828 se
1014 2774 1245 2844 quidam
1259 2790 1389 2827 cum
1415 2773 1660 2844 piscibus
1677 2773 1744 2829 de
1756 2775 1859 2829 ﬂu-

247 2864 386 2920 mine
415 2867 627 2922 tractis.
641 2867 893 2939 Cumque
907 2867 1137 2922 illorum
1151 2867 1366 2922 viscera
1383 2865 1570 2921 excisa
1587 2870 1644 2921 et
1664 2871 1859 2939 aperta

247 2966 434 3034 essent,
463 2963 642 3020 sentis
676 2965 770 3019 illa
795 2968 1084 3036 argentea,
1120 2980 1293 3036 quam
1321 2963 1416 3019 ille
1459 2964 1700 3020 crudelis
1718 2965 1857 3035 jecit

245 3054 298 3109 in
321 3072 490 3126 mare,
510 3057 575 3111 in
594 3057 781 3112 medio
800 3058 967 3112 unius
984 3058 1152 3129 piscis
1175 3062 1398 3128 reperta
1411 3061 1510 3112 est.
1535 3059 1602 3113 Et
1617 3057 1692 3113 sic
1707 3063 1857 3129 post-

245 3163 302 3202 ea
337 3166 526 3204 secura
555 3152 748 3206 mente
801 3151 1061 3206 eamdem
1100 3155 1318 3206 sentem
1351 3167 1539 3206 secum
1581 3156 1848 3222 portans;

243 3246 293 3295 et
318 3243 382 3296 ad
407 3247 750 3298 conventum
774 3244 1153 3298 multitudinis
1163 3260 1268 3316 pro
1295 3244 1401 3298 hac
1426 3245 1589 3315 culpa
1618 3261 1747 3298 cum
1774 3249 1856 3315 ty-

239 3349 406 3390 ranno
442 3336 647 3391 infami
695 3336 1085 3408 progrediens,
1115 3342 1170 3392 et
1214 3341 1536 3391 monstrans
1563 3337 1668 3391 sibi
1695 3353 1851 3392 eam-

241 3425 356 3480 dem
384 3434 623 3498 sentem,
651 3429 846 3484 multis
870 3429 1224 3500 testantibus,
1254 3430 1354 3502 qui
1387 3446 1516 3484 eam
1548 3445 1854 3501 agnoscere

241 3525 501 3592 poterant,
532 3538 652 3577 non
679 3522 848 3578 aliam
876 3537 1014 3589 esse,
1045 3523 1142 3577 sed
1159 3523 1339 3594 ipsam
1363 3523 1432 3577 de
1457 3538 1569 3592 qua
1595 3521 1720 3576 talis
1733 3538 1851 3578 ser-

239 3626 322 3666 mo
343 3613 646 3681 ferebatur,
673 3615 1061 3670 adhmrentem
1080 3615 1188 3670 sibi
1214 3616 1487 3670 feminam
1504 3614 1768 3686 pudicam
1783 3615 1852 3670 de

234 3705 482 3761 manibus
507 3708 737 3779 tyranni
763 3707 1138 3763 crudelissimi
1153 3706 1425 3762 liberavit.
1449 3707 1545 3762 Ille
1574 3723 1708 3762 vero
1727 3725 1855 3778 pos-

236 3799 315 3850 tea
338 3799 610 3854 conﬁtens
639 3816 797 3855 suam
826 3801 1077 3872 culpam,
1107 3805 1316 3856 sanctae
1345 3800 1588 3871 Brigidae
1616 3801 1848 3855 humili-

235 3892 312 3944 ter
333 3908 431 3947 sua
449 3892 702 3948 subdidit
730 3893 888 3948 colla.
915 3895 1069 3948 Tunc
1093 3893 1192 3947 illa
1219 3893 1288 3947 ab
1319 3893 1584 3948 omnibus
1608 3893 1850 3966 gloriosa

232 3989 441 4052 peracto
481 3986 591 4040 hoc
618 3986 840 4056 ingenti
875 3985 1147 4040 miraculo
1179 3985 1386 4058 gratias
1429 4002 1604 4058 agens
1633 3987 1763 4057 Deo,
1793 3991 1850 4043 et

233 4077 414 4132 omnia
437 4078 497 4133 in
524 4079 649 4149 ejus
704 4078 947 4150 gloriam
995 4078 1226 4147 faciens,
1253 4077 1490 4133 domum
1518 4079 1686 4134 rediit
1715 4096 1843 4150 pro-

231 4168 421 4238 priam.

291 4263 354 4318 Et
377 4263 778 4320 his‘miraculis
825 4264 1140 4336 gloriosum
1173 4265 1295 4336 ejus
1321 4281 1451 4320 cum
1480 4265 1670 4336 aliqua
1695 4264 1846 4321 ﬁdeli

229 4354 429 4412 femina
455 4357 770 4428 hospitium
803 4357 974 4430 jnngi
1004 4358 1190 4414 debet.
1219 4359 1339 4422 Quo
1379 4374 1715 4429 prosperum
1740 4359 1848 4414 iter

228 4445 421 4504 faciens
441 4453 636 4506 sancta
651 4451 878 4522 Brigida
902 4451 961 4506 in
989 4450 1090 4506 Dei
1115 4451 1400 4537 voluntate
1415 4451 1474 4504 in
1499 4451 1844 4522 amplissimo

1969 1929 2192 1984 cissima
2237 1929 2482 2001 Brigida,
2531 1932 2884 2002 apprehenso
2921 1949 3046 1988 vase
3089 1941 3378 2006 argenteo,
3417 1938 3597 1994 allidit

1967 2025 2164 2076 contra
2187 2023 2453 2094 lapidem,
2483 2027 2538 2079 et
2561 2025 2839 2096 confregit
2861 2026 2920 2080 in
2947 2029 3079 2096 tres,
3107 2032 3166 2081 ut
3194 2029 3390 2097 voluit,
3411 2047 3596 2102 aequa-

1966 2115 2046 2169 les
2085 2121 2288 2186 partes.
2331 2116 2533 2172 Mirum
2562 2117 2623 2172 in
2652 2118 2910 2186 modum,
2955 2137 3086 2174 cum
3118 2127 3308 2192 postea
3335 2123 3454 2178 ista:
3480 2129 3593 2180 tres

1965 2217 2153 2282 partes
2191 2213 2249 2267 in
2277 2215 2524 2284 pondere
2568 2219 2756 2270 essent
2797 2233 3061 2287 emensae,
3111 2219 3269 2273 nulla
3308 2237 3440 2292 pars
3479 2223 3591 2276 alia

1965 2305 2151 2360 minor
2176 2307 2262 2362 vel
2288 2306 2400 2362 alia
2419 2324 2548 2380 quae
2573 2309 2743 2363 aliam
2773 2314 3088 2380 superaret,
3110 2312 3239 2367 licet
3263 2330 3376 2367 uno
3403 2314 3587 2383 obolo,

1965 2398 2032 2453 de
2063 2399 2152 2454 his
2171 2399 2400 2456 inventa
2427 2405 2512 2456 est
2535 2401 2718 2456 tribus
2743 2403 3016 2473 partibus.
3046 2405 3113 2459 Et
3136 2405 3215 2458 sic
3239 2405 3346 2476 ipsi
3373 2424 3586 2479 paupe-

1963 2508 2051 2547 res
2078 2493 2196 2548 sine
2221 2494 2338 2548 ulla
2363 2493 2588 2566 injuriae
2615 2499 2672 2550 et
2683 2495 2909 2551 invidiae
2927 2513 3091 2551 causa
3102 2498 3218 2553 laeti
3237 2507 3589 2566 recesserunt

1962 2602 2092 2639 cum
2124 2587 2237 2641 suis
2273 2587 2456 2642 donis.

2030 2678 2347 2734 Secundum
2396 2681 2550 2735 enim
2593 2681 2902 2738 beatissimi
2935 2683 3036 2738 Job
3069 2685 3395 2756 exemplum
3432 2705 3579 2743 nun-

1955 2788 2128 2842 quam
2171 2773 2370 2844 inOpes
2413 2791 2446 2828 a
2480 2791 2538 2829 se
2567 2775 2827 2830 recedere
2877 2776 3005 2830 sinu
3050 2793 3225 2832 vacuo
3277 2796 3435 2850 passa
3477 2790 3578 2836 est.

1953 2865 2093 2919 Nam
2139 2866 2480 2937 vestimenta,
2512 2869 2890 2924 transmarina
2915 2874 2972 2925 et
2996 2871 3297 2943 peregrina
3335 2873 3582 2947 episcopi

1953 2957 2224 3014 Conleath
2253 2959 2499 3015 decorati
2528 2962 2779 3030 luminis,
2809 2963 3013 3034 quibus
3041 2965 3100 3019 in
3127 2965 3579 3023 solemnitatibus

1950 3051 2174 3106 Domini
2197 3055 2254 3107 et
2277 3052 2482 3124 vigiliis
2506 3055 2892 3126 apostolorum
2905 3073 3060 3111 sacra
3076 3057 3137 3112 in
3157 3059 3428 3115 altaribus
3447 3061 3582 3116 offe-

1952 3159 2082 3200 rens
2131 3147 2398 3216 mysteria
2438 3147 2720 3215 utebatur,
2767 3149 3112 3221 pauperibus
3147 3151 3352 3224 largita
3377 3159 3476 3208 est.
3510 3156 3579 3210 Et

1953 3254 2084 3292 cum
2105 3240 2328 3310 tempus
2355 3239 2723 3295 solemnitatis
2745 3241 2990 3310 advenit,
3013 3245 3323 3299 secundum
3338 3263 3572 3302 consue-

1952 3331 2228 3400 tudinem,
2256 3337 2321 3387 ut
2347 3332 2467 3404 ipse
2493 3349 2750 3388 summus
2796 3336 3142 3407 populorum
3182 3338 3436 3408 pontifex
3461 3340 3576 3396 suis

1950 3423 2184 3478 indutus
2202 3429 2346 3480 esset
2369 3427 2633 3480 mutatori
2641 3427 2684 3481 is
2701 3427 2968 3497 vestibus,
2991 3434 3181 3484 sancta
3202 3430 3428 3499 Brigida
3445 3449 3574 3504 qua:

1950 3515 2143 3587 priora
2195 3516 2527 3573 vestimenta
2577 3519 2724 3574 illius
2760 3521 3006 3592 episcopi
3045 3523 3262 3578 Christo
3297 3523 3358 3579 in
3389 3525 3575 3580 forma

1949 3625 2267 3681 pauperum
2292 3611 2471 3682 posito
2497 3612 2759 3684 donabat,
2773 3614 2880 3668 alia
2903 3614 3105 3670 similia
3120 3632 3222 3687 per
3242 3619 3433 3673 omnia
3447 3635 3572 3675 ves-

1949 3701 2187 3758 timenta
2204 3704 2491 3774 prioribus
2517 3709 2633 3760 tam
2659 3707 2916 3778 texturis,
2933 3724 3107 3780 quam
3123 3709 3422 3782 coloribus,
3441 3729 3571 3785 quas

1949 3795 2008 3850 in
2036 3797 2132 3852 illa
2157 3797 2294 3852 hora
2311 3813 2344 3851 a
2371 3797 2611 3869 Christo,
2640 3816 2812 3872 quem
2826 3817 2928 3872 per
2947 3819 3256 3874 pauperem
3280 3805 3568 3875 induebat,

1947 3891 2158 3962 perlata
2183 3890 2242 3945 in
2267 3907 2439 3946 curru
2459 3893 2700 3948 duarum
2727 3900 3021 3968 acceperat
3039 3900 3311 3967 rotarum,
3339 3901 3572 3957 tradidit

1947 4001 2049 4055 pro
2067 3984 2208 4039 aliis.
2235 3985 2557 4040 Voluntarie
2571 3986 2724 4042 enim
2751 3988 2857 4042 alia
2881 3991 3221 4061 pauperibus
3235 3993 3570 4049 vestimenta

1946 4077 2168 4148 obtulit,
2199 4083 2256 4132 et
2283 4078 2404 4133 hac
2431 4097 2536 4152 pro
2563 4080 2641 4135 eis
2667 4085 2982 4154 Opportune
3008 4083 3238 4155 recepit.
3273 4085 3413 4140 Nam
3437 4103 3566 4142 cum

1945 4170 2062 4242 ipsa
2091 4175 2235 4226 esset
2260 4171 2450 4227 vivum
2471 4177 2527 4229 et
2541 4173 2927 4230 felicissimum
2947 4177 3157 4230 summi
3177 4177 3373 4248 capitis
3391 4195 3570 4234 mem-

1943 4263 2132 4335 brum,
2159 4269 2422 4337 potenter
2438 4267 2646 4334 omnia,
2670 4284 2798 4339 qua:
2823 4268 3190 4339 desiderabat,
3206 4271 3563 4341 operabatur.

2017 4359 2155 4412 Item
2184 4362 2240 4413 et
2279 4359 2390 4413 hoc
2415 4363 2610 4414 sancta
2651 4359 2810 4414 fulsit
2838 4360 3064 4432 Brigida
3103 4361 3395 4418 miraculo.
3426 4365 3566 4430 Quia

1943 4465 2073 4504 cum
2100 4451 2250 4521 regis
2269 4451 2418 4505 illius
2441 4452 2638 4524 patriae
2661 4451 2722 4506 in
2743 4469 2857 4524 qua
2891 4453 3014 4523 ipsa
3036 4453 3146 4508 fuit
3163 4471 3268 4525 per
3292 4457 3482 4528 plebes
3507 4464 3564 4514 et

228 4555 413 4613 campo
440 4544 609 4614 Breg,
642 4559 772 4598 cum
813 4543 1120 4600 declinaret
1146 4544 1218 4600 ad
1257 4559 1558 4615 vesperum
1608 4543 1744 4614 dies,
1773 4545 1844 4600 ad
1861 4546 1921 4618 D
1942 4543 2255 4614 provincias
2267 4559 2392 4616 quae
2412 4545 2515 4598 sub
2541 4544 2663 4615 ejus
2683 4548 2844 4600 erant
2869 4545 3080 4602 ditione
3104 4555 3456 4622 praeceptum
3481 4552 3564 4607 in-

227 4631 603 4690 habitaculum
629 4635 749 4707 ejus
777 4635 1006 4692 veniens
1041 4653 1172 4692 cum
1200 4653 1267 4692 ea
1303 4636 1668 4708 pernoctavit.
1705 4637 1839 4700 Qum

229 4725 391 4782 obviis
430 4728 698 4784 manibus
739 4733 797 4784 et
843 4729 1194 4800 gratulanter
1243 4729 1570 4801 suscipiens,
1631 4729 1841 4802 gratias

225 4816 606 4892 Omnipotenti
640 4837 814 4892 agens
837 4822 907 4877 de
930 4822 1076 4878 felici
1103 4822 1348 4879 adventu
1377 4821 1839 4879 reverentissime:

224 4906 452 4978 Brigidm
478 4909 717 4981 virginis
737 4911 968 4966 Christi.

285 5001 542 5074 Cumque
561 5019 680 5058 non
707 5003 962 5074 haberet,
981 5007 1212 5075 prapter
1226 5020 1387 5060 suam
1399 5005 1647 5076 inopiam
1659 5048 1672 5074 ,
1686 5005 1840 5060 unde

221 5091 352 5148 tales
388 5095 659 5161 nutriret,
688 5101 744 5153 et
774 5097 964 5153 cibum
988 5097 1138 5152 unde
1161 5097 1302 5153 tales
1326 5098 1576 5170 hospites
1603 5099 1835 5166 cibaret,

224 5183 464 5243 incidens
483 5189 642 5258 ligna
657 5190 870 5258 telaria,
893 5190 953 5246 in
972 5190 1178 5262 quibus
1202 5195 1426 5246 textura
1450 5191 1692 5246 telarum
1711 5207 1839 5262 ope-

221 5278 442 5335 rabatur
469 5281 532 5336 in
557 5287 720 5353 pastu
742 5283 912 5355 ignis,
929 5283 1172 5338 vitulum
1203 5300 1392 5353 suum,
1415 5299 1585 5356 quem
1613 5283 1835 5352 occidit,

222 5385 383 5443 super
397 5377 614 5430 struem
639 5374 928 5447 lignorum
954 5377 1212 5448 ipsorum
1237 5376 1608 5448 ponens,igni
1634 5377 1840 5432 assavit

220 5483 342 5524 cum
368 5469 520 5525 bona
551 5472 852 5528 voluntate.
881 5473 949 5528 Et
972 5489 1130 5528 cmna
1154 5472 1324 5542 facta,
1355 5477 1410 5528 et
1451 5477 1618 5527 nocte
1643 5488 1833 5528 assue-

219 5560 284 5614 tis
304 5565 588 5619 transacta
614 5565 843 5638 vigiliis,
861 5566 1282 5637 expergiscente
1301 5569 1430 5637 post
1447 5565 1601 5620 illam
1615 5565 1684 5620 de
1711 5582 1834 5620 ma-

223 5669 289 5708 ne
315 5661 562 5724 noctem,
577 5662 640 5713 ut
650 5659 871 5713 nullum
892 5659 960 5714 de
978 5659 1301 5731 receptione
1322 5663 1378 5714 et
1401 5658 1703 5714 refectione
1715 5675 1834 5714 san-

225 5749 320 5800 cte
346 5748 594 5820 Brigidaa
621 5751 794 5806 ullius
820 5751 902 5807 rei
928 5751 1231 5808 sustineret
1257 5751 1528 5806 damnum
1557 5751 1675 5824 ipsa
1701 5752 1833 5807 hos-

225 5838 423 5910 pitalis,
455 5837 840 5916 quce'vitulum
864 5845 1132 5904 amiserat
1153 5861 1270 5902 suae
1288 5861 1488 5918 vaccae,
1515 5846 1757 5904 alterum
1775 5845 1835 5902 in

1937 4637 2256 4706 valesceret,
2287 4641 2352 4692 ut
2369 4637 2439 4692 de
2465 4638 2730 4694 omnibus
2759 4640 2878 4710 ejus
2897 4639 3222 4712 regionibus
3249 4647 3304 4698 et
3329 4645 3562 4716 provin-

1939 4729 2037 4784 ciis
2081 4729 2444 4786 convenirent
2486 4731 2682 4803 pepuli
2733 4748 2952 4803 omnes,
3005 4739 3176 4806 atque
3217 4737 3562 4794 aediﬁcarent

1936 4822 2086 4877 viam
2111 4823 2300 4893 latam,
2329 4827 2385 4878 et
2407 4823 2631 4879 ﬁrmam
2655 4826 2832 4880 ramis
2855 4827 3142 4896 arborum,
3158 4829 3333 4899 petris
3353 4830 3410 4884 in
3433 4831 3562 4886 fun-

1937 4915 2200 4970 damento
2225 4915 2440 4988 positis,
2468 4919 2525 4972 et
2549 4918 2960 4974 munitionibus
2984 4920 3325 4992 quibusdam
3345 4923 3556 4979 ﬁrmis-

1937 5008 2094 5063 simis
2117 5009 2179 5064 in
2200 5025 2422 5082 gronna
2440 5011 2723 5082 profunda
2751 5017 2807 5067 et
2833 5013 2978 5066 bene
3008 5013 3475 5084 intransmeabili,
3505 5021 3562 5074 et

1935 5101 1996 5157 in
2020 5102 2152 5158 locis
2193 5103 2580 5174 humentibus,
2613 5108 2781 5176 atque
2810 5105 2870 5158 in
2911 5105 3230 5176 paludibus,
3265 5109 3326 5163 in
3354 5110 3560 5182 quibus

1938 5196 2166 5267 grandis
2192 5196 2454 5252 currebat
2476 5196 2702 5264 ﬂuvius,
2735 5213 2863 5270 quae
2888 5203 3208 5256 constructa
3231 5203 3553 5276 quadrigas,

1937 5294 1993 5344 et
2019 5289 2256 5362 equites,
2283 5294 2342 5346 et
2367 5306 2584 5358 currus,
2612 5295 2670 5346 et
2695 5291 3079 5362 plaustrorum
3103 5298 3271 5366 rotas,
3299 5301 3354 5352 et
3373 5297 3556 5369 impe-

1934 5386 2056 5436 tum
2105 5382 2448 5454 populorum
2479 5389 2650 5456 atque
2679 5383 2975 5440 incursum
3021 5387 3268 5460 undique
3307 5389 3556 5444 hostium

1935 5478 2246 5530 sustentare
2274 5481 2479 5547 posset.

2007 5563 2475 5619 Convenientibus
2488 5569 2678 5622 autem
2704 5567 2956 5640 undique
2973 5569 3192 5640 p0pulis
3215 5581 3320 5640 per
3345 5583 3554 5639 cogna-

1932 5655 2114 5710 tiones
2141 5661 2198 5711 et
2221 5656 2458 5712 familias
2497 5659 2807 5716 diviserunt
2832 5662 2982 5716 viam
3009 5661 3182 5728 illam,
3214 5676 3383 5730 quam
3413 5661 3554 5716 acdi-

1932 5747 2098 5804 ﬁcare
2137 5749 2464 5818 debuerant,
2493 5752 2552 5805 in
2583 5758 2770 5822 partes
2794 5753 3068 5824 proprias,
3095 5755 3162 5806 ut
3196 5767 3555 5825 unaquaeque

1933 5843 2192 5916 cognatio
2218 5847 2276 5901 et
2301 5843 2513 5901 familia
2541 5861 2701 5900 suam
2731 5845 2838 5900 sibi
2865 5844 3133 5900 creditam
3157 5846 3559 5910 construxisset
