3996 6188
292 365 308 380 .
325 329 426 382 787

1437 321 1589 376 VITA
1626 319 1899 375 SANCTAZ
1936 319 2222 375 BRIGIDA‘.‘
2261 315 2568 386 VIRGINIS,

3581 315 3685 372 788

324 440 567 512 partem.
599 439 669 494 Et
692 453 823 494 cum
847 435 944 492 illa
970 450 1099 507 pars
1135 433 1387 490 ﬂuminis
1422 433 1770 500 difficillima,
1793 437 1849 488 et
1873 432 1949 488 la-
1971 437 2029 513 Α
2049 431 2133 483 ter
2153 427 2327 515 dixit:
2360 429 2725 499 Nequaquam
2759 427 2866 483 hoc
2913 425 2994 482 ita
3017 424 3147 498 ﬁat;
3175 426 3275 483 sed
3312 425 3467 483 hunc
3501 426 3690 484 levate

324 535 552 591 boriosa
578 535 638 590 in
677 538 824 588 sorte
847 529 1085 600 alicujus
1127 545 1198 584 ex
1225 528 1359 600 ipsis
1387 527 1708 583 nationibus
1735 527 1951 582 evenis-

323 633 432 698 set,
473 629 596 701 ipsa
633 627 788 683 natio
829 624 1199 680 durissimum
1247 621 1499 692 devitans
1541 621 1813 691 laborem,
1852 637 1955 692 per

326 740 492 779 suam
511 720 898 776 fortitudinem
926 720 1136 772 sancta:
1161 711 1406 787 Brigidae
1433 714 1806 770 infirmiorem
1834 730 1954 770 coe-

327 815 414 888 git
438 815 744 881 nationem,
774 815 839 866 ut
868 812 1016 866 hanc
1043 814 1374 882 operaretur
1415 809 1708 863 difﬁcilem
1745 808 1956 880 pariter

325 909 388 965 in
413 911 695 963 structura
713 905 817 960 viae
843 923 861 975 ;
888 907 955 959 ut
979 919 1138 958 suam
1166 918 1338 973 quam
1369 901 1683 956 faciliorem
1714 901 1956 956 habebat

328 1007 547 1074 partem
593 999 826 1071 eligens,
857 997 979 1068 ipsa
1020 995 1262 1051 crudelis
1303 995 1459 1050 natio
1505 995 1810 1051 aedificaret
1833 994 1955 1050 sine

329 1095 446 1153 ulla
467 1093 720 1150 fluminis
744 1090 1191 1165 perturbatione.
1951 1091 1955 1094 ’

399 1193 579 1261 Atque
608 1203 741 1242 cum
779 1186 850 1240 ad
885 1189 1138 1240 sanctam
1181 1183 1467 1254 Brigidam
1502 1182 1591 1237 sui
1642 1180 1956 1236 secundum

327 1298 557 1338 carnem
581 1279 807 1352 cognati
832 1277 1072 1332 fuissent
1096 1276 1361 1348 religiose
1387 1275 1670 1348 prostrati,
1701 1274 1821 1346 ipsa
1847 1273 1958 1329 illis

324 1374 694 1450 probabiliter
717 1371 922 1427 dixisse
950 1371 1167 1425 fertur:
1198 1369 1382 1438 Abite,
1405 1367 1714 1423 voluntatis
1745 1367 1846 1422 Dei
1873 1370 1958 1422 est

331 1472 391 1526 et
432 1466 724 1540 potestatis
766 1477 833 1520 ut
875 1465 967 1520 ille
992 1463 1199 1518 ﬂuvius
1225 1466 1471 1517 transeat
1513 1462 1582 1516 de
1611 1461 1734 1514 loco
1760 1461 1821 1515 in
1847 1477 1958 1532 quo

330 1565 436 1629 est,
454 1565 511 1616 et
536 1559 636 1614 ubi
658 1575 756 1614 vos
784 1559 925 1614 dura
949 1557 1280 1628 opprimunt
1305 1571 1496 1626 opera,
1519 1555 1580 1608 in
1606 1553 1759 1609 illam
1787 1569 1959 1624 quam

330 1655 444 1727 ipsi
469 1654 763 1725 elegerunt
786 1655 1026 1724 partem.
1066 1652 1132 1705 Et
1159 1665 1290 1704 cum
1327 1648 1398 1703 de
1439 1665 1606 1702 mane
1651 1647 1823 1718 ipsius
1848 1645 1960 1702 diei

2051 523 2286 578 viriliter
2335 522 2632 587 molarem,
2663 523 2720 576 et
2749 521 3062 577 submittite
3101 521 3163 576 in
3202 521 3588 594 praecipitium
3615 523 3688 578 de

2051 615 2322 671 altissimo
2345 615 2451 670 isto
2476 614 2685 670 montis
2704 614 3016 684 cacumine,
3041 615 3103 670 in
3131 616 3366 671 nomine
3393 620 3451 672 et
3470 617 3688 672 virtute

2053 708 2520 765 reverentissimae
2549 713 2758 764 sanctae
2783 707 3048 780 Brigidaz.
3073 709 3214 775 Quia
3237 725 3340 764 nos
3354 710 3527 765 nullis
3553 711 3691 765 arti-

2052 803 2193 859 ﬁciis
2221 809 2278 859 et
2305 802 2514 858 viribus
2556 819 2660 874 per
2682 801 2786 856 ista
2809 803 2931 857 loca
2963 807 3190 873 petrosa
3217 804 3371 858 hunc
3404 805 3684 859 molarem

2054 883 2300 970 lapidem
2324 912 2624 968 possumus
2647 899 2892 968 portare,
2914 895 3024 950 nisi
3040 897 3286 968 Brigida,
3309 897 3402 952 cui
3416 897 3568 952 nihil
3583 897 3690 952 im-

2053 991 2314 1064 possibile
2361 993 2462 1058 est,
2491 988 2803 1044 secundum
2829 989 2972 1044 illud
2997 990 3149 1060 quod
3177 991 3367 1045 omnia
3390 989 3688 1062 possibilia

2055 1089 2188 1140 sunt
2227 1083 2496 1150 credenti,
2542 1083 2705 1138 illum
2750 1083 3058 1154 portavth
3102 1083 3173 1138 ad
3209 1083 3418 1152 locum,
3463 1101 3537 1139 ex
3571 1101 3689 1156 quo

2055 1177 2200 1232 vires
2224 1177 2398 1232 boum
2425 1176 2652 1230 trahere
2689 1176 2877 1248 ipsum
2916 1175 3152 1246 possint.
3180 1177 3249 1231 Et
3276 1176 3354 1231 sic
3381 1176 3492 1232 fide
3518 1177 3690 1232 ﬁrma

2055 1269 2422 1342 przecipitans
2451 1269 2615 1324 illum
2639 1269 2699 1324 in
2744 1270 2970 1338 vallem,
3001 1273 3056 1324 et
3080 1269 3350 1340 paulatim
3383 1270 3455 1324 de
3489 1275 3689 1324 monte

2059 1362 2384 1430 ascendens,
2436 1362 2740 1434 aliquando
2788 1366 2978 1433 petras
3027 1363 3286 1418 devitans
3307 1404 3321 1432 ,
3377 1363 3687 1435 aliquando

2057 1472 2228 1528 super
2251 1472 2343 1510 eas
2372 1455 2596 1522 saliens,
2627 1461 2684 1511 et
2707 1450 2768 1510 in
2793 1455 2932 1510 locis
2957 1471 3191 1512 currens
3219 1455 3471 1511 humidis
3497 1456 3560 1510 in
3589 1473 3687 1512 ra-

2057 1549 2178 1605 dice
2195 1549 2404 1604 montis
2429 1548 2644 1624 positis,
2673 1549 2733 1602 in
2757 1549 2964 1620 quibus
2993 1565 3097 1604 nec
3112 1549 3375 1604 homines
3395 1565 3500 1604 nec
3520 1549 3694 1604 boves

2058 1648 2203 1698 stare
2227 1647 2506 1714 poterant,
2534 1658 2640 1713 pro
2663 1641 2894 1696 illorum
2919 1642 3216 1710 funditate,
3241 1643 3492 1698 mirabili
3520 1644 3694 1698 comi-

331 1764 530 1803 omnes
549 1744 1005 1801 surrexissentad
1019 1759 1189 1814 opera
1202 1740 1764 1812 populi,ﬂuviusille,
1785 1755 1957 1811 quem
1981 1803 2029 1814 ﬁ
2057 1739 2178 1790 tatu
2207 1754 2235 1794 ι,
2275 1751 2457 1806 usque
2485 1735 2556 1789 ad
2597 1735 2720 1789 loca
2755 1735 2923 1806 plana
2948 1735 3069 1790 sine
3111 1736 3228 1790 ulla
3264 1736 3561 1805 fractione,
3588 1737 3692 1792 ubi

331 1842 733 1914 querebantur,
760 1837 912 1893 visus
957 1841 1039 1892 est
1063 1835 1360 1908 reliquisse
1388 1851 1558 1889 suum
1597 1835 1783 1888 locum
1811 1833 1957 1888 anti-
1980 1803 2036 1874 B
2059 1827 2292 1883 illorum
2331 1832 2491 1882 erant
2536 1828 2725 1896 boves,
2761 1844 2894 1882 cum
2942 1829 3024 1882 eis
3076 1845 3411 1900 progressus
3462 1834 3567 1884 est.
3623 1832 3693 1884 Et

333 1951 511 2006 quum
530 1938 586 1988 et
628 1931 962 2000 convallem,
992 1929 1142 1984 inter
1179 1929 1372 1983 ambas
1396 1943 1623 1982 currere
1639 1927 1852 1982 solebat
1877 1927 1957 1982 ri-

331 2044 450 2100 pas,
489 2031 546 2082 et
583 2029 984 2081 transmutasse
1023 2023 1092 2078 de
1132 2025 1312 2093 parte,
1339 2020 1439 2076 ubi
1481 2024 1690 2075 sanctas
1717 2019 1960 2091 Brigidae

329 2120 484 2176 natio
510 2119 806 2190 compulsa
856 2115 1218 2188 operabatur,
1247 2114 1308 2168 in
1353 2113 1582 2168 illorum
1629 2113 1862 2168 fortium
1905 2115 1962 2167 et

331 2213 706 2286 superborum
735 2215 980 2284 partem,
1013 2209 1112 2280 qui
1137 2208 1276 2262 alios
1294 2206 1585 2278 pauciores
1611 2211 1668 2262 et
1693 2206 1962 2260 inﬁrmio-

331 2323 423 2363 res
447 2322 504 2361 se
533 2306 744 2376 injuste
769 2303 992 2375 operari
1029 2301 1445 2372 compellebant
1475 2317 1493 2370 ;
1523 2304 1580 2354 et
1616 2299 1676 2353 in
1703 2299 1958 2354 testimo-

331 2399 496 2455 nium
519 2397 742 2453 virtutis
779 2397 1017 2468 vestigia
1055 2394 1330 2460 ﬂuminis,
1377 2397 1433 2448 et
1459 2393 1616 2448 vallis
1643 2409 1835 2462 vacua,
1863 2391 1962 2446 ubi

332 2491 620 2547 inundans
643 2494 700 2545 et
725 2505 996 2544 emanans
1017 2489 1254 2560 antiquo
1280 2486 1542 2542 currebat
1577 2485 1783 2540 ﬂuvius
1813 2490 1960 2540 tem-

334 2601 492 2657 pore,
511 2585 629 2656 ipso
655 2583 723 2638 ad
745 2583 984 2638 alterum
1007 2581 1247 2637 flumine
1271 2580 1567 2634 recedente
1595 2579 1818 2648 locum;
1845 2578 1964 2650 ipse

331 2679 488 2735 locus
515 2677 750 2732 siccatus
763 2676 885 2730 sine
911 2675 1043 2730 ullis
1070 2678 1306 2746 apparet
1330 2672 1683 2728 ﬂuitantibus
1709 2671 1888 2744 aquis.

404 2773 525 2826 Non
565 2770 750 2825 solum
794 2774 984 2824 autem
1018 2768 1077 2823 in
1103 2784 1205 2822 sua
1232 2767 1348 2822 vita
1387 2766 1618 2836 carnali,
1658 2768 1964 2838 antequam

334 2865 612 2920 sarcinam
665 2865 972 2936 deponeret
1023 2861 1207 2916 carnis
1232 2881 1276 2928 α,
1322 2860 1556 2915 virtutes
1599 2862 1834 2931 operata
1882 2862 1968 2914 est

337 2958 632 3030 plurimas,
659 2957 757 3012 sed
783 2957 1014 3028 largitas
1039 2955 1213 3010 divini
1242 2953 1500 3009 muneris
1528 2953 1588 3008 in
1614 2969 1716 3008 suo
1742 2968 1967 3007 monas-

336 3051 480 3106 terio
505 3051 602 3104 ubi
629 3051 751 3120 ejus
788 3048 1110 3104 venerabile
1149 3047 1453 3120 requiescit
1478 3063 1703 3118 corpus,
1743 3062 1968 3117 semper

339 3139 562 3212 operari
605 3139 843 3194 virtutes
879 3155 995 3192 non
1043 3141 1238 3202 cessat,
1280 3153 1418 3207 quas
1459 3151 1562 3189 nos
1589 3135 1824 3189 virtutes
1851 3151 1966 3189 non

337 3234 518 3288 solum
547 3231 887 3298 audivimus,
917 3231 1012 3286 sed
1062 3229 1231 3285 etiam
1267 3228 1442 3284 oculis
1478 3228 1682 3283 nostris
1703 3227 1964 3284 vidimus.

410 3327 552 3381 Nam
583 3325 916 3398 praepositus
958 3323 1190 3378 maximi
1241 3327 1298 3378 et
1321 3321 1618 3376 clarissimi
1644 3321 1970 3376 monasterii

341 3424 548 3476 sanctas
589 3419 856 3490 Brigidaa,
889 3418 958 3473 de
983 3433 1097 3489 quo
1139 3416 1198 3471 in
1239 3415 1361 3488 ejus
1401 3413 1658 3486 opusculi
1693 3414 1970 3486 principio

341 3515 572 3570 brevem
601 3512 840 3568 fecimus
884 3510 1257 3578 mentionem,
1305 3508 1590 3580 operarios
1619 3512 1674 3562 et
1719 3507 1972 3578 lapidum

345 3623 580 3662 censores
623 3620 878 3677 quzerere
916 3604 1163 3676 lapidem
1188 3606 1245 3658 et
1268 3602 1517 3658 incidere
1543 3601 1838 3669 molarem,
1869 3617 1975 3673 per

343 3700 465 3754 loca
489 3714 864 3770 quaecumque
892 3698 971 3752 ibi
997 3701 1225 3768 possent
1249 3695 1520 3764 invenire,
1548 3694 1875 3750 transmisit.
1907 3695 1982 3752 Et.

347 3793 428 3848 illi
449 3792 570 3847 sine
590 3791 704 3846 ulla
728 3791 1080 3862 providentia
1103 3790 1322 3844 viarum
1352 3789 1587 3843 arduam
1614 3788 1978 3842 ascendentes

349 3885 522 3951 viam,
536 3885 603 3939 ad
633 3899 904 3938 cacumen
922 3881 1132 3954 petrosi
1153 3883 1360 3937 montis
1378 3885 1769 3953 perrexerunt,
1787 3885 1842 3936 et
1861 3881 1972 3936 ele-

353 3980 562 4050 gerunt
583 3975 830 4047 lapidem
854 3974 1128 4046 grandem
1152 3973 1213 4028 in
1240 3973 1362 4046 ipso
1382 3973 1590 4028 montis
1610 3973 1868 4028 altissimi
1892 3989 1978 4027 ca-

353 4069 598 4125 cumine.
629 4070 696 4123 Et
729 4067 1006 4123 credentes
1036 4083 1168 4122 eum
1211 4067 1281 4122 de
1324 4067 1477 4122 omni
1503 4070 1662 4138 parte
1691 4065 1749 4120 in
1780 4071 1976 4121 rotun-

353 4164 512 4232 dum,
531 4165 588 4216 et
600 4161 946 4233 perforatum
966 4159 1236 4214 malorem
1260 4158 1405 4230 [Leg.
1420 4157 1710 4231 molarem]
1735 4158 1980 4230 lapidem

350 4255 758 4311 formaverunt.
803 4253 947 4309 Cum
993 4268 1126 4307 vero
1165 4251 1502 4324 praepositus
1545 4251 1614 4306 de
1641 4250 1981 4305 monasterio

352 4348 620 4404 invitatus
645 4347 714 4401 ab
755 4346 834 4402 eis
861 4345 1105 4401 venisset
1148 4361 1280 4400 cum
1306 4345 1490 4399 bubus
1515 4345 1585 4399 ad
1613 4343 1777 4398 illum
1815 4361 1978 4399 mon-

353 4447 490 4509 tem,
522 4441 581 4496 in
608 4457 722 4512 quo
746 4439 887 4512 lapis
918 4439 1198 4495 formatus
1241 4438 1350 4493 fuit
1379 4437 1630 4508 molaris,
1658 4441 1827 4509 atque
1852 4454 1983 4492 cum

2058 1921 2260 1977 exinde
2278 1937 2410 1976 cum
2427 1921 2632 1988 bubus,
2649 1937 2829 1993 usque
2855 1921 2926 1976 ad
2953 1922 3345 1977 molendinum
3370 1927 3565 1978 vectus
3581 1928 3690 1992 est,

2057 2014 2352 2071 artiﬁciose
2377 2031 2508 2069 cum
2533 2015 2708 2070 altero
2727 2015 2962 2085 junctus
2990 2019 3075 2070 est
3091 2015 3297 2087 lapide.

2131 2110 2198 2164 Et
2225 2111 2288 2162 ut
2312 2109 2440 2179 plus
2465 2108 2570 2162 iste
2597 2107 2824 2162 molaris
2849 2107 3011 2180 lapis,
3039 2109 3140 2180 qui
3165 2109 3227 2163 in
3249 2109 3486 2165 nomine
3511 2110 3695 2165 beatae

2060 2201 2306 2256 directus
2335 2205 2420 2256 est
2462 2201 2726 2272 Brigidte,
2766 2201 3029 2256 omnibus
3067 2203 3252 2257 adhuc
3295 2203 3694 2274 innotesceret,

2059 2294 2216 2350 addit
2253 2295 2435 2349 ethoc
2462 2294 2784 2350 inauditum
2811 2300 2977 2350 antea
3001 2299 3062 2350 et
3081 2296 3418 2366 praeclarum
3443 2297 3694 2352 miracu-

2059 2388 2200 2443 lum.
2233 2389 2375 2442 Nam
2415 2403 2545 2441 cum
2570 2387 2804 2458 quidam
2830 2404 3089 2459 paganus
3113 2405 3178 2442 ac
3203 2388 3534 2444 molendino
3564 2390 3699 2444 vici~

2061 2498 2168 2536 nus
2183 2497 2283 2536 suo
2303 2481 2624 2535 habitaculo
2643 2481 2832 2536 dolose
2843 2497 2948 2552 per
2959 2481 3132 2536 alium
3153 2481 3468 2554 simplicem
3481 2483 3695 2551 virum,

2061 2575 2362 2646 ignorante
2397 2573 2828 2644 molendinario,
2855 2574 2954 2645 qui
2985 2591 3127 2646 opus
3151 2575 3434 2630 motiturae
3467 2591 3697 2632 exerce-

2061 2668 2178 2736 bat,
2201 2684 2368 2722 suum
2407 2683 2651 2738 granum
2678 2667 2748 2722 ad
2781 2667 2888 2721 hoc
2932 2667 3245 2723 transmisit
3269 2668 3694 2725 molendinum.

2064 2761 2133 2816 Et
2156 2777 2287 2814 cum
2302 2760 2450 2815 inter
2472 2761 2578 2814 hos
2604 2759 2842 2814 molares
2857 2760 3228 2831 transjectum
3253 2766 3312 2816 et
3337 2762 3532 2816 fusum
3559 2763 3702 2818 fuis-

2065 2857 2150 2909 set
2174 2853 2407 2925 lapides,
2430 2853 2591 2907 illum
2605 2852 2991 2924 supradictum
3011 2853 3256 2924 lapidem
3274 2855 3553 2910 molarem
3569 2857 3702 2911 nul-

2063 2947 2151 3002 lus
2178 2947 2428 3018 impetus
2452 2945 2615 3000 fortis
2643 2945 2892 3000 ﬂuminis
2916 2951 2972 3001 et
2996 2947 3153 3002 nulla
3170 2964 3447 3018 aquarum
3478 2949 3701 3005 violen-

2064 3041 2162 3110 tia,
2196 3039 2354 3094 nulla
2379 3038 2662 3094 artiﬁcum
2690 3039 2988 3094 conamina
3013 3056 3242 3096 movere
3265 3045 3601 3112 potuerunt.
3635 3044 3704 3097 Et

2067 3134 2204 3188 dum
2230 3133 2310 3188 illi
2336 3133 2434 3205 qui
2459 3133 2566 3188 hoc
2591 3132 2854 3187 viderunt
2873 3133 2941 3187 de
2955 3133 3062 3187 hac
3087 3149 3148 3189 re
3165 3133 3502 3205 cogitarent,
3521 3135 3706 3190 nimio

2066 3225 2308 3298 perculsi
2338 3230 2586 3298 stupore,
2617 3242 2859 3298 granum
2883 3225 3022 3281 illud
3049 3227 3203 3298 magi
3223 3243 3342 3282 esse
3355 3243 3703 3299 cognoscen-

2067 3325 2168 3389 tes,
2197 3320 2358 3375 nullo
2387 3321 2556 3375 modo
2583 3319 2933 3388 dubitabant,
2964 3319 3115 3390 quod
3143 3320 3238 3374 ille
3279 3321 3514 3376 molaris
3552 3322 3703 3394 lapis

2068 3413 2128 3468 in
2151 3429 2263 3484 quo
2289 3417 2478 3467 sancta
2501 3411 2729 3483 Brigida
2754 3411 3020 3467 virtutem
3047 3415 3278 3484 operata
3304 3417 3392 3468 est
3424 3413 3702 3484 divinam,

2073 3523 2316 3578 granum
2343 3504 2565 3577 gentilis
2588 3504 2836 3560 hominis
2861 3505 2922 3558 in
2941 3505 3186 3560 farinam
3212 3507 3590 3578 comprimere
3607 3525 3703 3564 re—

2071 3599 2328 3670 spuisset.
2382 3599 2449 3652 Et
2487 3597 2674 3652 statim
2720 3597 2982 3652 tollentes
3017 3599 3170 3653 foras
3215 3615 3466 3670 granum
3521 3601 3706 3672 ipsius

2075 3691 2300 3763 pagani,
2329 3693 2387 3746 et.
2411 3707 2574 3745 suum
2607 3707 2850 3762 granum
2874 3691 3272 3746 monasteriale
3300 3693 3499 3748 subter
3520 3695 3704 3748 mola-

2073 3801 2197 3839 rem
2221 3784 2380 3839 illum
2404 3783 2650 3855 lapidem
2675 3788 2968 3854 ponentes,
2999 3800 3196 3839 cursus
3233 3786 3450 3855 solitus,
3477 3790 3535 3841 et
3559 3803 3705 3858 quo-

2076 3876 2321 3932 tidianus
2340 3877 2459 3931 sine
2484 3876 2616 3930 ullis
2641 3875 3064 3948 impedimentis
3083 3881 3375 3948 reparatus
3403 3883 3490 3933 est
3513 3880 3706 3934 molas.

2149 3972 2215 4024 Et
2240 3973 2371 4040 post
2393 3969 2759 4025 intervallum
2782 3971 3053 4040 temporis
3091 3970 3291 4025 accidit
3313 3975 3380 4026 ut
3419 3973 3707 4028 molendi-

2077 4079 2219 4118 num
2243 4065 2428 4134 ipsum
2455 4061 2586 4134 igne
2624 4063 3071 4118 combureretur.
3100 4064 3209 4118 Nec
3239 4069 3296 4118 et
3320 4064 3428 4119 hoc
3466 4083 3710 4133 parvum

2077 4155 2184 4210 fuit
2207 4155 2567 4225 miraculum,
2605 4171 2734 4210 cum
2760 4155 2912 4226 ignis
2937 4158 3112 4210 totam
3142 4156 3375 4211 domum
3402 4158 3708 4214 combure-

2081 4251 2186 4318 ret,
2215 4253 2272 4303 et
2295 4249 2538 4304 alterum
2579 4248 2844 4319 lapidem,
2872 4248 2970 4320 qui
2989 4248 3222 4318 junctus
3247 4266 3422 4320 supra
3443 4251 3598 4306 dicto
3623 4253 3705 4306 la-

2079 4341 2197 4413 pidi
2222 4341 2346 4411 fuit,
2373 4341 2526 4396 hunc
2555 4343 2780 4396 tantum
2807 4341 3103 4412 specialem
3130 4347 3335 4397 sancta
3363 4343 3612 4414 Brigidae
3634 4345 3711 4398 la-

2080 4435 2274 4506 pidem
2303 4435 2457 4490 nullo
2500 4435 2667 4489 modo
2690 4438 2925 4505 tangere
2963 4437 3047 4488 est
3070 4450 3238 4489 ausus
3266 4439 3324 4490 et
3347 4437 3707 4492 comburere.

352 4536 522 4590 boves
553 4549 746 4588 secum
791 4537 1026 4605 propter
1073 4532 1309 4587 arduam
1350 4530 1558 4586 montis
1599 4530 1982 4586 ascensionem
2000 4531 2059 4604 D
2081 4528 2210 4584 Sine
2234 4529 2352 4583 ulla
2380 4527 2635 4583 molestia
2659 4527 2808 4600 ignis
2832 4527 2890 4583 in
2919 4543 3128 4600 magno
3155 4529 3474 4584 molendini
3513 4531 3712 4587 incen-

356 4629 584 4684 trahere
607 4631 664 4682 et
687 4643 890 4698 cogere
914 4643 1030 4681 non
1073 4630 1278 4697 posset,
1308 4625 1674 4680 durissimum
1703 4624 1811 4680 iter
1854 4641 1984 4679 cum

356 4721 551 4794 paucis
574 4719 737 4775 illum
756 4719 1119 4790 sequentibus
1143 4717 1235 4772 vix
1262 4718 1563 4774 ascendere
1583 4717 1802 4789 potuit.-

428 4814 523 4872 llle
539 4830 672 4868 vero
691 4829 823 4867 cum
845 4811 1110 4867 omnibus
1135 4811 1250 4865 suis
1278 4811 1573 4882 operariis,
1602 4811 1740 4866 dum
1765 4809 1983 4882 cogita-

359 4911 448 4963 ret
486 4907 768 4980 quomodo
805 4905 972 4960 illum
999 4904 1274 4960 molarem
1305 4903 1626 4976 deportaret
1647 4903 1892 4976 lapidem
1917 4903 1987 4959 de

353 5001 496 5072 jugo
525 4998 778 5055 altissimi
809 4998 1036 5068 montis,
1076 5013 1208 5052 cum
1248 4997 1419 5052 boves
1458 4996 1519 5051 in
1563 4995 1660 5051 illo
1700 4999 1988 5068 praerupto

361 5093 572 5148 montis
601 5093 704 5147 sub
729 5091 992 5148 oneribus
1013 5095 1070 5147 et
1101 5091 1311 5164 jugum
1336 5106 1454 5146 esse
1490 5089 1651 5144 nullo
1691 5090 1858 5144 modo
1883 5106 1985 5162 po-

360 5185 594 5241 tuerint.
619 5187 774 5240 Tunc
801 5186 948 5242 facta
972 5184 1381 5256 desperatione,
1411 5183 1536 5238 aliis
1561 5199 1628 5238 ex
1657 5182 1738 5238 eis
1763 5183 1990 5238 descen-

365 5278 648 5348 dentibus,
687 5278 846 5333 illum
890 5279 1146 5334 deserere
1179 5277 1445 5350 lapidem,
1488 5281 1546 5332 et
1569 5292 1662 5332 eos
1687 5276 1747 5330 in
1777 5291 1990 5331 vanum

362 5373 650 5428 laborasse
671 5413 684 5440 ,
729 5371 828 5443 qui
869 5371 1030 5426 illum
1055 5372 1463 5427 formaverunt.
1512 5370 1608 5427 Ille
1652 5369 1992 5442 praepositus

363 5464 631 5539 prudenti
644 5464 1072 5537 dispensatione,
1089 5469 1145 5520 et
1155 5465 1390 5520 consilio
1407 5464 1520 5520 suis
1537 5463 1806 5536 operariis
1815 5461 1992 5518 fideli-

440 5594 464 5622 ι
485 5579 768 5636 Marianus
794 5579 988 5636 Scotus
1029 5579 1108 5636 ait
1133 5579 1333 5635 obiisse
1369 5580 1472 5634 sub
1497 5579 1712 5634 Iustino
1761 5578 1990 5634 Seniore

367 5652 708 5723 imperatore
735 5666 884 5706 anno
910 5655 1032 5717 521,
1061 5667 1232 5722 quem
1272 5650 1458 5723 potius
1495 5666 1698 5723 sequor
1726 5667 1854 5723 cum
1885 5651 1988 5704 Ba-

368 5720 550 5846 ἷζρὲἱὶίέ
558 5727 677 5776 tom
703 5723 812 5793 VII,
841 5738 936 5779 an.
965 5720 1392 5790 521ζηιιωί41,
1413 5720 1589 5792 quam
1610 5720 1987 5791 Sigebertum.

467 5833 479 5844 .
556 5809 644 5846 AN.

467 5833 479 5844 .
511 5809 644 5847 DAN.

439 5861 467 5906 ι)
492 5862 771 5921 Concitatu
821 5862 1106 5922 Hanckius
1141 5863 1206 5923 N.
1253 5877 1358 5921 ms.
1394 5860 1501 5918 Sed
1541 5875 1608 5917 ea
1646 5875 1754 5916 vox
1786 5875 1992 5934 parum

2085 4620 2178 4676 dio
2202 4621 2512 4692 permansit
2533 4621 2850 4676 incolumis.

2157 4716 2348 4769 Postea
2372 4715 2480 4770 hoc
2505 4714 2620 4769 viso
2658 4714 2930 4768 miraculo
2969 4714 3040 4768 ad
3085 4715 3498 4770 monasterium
3533 4718 3720 4788 perla-

2085 4813 2176 4864 tus
2198 4811 2300 4878 est,
2330 4812 2386 4863 et
2401 4807 2566 4879 juxta
2582 4811 2804 4878 portam
2829 4806 3114 4862 interioris
3136 4807 3368 4876 castelli,
3391 4825 3506 4880 quo
3532 4811 3715 4865 eccle-

2086 4901 2163 4956 sia
2193 4901 2460 4970 ambitur,
2491 4900 2590 4955 ubi
2617 4899 2780 4955 multi
2809 4900 3152 4955 conveniunt
3189 4900 3260 4954 ob
3283 4903 3715 4957 venerationem

2087 4997 2296 5050 sancta:
2323 4993 2564 5065 Brigidaa
2601 4993 2660 5048 in
2685 4993 2805 5064 ipsa
2827 4996 2991 5064 porta
3014 4993 3322 5048 honoriﬁce
3357 4993 3580 5065 positus
3607 5001 3714 5064 est,

2087 5091 2143 5144 et
2171 5088 2240 5143 de
2263 5087 2520 5142 ﬁdelibus
2556 5088 2709 5142 hunc
2747 5085 2993 5158 lapidem
3037 5086 3402 5158 tangentibus
3445 5088 3717 5144 morbum

2088 5181 2338 5254 expellit.

2158 5275 2268 5330 Nec
2293 5277 2350 5330 et
2367 5273 2436 5329 de
2455 5273 2726 5328 miraculo
2751 5273 2812 5327 in
2837 5272 3194 5345 reparatione
3235 5272 3485 5329 ecclesiae
3519 5278 3718 5330 tacen-

2089 5367 2225 5424 dum
2254 5370 2359 5436 est,
2391 5367 2451 5422 in
2492 5383 2607 5439 qua
2655 5365 2896 5438 gloriosa
2942 5365 3264 5436 amborum,
3304 5366 3412 5421 hoc
3459 5373 3549 5422 est
3589 5369 3719 5440 epi-

2089 5460 2240 5532 scopi
2281 5456 2552 5516 Conleath
2575 5471 2597 5500 ο
2622 5463 2679 5514 et
2739 5458 2911 5530 hujus
2945 5457 3181 5530 virginis
3221 5463 3429 5514 sancta
3469 5459 3722 5532 Brigidaa

2089 5574 2289 5630 usitata
2331 5591 2433 5631 nec
2474 5570 2744 5630 mirabilis
2769 5574 2820 5629 ei
2859 5574 3136 5640 convenit,
3187 5573 3312 5628 ideo
3355 5573 3500 5629 nihil
3549 5574 3728 5632 debet

2089 5647 2400 5702 immutari.
2429 5647 2596 5701 BASN.

2161 5729 2183 5758 ο
2205 5719 2326 5772 Jam
2345 5721 2509 5772 antea
2531 5714 2692 5771 citavi
2719 5731 2786 5770 ex
2815 5713 3036 5770 Giraldo
3065 5715 3168 5770 hos
3195 5731 3426 5770 versus:

2277 5807 2333 5854 In
2355 5806 2522 5865 Burgo
2541 5804 2690 5854 Duno
2721 5802 2922 5865 tumulo
2945 5802 3262 5854 tumulantur
3288 5803 3342 5852 in
3367 5815 3493 5865 uno,

2338 5863 2562 5934 Brigida,
2594 5864 2854 5930 Patritius,
2879 5867 3032 5934 atque
3053 5865 3306 5921 Columba
3325 5863 3458 5932 pius.
