4054 6186
295 265 400 322 789
1566 267 1610 324 A
1645 268 1964 326 COGITOSO
1999 269 2376 328 ADORNATA.
3539 277 3642 339 790

288 387 529 444 corpora
551 387 584 427 a
611 367 823 429 dextris
866 376 923 430 et
955 389 989 429 a
1026 371 1268 430 sinistris
1317 373 1508 430 altaris
1550 375 1817 446 decorati,
1860 377 1922 433 in
1942 379 2221 466 Aartifex
2249 377 2683 436 Hibernensium
2707 377 2975 454 prudenti
2999 375 3221 439 locutus
3247 385 3332 441 est
3357 385 3589 444 consilio
3624 405 3640 446 :

289 467 677 522 monumentis
722 468 905 539 posita
949 469 1181 532 ornatis,
1229 469 1382 524 vario
1413 469 1570 524 cultu
1595 470 1715 525 auri
1744 474 1802 526 et
1829 488 1921 526 ar-
2024 474 2085 528 In
2111 473 2218 529 hac
2255 479 2666 546 superventura
2711 479 2875 530 nocte
2927 492 3086 532 orare
3131 477 3431 534 Dominum
3476 481 3644 552 juxta.

294 560 455 631 genti
481 562 540 614 et
575 576 952 632 gemmarum,
977 565 1031 616 et
1058 561 1289 633 pretiosi
1317 561 1538 634 lapidis,
1565 568 1735 634 atque
1761 581 1918 620 coro-
2021 571 2275 622 sanctam
2306 566 2588 639 Brigidam
2635 567 2876 622 ﬁdeliter
2919 568 3208 638 debemus,
3233 575 3300 626 ut
3339 572 3459 643 ipsa
3481 575 3644 630 nobis

291 653 382 707 nis
407 653 598 730 aureis
627 659 683 710 et
711 654 993 728 argenteis
1019 655 1262 728 desuper
1287 655 1664 728 pendentibus
1691 658 1918 730 requie-
2021 659 2304 729 de'mane,
2331 659 2469 732 quid
2496 660 2554 714 in
2583 677 2752 731 opere
2773 660 2881 715 hoc
2894 662 3072 716 acturi
3097 679 3310 730 sumus,
3333 666 3642 734 provideat.

293 751 478 801 scunt.
2021 753 2090 808 Et
2115 752 2192 808 sic
2216 753 2561 824 oransjuxta
2591 759 3025 810 monumentum
3055 761 3258 812 sancta}
3285 757 3528 830 Brigida:
3553 765 3641 815 to-

370 841 611 896 Ecclesia
646 857 894 914 namque
937 847 1218 898 crescente
1265 859 1504 898 numero
1565 843 1819 899 ﬁdelium
1868 848 1926 900 et
2021 851 2138 902 tam
2161 852 2388 902 noctem
2414 846 2704 917 transegit.

297 938 539 1006 utroque
563 951 722 1003 sexu,
751 936 866 990 solo
892 921 1150 1008 spatiosa,
1179 943 1235 992 et
1258 935 1316 990 in
1343 937 1523 991 altum
1545 938 1754 993 minaci
1789 954 1922 1009 pro-
2093 941 2160 994 Et
2183 955 2353 994 mane
2384 955 2639 1012 surgens,
2667 939 2917 995 oratione
2942 941 3250 1012 praemissa,
3272 942 3478 998 ostium
3506 945 3647 1001 anti-

295 1027 528 1083 ceritate
575 1033 850 1098 porrecta,
881 1046 945 1083 ac
986 1030 1248 1084 decorata
1288 1029 1454 1102 pictis
1499 1031 1776 1098 tabulatis,
1814 1031 1926 1084 tria
2023 1048 2204 1103 quum
2255 1031 2486 1086 trudens
2526 1049 2590 1086 ac
2631 1049 2849 1104 ponens
2895 1033 2954 1087 in
3002 1049 3104 1087 suo
3137 1034 3382 1104 cardine,
3407 1036 3645 1108 januam

294 1121 636 1176 intrinsecus
662 1121 878 1178 habens
903 1123 1164 1190 oratoria,
1207 1123 1400 1194 ampla
1419 1127 1477 1178 et
1505 1123 1676 1178 divisa
1702 1122 1926 1194 parieti-
2025 1125 2300 1179 conclusit
2327 1127 2502 1180 totam
2533 1142 2547 1180 ε
2593 1141 2698 1180 nec
2721 1125 2934 1196 aliquid
2959 1125 3136 1181 defuit
3163 1127 3231 1182 de
3256 1127 3432 1199 ipsius
3460 1131 3642 1200 pleni-

297 1213 408 1267 bus
451 1213 738 1283 tabulatis,
771 1216 875 1270 sub
904 1232 1018 1270 uno
1055 1215 1302 1270 culmine
1345 1216 1574 1286 majoris
1610 1216 1833 1281 domus,
1865 1215 1925 1270 in
2023 1217 2242 1283 tudine,
2271 1234 2376 1272 nec
2401 1219 2517 1272 ulla
2543 1217 2602 1272 in
2630 1219 2752 1289 ejus
2781 1217 3171 1288 magnitudine
3208 1222 3492 1291 superﬂua
3517 1239 3648 1294 pars

295 1323 412 1376 quo
438 1323 585 1361 unus
614 1307 801 1378 partes
843 1309 1158 1377 decoratus,
1186 1313 1242 1363 et
1271 1307 1616 1379 imaginibus
1642 1309 1922 1379 depictus,
2023 1315 2248 1381 reperta
2273 1315 2376 1364 est.
2407 1311 2472 1365 Et
2497 1310 2575 1364 sic
2602 1313 2794 1364 sancta
2819 1310 3048 1381 Brigida
3078 1311 3214 1366 illud
3231 1313 3434 1369 ostium
3459 1320 3652 1370 exten-

296 1415 362 1452 ac
386 1399 811 1454 linteaminibus
838 1406 1038 1468 tectus,
1071 1418 1174 1472 per
1198 1401 1555 1456 latitudinem
1583 1401 1642 1456 in
1669 1401 1928 1456 orientali
2025 1402 2108 1457 dit
2134 1402 2194 1456 in
2222 1402 2600 1472 altitudinem,
2643 1409 2704 1458 ut
2727 1407 2846 1458 tota
2870 1407 3032 1474 porta
3070 1403 3168 1458 illa
3211 1405 3280 1459 ab
3307 1423 3373 1460 eo
3417 1407 3488 1460 sit
3511 1423 3646 1462 con-

298 1492 548 1547 ecclesiaa
596 1499 778 1564 parte,
808 1510 842 1548 a
883 1495 1098 1564 pariete
1138 1495 1208 1548 ad
1249 1495 1492 1549 alterum
1520 1495 1793 1565 parietem
1843 1511 1929 1550 ec-
2026 1495 2200 1564 clusa,
2235 1511 2339 1550 nec
2368 1496 2427 1550 in
2455 1512 2521 1550 ea
2546 1496 2694 1550 ullus
2720 1496 2876 1550 locus
2905 1495 3214 1566 patefactus
3241 1498 3512 1566 videatur,
3540 1501 3650 1554 nisi

299 1585 485 1640 clesiie
517 1601 574 1640 se
612 1587 886 1653 tetendit;
918 1587 1016 1658 qui
1065 1587 1123 1642 in
1158 1587 1272 1642 suis
1317 1587 1766 1642 extremitatibus
1815 1589 1928 1642 duo
2027 1605 2158 1642 cum
2185 1588 2393 1642 ostium
2420 1588 2751 1659 retruditur,
2781 1593 2844 1644 ut
2868 1589 3098 1643 ecclesia
3147 1589 3409 1646 intretur.
3453 1593 3518 1646 Et
3545 1593 3652 1646 hoc

297 1678 472 1733 habet
507 1679 566 1732 in
595 1695 694 1733 sua
719 1679 858 1734 ostia
882 1697 900 1748 ;
931 1686 986 1734 et
1027 1697 1130 1752 per
1155 1697 1337 1734 unum
1378 1681 1626 1736 hostium
1651 1681 1709 1734 in
1738 1684 1929 1736 extera
2028 1680 2251 1735 virtutis
2273 1679 2570 1734 dominicae
2595 1680 2770 1735 oculis
2795 1679 3055 1735 omnium
3080 1681 3392 1737 videntium
3417 1683 3664 1738 miracuv

295 1777 461 1842 parte
516 1772 758 1844 positum
801 1773 1047 1828 intratur
1087 1775 1159 1828 ad
1195 1774 1578 1828 sanctuarium
1629 1774 1698 1828 ad
1753 1775 1928 1829 altare
1949 1754 2005 1826 B
2029 1773 2170 1840 lum,
2199 1773 2355 1827 illam
2381 1773 2617 1844 januam
2641 1777 2696 1827 et
2724 1770 2945 1827 valvam
2971 1773 3268 1830 manifeste
3297 1780 3468 1846 patet.

299 1881 562 1920 summus
607 1861 1015 1936 poutifex'cum
1045 1883 1150 1921 sua
1179 1867 1429 1938 regulari
1454 1868 1604 1920 scola
1634 1872 1691 1922 et
1716 1867 1802 1921 his
1835 1884 1927 1921 sa-
2099 1868 2168 1920 Et
2192 1866 2318 1936 quis
2345 1881 2602 1920 sermone
2624 1865 2902 1936 explicare
2927 1871 3132 1937 potest,
3155 1868 3470 1923 maximum
3496 1869 3657 1924 deco-

300 1958 413 2012 cris
438 1964 570 2014 sunt
604 1959 859 2030 deputati
893 1959 1243 2028 ministeriis,
1273 1976 1428 2014 sacra
1455 1960 1525 2014 ad
1565 1959 1850 2014 dominica
1874 1964 1932 2015 et
2027 1975 2149 2014 rem
2201 1958 2372 2029 hujus
2399 1958 2667 2028 ecclesiae,
2695 1961 2750 2013 et
2793 1957 3092 2013 innumera
3114 1959 3264 2014 illius
3295 1960 3530 2016 civitatis
3556 1961 3657 2032 qui

299 2052 601 2106 immolare
624 2053 914 2108 sacriﬁcia.
934 2055 999 2108 Et
1017 2070 1120 2124 per
1138 2053 1380 2108 alterum
1401 2053 1608 2107 ostium
1629 2053 1687 2107 in
1708 2052 1934 2107 sinistra
2029 2051 2281 2106 dicemus
2307 2049 2579 2105 miracula
2595 2050 2623 2104 ‘2
2643 2050 2688 2105 si
2716 2051 2798 2105 fas
2823 2054 2906 2106 est
2926 2051 3041 2106 dici
3068 2051 3280 2119 civitas,
3310 2053 3379 2107 de
3405 2070 3519 2124 qua
3544 2053 3658 2109 vita

297 2149 462 2216 parte
508 2145 738 2217 parietis
764 2163 934 2218 supra
961 2146 1096 2200 dicti
1123 2149 1178 2200 et
1209 2146 1513 2201 transversi
1539 2145 1808 2216 positum,
1839 2146 1932 2200 ab-
2031 2144 2091 2198 in
2111 2160 2168 2198 se
2194 2144 2509 2198 multorum
2532 2160 2741 2198 nomen
2769 2143 3001 2214 accepit.
3042 2144 3281 2198 Maxima
3319 2145 3442 2200 hac
3467 2145 3658 2200 civitas

298 2237 509 2292 batissa
533 2255 664 2293 cum
691 2239 805 2293 suis
843 2239 1046 2310 puellis
1085 2245 1140 2293 et
1175 2239 1359 2294 viduis
1407 2239 1664 2294 ﬁdelibus
1709 2245 1932 2294 tantum
2033 2239 2089 2291 et
2114 2236 2546 2308 mctropolitana
2571 2242 2672 2304 est,
2702 2235 2760 2290 in
2785 2237 2946 2307 cujus
2989 2237 3344 2305 suburbanis,
3372 2255 3501 2310 quae
3526 2255 3655 2292 san-

301 2333 482 2387 iverat
510 2331 652 2404 [Leg.
683 2332 895 2403 intrat],
913 2337 979 2387 ut
1004 2333 1258 2387 convivio
1285 2332 1535 2404 corporis
1557 2338 1614 2388 et
1639 2333 1934 2404 sanguinis
2034 2335 2124 2384 cta
2151 2334 2302 2385 certo
2346 2329 2526 2384 limite
2553 2329 2867 2400 designavit
2897 2329 3142 2401 Brigida,
3187 2331 3374 2385 nullus
3422 2330 3660 2385 carnalis

305 2427 571 2481 fruantur
593 2428 617 2480 J
624 2441 720 2479 esu
741 2425 966 2481 Christi.
989 2429 1172 2497 Atque
1192 2425 1334 2480 alius
1353 2426 1534 2500 paries
1549 2425 1933 2496 pavimentum
2033 2423 2404 2491 adversarius,
2431 2438 2536 2478 nec
2561 2439 2757 2476 cursus
2781 2421 3017 2476 timetur
3039 2422 3310 2478 hostium.
3341 2421 3447 2478 Sed
3474 2421 3664 2477 civitas

303 2519 507 2574 domus
555 2519 610 2573 in
659 2519 801 2574 duas
854 2519 1095 2590 aequales
1141 2519 1393 2574 dividens
1441 2523 1656 2589 partes,
1697 2535 1730 2572 a
1773 2522 1934 2590 parte
2034 2521 2118 2571 est
2139 2515 2344 2587 refugii
2365 2515 2647 2570 tutissima
2675 2515 2744 2570 de
2773 2514 2907 2568 foris
2933 2515 3268 2570 suburbanis
3295 2515 3356 2569 in
3399 2519 3516 2570 tota
3541 2515 3664 2571 Sco-

305 2612 569 2668 orientali
597 2629 773 2684 usque
797 2613 868 2667 ad
891 2617 1275 2667 transversum
1301 2611 1363 2665 in
1405 2611 1705 2666 latitudine
1754 2611 1936 2682 parie-
2034 2617 2226 2666 torum
2246 2614 2416 2675 terra,
2450 2624 2582 2662 cum
2610 2608 2726 2662 suis
2749 2608 3008 2662 omnibus
3033 2607 3284 2679 fugitivis
3312 2607 3372 2662 in
3398 2624 3511 2678 qua
3539 2624 3660 2662 ser-

305 2712 426 2762 tem
453 2709 716 2761 extensus
742 2709 844 2760 est.
874 2707 941 2760 Et
961 2706 1082 2760 haec
1109 2709 1262 2762 tenet
1285 2703 1532 2758 Ecclesia
1554 2704 1612 2758 in
1644 2721 1701 2758 se
1729 2704 1936 2758 multas
2035 2707 2238 2758 vantur
2265 2699 2514 2774 thesauri
2552 2716 2776 2770 regum,
2823 2704 2880 2755 et
2906 2699 3157 2754 decorati
3183 2699 3447 2754 culminis
3477 2700 3660 2754 excel-

301 2801 598 2870 feuestras,
627 2803 684 2855 et
696 2816 870 2854 unam
889 2799 950 2853 in
969 2800 1141 2854 latere
1171 2799 1368 2853 dextro
1397 2804 1656 2852 ornatam
1678 2801 1925 2869 portam,
2033 2794 2346 2852 lentissima
2373 2807 2492 2848 esse
2518 2791 2802 2847 videntur.

304 2910 412 2966 per
437 2909 612 2965 quam
663 2893 978 2948 sacerdotes
1013 2897 1068 2948 et
1119 2892 1364 2964 populus
1410 2890 1590 2946 ﬁdelis
1637 2889 1935 2945 masculini
2105 2890 2172 2944 Et
2198 2886 2326 2959 quis
2353 2901 2686 2941 enumerare
2711 2888 2893 2956 potest
2911 2883 3164 2939 diversas
3191 2883 3382 2940 turbas
3409 2887 3466 2940 et
3489 2884 3660 2940 innu-

307 2987 534 3060 generis
561 3003 728 3042 sexus
767 2986 940 3041 intrat
984 2986 1286 3041 Ecclesiam
1315 2990 1409 3054 ;et
1435 2985 1674 3040 alterma
1711 2987 1934 3054 portam
2035 2981 2331 3037 merabiles
2387 2979 2623 3050 populos
2671 2978 2740 3033 de
2786 2976 3051 3032 omnibus
3097 2975 3398 3048 provinciis
3443 2978 3660 3034 conﬂu-

305 3082 370 3136 in
397 3080 620 3136 sinistro
651 3080 844 3150 latere,
873 3095 976 3152 per
1013 3095 1196 3151 quam_
1211 3079 1460 3151 virgines
1485 3083 1541 3134 et
1579 3077 1832 3132 ﬁdelium
1861 3076 1938 3130 fe—
1956 3113 2017 3188 C
2036 3078 2195 3130 entes
2224 3089 2238 3128 :
2273 3071 2368 3127 alii
2394 3071 2466 3126 ob
2493 3071 2791 3142 epularum
2817 3069 3247 3138 abundantiam,
3276 3069 3371 3124 alii
3409 3069 3666 3142 languidi

373 3173 383 3184 ο
932 3171 966 3188 ιο
1055 3173 1066 3183 ο
1119 3178 1128 3188 .
1367 3173 1380 3188 ι
1423 3176 1433 3188 ι
1513 3172 1570 3188 nn
1624 3170 1685 3188 ,I,
1733 3169 1781 3188 3,,
1822 3185 1924 3188 um-
2038 3170 2271 3188 _..-_1-_
2319 3164 2577 3188 _-._:1-1A-
2649 3161 2736 3188 ..κε
2776 3163 2840 3188 ⁸,]
2891 3161 3270 3188 ΑκΑΛίΛΛιςιιε-ρνι
3325 3162 3619 3188 ι..-ι.......-...
3647 3181 3661 3188 -

305 3173 591 3229 minarum
641 3171 1006 3245 congregatio
1051 3173 1264 3228 intrare
1301 3173 1464 3227 solet.
1512 3172 1580 3226 Et
1615 3170 1694 3224 sic
1729 3169 1793 3224 in
1821 3185 1936 3224 una
1958 3161 2272 3240 Vpr0pter
2317 3164 2600 3234 sanitates,
2647 3161 2740 3216 alii
2775 3163 2845 3217 ad
2891 3161 3274 3233 spectaculum
3325 3162 3662 3234 turbarum;

306 3267 536 3322 basilica
562 3267 829 3334 maxima,
859 3266 1107 3338 populus
1134 3265 1365 3338 grandis
1391 3264 1452 3318 in
1481 3263 1699 3334 ordine,
1719 3267 1775 3318 et
1803 3278 1936 3334 gra-
2035 3260 2132 3314 alii
2169 3276 2300 3314 cum
2352 3255 2574 3329 magnis
2619 3255 2781 3310 donis
2809 3254 3097 3310 venientes
3129 3254 3200 3308 ad
3249 3253 3666 3310 solemnitatem

309 3361 496 3431 dibus,
521 3365 577 3416 et
601 3376 760 3429 sexu,
791 3365 847 3415 et
869 3359 1006 3414 locis
1035 3359 1267 3414 diversis
1292 3357 1600 3428 interjectis
1621 3359 1678 3410 et
1701 3355 1852 3410 inter
1878 3371 1937 3409 se
2036 3351 2341 3408 nativitatis
2383 3353 2588 3404 sanctae
2617 3347 2884 3420 Brigidaa,
2913 3363 3040 3418 quae
3075 3346 3137 3400 in
3165 3345 3256 3400 die
3282 3346 3666 3404 Kalendarum

308 3454 564 3526 partibus
602 3467 648 3524 ι,
680 3453 898 3508 diverso
943 3453 1141 3508 ordine
1187 3455 1244 3507 et
1271 3467 1386 3506 uno
1413 3450 1602 3505 animo
1633 3448 1938 3504 Dominum
2037 3443 2325 3500 Februarii
2349 3441 2558 3497 mensis
2587 3439 2872 3496 dormiens
2913 3453 3109 3493 secure
3152 3438 3431 3493 sarcinam
3459 3439 3664 3510 dejecit

309 3547 761 3620 omnipotentem
786 3551 928 3602 orat.
1460 3563 1468 3569 τ
2037 3537 2246 3606 carnis,
2295 3538 2352 3590 et
2392 3538 2621 3607 Agnum
2667 3533 2768 3588 Dei
2810 3532 2872 3587 in
2912 3531 3229 3587 caelestibus
3278 3530 3666 3587 mansionibus

382 3643 450 3696 Et
484 3657 616 3723 cum
665 3641 872 3696 ostium
911 3638 1213 3710 antiquum
1258 3641 1439 3709 portae
1482 3635 1792 3704 sinistralis,
1833 3649 1940 3706 per
2037 3634 2226 3686 secuta
2250 3628 2380 3684 est?

308 3735 462 3806 quod
492 3733 706 3788 solebat
751 3736 941 3788 sancta
966 3731 1194 3804 Brigida
1240 3729 1542 3786 Ecclesiam
1585 3729 1820 3794 intrare,
1865 3725 1936 3780 ab
2109 3740 2340 3795 veniam
2365 3741 2496 3810 peto
2527 3754 2562 3792 δ,
2601 3735 2868 3792 fratribus
2905 3741 2962 3792 et
2981 3735 3283 3792 lectoribus
3311 3736 3434 3792 hac
3478 3737 3668 3808 legen.

310 3827 621 3883 artiﬁcibus
643 3827 704 3882 in
729 3827 844 3882 suis
869 3831 1014 3882 esset
1039 3824 1361 3880 cardinibus
1385 3823 1576 3892 situm,
1607 3825 1782 3877 totam
1808 3836 1939 3874 con-
2037 3834 2208 3904 tibus,
2235 3832 2334 3904 qui
2359 3847 2528 3886 causa
2553 3829 2888 3886 obedienﬁae
2913 3834 3156 3898 coactus,
3185 3831 3338 3885 nulla
3371 3847 3662 3903 prmroga-

312 3921 540 3976 cludere
563 3925 784 3992 portam
809 3919 1180 3975 instauratam
1205 3921 1262 3973 et
1302 3919 1560 3971 novatam
1587 3931 1794 3969 novam
1822 3929 1913 3968 n01

2062 3927 2152 3982 iva
2179 3925 2424 3982 scientiae
2451 3923 2726 3994 sufﬂatus,
2756 3923 2993 3996 pelagus
3020 3923 3364 3979 immensum
3389 3923 3663 3980 virtutum

313 4014 519 4088 potuit.
550 4013 760 4079 Quarta
783 4013 939 4068 enim
964 4017 1144 4084 portae
1181 4027 1313 4082 pars
1339 4013 1533 4080 aperta
1561 4008 1681 4062 sine
1707 4007 1934 4062 conclu-
2037 4025 2244 4076 sanctae
2269 4018 2510 4091 Brigida:
2529 4023 2586 4074 et
2608 4016 2742 4072 viris
2767 4017 3088 4072 fortissimis
3110 4017 3554 4088 formidandum,
3577 4017 3665 4073 his

312 4109 470 4164 δίοηθ
493 4111 548 4162 et
573 4107 852 4179 Ρᾶῖθῖἂοίδ
898 4104 1220 4178 apparebat
1247 4105 1316 4158 Et
1353 4103 1400 4157 Si
1426 4102 1617 4158 addita
1655 4105 1712 4156 et
1739 4100 1939 4172 juncta
2038 4113 2230 4186 paucis
2255 4111 2464 4168 rustico
2491 4127 2752 4167 sermone
2778 4110 2942 4166 dictis
2968 4110 3270 4166 virtutibus
3303 4110 3372 4166 de
3398 4110 3663 4166 maximis

315 4206 387 4261 ad
413 4204 769 4260 altitudinem
799 4203 925 4260 ostii
951 4207 1152 4276 quarta
1177 4217 1308 4273 pars
1349 4200 1568 4268 fuisset,
1601 4204 1734 4254 tunc
1759 4201 1938 4253 totam
2039 4212 2096 4263 et
2121 4205 2631 4262 innumerabilibus
2655 4203 2950 4259 cunei-iul.

316 4299 649 4392 εοΠοῙυάθιξθ
695 4302 921 4392 Pomm
947 4295 1330 4392 Posse?altam
1353 4298 1412 4348 et
1453 4293 1841 4392 intimaratan
1871 4293 1940 4346 Et
2110 4322 2276 4378 Orate
2294 4337 2400 4392 pro
2427 4336 2518 4374 me
2545 4319 2804 4390 Cogitoso
2826 4320 3029 4389 nepote
3058 4317 3340 4388 culpabili,
3370 4320 3426 4372 et
3443 4320 3508 4372 ut
3532 4333 3660 4372 ora-

319 4409 450 4448 cum
485 4409 550 4446 ³1⁵
551 4391 726 4447 ίίίῖοθδ
766 4391 1010 4446 alterum
1037 4389 1220 4460 majus
1257 4403 1468 4484 Pof'um
1517 4386 1700 4440 facere
1730 4383 1938 4484 οείίιὲω
1957 4477 2000 4484 _
2041 4415 2192 4470 tione
2215 4383 2398 4469 vestra
2424 4412 2519 4484 pio
2549 4409 2787 4466 Domino
2815 4425 2908 4464 me
2937 4409 3342 4464 commendetis
3387 4426 3577 4479 exoro,
3606 4415 3664 4467 et

314 4485 712 4553 deliberarent’
741 4485 892 4556 quod
917 4487 1092 4578 tota“?
1119 4480 1452 4536 concludere
1467 4483 1721 4578 ,Ρθΐίδφν
1743 4481 1940 4578 δαίθ’
1957 4477 2017 4550 D
2043 4510 2184 4564 Deus
2211 4507 2368 4562 vobis
2394 4477 2592 4578 pacem
2633 4501 3019 4574 evangelicam
3063 4505 3339 4558 sectantes
3376 4477 3658 4560 exaudiat.

314 4580 510 4635 bulam
533 4577 716 4634 facere
756 4578 1015 4650 junctam
1059 4575 1120 4630 in
1168 4579 1324 4630 vetus
1378 4571 1605 4640 ostium,
1635 4574 1698 4626 ut
1743 4573 1939 4642 postea

315 4672 572 4729 suﬂicere
585 4649 790 4744 posset,
811 4669 1114 4743 praedictus
1133 4669 1326 4724 doctor
1342 4671 1399 4722 et
1414 4665 1674 4722 omnium
1698 4663 1940 4737 praevius
2274 4654 2514 4726 Earplicit
2547 4653 2677 4710 Vita
2703 4654 2903 4706 sanctae
2925 4649 3162 4720 Brigida:
3187 4651 3436 4719 virginis.

389 4855 414 4883 ι
439 4842 606 4896 Forte
633 4839 962 4912 parietibus.
989 4838 1067 4892 De
1091 4837 1198 4912 hoc
1223 4833 1454 4912 antiquo
1501 4847 1824 4912 more,‘quo
1853 4831 1938 4912 fe-
2039 4825 2246 4912 stasia“;
2291 4821 2680 4912 ambro‘syad
2723 4820 2894 4912 \Li‘rg;
2910 4821 3081 4912 laps;
3127 4821 3352 4892 Baron.,
3382 4819 3442 4876 in
3468 4821 3657 4893 Appa-

316 4893 546 4969 mini—aeta
560 4893 727 4966 vii-is?
740 4893 1021 4982 separatae
1033 4908 1285 4982 orabant
1312 4893 1379 4960 ixi
1395 4903 1638 4982 templis,
1665 4893 1938 4982 clament.
2039 4903 2166 4954 ratu
2191 4893 2419 4966 Eccles.,
2447 4895 2518 4950 ad
2542 4909 2704 4950 num.
2740 4893 2835 4949 52;
2856 4893 2990 4950 CAN;

316 5001 472 5042 cons.
518 4983 619 5040 lib.
647 4999 687 5040 ιι
723 4975 846 5054 cap.
875 4983 936 5036 61
961 4997 980 5050 5
1018 4980 1182 5050 Greg.
1221 4978 1373 5046 Naz.,
1403 4976 1464 5032 in
1499 4975 1650 5032 Som.
1702 4975 1774 5030 de
1799 4976 1942 5029 Ana-
