3996 6188
1739 587 1803 631 IN
1847 583 1988 630 FINE
2041 582 2264 630 SECULI
2304 583 2394 630 VI.

1579 756 2574 987 MARIUS.

835 1087 2202 1213 AVENTIGENSIS
2282 1080 3304 1208 EPISGOPUS.

1537 1315 1866 1396 (Galland.
1899 1313 2202 1380 Biblz'oth.
2235 1321 2388 1376 tom.
2425 1312 2611 1396 XII.)

1813 1679 2313 1777 NOTITIA.

1917 1874 2197 1888 m

465 2002 506 2058 Ι.
536 2005 599 2058 In
629 1999 818 2056 Eduis
843 1998 1021 2055 nobili
1051 2015 1259 2071 genere
1283 2003 1440 2054 ortus
1467 2003 1552 2054 est
1575 1999 1799 2070 Marius,
1831 2002 2014 2053 stante
2037 2007 2095 2081 Α
2115 1997 2236 2068 ejus
2276 1997 2626 2053 mentionem
2664 1995 3090 2068 praetermisisse
3129 1994 3191 2049 in
3219 2011 3320 2048 suo
3346 1993 3748 2064 Martyrologio

395 2096 580 2152 adhuc
597 2093 940 2165 Burgundiae
969 2109 1164 2164 regno,
1183 2093 1328 2148 circa
1339 2110 1554 2148 annum
1579 2092 1786 2148 Christi
1813 2096 1934 2160 532,
1956 2097 2018 2148 ut

391 2188 642 2260 produnt
677 2187 926 2241 Cointius
957 2188 1025 2257 (a)
1055 2203 1117 2240 ac
1159 2186 1416 2243 Historiae
1461 2186 1747 2240 litterarim
1792 2186 2016 2240 Gallicae

395 2281 692 2351 scriptores
723 2279 926 2334 eruditi
958 2280 1050 2350 (b),
1090 2279 1436 2334 Chifﬂetium
1460 2278 1709 2333 assectati
1742 2279 1824 2349 (ο).
1857 2281 2018 2333 Anno

395 2376 588 2428 autem
616 2373 835 2428 circiter
861 2376 982 2440 576,
1009 2376 1075 2426 ut
1103 2372 1461 2443 postmodum
1489 2387 1556 2426 ex
1585 2371 1832 2426 dicendis
1861 2388 2015 2426 com—

394 2469 621 2538 pertum
649 2464 765 2533 ﬁet,
791 2464 926 2518 dum
967 2465 1144 2520 aetatis
1171 2481 1385 2518 annum
1431 2468 1625 2535 ageret
1655 2463 2015 2536 quadragesi-

394 2573 553 2614 mum
581 2559 868 2628 quartum,
897 2561 1119 2612 evectus
1156 2562 1239 2612 est
1263 2558 1336 2612 ad
1375 2557 1662 2612 ecclesiam
1693 2557 2018 2612 Aventicen-

393 2668 514 2707 sem
553 2650 860 2721 regendam
884 2651 944 2704 in
971 2651 1350 2706 Helvetiorum
1379 2654 1560 2704 tractu
1605 2650 1769 2704 sitam
1799 2666 1812 2703 :
1847 2666 2017 2721 quam

393 2743 624 2816 quidem
659 2743 850 2797 sedem
895 2743 1267 2814 episcopalem
1317 2743 1413 2796 diu
1444 2743 1646 2812 tenuit,
1686 2743 1866 2797 donec
1908 2743 2014 2797 sub

395 2837 570 2892 ﬁnem
595 2835 784 2890 seaculi
822 2835 992 2906 hujus
1024 2853 1096 2905 v1,
1125 2835 1463 2892 Childeberti
1498 2835 1840 2890 Francorum
1871 2836 2021 2906 regis

391 2929 691 3001 permissu,
723 2944 848 2982 eam
867 2929 1132 2983 Aventico
1154 2930 1503 2983 Lausannam
1532 2928 1837 2994 transtulit,
1859 2933 1925 2982 ut
1951 2945 2020 2982 ex

393 3021 623 3077 Claudio
641 3021 886 3075 Roberto
912 3021 1082 3075 tradit
1103 3022 1364 3076 laudatus
1401 3021 1650 3076 Cointius
1681 3021 1776 3091 (ἀ).
1805 3021 2021 3093 Childe-

395 3115 588 3168 bertus
618 3113 772 3167 enim
818 3113 1162 3184 Burgundiae
1210 3130 1454 3184 regnum
1494 3114 1555 3168 in
1589 3131 1700 3184 quo
1725 3114 2022 3168 Aventicus

397 3213 454 3262 et
480 3207 770 3260 Lausanna
798 3206 1187 3276 censebantur,
1216 3212 1343 3278 post
1367 3206 1585 3260 obitum
1612 3207 2020 3262 Guntchramni

394 3299 582 3371 patrui
610 3299 853 3354 obtinuit
878 3299 947 3352 ab
967 3315 1114 3352 anno
1129 3299 1402 3353 duntaxat
1421 3303 1542 3366 593,
1566 3299 1632 3353 ad
1650 3315 1866 3354 annum
1893 3303 2017 3354 596.

397 3393 623 3458 Verum,
655 3391 700 3445 si
746 3391 1058 3445 Adrianum
1098 3391 1380 3445 Valesium
1416 3391 1711 3445 audiamus
1743 3391 1828 3462 (e),
1859 3393 2022 3447 tertio
2041 3370 2098 3440 B

396 3485 628 3557 quidem
655 3499 806 3538 anno
832 3483 890 3537 in
933 3483 1260 3554 Burgundia
1289 3489 1484 3538 exacto
1515 3500 1846 3554 supremum
1873 3485 2023 3540 diem

396 3579 535 3633 obiit
561 3576 951 3632 Childebertus
974 3593 1125 3630 anno
1151 3579 1272 3646 595,
1299 3576 1397 3647 qui
1428 3576 1701 3630 nimirum
1743 3593 1891 3630 anno
1921 3581 2021 3632 592

395 3687 641 3742 regnum
667 3669 1093 3740 Burgundicum
1139 3669 1492 3724 hanreditario
1511 3671 1642 3740 jure
1667 3669 2019 3741 acquisierat.

399 3763 502 3817 Sed
530 3765 593 3815 ut
615 3761 686 3815 ad
713 3761 946 3815 Marium
987 3766 1356 3828 revertamur,
1399 3762 1548 3816 inter
1586 3763 2024 3834 subscriptiones

396 3855 788 3926 episcoporum
813 3853 910 3924 qui
937 3853 1169 3908 concilio
1212 3854 1596 3910 Matisconensi
1624 3872 1662 3910 ιι
1689 3855 2020 3924 interfuere,

399 3963 549 4000 anno
591 3945 996 4000 Guntchramni
1038 3946 1190 4016 regis
1237 3951 1328 4014 25,
1357 3963 1485 4000 aera:
1533 3948 1890 4018 Dionysianze
1921 3953 2023 4003 585

400 4039 696 4106 celebrato,
740 4037 984 4092 adfuisse
1012 4039 1362 4108 comperitur
1389 4043 1599 4095 Marius
1629 4044 1901 4111 episcopus
1943 4058 2022 4096 ec-

401 4134 858 4188 clesiaeAventicw
879 4133 942 4200 (Γ)
975 4149 989 4186 :
1021 4131 1169 4185 unde
1190 4131 1369 4202 liquet
1385 4133 1572 4186 sedem
1601 4135 2026 4188 Aventicensem

401 4225 658 4280 nondum
711 4240 778 4280 eo
819 4241 968 4278 anno
1024 4225 1371 4278 Lausannam
1438 4225 1610 4280 fuisse
1652 4227 2024 4296 translatam;

399 4319 652 4389 adeoque
671 4318 850 4372 serius
875 4323 1000 4389 post
1017 4333 1222 4372 novem
1240 4321 1338 4372 aut
1363 4318 1557 4372 decem
1586 4317 1808 4372 circiter
1827 4335 2024 4388 annos,

399 4411 504 4466 sub
528 4411 884 4466 Childeberto
920 4410 1148 4479 scilicet,
1179 4410 1235 4465 id
1275 4411 1597 4482 contigisse,
1635 4417 1696 4466 ut
1742 4411 1912 4466 modo
1935 4413 2024 4466 in-

399 4503 650 4558 nuimus.
697 4505 872 4558 Porro
910 4519 980 4558 ex
1009 4503 1254 4574 antiquis
1291 4504 1773 4558 Lausannensium
1823 4505 2028 4559 tabulis

401 4577 664 4666 perhibet
705 4596 1017 4651 Chifﬂetius
1047 4597 1116 4667 (g)
1143 4597 1378 4651 Marium
1405 4597 1466 4651 in
1493 4597 1820 4668 episcopatu
1845 4598 2028 4669 egisse

401 4703 582 4742 annos
601 4705 692 4758 xx,
714 4705 778 4743 ac
803 4705 1026 4744 menses
1046 4705 1142 4744 vni
1170 4707 1187 4758 ;
1217 4690 1419 4744 vixisse
1447 4695 1638 4744 autem
1669 4690 1904 4744 omnino
1931 4707 2027 4745 an-
2046 4729 2102 4803 C

402 4797 502 4803 μ--
532 4797 655 4803 -..-__
712 4781 903 4803 _L1£___
933 4798 1061 4803 __-_._
1093 4782 1264 4803 __.2_11-
1299 4783 1568 4803 l7_1-_J-_
1605 4783 1885 4803 I__-_-__2__
1933 4800 1992 4803 λ--

401 4797 505 4834 nos
532 4797 674 4850 inv,
706 4781 907 4836 obiisse
933 4798 1066 4837 vero
1091 4782 1270 4853 pridie
1298 4783 1572 4837 Kalendas
1597 4783 1909 4850 Ianuarias,
1927 4800 2026 4838 an-

400 4890 476 4928 no
499 4874 760 4929 videlicet
784 4878 906 4930 596.
930 4875 1050 4939 Qua
1077 4875 1307 4945 quidem
1329 4875 1418 4930 die
1449 4875 1778 4931 Sanctorum
1809 4877 2022 4932 ordini-

402 4965 508 5020 bus
533 4969 805 5038 ascriptus
831 4967 1092 5035 traditur,
1111 4968 1320 5039 quippe
1336 4967 1437 5038 qui
1455 4984 1680 5022 morum
1703 4969 2026 5040 integritate

404 5070 469 5112 ac
487 5058 694 5128 pietate
707 5059 917 5131 insigni
929 5059 1210 5116 claruerit.
1225 5060 1392 5116 Miror
1410 5061 1670 5132 equidem
1689 5061 2026 5132 Saussayum

479 5222 547 5293 (a)
574 5225 786 5300 Coint.,
813 5227 1012 5282 Annal.
1034 5228 1168 5283 eccl.
1199 5227 1482 5296 Francor.,
1510 5228 1582 5284 ad
1606 5243 1739 5283 ann.
1763 5231 1886 5293 58l,
1913 5230 1945 5300 §
1974 5234 2022 5296 1,

404 5297 542 5366 tom.
574 5296 639 5362 ιι,
668 5311 797 5366 pag.
823 5299 948 5352 22o.

499 5365 548 5440 ὁ)
577 5365 728 5440 ῌίιξζζ
746 5367 908 5420 Ιίειέν.
940 5368 1006 5440 de
1031 5369 1086 5424 la
1109 5370 1481 5440 Eram.,tom.
1507 5370 1594 5438 ΙΙΙ,
1625 5386 1684 5440 p.
1713 5370 1837 5424 400.

497 5437 540 5505 c)
568 5435 798 5509 Chifﬂ.,_
823 5437 1041 5507 praefat.
1089 5439 1160 5493 ad
1208 5435 1364 5494 Marii
1411 5435 1646 5509 Chron.;
1687 5440 1838 5494 inter
1884 5440 2019 5496 Hist.

402 5505 672 5582 Francgr.
695 5505 1264 5582 scriptor.,_Duchén.,
1290 5514 1431 5565 tom.
1464 5513 1506 5581 Ι,
1534 5528 1594 5582 p.
1622 5505 1746 5566 210.

471 5576 552 5711 ἔα)
580 5577 784 5646 Coint.,
806 5576 922 5632 loc.
950 5576 1045 5632 cit.

491 5648 535 5711 e)
561 5647 757 5711 Vales.,
784 5648 916 5703 Her.
947 5649 1045 5703 Fra

399 5639 916 5770 4IT(7e)'Vales.,'Ber.
947 5649 1146 5703 Franc.
1174 5646 1273 5702 lib.
1304 5664 1418 5714 xvr,
1448 5653 1586 5705 tom.
1606 5653 1672 5719 II,
1694 5667 1865 5724 pagg.
1895 5653 2022 5713 4641

471 5783 535 5856 (Γ)
565 5785 731 5845 Conc.
755 5791 892 5846 tom.
925 5789 1010 5855 Vl,
1038 5802 1098 5860 Ρ.
1127 5787 1252 5857 680,
1283 5787 1416 5842 edit.
1455 5790 1473 5841 1
1509 5788 1644 5846 Ven.
1674 5789 1842 5846 Labb.

2117 2091 2397 2145 Gallicano
2427 2107 2441 2144 :
2470 2090 2619 2160 quod
2642 2095 2830 2145 tamen
2857 2088 3120 2160 praestitit
3141 2087 3560 2142 eruditissimus
3576 2086 3750 2142 Clau-

2117 2183 2243 2238 dius
2291 2183 2636 2238 Castellanus
2663 2181 2759 2252 (h).
2810 2183 3092 2238 Caeterum
3135 2181 3284 2235 beati
3333 2179 3490 2235 Marii
3540 2196 3754 2250 corpus

2115 2277 2422 2330 Lausannas
2465 2277 2752 2346 sepultum
2794 2280 2879 2330 est
2915 2276 2975 2329 in
3014 2275 3135 2329 teda
3158 2272 3336 2328 sancti
3363 2272 3585 2343 Thyrsi,
3620 2289 3755 2344 qua

2117 2374 2308 2440 postea
2332 2369 2510 2424 sancti
2549 2369 2699 2424 Marii
2727 2384 2936 2423 nomen
2967 2369 3203 2439 accepit.
3231 2368 3356 2420 Haec
3381 2365 3580 2437 paucis
3611 2381 3754 2420 con-

2117 2463 2355 2517 trahunt
2397 2461 2675 2517 Adrianus
2704 2461 2948 2515 Valesius
2973 2461 3024 2530 (z)
3055 2465 3111 2514 et
3145 2459 3398 2516 Cointius
3425 2458 3505 2527 (α).
3558 2459 3757 2513 Latius

2116 2555 2291 2610 refert
2335 2554 2642 2625 Basnagius
2671 2553 2779 2624 (k);
2818 2553 2918 2624 qui
2965 2553 3134 2608 verbo
3183 2556 3349 2607 tenus
3398 2552 3756 2609 Chiﬂletium

2117 2647 2458 2716 exscribens,
2487 2663 2786 2718 suppresso
2815 2649 3005 2700 tamen
3043 2646 3165 2716 ejus
3204 2647 3459 2712 nomine,
3486 2647 3757 2700 bifariam

2119 2746 2289 2809 errat,
2317 2756 2568 2795 asserens
2594 2738 2914 2794 interfuisse
2942 2739 3177 2794 Marium
3221 2738 3455 2793 concilio
3493 2739 3758 2793 Matisco-

2119 2834 2281 2889 nensi
2323 2851 2396 2901 1v,
2441 2833 2674 2904 ejusque
2714 2832 3032 2886 Chronicon
3071 2831 3142 2886 ab
3182 2848 3333 2886 anno
3373 2832 3478 2886 465
3523 2832 3763 2887 initium

2121 2928 2346 2982 ducere.

2193 3023 2256 3076 ΙΙ.
2285 3019 2541 3091 Episcopi
2590 3021 2760 3090 hujus
2801 3019 3177 3074 Aventicensis
3225 3035 3407 3073 unum
3433 3019 3760 3074 Chronicon

2121 3120 2394 3185 superest,
2427 3114 2665 3169 strictim
2685 3117 3015 3168 contextum
3041 3129 3073 3167 a
3096 3104 3354 3184 tempore
3382 3129 3497 3184 quo
3515 3115 3763 3184 Prosper

2121 3209 2379 3262 desierat.
2437 3207 2639 3278 Incipit
2680 3211 2872 3261 autem
2915 3207 2984 3260 ab
3020 3223 3168 3260 anno
3210 3205 3419 3260 Christi
3463 3208 3590 3272 455,
3644 3224 3760 3278 quo

2123 3302 2328 3356 levatus
2353 3306 2427 3356 est
2451 3301 2648 3355 Avitus
2681 3303 2974 3370 imperator
2996 3303 3054 3354 in
3083 3301 3314 3362 Gallias,
3341 3315 3526 3370 usque
3556 3300 3628 3353 ad
3651 3316 3758 3354 an-

2121 3411 2261 3449 num
2293 3397 2413 3464 581,
2443 3410 2555 3465 quo
2604 3391 2926 3449 Mumlnolus
2958 3395 3224 3463 patricius
3249 3392 3391 3462 fuga
3417 3408 3477 3446 se
3508 3393 3756 3447 Avenio-

2120 3503 2254 3541 nem
2295 3487 2526 3558 recepit,
2568 3503 2706 3540 anno
2731 3489 2763 3540 2
2804 3487 3108 3540 consulatus
3146 3486 3362 3550 ,Tiberii
3413 3487 3760 3542 Constantini

2121 3583 2375 3648 Augusti,
2406 3580 2696 3634 indictione
2735 3581 2819 3634 14.
2845 3579 3006 3643 Quod
3042 3579 3238 3633 itidem
3276 3583 3470 3632 narrat
3498 3579 3758 3647 ejusdem

2125 3674 2227 3726 arvi
2263 3672 2502 3742 scriptor
2544 3672 2847 3743 Gregorius
2889 3672 3226 3726 Turonensis
3255 3671 3356 3742 (1);
3409 3672 3574 3742 cujus
3623 3688 3758 3742 pro-

2125 3771 2318 3836 pterea
2360 3765 2653 3818 historiam
2702 3763 3113 3836 chronologicis
3152 3764 3300 3818 notis
3337 3764 3471 3818 satis
3518 3765 3758 3819 destitu-

2123 3863 2260 3924 tam,
2303 3874 2480 3929 eoque
2525 3858 2930 3926 obscuriorem,
2977 3859 3020 3912 si
3069 3858 3196 3930 quis
3238 3874 3370 3912 cum
3423 3858 3762 3928 hujusmodi

2123 3951 2276 4006 Marii
2297 3951 2563 4021 opusculo
2587 3951 2886 4022 diligenter
2907 3951 3226 4019 contulerit,
3256 3967 3324 4005 ex
3357 3967 3426 4005 eo
3460 3951 3758 4006 enimvero

2125 4045 2306 4098 eidem
2334 4044 2590 4098 Historiae
2609 4045 2965 4115 Gregorianaa
2984 4061 3248 4115 magnam
3274 4044 3460 4098 lucem
3489 4045 3762 4099 accedere

2124 4137 2290 4207 plane
2341 4137 2659 4208 intelliget:
2699 4154 2826 4208 quae
2855 4143 2940 4192 est
2972 4138 3247 4192 sententia
3288 4137 3494 4207 saepius
3541 4137 3760 4192 laudati

2126 4229 2412 4296 Chifﬂetii,
2457 4229 2546 4284 cui
2576 4230 2821 4284 concinit
2868 4234 2926 4285 et
2968 4231 3224 4286 Cointius
3268 4229 3376 4302 (m).
3433 4232 3646 4284 Verum
3688 4231 3759 4285 de

2127 4323 2358 4394 hujusce
2369 4323 2637 4378 Chronici
2660 4323 2842 4394 pretio
2867 4323 3054 4394 ipsum
3073 4323 3448 4378 clarissimum
3475 4324 3760 4380 editorem

2126 4417 2489 4472 disserentem
2516 4416 2713 4470 audire
2730 4419 2960 4486 praestat
2989 4433 3002 4470 :
3031 4439 3059 4466 «
3088 4415 3436 4471 Desideratus
3459 4423 3545 4471 est
3569 4417 3762 4472 hacte-

2127 4526 2253 4579 nus,
2271 4509 2474 4580 inquit,
2502 4508 2770 4580 antiquus
2797 4509 3171 4580 scriptor,qui
3195 4509 3468 4564 occidenti
3497 4511 3761 4566 Romano

2126 4602 2300 4656 veteri
2348 4602 2587 4673 imperio
2615 4601 2788 4656 funus
2830 4602 3080 4672 duceret,
3108 4603 3207 4674 qui
3246 4603 3627 4658 barbarorum
3663 4605 3762 4659 illa

2125 4700 2400 4765 tempora,
2450 4695 2765 4764 provincias
2811 4695 3052 4749 Romani
3091 4695 3237 4766 juris
3304 4696 3479 4750 armis
3525 4697 3762 4752 arbitris

2125 4787 2277 4841 inter
2317 4803 2375 4840 se
2431 4786 2802 4842 dividentium
2851 4787 3192 4858 illustraret;
3244 4789 3345 4860 qui
3383 4789 3755 4855 Francorum,

2127 4879 2616 4950 Burgundionum,
2634 4880 3058 4951 Gothorumque
3073 4897 3278 4951 regum
3309 4886 3568 4936 veterum
3595 4899 3758 4938 exon

2125 4973 2235 5038 dia,
2266 4989 2356 5027 res
2377 4977 2580 5042 gestas,
2609 4973 2908 5044 obitusque
2933 4973 3160 5044 optimis
3194 4979 3521 5046 temporum
3548 4976 3754 5031 chara-

2124 5060 2370 5116 cteribus
2393 5061 2768 5133 consignaret.
2799 5063 2866 5117 Et
2889 5062 3077 5116 nescio
3105 5062 3244 5134 quid
3258 5062 3529 5118 libaverat
3555 5070 3759 5120 auctor

2215 5232 2265 5302 g)
2306 5229 2587 5302 Chililet,
2600 5230 2706 5284 loc.
2731 5229 2833 5302 cit.

2216 5297 2372 5373 MM.
2403 5300 2704 5373 Chatelain,
2731 5297 3012 5373 martyrol.
3040 5299 3285 5355 univers.
3315 5316 3448 5373 pag.
3479 5303 3606 5358 663.

2216 5317 2267 5369 η)
2296 5317 2372 5356 Μ.
2403 5317 2704 5381 unaunam,
2731 5317 3012 5381 martyroi.
3040 5317 3285 5355 umvers.
3306 5317 3360 5426 Ρ

2215 5371 2254 5511 ιζ
2281 5371 2484 5452 Vales.,
2511 5371 2622 5426 loc.
2651 5375 2770 5452 cit.,
2797 5370 2896 5425 11b.
2919 5387 3037 5436 χιιι,
3070 5387 3200 5443 pag.
3235 5374 3303 5426 27
3347 5413 3360 5426 .

2215 5459 2234 5510 π
2280 5442 2486 5510 Comt.,
2513 5442 2617 5496 loc.
2643 5447 2738 5496 cit.

2229 5441 2254 5510 ῐ)
2280 5442 2486 5510 Coint.,
2513 5442 2617 5496 loc.
2643 5441 2738 5496 cit.

2216 5513 2260 5584 Ιί)
2284 5513 2550 5586 Basnag.,
2574 5513 2777 5586 Annal.
2807 5511 2964 5566 Polit.
2995 5513 3153 5581 eccl.,
3186 5511 3258 5566 ad
3284 5529 3418 5568 ann.
3443 5516 3569 5580 581,
3591 5515 3626 5586 §
3655 5520 3744 5583 10,

2120 5587 2257 5638 tom.
2282 5585 2370 5654 ΙΙΙ,
2398 5599 2528 5654 pag.
2561 5584 2684 5638 874.

2191 5601 2257 5638 En.
2282 5601 2370 5648 ιιι,
2398 5601 2469 5654 pa
2516 5623 2528 5636 .
2561 5601 2684 5638 διιιν.

2191 5601 2874 5730 (O‘Greg._¥uron.,.ﬂist.
2905 5653 3100 5730 Franc.
3127 5653 3226 5712 lib.
3251 5671 3323 5728 v1,
3349 5672 3467 5730 cap.
3499 5659 3552 5712 1.

2191 5723 2278 5796 (m)
2305 5724 2510 5793 Coint.,
2537 5725 2646 5781 loc.
2675 5723 2792 5794 cit.,
2821 5741 2880 5796 p.
2907 5727 3030 5780 219.

2196 5229 2212 5434 ἓ
