3996 6188
205 339 288 397 793
1641 318 2042 396 CHHONICON.

3417 335 3520 398 794

199 437 496 518 appendicis
542 436 613 498 ad
663 439 1050 499 Marcellinum
1101 440 1368 498 comitem
1395 457 1409 497 :
1450 441 1548 498 sed
1590 441 1639 498 is
1679 442 1792 499 huc
1814 457 1873 531 Α
1891 448 2001 513 tos,
2028 443 2117 499 vel
2141 441 2212 499 ob
2233 457 2323 498 res
2352 458 2422 498 ex
2449 442 2656 516 quibus
2685 445 2920 515 constat,
2950 443 3039 502 vel
3069 446 3301 518 propter
3322 449 3516 502 aucto-

199 554 357 610 usque
381 539 457 592 ita
492 536 832 592 deformatus
865 537 926 592 in
969 536 1262 608 publicum
1301 535 1532 608 prodiit,
1569 541 1636 592 ut
1663 554 1793 594 cum

197 631 352 687 trium
375 631 640 686 duntaxat
665 630 912 686 Francia;
938 646 1143 702 regum
1162 630 1346 685 exitus
1368 630 1788 702 perstrinxerit,

198 724 510 780 Childeberti
545 723 775 794 quidem
841 724 1080 779 senioris
1136 723 1356 779 obitum
1422 740 1572 779 anno
1633 741 1786 794 uno;

199 818 439 876 Chramni
460 833 592 872 vero
613 817 848 887 caedem,
877 821 1000 872 tum
1026 817 1195 872 etiam
1214 817 1592 873 Theodebaldi
1620 817 1790 873 inter-

199 912 338 980 itum,
367 911 591 966 biennio
628 913 960 966 antevertat.
992 911 1160 965 Plura
1181 911 1239 966 id
1268 927 1448 982 genus
1467 914 1524 965 et
1553 911 1789 981 diligen-

195 1005 290 1060 tius
329 1004 385 1058 in
431 1004 536 1058 hoc
582 1005 850 1074 opusculo
895 1004 1158 1058 adnotata
1203 1005 1380 1074 leges.
1436 1004 1788 1059 Thesaurum

195 1097 326 1152 hunc
359 1097 426 1150 ad
451 1096 594 1150 hanc
629 1113 812 1168 usque
849 1097 999 1152 diem
1037 1096 1345 1166 defossum,
1384 1113 1447 1151 ac
1477 1113 1549 1152 ne
1574 1097 1782 1168 quaesi-

197 1193 301 1244 tum
335 1189 577 1260 quidem,
630 1190 774 1245 forte
824 1190 1172 1245 membranas
1207 1189 1600 1245 vetustissima:
1645 1189 1787 1245 mihi

194 1283 508 1354 objecerunt,
540 1283 878 1355 inscriptum
907 1283 1076 1339 Mario
1114 1283 1394 1355 episcopo.
1422 1285 1600 1348 Quem
1625 1287 1690 1338 ut
1725 1283 1785 1338 in

190 1377 560 1449 persequendis
617 1377 1085 1449 Burgundionum
1148 1377 1317 1432 rebus
1379 1377 1785 1432 accuratiorem

191 1470 304 1539 vidi,
328 1487 386 1524 ac
397 1469 736 1525 nominatim
760 1471 819 1526 in
835 1470 1102 1526 Vallensis
1114 1471 1238 1542 agri
1260 1470 1330 1526 ad
1346 1469 1536 1525 lacum
1555 1471 1786 1524 Leman-

191 1579 328 1630 num,
348 1563 832 1636 ﬁnitimorumque
855 1564 1278 1635 Agaunensium
1299 1563 1683 1619 describendis
1698 1580 1785 1618 ca-

192 1655 336 1724 sibus,
349 1657 606 1727 expensis
626 1673 823 1713 rerum
844 1657 1122 1727 omnium,
1137 1657 1407 1726 nominis,
1423 1656 1779 1724 conditionis,

189 1749 411 1804 locorum
435 1754 873 1822 temporumque
887 1750 1181 1821 adjunctis,
1207 1766 1322 1805 non
1349 1749 1621 1819 dubitavi,
1643 1749 1783 1820 quin

1891 539 1967 594 ris
1997 539 2394 610 antiquitatem
2422 556 2439 608 ;
2480 539 2580 611 qui
2603 539 2869 596 videlicet
2895 541 3135 597 Heraclii
3163 541 3520 613 imperatoris

1890 649 2041 688 anno
2085 633 2170 698 14,
2199 632 2428 687 Clotarii
2479 649 2648 704 porro
2697 634 2930 689 secundi
2977 635 3319 690 Francorum
3365 635 3516 708 regis

1889 740 2038 779 anno
2083 726 2172 794 40,
2205 725 2312 779 hoc
2338 731 2422 780 est
2472 741 2623 780 anno
2653 725 2858 782 Christi
2885 729 2986 782 623
3014 729 3116 782 aut
3151 727 3254 783 624
3282 743 3409 783 eam
3456 745 3515 784 se

1889 817 2280 888 conscripsisse
2335 817 2634 891 signiﬁcat.
2664 840 2694 868 »
2751 820 2833 874 Ex
2876 820 2984 874 hac
3023 836 3158 874 sane
3201 821 3515 892 appendice

1887 911 2126 983 dignum
2153 912 2370 966 censuit
2387 913 2541 984 quod
2567 912 2906 968 exscriberet
2931 913 3272 969 clarissimus
3297 915 3511 968 Ruina-

1886 1005 2104 1060 nartius
2127 1009 2460 1077 excerptum
2472 1007 2542 1062 de
2565 1009 2748 1062 morte
2777 1006 3150 1062 Brunichildis
3178 1007 3392 1079 reginae
3423 1007 3514 1079 (b),

1885 1097 1957 1152 ad
2013 1097 2414 1154 illustrandum
2473 1099 2748 1154 nimirum
2822 1099 3142 1171 Fredegarii
3194 1100 3514 1156 Scholastici

1885 1190 2205 1247 Chronicon
2230 1191 2330 1246 ubi
2356 1207 2422 1246 ea
2447 1193 2517 1246 de
2535 1209 2598 1246 re
2629 1193 2842 1248 mentio
2871 1193 2956 1264 (ο),
2989 1193 3246 1248 Historiae
3271 1195 3509 1250 Franco-

1884 1299 2017 1338 rum
2043 1284 2298 1355 Gregorii
2319 1285 2658 1340 Turonensis
2673 1285 3010 1357 subjectum.
3028 1285 3285 1342 Notanda
3298 1303 3430 1342 vero
3452 1287 3513 1342 in

1882 1377 2085 1448 primis
2109 1393 2393 1432 annorum
2417 1393 2639 1432 summa
2661 1395 2834 1450 quam
2863 1380 2934 1433 ab
2961 1379 3192 1434 exordio
3221 1379 3422 1434 mundi
3441 1381 3512 1436 ad

1883 1486 2044 1525 suam
2064 1487 2242 1542 usque
2262 1476 2487 1528 aetatem
2500 1477 2849 1527 contractam
2870 1472 2940 1527 ad
2964 1472 3138 1527 finem
3163 1489 3276 1527 suae
3301 1490 3513 1544 appen-

1883 1562 2020 1618 dicis
2040 1563 2270 1619 exhibet
2287 1564 2380 1620 hic
2395 1581 2712 1636 anonymus
2729 1569 2947 1636 auctor,
2965 1566 3369 1621 conferendam
3381 1582 3512 1621 cum

1881 1655 2171 1727 superiore
2199 1673 2375 1728 quam
2401 1673 2471 1712 ex
2495 1657 2666 1714 Mario
2693 1659 3051 1714 Aventicensi
3083 1658 3504 1730 descripsimus.

1883 1748 1968 1803 Sic
1993 1749 2149 1804 enim
2179 1749 2274 1803 ille
2303 1766 2316 1804 :
2345 1753 2507 1805 Fiunt
2528 1753 2720 1820 igitur,
2742 1751 2948 1822 inquit,
2981 1753 3050 1806 ab
3073 1753 3293 1806 θετονάἰο
3321 1754 3514 1807 mundi

101 1894 110 1902 .
188 1841 226 1896 is
245 1842 352 1914 ipse
375 1850 516 1899 esset
556 1843 760 1898 Marius
801 1843 1182 1900 Aventicensis
1229 1859 1327 1898 seu
1373 1842 1782 1898 Lausannensis
1801 1823 1858 1894 Β
1880 1858 2047 1912 usque
2097 1845 2156 1896 in
2203 1845 2406 1898 Herum
2451 1849 2787 1913 praesentem,
2814 1845 2874 1898 id
2918 1849 3014 1908 est,
3054 1846 3296 1900 Heraclii
3346 1846 3430 1912 14,
3459 1850 3512 1902 et

189 1935 468 2007 episcopus.
495 1958 524 1986 »
557 1939 840 1994 Hactenus
863 1937 951 1991 vir
986 1937 1257 1992 eruditus.

243 2030 320 2084 Ill.
348 2031 419 2084 De
454 2030 657 2086 eodem
697 2031 976 2085 Chronico
1007 2031 1175 2085 verba
1219 2030 1487 2085 facientes
1524 2030 1778 2085 Historiae

186 2121 438 2177 litterariae
465 2123 688 2178 Gallica:
704 2127 977 2192 auctores,
1008 2123 1191 2194 primo
1211 2123 1509 2178 advertunt
1535 2121 1605 2194 [a)
1633 2123 1692 2178 in
1713 2140 1779 2178 eo

185 2215 322 2284 plura
353 2216 491 2271 scitu
528 2217 701 2288 digna
741 2233 1054 2286 occurrere,
1084 2233 1212 2287 quae
1240 2216 1375 2270 alibi
1399 2216 1606 2270 frustra
1631 2233 1779 2287 quae-

185 2313 356 2362 rantur
379 2327 395 2377 ;
423 2309 628 2364 deinde
656 2309 802 2364 illius
817 2309 1152 2380 scriptorem
1167 2309 1226 2363 in
1242 2310 1441 2363 mundi
1465 2309 1626 2364 annis
1639 2326 1775 2380 sup-

182 2402 419 2472 putandis
451 2419 581 2458 eam
624 2403 814 2458 iniisse
861 2402 1158 2471 rationem,
1197 2401 1288 2456 cui
1324 2403 1570 2473 pressius
1613 2402 1773 2457 dein-

183 2510 291 2566 ceps
314 2495 532 2550 inhaesit
546 2495 853 2566 Gregorius
877 2495 1218 2550 Turonensis
1243 2511 1255 2548 :
1276 2495 1527 2566 illudque
1545 2501 1776 2566 praster-

181 2604 234 2641 ea
272 2589 595 2658 observant,
633 2589 870 2643 Marium
898 2589 958 2643 in
995 2605 1121 2644 eam
1160 2588 1510 2644 descendisse
1547 2593 1772 2643 senten-

183 2680 312 2750 tiam,
342 2687 402 2736 ut
443 2682 782 2737 existimarit
805 2699 841 2736 a
857 2685 1128 2753 principio
1156 2683 1348 2737 mundi
1390 2697 1556 2750 usque
1581 2683 1658 2736 ad
1681 2699 1776 2737 an-

180 2789 288 2828 num
323 2779 560 2845 primum
603 2777 908 2832 consulatus
967 2779 1170 2832 Justini
1224 2777 1464 2830 ,Μηίονες
1513 2775 1771 2845 Augusti,

180 2868 344 2923 indici.
368 2873 448 2936 15,
473 2869 532 2923 id
559 2873 664 2938 est,
691 2885 871 2940 usque
897 2869 966 2923 ad
1005 2885 1219 2924 annum
1251 2871 1350 2923 567
1376 2884 1552 2922 annos
1571 2884 1772 2922 excur-

178 2961 293 3015 risse
317 2978 678 3018 vxoccuvni.
721 2963 814 3017 His
855 2968 1043 3017 autem
1081 2962 1319 3032 aliisque
1349 2961 1770 3029 animadversis,

177 3053 456 3110 admonent
481 3056 544 3110 in
576 3072 830 3110 errorem
863 3055 1164 3127 aliquando
1199 3055 1370 3110 fuisse
1405 3055 1625 3125 lapsum
1668 3071 1771 3109 au-

177 3151 380 3203 ctorem.

237 3242 309 3295 IV.
331 3241 588 3296 Praesulis
617 3241 795 3296 nostri
818 3241 1202 3296 Aventicensis
1227 3241 1503 3296 Chronico
1541 3241 1768 3312 subjici-

173 3337 252 3387 tur
272 3335 569 3405 appendix,
602 3335 671 3388 de
697 3351 808 3406 qua
841 3335 962 3388 haec
1009 3333 1326 3389 Chifﬂetius
1356 3351 1370 3388 :
1403 3353 1431 3386 «
1459 3333 1616 3398 Quod
1641 3350 1768 3404 spe-

175 3431 266 3480 ctat
291 3428 357 3481 ad
391 3428 548 3484 Marii
574 3427 944 3500 appendicem
977 3444 1148 3498 quam
1183 3445 1252 3482 ex
1297 3427 1500 3482 iisdem
1526 3426 1772 3496 antiquis

172 3521 486 3576 membranis
515 3521 921 3592 excerpsimus,
949 3521 1287 3576 contractior
1311 3521 1405 3574 illa
1433 3519 1666 3590 quidem
1688 3522 1773 3572 est

172 3627 318 3680 quam
346 3615 658 3686 optandum
704 3617 868 3683 esset,
898 3630 1002 3668 nec
1031 3619 1250 3669 certum
1277 3612 1520 3668 auctoris
1559 3627 1770 3666 nomen

171 3708 387 3775 praefert.
423 3709 604 3764 Suum
626 3713 818 3763 tamen
859 3708 1105 3779 pretium
1141 3707 1370 3762 habebit
1392 3705 1544 3777 apud
1569 3704 1762 3760 erudi-

230 3850 294 3922 (a)
319 3855 454 3908 Hist.
484 3855 654 3908 littér.
689 3853 755 3906 de
793 3853 848 3906 la
873 3855 1092 3914 Franc.,
1119 3852 1224 3906 loc.
1267 3851 1360 3905 cit.
1390 3867 1526 3922 pag.
1551 3850 1678 3904 401.

229 3922 287 3992 (bl
315 3924 570 4012 aninai't.
593 3965 607 3992 ,
665 3923 724 3977 in
789 3922 1034 3995 append.
1093 3923 1160 3976 ad
1222 3921 1453 3992 Gregor.
1482 3921 1487 3922 “
1523 3922 1730 3974 Turon.
1753 3961 1766 3986 ,

171 4007 282 4132 pagi
309 3997 563 4137 iigiég"
617 4064 826 4120 Chron.
875 4081 998 4136 cap.
1049 4065 1138 4134 42,
1169 4081 1228 4134 p.
1274 4064 1399 4130 523,
1447 4062 1580 4117 edit.
1631 4063 1766 4117 Gre-

1881 1937 2248 1994 Chlotha-carii
2267 1939 2410 2004 regis
2433 1952 2636 1990 annum
2661 1937 2749 2005 40,
2781 1940 2916 1991 anni
2944 1953 3289 1993 vuncccxm.

1948 2029 2011 2082 V.
2035 2029 2152 2083 Erit
2187 2029 2418 2083 fortasse
2444 2045 2547 2083 cur
2573 2029 2858 2101 quispiam
2887 2030 3132 2084 miretur
3158 2030 3504 2101 praetermis-

1879 2137 2006 2174 sum
2042 2139 2076 2174 a
2099 2121 2346 2176 Gerardo
2374 2123 2589 2176 Joanne
2637 2122 2845 2189 Vossio,
2881 2126 3082 2178 caetera
3122 2123 3502 2191 solertissimo,

1876 2220 2134 2268 nostrum
2162 2215 2684 2286 chronographum,
2703 2215 2858 2270 haud
2873 2221 3023 2271 certe
3047 2216 3348 2288 imparem,
3371 2233 3507 2287 quo-

1876 2307 2045 2361 modo
2079 2307 2222 2361 mihi
2253 2308 2592 2379 persuadeo,
2617 2310 2911 2380 Prospero,
2942 2309 3139 2376 ldacio,
3187 2309 3505 2364 Marcellino

1877 2400 2087 2468 comiti,
2121 2401 2327 2455 Victori
2367 2402 2718 2470 Tuuunensi,
2749 2402 2956 2456 Joanni
2991 2402 3318 2457 Biclariensi
3349 2402 3502 2457 aliis-

1875 2509 2006 2564 que,
2040 2493 2109 2548 de
2140 2493 2346 2564 quibus
2374 2494 2468 2548 ille
2497 2495 2668 2549 verba
2694 2495 2828 2550 facit
2853 2495 2914 2550 in
2940 2495 3097 2550 libris
3127 2495 3196 2550 de
3219 2495 3506 2550 Historicis

1877 2585 2102 2640 Latinis.
2135 2587 2326 2658 Neque
2364 2603 2497 2642 vero
2538 2588 2869 2659 hujusmodi
2905 2588 3134 2643 chasma
3159 2605 3226 2643 eo
3249 2589 3309 2642 in
3335 2604 3504 2660 opere

1875 2679 2279 2749 complendum
2317 2681 2533 2735 curavit
2580 2681 2817 2736 Sandius
2843 2681 2903 2736 in
2945 2681 3059 2736 suis
3087 2682 3504 2752 Supplementis

1875 2770 2158 2824 Vossianis
2187 2787 2200 2824 :
2235 2772 2387 2842 quod
2419 2777 2631 2842 tamen,
2679 2774 2871 2845 paucis
2897 2774 3044 2842 licet,
3073 2774 3336 2844 praestitit
3368 2774 3506 2828 Hal-

1873 2864 2186 2918 lervordius
2220 2864 2314 2934 (ά).
2359 2866 2611 2920 Miraeum
2653 2872 2930 2936 praetereo
2955 2867 3308 2937 Caveumque
3333 2872 3504 2939 atque

1874 2956 2184 3025 Oudinum,
2213 2957 2312 3028 qui
2333 2957 2401 3012 de
2432 2964 2625 3013 nostro
2653 2959 2923 3030 scriptore
2948 2959 3092 3014 nihil
3115 2959 3267 3025 novi,
3291 2965 3502 3032 praeter

1873 3065 1937 3104 ea
1965 3067 2094 3121 qua:
2120 3067 2186 3105 ex
2241 3051 2520 3107 Chiftletio
2573 3053 2942 3124 exscripsere,
2969 3053 3030 3106 in
3067 3053 3320 3107 medium
3362 3052 3499 3107 affe-

1792 3186 1846 3260 C
1872 3148 2025 3198 runt.
2058 3143 2142 3198 Ad
2170 3144 2480 3199 editionem
2509 3149 2762 3200 nostram
2781 3147 2931 3217 quod
2960 3145 3182 3213 attinet,
3215 3161 3342 3200 eam
3371 3146 3497 3200 dili-

1873 3239 2076 3307 genter
2104 3237 2400 3308 exegimus
2427 3239 2498 3292 ad
2527 3255 2700 3292 unam
2734 3239 2882 3293 Petri
2912 3238 3186 3293 Francisci
3214 3239 3499 3307 Chiftletii,

1870 3330 1967 3400 qui
1997 3329 2152 3385 Marii
2193 3331 2512 3385 Chronicon
2539 3348 2606 3385 ex
2637 3338 2962 3402 pervetusto
2993 3332 3194 3386 Codice
3243 3348 3350 3386 ms.
3379 3332 3494 3402 pri-

1872 3439 2000 3476 mus
2037 3423 2096 3476 in
2120 3422 2306 3476 lucem
2333 3423 2507 3478 edidit
2529 3425 2680 3478 inter
2709 3425 2963 3478 Historiae
2991 3425 3331 3478 Francorum
3359 3424 3496 3478 scri-

1869 3520 2059 3585 ptores
2091 3520 2422 3582 coaetaneos,
2455 3532 2627 3586 opera
2651 3521 2708 3571 et
2735 3516 2922 3571 studio
2953 3517 3196 3571 Andreae
3226 3517 3302 3572 du
3325 3517 3497 3572 Chéne

1870 3623 2019 3662 anno
2047 3609 2180 3662 1636
2206 3607 2443 3662 Lutetiae
2468 3607 2810 3663 Parisiorum
2848 3609 3152 3679 evulgatos.

1871 3863 1974 3920 gor
1988 3849 2208 3920 iTuron.

1871 3918 1910 4043 ὲ
1943 3918 2308 4044 ξίλΗᾶΙΙθτῑ,
2342 3919 2533 3991 Spicil.
2561 3921 2630 3974 de
2657 3920 2794 3976 Hist.
2821 3921 3024 3991 Latin.,
3047 3938 3178 3992 pag.
3201 3925 3326 3992 759,
3357 3921 3492 3977 edit.

1913 4006 1946 4044 a
1988 4006 2086 4044 ric.

181 4243 3372 4256 ____—__—.—__—__————————_—_

1539 4365 2091 4484 MABII

1340 4549 1906 4616 AVENTICENSIS
1951 4551 2304 4616 EPISCOPI

1147 4701 2491 4921 CHWON.

229 5002 387 5072 Usque
401 5003 488 5058 hic
506 5006 735 5074 Prosper
753 5023 770 5058 :
789 5021 904 5075 quae
925 5009 1220 5075 sequuntur
1236 5005 1448 5060 Marius
1467 5005 1760 5074 episcopus.
1781 4987 1841 5058 D
1934 4999 2406 5056 CONSTANTINO
2437 5001 2519 5056 ET
2550 5001 2756 5070 RUFO,

221 5095 449 5150 Consule
473 5113 642 5169 supra
657 5097 862 5169 scripto
885 5098 1100 5152 levatus
1125 5101 1212 5152 est
1236 5098 1430 5153 Avitus
1449 5097 1762 5167 imperator

164 5182 211 5236 in
237 5185 429 5243 Gallias
461 5207 474 5244 :
508 5195 562 5244 et
585 5190 872 5263 ingressus
897 5196 982 5247 est
1013 5191 1392 5248 Theodoricus
1420 5207 1519 5246 rex
1547 5189 1757 5245 Gotho-

163 5291 274 5333 rum
301 5283 520 5337 Arelato
549 5300 679 5338 cum
703 5284 968 5340 fratribus
992 5285 1108 5340 suis
1131 5285 1191 5340 in
1217 5301 1376 5357 pace.

221 5371 469 5428 JOANNE
498 5376 582 5430 ET
608 5376 902 5432 VARANA.

223 5461 306 5515 His
344 5465 668 5520 consulibus
705 5466 954 5537 dejectus
1009 5469 1094 5522 est
1139 5465 1335 5521 Avitus
1385 5465 1698 5537 imperator
1723 5481 1756 5518 a

162 5550 444 5623 Majoriano
470 5561 526 5612 et
566 5558 848 5614 Ricimere
888 5559 1186 5627 Placentia,
1231 5564 1288 5614 et
1311 5558 1488 5614 factus
1519 5561 1605 5611 est
1633 5557 1754 5629 epi-

161 5659 342 5718 sc0pus
369 5651 431 5704 in
457 5651 694 5706 civitate.

1931 5093 2315 5150 MAJORIANO
2346 5095 2430 5149 ET
2467 5093 2710 5162 LEONE,

1930 5187 2278 5242 RECIMEBE
2314 5187 2398 5242 ET
2427 5186 2761 5256 PATRICIO,

1929 5279 2160 5335 MAGNO
2203 5281 2290 5358 8T
2335 5279 2782 5335 APOLLONARE
2829 5281 2936 5350 [Εω
2984 5281 3146 5347 fastis
3190 5280 3483 5338 APOLLO-

3222 5375 3328 5430 lOl.

3169 5375 3285 5430 NlO
3311 5413 3328 5429 .

1929 5467 2024 5522 His
2053 5466 2374 5522 consulibus
2401 5465 2744 5559 Maiorianus
2765 5467 3072 5540 imperator
3099 5375 3381 5541 profecltus
3399 5469 3484 5521 est

1857 5559 1929 5615 ad
1955 5559 2266 5630 Hispanias.

1923 5655 2000 5708 Eo
2029 5669 2178 5708 anno
2203 5657 2381 5724 captae
2409 5659 2542 5710 sunt
2559 5671 2730 5711 naves
2757 5673 2791 5711 a
2820 5655 3078 5713 Vandalis
3104 5653 3175 5709 ad
3205 5651 3427 5706 Elecem
3455 5665 3474 5718 ;

220 5713 290 5793 Eb
313 5758 462 5796 anno
492 5745 920 5816 Burgundiones
952 5713 1177 5818 partem
1212 5744 1402 5800 Galliae
1445 5762 1752 5817 occupave-
1849 5745 2010 5816 juxta
2033 5713 2370 5816 Carthagine
2397 5747 2696 5819 Spartaria.

161 5838 293 5902 runt,
320 5841 608 5912 terrasque
636 5856 765 5897 cum
791 5839 956 5898 Gallis
981 5839 1336 5898 senatoribus
1354 5839 1679 5898 diviserunt.

1925 5838 2005 5894 SE
2014 5839 2141 5896 VEB
2150 5839 2258 5897 [ΝΟ
2289 5841 2375 5897 ΕΤ
2405 5839 2802 5898 DAGALAIFO.
