3996 6188
462 313 562 368 793

1599 315 1805 378 MAHll,
1839 314 2316 370 AVENTICENSIS
2353 313 2671 384 EPISCOPI,

3715 325 3812 378 796

527 420 622 476 His
648 419 967 476 consulibus
991 420 1239 492 dejectus
1266 423 1350 475 est
1377 421 1710 492 Majorianus
1739 424 1808 477 de
1837 421 2080 494 imperio
2103 433 2160 504 Α
2181 438 2273 476 cos
2297 427 2353 475 et
2395 421 2848 494 Burgundiones,
2879 421 3216 493 Godegeselo
3261 423 3367 478 hoc
3399 421 3586 479 dolose
3620 431 3816 480 contra

455 516 515 570 in
543 515 760 570 civitate
791 518 1031 570 Bertona
1051 532 1080 567 a
1107 515 1382 570 Ricimere
1395 515 1653 584 Patricio,
1678 520 1732 570 et
1759 516 2084 570 interfectus

457 613 542 664 est
565 625 734 683 super
763 611 847 665 Ira
871 608 1041 665 ﬂuvio
1065 626 1080 680 ;
1105 613 1160 663 et
1185 609 1396 664 levatus
1424 614 1508 665 est
1524 610 1762 665 Severus
1777 609 2085 682 imperator

456 707 717 761 Ravenna
729 748 741 762 .

522 800 740 854 LEONE
771 799 813 851 ιι
846 799 930 852 ΕΤ
963 797 1251 866 SEVERO,

523 891 806 958 BASILIO,
839 893 920 946 ET
949 891 1243 946 BIBIANO.

523 985 616 1038 His
656 985 979 1039 consulibus
1009 1002 1203 1055 pugna
1231 985 1374 1039 facta
1413 987 1497 1038 est
1539 983 1690 1039 inter
1715 985 2002 1055 Egidium
2029 989 2086 1040 et

451 1079 676 1145 Gothos,
705 1077 854 1132 inter
872 1078 1070 1148 Ligere
1092 1083 1147 1132 et
1163 1078 1514 1149 Ligerecino,
1537 1079 1702 1148 juxta
1721 1078 2034 1132 Aurelianis
2064 1095 2080 1147 ;

449 1170 642 1243 ibique
671 1171 998 1228 interfectus
1025 1173 1338 1226 Frediricus
1377 1188 1474 1226 rex
1503 1172 1831 1226 Gothorum.

519 1265 816 1320 OLYBRIO
849 1267 932 1319 ET
969 1266 1299 1336 RUSTICIO,

518 1359 949 1414 ERMENERICO
980 1361 1063 1413 ET
1094 1359 1463 1428 BASILISCO,

517 1452 738 1506 LEONE
765 1455 832 1506 ΙΙΙ
866 1453 950 1506 ΕΤ
977 1453 1327 1522 TASSIANO,

520 1545 733 1598 POSEO
763 1545 846 1598 ET
873 1545 1151 1598 JOANNE.

519 1637 612 1690 His
637 1637 962 1691 consulibus
998 1638 1212 1692 levatus
1256 1642 1338 1692 est
1362 1637 1697 1692 Anthemius
1747 1637 2078 1707 imperator.

522 1731 598 1784 Eo
623 1747 772 1784 anno
799 1731 1126 1785 interfectus
1153 1735 1237 1785 est
1257 1731 1634 1786 Theodoricus
1652 1747 1751 1785 rex
1768 1731 2080 1785 Gothorum

447 1841 479 1876 a
507 1823 678 1877 fratre
710 1841 810 1877 suo
841 1825 1143 1878 Euthorico
1169 1825 1429 1880 Tholosa.

480 1962 482 1964 ,
521 1918 864 1971 ΑΝΤΗΕΜΙΟ
893 1917 1227 1984 AUGUSTO,

521 2011 870 2066 MARCIANO
904 2011 986 2064 ET
1017 2011 1262 2078 LEONE,

518 2104 780 2158 SEVERO
807 2105 890 2159 ET
917 2104 1246 2172 JOBDANO,

518 2197 739 2252 LEONE
771 2199 836 2252 IV
865 2198 948 2252 ΕΤ
979 2197 1347 2266 PROBIANO,

527 2290 757 2358 FESTO,

521 2383 743 2436 LEONE
777 2383 838 2436 V.

523 2477 633 2530 Hoc
679 2476 905 2532 consule
949 2476 1160 2532 levatus
1203 2479 1286 2531 est
1315 2475 1602 2546 Glycerius
1635 2476 1943 2546 imperator
1973 2475 2076 2529 Ra-

447 2587 654 2625 venna.

521 2665 737 2718 LEONE
766 2665 1068 2719 JUNIOHE.

517 2759 628 2811 Hoc
653 2759 880 2811 consule
909 2757 1195 2827 depositus
1221 2761 1304 2811 est
1328 2755 1613 2826 Glycerius
1642 2755 1710 2809 de
1737 2753 1994 2826 imperio,
2025 2759 2082 2808 et

447 2851 662 2905 levatus
691 2855 774 2906 est
799 2867 974 2921 nepos
1003 2851 1330 2922 imperator.

515 2947 577 2999 P.
608 2945 667 2999 C.
701 2945 937 2999 LEONIS
965 2943 1271 2998 JUNlORIS
1301 2941 1610 3011 AUGUSTI,

521 3037 859 3091 BASILISCO
891 3038 974 3090 ET
1002 3037 1306 3090 ARMATO.

519 3128 612 3181 His
630 3128 952 3181 consulibus
977 3129 1188 3182 levatus
1213 3133 1296 3181 est
1314 3128 1597 3182 Odovacer
1625 3144 1745 3183 rex.

519 3222 578 3274 P.
607 3223 666 3277 C.
695 3220 1013 3277 BASILISCI
1041 3221 1124 3275 ET
1149 3221 1429 3288 ΑΒΜΑΤΙ,

517 3313 780 3382 ILLONE,

520 3407 806 3474 ZENONE,

516 3499 778 3554 BASlLlO
808 3499 1115 3570 JUNIOBE,

514 3588 826 3656 PLACIDO,

517 3681 847 3734 SEVERINO
877 3680 1182 3750 ΙΙΗΝΙΟΒΕ,

517 3773 795 3840 FAUSTO,

513 3866 849 3920 VENANTIO
877 3867 960 3920 ET
989 3867 1444 3938 THEODORICO,

517 3957 904 4027 svnnscno,

516 4051 714 4106 DECIO
745 4052 828 4106 ET
866 4051 1184 4121 LONGINO,

515 4143 779 4212 BOETIO,

513 4237 841 4292 DlNAMlCO
875 4239 957 4292 ET
985 4238 1242 4306 SIFIDlO,

511 4330 808 4385 PROBINO
837 4332 922 4386 ET
948 4331 1250 4387 EUSEBIO.

511 4423 601 4476 His
625 4424 950 4479 consulibus
995 4424 1284 4496 ingressus
1312 4426 1693 4483 Theudoricus
1721 4444 1820 4484 rex
1861 4429 2067 4484 Gotho-

441 4531 572 4569 rum
597 4516 654 4568 in
685 4517 840 4570 Italia
869 4519 1041 4572 Ponte
1073 4519 1264 4574 Isonti.

513 4607 807 4664 LONGINO
839 4611 920 4664 ET
943 4611 1228 4682 FAUSTO,

511 4700 828 4770 onmno,

511 4794 887 4850 ANASTASIO
917 4796 1000 4850 ET
1029 4797 1230 4866 RUFO,

510 4887 758 4942 ALBINO
787 4889 870 4942 ET
897 4889 1198 4945 EUSEBIO.

509 4979 602 5033 His
649 4981 972 5036 consulibus
1018 4982 1232 5038 occisus
1262 4987 1344 5039 est
1391 4985 1676 5040 Odovacer
1726 5001 1824 5041 rex
1863 5003 1896 5040 a
1936 5003 2070 5060 rege

440 5070 784 5128 Theuderico
815 5075 876 5128 in
903 5075 1161 5130 Laureto.

509 5163 800 5220 ASTERIO
830 5168 912 5222 ET
939 5169 1294 5241 PRJESIDIO,

513 5257 829 5324 VIATORE,

510 5347 570 5401 P.
605 5349 666 5404 (ι.
694 5350 1026 5422 VIATORIS,

509 5441 569 5495 P.
597 5441 658 5496 C.
691 5443 1005 5502 VIATORIS
1030 5447 1212 5503 ANNO
1239 5451 1306 5520 ll,

511 5535 870 5608 PAULLINO,

509 5627 570 5679 P.
602 5627 664 5681 ο.
693 5629 1024 5697 PAULLINI,

511 5717 824 5774 PATRICIO
856 5721 940 5800 ΕΤ
969 5721 1284 5774 HYPATIO.

521 5805 614 5858 His
639 5809 956 5863 consulibus
981 5826 1175 5883 pugna
1198 5812 1345 5867 facta
1367 5817 1450 5868 est
1479 5813 1710 5872 Divione
1739 5819 1888 5876 inter
1901 5822 2068 5880 Fran-

2099 3160 2154 3234 C

2185 515 2420 569 fratrem
2450 531 2616 570 suum
2659 515 3188 586 Gundobagaudum
3237 516 3620 573 machinante.
3667 521 3728 574 In
3753 537 3816 574 eo

2185 608 2383 678 praelia
2401 608 2777 678 Godegeselus
2795 625 2926 662 cum
2953 609 3085 677 suis,
3115 610 3379 663 adversus
3397 609 3632 666 fratrem
3655 630 3818 668 suum

2185 717 2316 755 cum
2361 701 2582 754 Francis
2621 701 2910 756 dimicavit
2939 719 2951 756 :
2987 707 3042 756 et
3077 703 3336 772 fugatum
3381 705 3618 758 fratrem
3653 722 3816 760 suum

2184 794 2727 864 Gundobagaudum,
2761 811 3004 865 regnum
3031 795 3207 865 ipsius
3237 796 3522 866 paulisper
3549 798 3810 869 obtinuit,

2185 891 2241 942 et
2265 887 2755 958 Gundobagaudus
2784 881 3070 942 Avenione
3097 888 3372 942 latebram
3401 890 3576 944 dedit.

2255 981 2330 1034 Eo
2361 996 2509 1033 anno
2537 980 3030 1050 Gundobagaudus
3059 983 3362 1052 resumptis
3402 982 3621 1036 viribus
3649 985 3810 1040 Vien-

2183 1088 2314 1126 nam
2363 1089 2490 1126 cum
2537 1073 2790 1126 exercitu
2837 1074 3230 1142 circumdedit,
3279 1079 3552 1146 captaque
3601 1077 3814 1134 civitate

2181 1167 2418 1220 fratrem
2447 1183 2616 1220 suum
2641 1166 2957 1234 interfecit;
2989 1169 3296 1238 pluresque
3321 1169 3573 1224 seniores
3600 1187 3666 1224 ac
3687 1172 3815 1226 Bur-

2185 1259 2499 1329 gundiones
2525 1259 2620 1329 qui
2653 1275 2784 1313 cum
2812 1261 2934 1330 ipso
2954 1265 3262 1327 senserant,
3295 1262 3488 1316 multis
3502 1263 3816 1333 exquisitis-

2183 1368 2292 1422 que
2333 1352 2626 1406 tormentis
2674 1357 2857 1408 morte
2906 1353 3192 1408 damnavit
3223 1371 3238 1422 ;
3275 1370 3635 1426 regnumque
3667 1357 3816 1428 quod

2181 1443 2518 1514 perdiderat,
2541 1461 2670 1500 cum
2711 1462 2776 1500 eo
2804 1446 2959 1517 quod
2981 1447 3364 1516 Godegeselus
3387 1448 3688 1518 habuerat,
3723 1467 3818 1505 re-

2182 1542 2431 1608 ceptum,
2463 1555 2639 1609 usque
2669 1539 2730 1593 in
2757 1539 2908 1595 diem
2953 1540 3151 1594 mortis
3189 1557 3306 1596 sua:
3337 1541 3579 1598 feliciter
3607 1543 3818 1613 guber-

2182 1631 2354 1685 navit.

2251 1724 2501 1779 ABIENO
2531 1725 2615 1778 ET
2645 1725 2956 1793 130an10,

2102 1799 2157 1869 B
2247 1818 2496 1871 ABIENO
2524 1819 2808 1872 JUNIORE
2837 1819 2919 1872 ET
2945 1818 3194 1885 PROBO,

2252 1911 2656 1979 VOLUSIANO,

2249 2003 2579 2071 CETHEGO,

2252 2097 2610 2150 SAVINIANO
2635 2097 2720 2150 ET
2749 2096 3139 2165 THEUDOBO,

2249 2189 2556 2244 MESSALA
2580 2191 2663 2243 ET
2693 2190 3086 2258 ARIOBINDA,

2251 2283 2586 2337 VENANTIO
2617 2283 2698 2336 ET
2726 2282 3013 2350 CELERE,

2251 2377 2309 2429 P.
2339 2377 2397 2430 C.
2429 2376 2767 2444 VENA'NTII,

2249 2469 2660 2523 IMPORTUNO.

2252 2563 2362 2615 Hoc
2382 2561 2610 2615 consule
2635 2561 2874 2614 Mammo
2901 2561 3016 2615 dux
3038 2561 3352 2616 Gothorum
3377 2565 3604 2633 partem
3633 2565 3824 2620 Galliae

2179 2655 2543 2726 depraedavit.

2254 2747 2516 2814 BOETIO,

2251 2840 2483 2895 FELICE
2515 2841 2598 2894 ΕΤ
2638 2840 3034 2908 SECUNDINO,

2251 2934 2513 2988 PAULLO
2543 2935 2626 2988 ET
2651 2933 3015 3000 MUSCIANO,

2251 3027 2680 3084 CLEMENTINO
2711 3028 2794 3082 ΕΤ
2825 3027 3067 3094 PROBO,

2253 3121 2627 3190 SENATOBE,

2249 3213 2624 3269 FLORENTIO
2651 3213 2734 3267 ET
2759 3213 2848 3267 AN
2854 3213 3126 3269 THEMIO.

2248 3307 2342 3362 His
2370 3306 2692 3360 consulibus
2719 3307 3130 3363 monasterium
3159 3307 3394 3364 Acauno
3417 3324 3452 3362 a
3476 3324 3614 3380 rege
3649 3309 3822 3380 Sigis-

2177 3401 2390 3456 mundo
2417 3403 2808 3455 constructum
2847 3401 2950 3455 est.

2245 3493 2491 3548 PETRO.

2247 3589 2361 3642 Hoc
2403 3586 2630 3642 consule
2655 3602 2756 3641 rex
2782 3586 3274 3659 Gundobagaudus
3315 3588 3478 3660 obiit,
3511 3591 3566 3645 et
3595 3589 3822 3646 levatus

2183 3683 2266 3736 est
2283 3679 2432 3734 filius
2457 3680 2578 3750 ejus
2608 3679 3002 3751 Sigismundus
3031 3695 3152 3736 rex.

2245 3774 2615 3829 ANASTASIO
2643 3774 2726 3827 ET
2752 3773 3079 3840 AGAPETO,

2246 3867 2507 3936 MAGNO,

2243 3959 2509 4014 JUSTINO
2538 3960 2621 4013 ET
2659 3959 2964 4028 EUTECIO,

2245 4053 2556 4107 RUSTICIO
2585 4053 2668 4106 ET
2695 4053 3074 4120 VITALIANO,

2241 4145 2627 4200 JUSTINIANO
2659 4145 2742 4199 ET
2773 4146 3089 4215 VALERIO,

2247 4239 2609 4294 SYMMACHO
2641 4239 2724 4292 ET
2761 4239 3024 4298 BOETIO.

2246 4333 2338 4386 His
2363 4331 2685 4386 consulibus
2729 4331 3026 4402 Segericus
3049 4331 3196 4387 ﬁlius
3242 4333 3590 4405 Sigismundi
3631 4337 3812 4408 regis,

2163 4426 2328 4497 jussu
2353 4425 2527 4495 patris
2552 4425 2640 4478 sui
2667 4425 2878 4495 injuste
2907 4425 3118 4481 occisus
3143 4432 3246 4482 est.

2093 4527 2150 4599 D
2243 4521 2504 4582 Maximo,
2531 4519 2825 4573 indictione
2855 4536 2893 4573 ι.

2243 4631 2350 4684 Hoc
2377 4631 2611 4684 consule
2657 4629 3051 4700 Sigismundus
3101 4646 3202 4685 rex
3251 4631 3732 4704 Burgundionum
3781 4653 3814 4687 a

2171 4721 2672 4794 Burgundionibus
2724 4723 2951 4777 Francis
2987 4723 3228 4778 traditus
3264 4731 3368 4792 est,
3399 4729 3456 4780 et
3487 4725 3548 4780 in
3579 4727 3818 4780 Francia

2169 4815 2230 4870 in
2251 4815 2454 4870 habitu
2483 4815 2802 4870 monachali
2829 4816 3132 4887 perductus
3157 4835 3174 4886 ε
3203 4815 3394 4889 ibique
3441 4835 3576 4874 cum
3627 4835 3808 4875 uxore

2171 4913 2227 4964 et
2249 4909 2376 4962 ﬁliis
2403 4908 2463 4962 in
2491 4913 2664 4979 puteo
2705 4913 2790 4964 est
2815 4910 3120 4981 projectus.

2239 5022 2451 5076 Justino
2479 5037 2520 5074 ιι
2542 5025 2592 5075 ct
2612 5021 2880 5090 Opilione,
2909 5021 3026 5076 ind.
3051 5037 3110 5077 Π.

2241 5131 2334 5186 His
2363 5131 2688 5187 consulibus
2712 5133 3058 5188 Godemarus
3087 5133 3259 5191 frater
3285 5135 3660 5210 Sigismundi,
3701 5155 3810 5194 rex

2174 5224 2668 5297 Burgundionum,
2701 5225 2991 5281 ordinatus
3021 5231 3124 5282 est.

2197 5361 2205 5368 -
2240 5339 2317 5392 Eo
2347 5353 2496 5392 anno
2521 5341 2715 5392 contra
2741 5338 3172 5395 Chlodomerem
3207 5355 3408 5414 regem
3459 5343 3820 5399 Francorum

2168 5429 2487 5486 Viseroncia
2523 5429 2838 5503 prasliavit;
2869 5431 3062 5506 ibique
3081 5433 3412 5490 interfectus
3437 5441 3526 5492 est
3549 5437 3810 5494 Chlodo-

2170 5539 2374 5580 meres.

2241 5640 2318 5694 Eo
2343 5655 2493 5695 anno
2519 5639 2846 5696 interfectus
2870 5644 2954 5697 est
2980 5641 3202 5697 Boetius
3237 5645 3512 5714 patricius
3541 5645 3604 5702 in
3639 5649 3820 5704 terri-

2169 5731 2312 5786 torio
2337 5732 2766 5789 Mediolanense.

2243 5825 2640 5898 Probojuniore
2670 5832 2719 5884 et
2743 5827 3058 5895 Philoxeno,
3086 5828 3205 5884 ind.
3231 5845 3310 5886 In.
