4054 6186
181 325 292 376 797

1663 321 2046 380 CHRONICON
2053 361 2064 376 .

255 429 354 486 His
379 427 708 487 consulibus
745 429 962 489 occisus
1001 432 1089 489 est
1123 430 1504 506 Symmachus
1545 429 1816 503 patricius
1835 441 1895 516 Α
1986 432 2064 486 Eo
2085 445 2236 487 anno
2257 430 2494 486 Baduila
2513 445 2612 485 rex
2631 429 2950 486 Gothorum
2974 431 3158 485 Roma
3179 434 3346 502 capta
3367 431 3540 504 depo-

184 526 499 582 Ravennae.

255 620 501 688 Olybrio,
539 619 654 675 ind.
687 635 760 674 IV.

83 785 98 798 .
251 713 368 768 Hoc
410 713 644 768 consule
674 712 976 768 defunctus
1015 715 1102 769 est
1142 711 1528 769 Theudoricus
1563 729 1659 767 rex
1697 713 1806 768 Go-

179 806 421 862 thorum
445 806 506 862 in
543 806 683 862 urbe
720 806 1014 876 Ravenna,
1054 810 1114 863 et
1140 808 1356 863 levatus
1383 809 1468 864 est
1491 823 1589 862 rex
1615 807 1805 864 Atala-

105 893 148 906 ”’
177 899 334 956 ricus
361 917 565 972 nepos.

249 996 514 1058 Matario,
540 994 655 1049 ind.
687 1010 744 1050 v.

246 1089 560 1142 Iustiniano
584 1104 645 1156 ιι,
671 1087 790 1142 ind.
821 1103 896 1144 γι.

245 1183 410 1236 Decio
425 1181 665 1250 juniore,
686 1181 805 1237 ind.
832 1197 928 1237 v11.

244 1274 549 1345 Lampadio
572 1277 623 1330 et
642 1275 840 1338 Oreste,
870 1274 988 1330 ind.
1022 1289 1140 1330 vm.

244 1369 386 1423 Item
412 1370 476 1423 P.
505 1371 563 1426 ϐ.
593 1369 882 1439 Lampadii
907 1374 958 1424 et
981 1369 1199 1436 Orestis,
1221 1369 1340 1424 ind.
1370 1383 1444 1423 1x.

242 1461 386 1516 Item
413 1464 476 1516 P.
511 1463 568 1520 C.
589 1463 880 1532 Lampadii
898 1466 949 1517 et
973 1463 1195 1525 Orestis,
1225 1461 1346 1516 ind.
1379 1477 1433 1517 x.

245 1554 348 1608 His
385 1554 710 1609 consulibus
743 1555 1014 1626 Hypatius
1044 1554 1332 1626 patricius,
1374 1554 1656 1610 seditione
1693 1571 1798 1627 po-

70 1719 72 1724 _
166 1647 298 1720 puli
322 1647 645 1718 imperator
679 1648 918 1718 levatus,
947 1651 1003 1702 et
1033 1648 1196 1720 jussu
1231 1648 1534 1704 Iustiniani
1561 1649 1800 1719 Augusti

167 1742 516 1798 interfectus
535 1745 640 1810 est,
659 1743 718 1796 et
737 1757 868 1796 cum
885 1757 952 1796 eo
970 1741 1300 1812 Pompeius,
1325 1745 1382 1796 et
1400 1759 1550 1814 pene
1562 1741 1800 1814 triginta

170 1834 361 1888 millia
391 1833 695 1888 hominum
717 1834 776 1888 in
802 1833 951 1889 circo
983 1833 1178 1904 gladio
1209 1835 1397 1890 necati
1423 1839 1574 1892 sunt.

241 1929 559 1983 Iustiniano
580 1928 826 1996 Augusto
856 1943 915 1995 ιι,
941 1928 1061 1982 ind.
1089 1943 1163 1984 x1.

241 2022 499 2076 Paullino
511 2021 747 2090 juniore,
769 2021 888 2076 ind.
921 2036 1017 2076 xu.
1159 2003 1173 2021 ’

243 2115 365 2170 Hoc
385 2115 617 2170 consule
638 2131 806 2186 reges
829 2115 1180 2170 Francorum
1199 2113 1614 2184 Childebertus,
1631 2116 1798 2172 Chlo-

163 2209 355 2263 tarius
386 2211 444 2262 et
458 2207 890 2263 Theudebertus
909 2207 1303 2280 Burgundiam
1323 2207 1723 2278 obtinuerunt;
1745 2212 1804 2264 et

163 2303 374 2374 fugato
402 2301 730 2356 Godomaro
759 2297 926 2372 rege,
963 2317 1212 2372 regnum
1249 2299 1425 2372 ipsius
1466 2301 1798 2356 diviserunt.

238 2397 322 2451 Eo
351 2411 504 2450 anno
527 2395 718 2450 Africa
745 2396 1008 2450 Romano
1045 2395 1292 2465 imperio
1322 2398 1452 2466 post
1481 2395 1802 2467 nonaginta

161 2494 229 2545 et
257 2490 403 2544 duos
428 2504 612 2544 annos
636 2505 742 2559 per
767 2487 1116 2543 Belesarium
1142 2487 1448 2559 patricium
1475 2487 1797 2558 reducitur;

163 2587 230 2638 et
269 2583 518 2639 Gelimer
557 2598 655 2636 rex
684 2580 1074 2636 Vandalorum
1103 2580 1356 2652 captivus
1393 2581 1796 2638 Constantino-

163 2677 292 2748 poli
324 2675 642 2742 exhibetur,
667 2678 726 2730 et
749 2674 1072 2730 Iustiniano
1096 2676 1351 2746 Augusto
1375 2691 1508 2730 cum
1532 2675 1800 2730 uxoribus

163 2774 232 2825 et
259 2767 546 2824 thesauris
591 2785 624 2823 a
663 2784 834 2840 supra
873 2767 1082 2839 scripto
1126 2767 1365 2840 patricio
1396 2771 1795 2840 praesentatur.

243 2863 534 2925 Belesario,
559 2861 677 2916 ind.
706 2877 821 2917 xm.

243 2957 361 3012 Hoc
381 2955 634 3022 consule,
665 2971 734 3009 eo
761 2971 916 3010 anno
947 2971 1060 3026 quo
1091 2955 1453 3010 consulatum
1485 2954 1675 3022 dedit,
1709 2955 1794 3012 Si-

163 3049 368 3105 ciliam
394 3048 704 3120 ingressus,
733 3063 864 3103 eam
893 3047 1138 3120 imperio
1164 3048 1429 3104 Romano
1455 3048 1722 3105 restituit.

241 3146 307 3199 P.
339 3145 396 3201 Ο.
422 3142 700 3204 Belesarii,
726 3142 844 3196 ind.
877 3157 988 3198 XIv.

242 3240 376 3294 Item
399 3239 462 3291 P.
493 3238 549 3294 Ο.
582 3235 860 3299 Belesarii,
899 3235 1019 3290 ind.
1051 3249 1139 3290 xv.

241 3333 468 3394 Joanne,
495 3329 612 3384 ind.
641 3345 678 3384 1.

245 3424 360 3478 Hoc
387 3423 619 3478 consule
642 3422 995 3478 Mediolanus
1023 3438 1057 3476 a
1081 3419 1278 3477 Gothis
1301 3423 1358 3476 et
1373 3421 1795 3493 Burgundioni-

163 3518 277 3572 bus
332 3517 568 3572 eﬂ'racta
605 3519 724 3582 est;
778 3514 972 3586 ibique
1022 3517 1320 3569 senatores
1370 3517 1428 3569 et
1471 3515 1797 3570 sacerdotes

165 3627 304 3666 cum
332 3609 570 3681 reliquis
596 3608 841 3680 populis,
872 3607 1046 3663 etiam
1071 3607 1130 3662 in
1157 3607 1279 3680 ipsa
1299 3610 1655 3663 sacrosancta
1673 3610 1798 3664 loca

163 3703 459 3759 interfecti
487 3706 648 3773 sunt;
675 3702 758 3757 ita
784 3704 846 3756 ut
883 3702 1163 3774 sanguine
1193 3717 1395 3756 eorum
1430 3701 1555 3772 ipsa
1593 3701 1798 3756 altaria

165 3799 475 3852 cruentata
500 3796 633 3851 sint.

239 3892 514 3961 Appiana,
535 3889 656 3944 ind.
687 3905 748 3945 ιι.

237 3984 358 4038 Hoc
383 3982 616 4038 consule
645 3981 1076 4037 Theudebertus
1092 3997 1189 4034 rex
1209 3981 1556 4035 Francorum
1575 3980 1796 4036 Italiam

166 4078 484 4148 ingressus,
512 4074 804 4147 Liguriam
835 4073 1241 4144 Emiliamque
1270 4073 1614 4140 devastavit;
1644 4074 1792 4146 ejus-

166 4187 283 4241 que
309 4169 586 4224 exercitus
614 4148 724 4224 loci
747 4166 1081 4222 inﬁrmitate
1108 4170 1376 4238 gravatus
1394 4167 1560 4223 valde
1581 4167 1792 4223 contri-

163 4263 400 4317 bulatus
425 4266 528 4317 est.

241 4357 478 4417 Iustino,
501 4355 619 4409 ind.
652 4371 731 4409 ιιι.

239 4448 358 4503 Hoc
389 4447 620 4502 consule
643 4446 798 4502 Persi
832 4444 1194 4502 Antiochiam
1236 4448 1632 4514 vastaverunt,
1667 4446 1792 4500 uni-

171 4561 513 4616 versamque
539 4545 784 4616 Syriam,
815 4544 1251 4616 depopulantes.

239 4641 322 4694 Eo
348 4654 502 4694 anno
531 4637 846 4692 Belesarius
868 4636 1140 4708 patricius
1165 4635 1424 4705 Wittegis
1453 4651 1652 4706 regem
1683 4635 1790 4690 Go-

171 4733 427 4798 thorum,
459 4731 530 4786 de
555 4732 828 4786 Ravenna
853 4730 1142 4801 captivum‘
1169 4729 1500 4796 abductum,
1523 4729 1796 4784 Constan-

168 4825 415 4897 tinopoli
446 4841 578 4879 cum
612 4839 786 4880 uxore
821 4825 881 4878 et
916 4821 1216 4890 thesauris,
1240 4823 1461 4878 Iustino
1484 4821 1510 4852 ⁸
1539 4824 1792 4894 Augusto

169 4916 561 4990 praesentavit.

238 5011 466 5072 Basilio,
490 5008 608 5064 ind.
637 5023 710 5072 Iv,

242 5105 306 5158 P.
336 5103 394 5160 C.
419 5101 619 5157 Basilii
639 5115 781 5156 anno
811 5117 850 5168 ι,
876 5101 994 5156 ind.
1029 5117 1081 5154 v.

239 5198 304 5251 Ρ.
334 5197 394 5253 C.
419 5195 618 5250 Basilii
645 5209 786 5249 anno
822 5209 884 5264 ιι,
911 5194 1030 5248 ind.
1060 5208 1135 5248 v1.

241 5290 302 5343 P:
334 5289 394 5346 ϐ.
420 5287 619 5344 Basilii
641 5302 782 5342 anno
808 5303 890 5357 ιιι,
921 5287 1041 5342 ind.
1067 5301 1162 5342 v11.

240 5384 303 5437 P.
331 5380 390 5438 C.
418 5381 612 5437 Basilii
633 5395 778 5436 anno
802 5395 880 5447 Iv,
906 5380 1024 5434 ind.
1053 5394 1173 5434 vm.

239 5477 302 5530 P.
335 5475 395 5533 C.
424 5473 618 5530 Basilii
639 5487 779 5528 anno
803 5487 858 5542 v,
885 5471 1004 5526 ind.
1032 5487 1108 5528 Ix.

241 5569 302 5623 P.
330 5565 390 5621 C.
417 5566 611 5622 Basilii
630 5581 774 5620 anno
799 5579 876 5634 γι,
903 5565 1020 5620 ind.
1048 5580 1103 5620 x.

241 5659 354 5714 Hoc
375 5675 531 5714 anno
556 5657 794 5729 Vigilius
819 5673 969 5730 papa
988 5658 1284 5713 Romanus
1299 5653 1794 5726 Constantinopoli

171 5750 520 5824 properavit.

1913 523 2146 596 pulavit,
2170 523 2521 595 dejectisque
2541 524 2720 579 muris
2745 528 2966 595 partem
2995 523 3236 579 civitatis
3259 525 3534 580 incendit.

1980 619 2058 673 Eo
2087 633 2240 673 anno
2260 617 2569 689 resumptis
2591 617 2806 672 viribus
2823 617 3140 674 Belesarius
3155 618 3268 676 dux
3287 619 3536 677 Romam

1909 710 1983 767 ad
2013 713 2337 766 Romanum
2365 710 2690 768 dominium
2716 710 3022 766 revocavit.

1977 807 2041 864 P.
2072 807 2130 864 C.
2161 807 2352 862 Basilii
2373 821 2514 860 anno
2539 821 2638 873 v11,
2663 805 2782 860 ind.
2807 821 2883 860 ιιι.

1977 899 2058 954 Eo
2106 915 2260 955 anno
2290 899 2724 956 Theudebertus
2759 915 2859 954 rex
2898 915 3144 970 magnus
3185 899 3534 955 Francorum

1908 991 2076 1059 obiit;
2129 997 2187 1047 et
2237 991 2388 1047 sedit
2437 992 2496 1048 in
2540 1008 2722 1065 regno
2768 992 2891 1067 ejus
2918 992 3356 1050 Theudobaldus
3385 993 3534 1048 ﬁlius

1905 1084 2102 1158 ipsius.

1974 1179 2055 1235 Eo
2087 1195 2240 1234 anno
2271 1179 2680 1236 Lanthacarius
2726 1181 2838 1238 dux
2881 1182 3231 1237 Francorum
3275 1179 3334 1236 in
3379 1180 3530 1236 bello

1903 1271 2167 1328 Romano
2193 1273 2539 1329 transfossus
2567 1273 2726 1330 obiit.

1970 1369 2032 1422 P.
2071 1369 2126 1424 C.
2156 1367 2353 1423 Basilii
2371 1383 2512 1422 anno
2537 1383 2653 1436 vm,
2681 1369 2798 1424 ind.
2827 1384 2925 1424 xu.

1973 1461 2034 1514 P.
2064 1460 2122 1516 Ο.
2149 1462 2348 1517 Basilii
2369 1477 2511 1516 anno
2544 1477 2619 1530 1x,
2647 1461 2764 1516 ind.
2793 1478 2912 1518 xm.

1968 1554 2030 1608 P.
2061 1555 2118 1612 ϐ.
2145 1555 2339 1610 Basilii
2363 1567 2507 1609 anno
2533 1571 2588 1625 x,
2619 1555 2739 1610 ind.
2767 1571 2882 1611 xiv.

1969 1648 2032 1701 P.
2060 1645 2120 1702 ϐ.
2146 1648 2343 1703 Basilii
2365 1663 2506 1703 anno
2531 1664 2608 1716 ιιι,
2641 1649 2758 1703 ind.
2789 1665 2882 1703 xv.

1967 1741 2032 1795 P.
2063 1741 2120 1798 C.
2147 1741 2346 1796 Basilii
2361 1757 2500 1796 anno
2530 1757 2627 1810 xn,
2661 1742 2777 1796 ind.
2803 1758 2860 1796 ιι.

1819 1813 1877 1886 Β
1972 1834 2087 1888 Ηοο
2116 1850 2270 1888 anno
2299 1834 2534 1889 Baduila
2562 1851 2660 1888 rex
2695 1835 3012 1890 Gothorum
3039 1835 3110 1890 ab
3137 1835 3388 1890 exercitu
3417 1833 3526 1890 rei-

1901 1926 2144 1998 publicze
2168 1943 2274 1998 per
2302 1928 2598 1982 Narsetem
2619 1927 3072 1982 chartulharium
3095 1927 3423 1984 eunuchum
3447 1926 3530 1982 in-

1901 2019 2205 2087 terﬁcitur;
2230 2022 2290 2075 et
2314 2021 2450 2091 Teja
2475 2020 2695 2092 accepit
2722 2036 2968 2092 regnum
2996 2021 3137 2092 ejus.

1970 2115 2033 2168 P.
2075 2113 2132 2168 Ο.
2160 2114 2358 2170 Basilii
2380 2129 2522 2169 anno
2545 2130 2663 2184 xm,
2691 2113 2810 2168 ind.
2832 2130 2891 2170 ιι.

1973 2207 2086 2261 Hoc
2128 2223 2282 2261 anno
2332 2207 2468 2278 Teja
2515 2223 2614 2262 rex
2660 2207 2978 2264 Gothorum
3022 2224 3057 2264 a
3104 2223 3277 2280 supra
3317 2207 3527 2278 scripto

1899 2300 2071 2354 Narse
2100 2298 2462 2354 interficitur.

1970 2395 2030 2447 P.
2063 2395 2120 2451 Ο.
2146 2393 2342 2448 Basilii
2365 2408 2506 2448 anno
2531 2409 2642 2461 xlv,
2670 2394 2788 2449 ind.
2810 2409 2892 2450 ιιι.

1970 2487 2086 2540 Hoc
2120 2502 2273 2541 anno
2302 2486 2746 2542 Theudobaldus
2775 2504 2872 2542 rex
2897 2488 3246 2544 Francorum
3276 2487 3437 2557 obiit,
3471 2490 3530 2543 et

1901 2578 2147 2634 obtinuit
2170 2596 2418 2650 regnum
2455 2581 2578 2651 ejus
2607 2581 3060 2650 Chlothacarius,
3085 2585 3324 2654 patruus
3349 2581 3528 2654 patris

1898 2689 2040 2744 ejus.

1967 2767 2047 2820 Eo
2077 2781 2230 2821 anno
2252 2767 2576 2822 Chramnus
2595 2767 2744 2822 ﬁlius
2764 2767 3152 2824 Chlothacarii
3177 2767 3350 2841 regis,
3377 2767 3526 2824 solli-

1899 2858 2109 2914 citante
2132 2859 2496 2915 Childeberto
2523 2863 2730 2932 patruo
2757 2877 2880 2932 suo,
2913 2861 2988 2917 ad
3015 2861 3205 2933 ipsum
3237 2862 3522 2917 latebram

1897 2952 2074 3007 dedit.

1964 3046 2043 3100 Eo
2075 3061 2230 3100 anno
2265 3047 2582 3102 Saxonibus
2613 3047 3027 3103 rebellantibus
3047 3091 3060 3117 ,
3096 3049 3526 3105 Chlothacarius

1897 3154 1996 3193 rex
2021 3155 2154 3194 cum
2183 3140 2340 3212 gravi
2369 3141 2620 3196 exercitu
2649 3144 2852 3197 contra
2892 3141 3046 3214 ipsos
3073 3141 3399 3210 dimicavit;
3427 3143 3525 3199 ubi

1899 3231 2208 3287 multitudo
2270 3234 2616 3289 Francorum
2675 3240 2733 3291 et
2793 3235 3083 3292 Saxonum
3162 3236 3520 3306 ceciderunt;

1897 3325 2255 3380 Chlotharius
2283 3329 2484 3382 tamen
2513 3345 2612 3382 rex
2638 3329 2819 3384 victor
2847 3329 3136 3384 abscessit.

1967 3419 2048 3472 Eo
2077 3420 2338 3490 tempore
2365 3420 2709 3475 Buccelenus
2747 3421 2858 3475 dux
2904 3421 3252 3476 Francorum
3283 3421 3341 3475 in
3371 3421 3521 3476 bello

1898 3511 2160 3566 Romano
2193 3528 2323 3566 cum
2352 3513 2508 3568 omni
2537 3514 2788 3569 exercitu
2811 3530 2914 3570 suo
2938 3513 3176 3569 interiit.

1967 3606 2028 3658 P.
2071 3603 2130 3658 C.
2158 3605 2508 3679 Basilii'anno
2536 3622 2626 3676 xv,
2655 3607 2772 3662 ind.
2804 3623 2878 3663 Iv.

1966 3703 2046 3757 Eo
2078 3718 2231 3757 anno
2266 3701 2477 3758 iterum
2503 3704 2914 3761 rebellantibus
2944 3705 3260 3762 Saxonibus
3288 3707 3516 3763 Cthta-

1895 3794 2014 3850 rius
2038 3810 2133 3850 rex
2159 3797 2644 3867 pugnam-dedit;
2684 3798 2880 3872 ibique
2909 3799 3161 3856 maxima
3185 3817 3318 3873 pars
3347 3800 3516 3857 Saxo-

1897 3905 2038 3944 num
2067 3889 2291 3944 cecidit.

1965 3983 2044 4037 Εο
2073 3999 2226 4038 anno
2257 3983 2460 4038 Franci
2483 3987 2663 4040 totam
2688 3986 3091 4058 Thoringiam,
3131 4005 3237 4060 pro
3264 4005 3334 4044 eo
3365 3989 3519 4061 quod

1897 4092 2026 4130 cum
2048 4075 2363 4132 Saxonibus
2393 4077 2812 4148 conjuraverat,
2839 4082 3222 4137 vastaverunt.

1965 4169 2104 4241 Ipsis
2132 4169 2333 4225 diebus
2354 4171 2676 4228 Chramnus
2693 4175 2932 4230 collecto
2950 4175 3201 4230 exercitu
3219 4175 3518 4247 regionem

1895 4262 2072 4334 patris
2095 4263 2182 4317 sui
2205 4263 2481 4320 devastat.

1966 4357 2045 4410 Eo
2065 4372 2216 4410 anno
2233 4357 2510 4412 exercitus
2525 4358 2872 4414 Francorum
2895 4360 3221 4431 reipublicae
3241 4361 3517 4416 Romanae

1895 4447 2208 4502 exercitum
2229 4449 2487 4516 vastavit,
2508 4453 2680 4520 atque
2703 4451 3017 4522 etl‘ugatum
3043 4453 3515 4521 devastavit,cum

1811 4537 1870 4610 Ι)
1892 4539 2002 4594 illis
2031 4543 2088 4594 et
2115 4540 2325 4594 divitiis
2352 4541 2550 4595 multis
2575 4542 2851 4598 abductis.

1964 4634 2044 4688 Eo
2075 4649 2229 4688 anno
2275 4633 2552 4688 exercitus
2591 4635 2921 4706 reipublicaa
2966 4641 3269 4713 resumptis
3305 4640 3517 4696 viribus

1893 4729 2118 4798 partem
2145 4725 2340 4796 Italia),
2363 4742 2536 4798 quam
2555 4728 2987 4787 Theudebertus
3011 4750 3109 4788 rex
3143 4734 3513 4808 adquisierat,

1895 4819 2208 4892 occupavit.

1963 4916 2025 4968 P.
2055 4912 2114 4968 C.
2144 4912 2338 4970 Basilii
2360 4929 2502 4970 anno
2530 4930 2645 4982 xv1,
2673 4917 2790 4973 ind.
2820 4935 2876 4974 v.

1962 5008 2024 5060 P.
2055 5005 2114 5061 Ο.
2142 5007 2338 5062 Basilii
2361 5023 2502 5062 anno
2529 5024 2660 5079 xvn,
2691 5011 2804 5066 ind.
2835 5027 2910 5066 vi.

1965 5099 2081 5153 Hoc
2118 5114 2272 5153 anno
2311 5099 2708 5156 Childebertus
2743 5119 2842 5158 rex
2880 5105 3228 5163 Francorum
3266 5111 3514 5182 transiit,

1895 5192 1954 5244 et
1981 5189 2232 5246 obtinuit
2255 5208 2502 5264 regnum
2525 5193 2648 5264 ejus
2675 5195 2996 5254 Chlotarius
3020 5215 3136 5270 rex,
3166 5201 3346 5260 frater
3369 5204 3512 5279 ejus.

1963 5284 2027 5338 P.
2059 5285 2118 5341 ϐ.
2143 5285 2340 5340 Basilii
2363 5299 2504 5340 anno
2534 5301 2687 5356 xvm,
2715 5289 2832 5344 ind.
2859 5305 2958 5346 vn.

1965 5377 2026 5431 P.
2053 5375 2112 5432 C.
2142 5378 2340 5434 Basilii
2365 5393 2506 5434 anno
2533 5394 2646 5448 xIx,
2671 5381 2788 5438 ind.
2818 5398 2934 5441 vm.

1966 5469 2082 5524 Hoc
2101 5485 2274 5538 anno,
2298 5469 2610 5527 serenitate
2627 5475 2772 5545 caeli,
2800 5475 2952 5550 inter
2976 5481 3168 5540 stellas
3187 5485 3516 5558 splendidas

1896 5559 2199 5617 obscurata
2229 5565 2313 5616 est
2341 5563 2477 5618 luna
2502 5579 2614 5635 xvr,
2644 5571 2708 5623 ut
2733 5568 2822 5625 vix
2851 5573 3104 5646 conspici
3127 5580 3336 5648 posset.

1965 5654 2046 5708 Eo
2063 5669 2217 5708 anno
2238 5653 2559 5714 Chramnus
2577 5667 2708 5732 post
2725 5671 3087 5723 sacramenta
3103 5684 3232 5740 quas
3249 5668 3397 5739 patri
3419 5668 3516 5723 de-

1895 5745 2078 5813 derat,
2101 5745 2176 5800 ad
2197 5745 2499 5806 Britannos
2511 5753 2709 5824 petiit:
2730 5759 2790 5812 et
2806 5758 3051 5814 moliens
3069 5773 3316 5832 regnum
3335 5761 3514 5831 patris

243 5866 268 5896 ⁸
296 5866 388 5924 Sic
411 5865 546 5924 edit.
564 5865 1146 5926 mendose.Rescribe
1166 5867 1491 5925 Iustiniano.
1511 5865 1698 5937 Atque
1718 5863 1798 5922 ita
1825 5861 1969 5936 legit
1992 5861 2201 5936 Pagius
2229 5863 2305 5921 ad
2333 5880 2552 5926 annum
2579 5871 2700 5941 540,
2732 5869 2763 5945 §
2793 5873 2877 5929 11.

3438 325 3538 379 798
3630 323 3634 326 “
