4054 6186
534 321 636 377 799

537 540 707 578 ausus
734 527 836 590 est,
877 524 1168 594 multaque
1211 522 1334 575 loca
1375 519 1630 590 graviter
1659 518 2028 591 deprtedavit.
2073 519 2158 574 Ad

537 617 696 688 cujus
740 615 1021 672 insaniam
1063 613 1488 685 reprimendam
1536 615 1702 685 pater
1739 629 1870 667 cum
1912 613 2160 668 exercitu

537 710 893 782 properavit;
967 713 1025 763 et
1084 709 1386 764 interfecto
1448 707 1660 763 comite
1722 705 2158 772 Britannorum,

537 804 889 859 Chramnum
929 803 1118 857 vivum
1155 801 1334 873 cepit,
1367 801 1784 870 incensumque
1820 816 1952 856 cum
1985 816 2158 855 uxore

535 900 593 950 et
620 897 768 963 ﬁliis,
799 896 974 950 totius
1005 895 1260 967 regionis
1284 895 1483 950 incidit
1506 893 1809 950 excidium.

605 993 666 1044 P.
700 993 756 1047 C.
785 991 979 1046 Basilii
1004 1006 1146 1045 anno
1170 1006 1264 1058 xx,
1290 990 1410 1044 ind.
1442 1005 1516 1044 1x.

605 1085 721 1138 Hoc
749 1100 900 1138 anno
931 1083 1362 1138 Chlothacarius
1380 1099 1478 1137 rex
1497 1085 1758 1137 mortuus
1783 1084 1893 1150 est;
1927 1085 1986 1136 et
2015 1080 2155 1135 divi-
2177 1079 2194 1107 ί

534 1180 732 1232 serunt
763 1193 1010 1248 regnum
1037 1177 1160 1247 ejus
1189 1175 1290 1230 ﬁlii
1314 1175 1518 1246 ipsius,
1547 1175 1606 1228 id
1637 1179 1738 1241 est,
1757 1161 2154 1239 'Charibertus,

538 1271 1013 1337 Guntecramnus,
1041 1269 1353 1340 Hilpericus
1383 1270 1441 1323 et
1465 1267 1803 1339 Sigibertus.

605 1367 665 1420 P.
698 1367 755 1422 C.
787 1365 981 1420 Basilii
1006 1379 1148 1417 anno
1177 1379 1286 1430 xxI,
1315 1363 1434 1416 ind.
1460 1379 1513 1416 x.

602 1461 665 1513 Ρ.
695 1459 752 1515 C.
779 1459 974 1512 Basilii
995 1473 1137 1512 anno
1164 1473 1298 1523 χιιι,
1327 1457 1444 1510 ind.
1474 1471 1551 1510 x1.

604 1552 720 1606 Hoc
750 1566 903 1604 anno
935 1566 1103 1604 mons
1127 1550 1348 1604 validus
1371 1548 1834 1614 Tauretunensis,
1857 1547 1916 1602 in
1935 1547 2159 1601 territo-

532 1645 618 1699 rio
645 1643 912 1712 Vallensi,
949 1643 1029 1697 ita
1061 1643 1245 1698 subito
1279 1642 1394 1696 ruit
1414 1684 1428 1709 ,
1457 1645 1520 1696 ut
1547 1644 1796 1696 castrum
1827 1640 1916 1695 cui
1942 1640 2158 1694 vicinus

531 1741 674 1804 erat,
709 1740 765 1791 et
789 1737 940 1792 vicos
966 1753 1095 1791 cum
1117 1735 1386 1790 omnibus
1410 1733 1628 1789 ibidem
1651 1734 2041 1789 habitantibus
2062 1749 2158 1804 op-

1666 317 1876 382 MAR“,
1916 315 2392 373 AVENTICENSIS
2429 315 2745 382 EPISCOPI,

425 417 432 424 ’
534 427 827 496 invadere,
871 427 1139 484 adversus
1181 424 1369 499 ipsum
1415 441 1548 482 cum
1589 425 1877 482 Britannis
1925 441 2158 480 movere
2181 425 2566 522 Amultitudo
2601 423 2956 496 captivorum
2992 423 3180 496 gentis
3215 423 3394 498 ipsius
3417 423 3750 480 venundata
3778 430 3884 480 est.

3785 318 3886 373 800

2330 522 2486 576 Anno
2512 536 2567 574 1v
2591 535 2731 575 cons.
2761 517 3106 588 Justinijun.
3135 520 3307 589 Aug.,
3332 519 3449 574 ind.
3480 536 3562 575 111.

2332 615 2446 668 Hoc
2476 629 2630 668 anno
2660 612 2896 668 morbus
2920 612 3141 667 validus
3164 655 3178 679 ,
3206 629 3337 667 cum
3363 612 3644 684 proﬂuvio
3675 614 3892 668 ventris

2262 709 2318 761 et
2349 707 2584 773 variola,
2615 706 2840 762 Italiam
2861 705 3216 778 Galliamque
3244 705 3410 760 valde
3427 705 3660 772 'afﬂixit,
3683 710 3739 762 et
3758 709 3885 761 ani-

2262 800 2437 856 malia
2461 800 2675 856 bubula
2709 816 2812 870 per
2842 801 2964 854 loca
3009 816 3181 871 supra
3216 799 3426 872 scripta
3453 799 3704 875 maxime
3732 799 3882 855 inte-

2260 893 2498 948 rierunt.

2330 989 2410 1042 Eo
2442 1003 2594 1042 anno
2620 992 2882 1043 mortuus
2911 992 2998 1043 est
3017 989 3211 1044 Celsus
3240 987 3527 1060 patricius.
3556 981 3562 990 ’

2329 1083 2485 1137 Anno
2511 1097 2545 1134 v
2573 1097 2716 1136 cons.
2745 1083 2946 1137 Justini
2957 1082 3080 1152 jun.
3109 1082 3277 1152 Aug.,
3303 1082 3420 1137 ind.
3449 1097 3524 1137 1v.

2331 1175 2445 1229 Hoc
2472 1191 2625 1228 anno
2647 1173 2887 1229 infanda
2906 1174 3210 1230 infirmitas
3228 1177 3400 1246 atque
3418 1175 3718 1247 glandula,
3731 1175 3882 1245 cujus

2261 1284 2473 1322 nomen
2497 1270 2582 1322 est
2608 1269 2856 1338 pustula,
2889 1268 2947 1322 in
2978 1285 3150 1339 supra
3183 1267 3348 1323 dictis
3372 1267 3709 1339 regionibus
3727 1267 3884 1322 innu-

2260 1361 2598 1416 merabilem
2623 1363 2900 1432 p0pulum
2928 1361 3258 1418 devastavit.

2326 1456 2486 1511 Anno
2514 1470 2570 1508 v1
2599 1471 2742 1510 cons.
2768 1457 2974 1510 Justini
2988 1455 3114 1525 jun.
3145 1457 3313 1526 Aug.,
3341 1455 3460 1510 ind.
3489 1471 3543 1510 v.

2329 1550 2444 1603 Hoc
2470 1564 2622 1603 anno
2651 1549 2945 1603 Albuenus
2965 1565 3060 1603 rex
3080 1548 3594 1618 Langobardorum
3611 1564 3646 1603 a
3667 1549 3804 1614 suis,
3825 1549 3881 1604 id

2259 1646 2362 1710 est,
2397 1641 2672 1713 Hilmegis
2701 1659 2830 1696 cum
2861 1641 3115 1713 reliquis,
3139 1641 3534 1697 consentiente
3558 1657 3736 1697 uxore
3765 1659 3880 1710 sua,

2259 1735 2594 1790 interfectus
2611 1739 2726 1800 est;
2751 1740 2806 1790 et
2827 1752 2999 1806 supra
3018 1736 3258 1806 scriptus
3279 1735 3576 1806 Hilmegis,
3599 1751 3734 1790 cum
3755 1738 3885 1790 ante

533 1831 860 1903 pressisset;
897 1833 956 1884 et
993 1831 1182 1883 lacum
1211 1829 1270 1882 in
1314 1827 1675 1899 longitudine
1705 1844 1773 1883 1.x
1803 1827 2068 1894 millium,
2099 1824 2231 1896 etB
2256 1829 2406 1884 dicta
2433 1845 2606 1884 uxore
2628 1828 2804 1900 ipsius
2824 1845 3000 1900 quam
3023 1829 3130 1884 sibi
3157 1829 3217 1884 in
3237 1828 3678 1884 matrimonium
3707 1829 3884 1884 socia-

427 1917 435 1922 ’
532 1923 831 1978 latitudine
858 1939 930 1976 xx
962 1923 1229 1989 millium,
1262 1923 1341 1976 ita
1366 1924 1551 1977 totum
1572 1920 1771 1988 movit,
1807 1924 1870 1975 ut
1894 1937 2156 1991 egressus

529 2021 772 2088 utraque
797 2017 920 2088 ripa
947 2017 1100 2070 vicos
1130 2015 1560 2086 antiquissimos
1582 2031 1715 2069 cum
1744 2013 2077 2069 hominibus
2099 2016 2157 2068 et

531 2111 831 2181 pecoribus
858 2112 1161 2176 vastasset;
1207 2109 1383 2163 etiam
1423 2109 1605 2162 multa
1640 2111 2001 2162 sacrosancta
2030 2108 2156 2162 loca

529 2221 660 2259 cum
689 2204 770 2258 eis
795 2203 1170 2258 servientibus
1191 2201 1539 2269 demolisset,
1560 2205 1617 2256 et
1636 2205 1874 2272 pontem
1899 2195 2150 2256 Genava-

531 2315 682 2365 cum,
705 2298 952 2353 molinas
973 2301 1030 2351 et
1050 2296 1317 2351 homines
1335 2313 1440 2366 per
1458 2295 1571 2348 vim
1593 2294 1828 2366 dejecit;
1849 2297 1908 2349 et
1926 2295 2155 2350 Genava

531 2391 757 2445 civitate
784 2406 1049 2461 egressus
1076 2391 1269 2460 plures
1301 2389 1565 2443 homines
1597 2388 1899 2443 interfecit.

601 2487 662 2539 P.
694 2486 752 2541 Ο.
778 2485 974 2539 Basilii
995 2499 1137 2538 anno
1159 2499 1310 2549 XXIII,
1341 2483 1457 2536 ind.
1488 2497 1580 2536 xu.

603 2579 665 2632 P.
697 2577 752 2632 C.
784 2577 977 2632 Basilii
1001 2592 1142 2631 anno
1167 2593 1312 2642 xx1v,
1337 2576 1457 2630 ind.
1485 2591 1602 2630 x111.

605 2671 716 2724 Hoc
745 2686 898 2724 anno
927 2669 1195 2724 monachi
1222 2671 1596 2738 Agaunenses
1620 2667 1929 2722 iracundia:
1954 2668 2153 2738 spiritu

530 2763 769 2830 incitati,
798 2763 980 2817 noctis
1000 2767 1260 2833 tempore
1283 2761 1616 2832 episcopum
1637 2778 1803 2815 suum
1824 2761 2152 2831 Agricolam

532 2873 660 2911 cum
683 2858 854 2924 clero,
887 2859 945 2910 et
973 2856 1122 2910 cives
1147 2855 1242 2926 qui
1270 2871 1400 2910 cum
1433 2855 1556 2927 ipso
1584 2858 1769 2922 erant,
1793 2854 2051 2910 occidere
2073 2854 2155 2910 ni-

529 2951 734 3013 tentes,
758 2950 995 3004 domum
1019 2936 1270 3004 ecclesias
1292 2948 1646 3020 effregerunt
1667 2963 1680 3002 :
1703 2951 1762 3002 et
1782 2948 1920 3002 dum
1943 2948 2156 3019 episco-

486 3114 494 3121 _
532 3059 669 3112 pum
696 3059 862 3096 suum
901 3042 1088 3096 clerici
1117 3043 1204 3096 vel
1248 3042 1397 3096 cives
1437 3041 1739 3096 defensare
1781 3040 1970 3096 conati
2000 3044 2150 3108 sunt,

533 3135 782 3205 graviter
807 3136 877 3189 ab
903 3134 1039 3205 ipsis
1065 3135 1364 3189 monachis
1392 3134 1675 3188 vulnerati
1700 3137 1850 3188 sunt.

603 3229 681 3283 Eo
711 3245 865 3282 anno
896 3185 1121 3282 t;ansiit
1139 3228 1531 3297 Magnacarius
1557 3227 1670 3282 dux
1699 3228 2062 3282 Francorum.
2175 3185 2230 3260 Ο
2255 3227 2678 3292 Acaunensium
2707 3228 2907 3283 diebus
2929 3185 3123 3283 multis
3147 3228 3581 3298 habitaverunt;
3607 3233 3666 3283 et
3685 3233 3888 3300 postea
3938 3291 3948 3298 ,
4051 3237 4054 3244 “

602 3325 664 3378 Ρ.
695 3322 753 3376 C.
779 3323 976 3378 Basilii
996 3337 1140 3377 anno
1169 3337 1294 3388 xxv,
1321 3323 1438 3376 ind.
1470 3337 1579 3376 xrv.

601 3416 716 3470 Hoc
741 3431 895 3470 anno
921 3415 1109 3486 sigum
1142 3415 1409 3486 apparuit
1436 3414 1496 3468 in
1518 3415 1660 3469 coelo
1684 3429 1789 3485 per
1809 3413 1931 3468 dies
1959 3430 2082 3468 Lxx.

602 3510 680 3563 Eo
724 3526 876 3563 anno
919 3512 1181 3563 mortuus
1221 3511 1307 3561 est
1346 3507 1699 3562 Justinianus
1743 3507 2050 3578 Augustus,
2099 3509 2157 3561 et

532 3601 778 3674 suscepit
799 3601 1052 3657 Justinus
1082 3618 1261 3672 nepos
1290 3601 1466 3672 ipsius
1495 3599 1825 3672 imperium.

601 3696 678 3749 Eo
705 3711 858 3748 anno
889 3695 1076 3749 hiems
1105 3695 1495 3749 valentissima
1523 3693 1650 3760 fuit,
1686 3696 1750 3748 ut
1775 3695 2027 3764 quinque
2057 3697 2156 3749 aut

532 3804 600 3841 eo
627 3786 872 3856 amplius
898 3787 1192 3841 mensibus
1231 3791 1468 3858 propter
1507 3787 1652 3840 nivis
1692 3786 2153 3858 magnitudinem

531 3882 685 3932 terra
728 3879 909 3934 videri
950 3896 1066 3934 non
1111 3882 1346 3950 posset:
1383 3880 1619 3951 ipsaque
1656 3879 1931 3950 asperitas
1973 3881 2152 3935 multa

535 3970 810 4026 animalia
841 3971 1082 4026 necavit.

603 4065 682 4118 Eo
703 4080 858 4119 anno
885 4063 1202 4119 Sindewala
1224 4066 1422 4120 Erolus
1443 4065 1807 4136 tyrannidem
1827 4067 2150 4138 assumpsit,

531 4160 587 4213 et
610 4174 642 4211 a
674 4159 885 4212 Narseo
910 4157 1152 4228 patricio
1181 4158 1516 4212 interfectus
1547 4162 1650 4212 est.

601 4252 762 4308 Anno
773 4254 952 4322 primo
967 4253 1277 4308 consulatus
1290 4252 1736 4321 Justinijunioris
1743 4254 1868 4323 Aug
1878 4295 1914 4317 .,
1926 4254 2041 4309 ind.
2058 4271 2148 4310 xv.

599 4347 646 4402 A
673 4345 956 4417 principio
980 4345 1184 4400 mundi
1217 4362 1397 4418 usque
1418 4344 1492 4401 ad
1511 4345 1664 4401 hunc
1692 4347 1986 4402 consulem
2005 4348 2151 4402 ﬁunt

529 4438 668 4494 anni
698 4455 1066 4496 vunccnxvm.

597 4535 754 4588 Anno
779 4549 819 4589 ιι
847 4549 990 4589 cons.
1011 4536 1218 4590 Justini
1229 4533 1356 4603 jun.
1383 4534 1556 4604 Aug.,
1587 4534 1702 4588 ind.
1731 4550 1770 4588 1.

597 4625 714 4680 Hoc
739 4643 892 4681 anno
931 4627 1136 4682 Narses
1183 4643 1251 4680 ex
1293 4626 1597 4698 praeposito
1625 4629 1684 4682 et
1720 4624 1980 4698 patricio,
2021 4628 2151 4697 post

525 4721 718 4774 tantos
733 4722 1048 4790 prostratos
1063 4723 1359 4790 tyrannos,
1376 4719 1437 4774 id
1457 4723 1544 4775 est
1564 4719 1860 4775 Baduilam
1877 4722 1936 4774 et
1952 4719 2148 4790 Tejam

523 4827 693 4883 reges
717 4811 1057 4878 Gothorum,
1082 4815 1140 4866 et
1155 4812 1534 4866 Buccelenum
1553 4812 1759 4867 ducem
1779 4813 2147 4882 Francorum,

525 4921 633 4960 nec
659 4921 776 4961 non
813 4907 871 4960 et
911 4903 1293 4960 Sindewalem
1335 4905 1604 4972 Erolum;
1645 4905 2029 4961 Mediolanum
2059 4906 2149 4960 vel

523 4997 1063 5070 reliquas-civitates
1089 5013 1231 5070 quas
1257 4997 1424 5052 Gothi
1451 4997 1870 5066 destruxerant,
1895 4997 2150 5054 laudabi-

523 5095 655 5149 liter
696 5097 1010 5166 reparatas,
1057 5095 1128 5150 de
1159 5094 1284 5166 ipsa
1316 5094 1476 5150 Italia
1513 5113 1547 5150 a
1594 5112 1768 5168 supra
1792 5096 2002 5168 scripto
2032 5098 2144 5151 Au-

527 5190 693 5256 gusto
724 5191 978 5243 remotus
1003 5191 1108 5244 est.

594 5279 752 5334 Anno
781 5294 840 5334 ιιι
871 5296 1013 5336 cons.
1043 5283 1244 5337 Justini
1257 5283 1386 5351 jun.
1414 5283 1586 5352 Aug.,
1619 5281 1736 5337 ind.
1764 5297 1825 5337 ιι.

593 5370 710 5424 Hoc
721 5386 874 5424 anno
891 5372 1179 5428 Alboenus
1190 5391 1288 5428 rex
1304 5373 1821 5446 Langobardorum
1838 5389 1969 5430 cum
1987 5374 2147 5429 omni

522 5462 773 5520 exercitu
782 5463 1113 5534 relinquens
1124 5469 1294 5538 atque
1307 5467 1582 5524 incedens
1590 5467 1948 5523 Pannoniam
1957 5509 1972 5535 ,
1985 5483 2147 5522 suam

521 5557 792 5630 patriam,
826 5572 955 5612 cum
993 5557 1357 5627 mulieribus,
1388 5561 1475 5616 vel
1507 5561 1665 5617 omni
1695 5561 1906 5633 populo
1931 5576 2054 5627 suo,
2082 5563 2147 5615 ut

521 5651 644 5707 fera
661 5649 886 5706 Italiam
910 5649 1241 5722 occupavit:
1270 5651 1462 5722 ibique
1483 5654 1580 5708 alii
1596 5655 1818 5722 morbo,
1843 5653 1940 5709 alii
1966 5653 2141 5721 fame,

523 5742 784 5798 nonnulli
815 5742 1005 5814 gladio
1035 5742 1370 5816 interempti
1397 5748 1546 5800 sunt.
1578 5747 1658 5800 Eo
1701 5763 1852 5803 anno
1877 5746 2054 5802 etiam
2085 5746 2143 5801 in

522 5835 769 5894 ﬁnitima
791 5837 920 5895 loca
939 5838 1251 5896 Galliarum
1272 5836 1498 5910 ingredi
1517 5842 2024 5913 praesumpserunt,
2048 5839 2145 5896 ubi

2255 1925 2434 1990 verat,
2458 1925 2517 1976 et
2536 1921 2696 1976 omni
2713 1922 3005 1989 thesauro,
3018 1924 3139 1977 tam
3152 1921 3307 1994 quod
3319 1921 3389 1976 de
3410 1921 3718 1977 Pannonia
3738 1921 3889 1992 exhi;

2253 2015 2476 2083 buerat,
2525 2031 2702 2086 quam
2746 2015 2902 2085 quod
2945 2015 3015 2070 de
3045 2015 3206 2070 Italia
3236 2018 3717 2086 congregaverat,
3756 2032 3885 2070 cum

2255 2113 2417 2180 parte
2444 2109 2740 2176 exercitus,
2767 2109 3052 2163 Ravenna:
3081 2108 3414 2180 reipublicze
3435 2125 3496 2162 se
3523 2107 3785 2164 tradidit.

2323 2203 2488 2257 Anno
2513 2218 2587 2257 v11
2613 2218 2754 2256 cons.
2779 2201 3119 2270 Justinijun.
3151 2204 3318 2271 Aug.,
3344 2201 3463 2256 ind.
3495 2217 3570 2256 v1.

2325 2297 2441 2351 Hoc
2489 2311 2643 2350 anno
2697 2295 2809 2349 dux
2857 2295 3390 2366 Langobardorum,
3433 2293 3674 2350 nomine
3729 2295 3884 2360 Cleb,

2253 2389 2414 2460 genti
2440 2387 2616 2460 ipsius
2654 2405 2752 2444 rex
2779 2387 3077 2443 ordinatus
3102 2392 3206 2456 est,
3236 2392 3294 2442 et
3321 2389 3515 2459 plures
3541 2389 3805 2444 seniores
3831 2393 3886 2442 et

2253 2481 2573 2536 mediocres
2605 2481 2676 2535 ab
2707 2480 2830 2552 ipso
2858 2481 3145 2536 interfecti
3171 2485 3323 2536 sunt.

2325 2576 2402 2630 Eo
2441 2574 2894 2655 anno_Vzefarius
2920 2574 3034 2628 dux
3061 2575 3410 2629 Francorum
3439 2573 3610 2642 obiit,
3643 2578 3706 2630 et
3731 2574 3884 2630 ordi-

2255 2671 2422 2722 natus
2451 2671 2536 2722 est
2562 2667 2980 2722 Theodofridus
3005 2668 3063 2722 in
3095 2669 3284 2722 locum
3309 2668 3432 2738 ejus
3459 2667 3595 2722 dux.

2323 2764 2477 2817 Anno
2503 2777 2597 2816 v111
2622 2777 2763 2816 cons.
2787 2763 2990 2844 Justini
3003 2761 3127 2830 jun.
3148 2763 3317 2829 Aug.,
3346 2762 3464 2815 ind.
3491 2777 3592 2815 vn.

2324 2855 2438 2909 Hoc
2463 2871 2616 2909 anno
2641 2854 2846 2912 Clebus
2868 2871 2966 2909 rex
2991 2853 3504 2927 Langobardorum
3520 2870 3555 2910 a
3574 2871 3764 2926 puero
3785 2871 3887 2910 suo

2252 2947 2588 3003 interfectus
2613 2951 2718 3002 est.

2323 3043 2403 3096 Eo
2426 3057 2578 3098 anno
2599 3041 2810 3096 iterum
2825 3040 3189 3113 Langobardi
3211 3040 3270 3096 in
3283 3041 3438 3096 Valle
3457 3039 3712 3112 ingressi
3733 3045 3886 3108 sunt,

2253 3138 2310 3190 et
2333 3135 2525 3189 Clusas
2553 3134 2952 3202 obtinuerunt,
2988 3138 3046 3189 et
3081 3134 3141 3189 in
3166 3135 3518 3190 monasterio
3547 3137 3886 3190 sanctorum

2257 3321 2316 3375 in
2339 3321 2525 3376 Baccis
2543 3337 2801 3392 pugnam
2817 3325 3018 3376 contra
3033 3321 3342 3377 exercitum
3366 3322 3720 3377 Francorum
3737 3338 3887 3378 com-

2256 3414 2554 3481 miserunt,
2573 3413 2670 3468 ubi
2688 3431 2834 3486 pene
2852 3415 2928 3470 ad
2939 3415 3232 3485 integrum
3242 3415 3528 3470 interfecti
3544 3418 3702 3481 sunt,
3715 3417 3885 3487 pauci

2255 3507 2392 3578 fuga
2434 3506 2678 3562 liberati.
2725 3507 2838 3565 Sed
2872 3509 2930 3562 et
2954 3507 3130 3563 Mauri
3157 3511 3214 3562 et
3243 3507 3370 3562 alia;
3409 3512 3616 3579 gentes
3639 3550 3655 3576 ,
3685 3509 3785 3580 qui
3821 3509 3882 3564 in

2253 3600 2551 3658 Provincia
2581 3617 2784 3656 eorum
2816 3601 3043 3673 ingredi
3084 3605 3578 3674 prtesumpserunt
3600 3643 3617 3670 ,
3645 3602 3719 3658 ab
3751 3602 3884 3675 ipsis

2254 3694 2480 3750 Francis
2508 3694 2712 3749 devicti
2737 3697 2887 3749 sunt.

2323 3789 2480 3844 Anno
2507 3805 2560 3842 1x
2589 3803 2733 3844 cons.
2761 3788 3102 3858 Justinijun.
3131 3791 3302 3858 Aug.,
3328 3790 3446 3844 ind.
3475 3804 3594 3845 vin.

2323 3883 2479 3938 Anno
2505 3898 2538 3936 x
2561 3897 2704 3937 cons.
2728 3882 3066 3952 Justinijun.
3097 3883 3263 3952 Aug.,
3290 3882 3406 3937 ind.
3439 3898 3514 3938 1x.

2323 3975 2436 4029 Hoc
2465 3991 2618 4030 anno
2646 3974 2964 4046 Sigibertus
2991 3991 3089 4029 rex
3113 3975 3723 4044 Francorum,bellum
3745 3992 3880 4032 con-

2252 4071 2343 4122 tra
2353 4068 2590 4122 fratrem
2604 4084 2771 4123 suum
2783 4067 3127 4140 Hilpericum
3138 4073 3358 4136 movet;
3381 4071 3440 4122 et
3454 4084 3584 4124 cum
3603 4085 3744 4124 eum
3755 4069 3883 4140 jam

2252 4161 2532 4219 inclusum
2557 4161 2812 4229 haberet,
2837 4165 2895 4216 et
2913 4161 2983 4216 de
3003 4161 3126 4233 ejus
3144 4162 3545 4218 interfectione
3573 4163 3880 4234 cogitaret,

2251 4255 2322 4310 ab
2344 4254 2673 4310 hominibus
2688 4255 2989 4326 Chilperici
3010 4272 3114 4327 per
3124 4255 3387 4311 fraudem
3403 4255 3746 4311 interfectus
3764 4260 3879 4312 est:

2253 4351 2310 4402 et
2343 4348 2590 4420 suscepit
2623 4363 2869 4418 regnum
2901 4347 3023 4419 ejus
3050 4348 3446 4404 Childebertus
3483 4348 3637 4404 ﬁlius
3679 4349 3876 4422 ipsius.

2321 4443 2478 4498 Anno
2503 4457 2556 4497 x1
2577 4457 2720 4498 cons.
2745 4443 2946 4497 Justini
2957 4441 3084 4511 jun.
3111 4443 3279 4512 Aug.,
3306 4443 3426 4498 ind.
3459 4458 3514 4498 x.

2319 4535 2399 4590 Eo
2430 4551 2584 4590 anno
2613 4534 2827 4589 mortui
2865 4536 2998 4588 sunt
3027 4534 3174 4606 regii
3208 4539 3380 4606 atque
3421 4535 3648 4608 egregii
3674 4535 3871 4592 adole-

2250 4631 2491 4697 scentes,
2519 4626 2907 4684 Chlotacarius
2945 4631 3003 4682 et
3034 4627 3453 4696 Chlodomeris,
3485 4628 3589 4684 filii
3617 4629 3871 4684 Gunthe-

2250 4721 2477 4794 gramni
2506 4721 2678 4792 regis.
3205 4797 3211 4802 ﬁ

2317 4817 2474 4872 Anno
2499 4831 2574 4870 x11
2603 4829 2746 4870 cons.
2777 4816 2980 4871 Justini
2993 4815 3120 4885 jun.
3146 4815 3314 4883 Aug.,
3342 4815 3461 4870 ind.
3490 4831 3565 4871 x1.

2321 4911 2435 4964 Hoc
2467 4924 2620 4964 anno
2646 4908 2938 4964 Meroveus
2977 4907 3128 4964 ﬁlius
3171 4907 3438 4979 Hilperici
3470 4907 3628 4981 regis
3663 4909 3878 4964 occisus

2251 5005 2354 5057 est.

2319 5097 2474 5152 Anno
2493 5109 2588 5150 xm
2615 5110 2754 5150 cons.
2787 5097 2991 5150 Justini
3003 5095 3132 5163 jun.
3160 5095 3327 5164 Aug.,
3356 5095 3474 5150 ind.
3499 5110 3597 5151 x11.

2319 5189 2433 5243 Hoc
2459 5204 2612 5243 anno
2638 5187 2752 5243 duo
2783 5187 3087 5256 Germani,
3126 5187 3391 5243 Salonius
3418 5191 3476 5242 et
3505 5187 3873 5259 Sagittarius,

2248 5280 2498 5354 episcopi
2529 5297 2563 5334 a
2591 5279 2811 5351 synodo
2839 5296 2968 5351 quas
2995 5279 3328 5336 Cabalonno
3358 5281 3596 5336 collecta
3623 5284 3728 5348 est,
3764 5300 3875 5354 pro

2245 5373 2478 5430 diversis
2521 5372 2854 5428 criminibus
2883 5372 2964 5438 ab
3011 5371 3370 5444 episcopatus
3411 5374 3633 5429 honore
3665 5373 3876 5446 dejecti

2247 5469 2396 5522 sunt.
3099 5463 3106 5470 ’

2316 5561 2394 5614 Eo
2428 5575 2582 5614 anno
2625 5551 3014 5614 mortuus‘est
3045 5557 3297 5614 Justinus
3321 5561 3629 5631 Augustus,
3661 5563 3722 5614 et
3745 5577 3876 5616 suc-

2245 5652 2413 5708 cessit
2433 5651 2687 5707 Tiberius
2718 5651 2779 5706 in
2804 5653 2928 5706 loco
2961 5651 3102 5723 ejus.

2315 5746 2469 5802 Anno
2495 5761 2512 5800 1
2538 5761 2678 5800 cons.
2712 5745 2914 5801 Tiberii
2947 5746 3286 5803 Constantini
3307 5746 3544 5814 Augusti
3559 5786 3577 5809 ,
3604 5745 3725 5801 ind.
3754 5761 3876 5802 x111.

2314 5839 2393 5895 Eo
2414 5853 2589 5912 anno,
2624 5854 2824 5898 mense
2844 5837 3110 5913 Octobre,
3132 5837 3214 5896 ita
3233 5837 3292 5895 in
3314 5836 3560 5896 Vallensi
3579 5839 3875 5899 territorio
