4054 6186
211 287 314 346 801

1723 280 2051 341 APPENDIX
2061 327 2072 339 .

3465 291 3566 344 802

209 399 524 453 Rhodanus
549 395 871 464 exundavit,
907 398 970 451 ut
993 393 1179 468 copias
1205 391 1474 450 messium
1505 395 1839 464 denegaret;
1865 409 1924 481 Α
1945 395 2081 466 gina
2125 386 2262 449 obiit
2287 413 2304 461 ;
2337 397 2567 467 pr0pter
2595 395 2753 467 cujus
2783 393 3084 452 transitum
3131 396 3408 452 interfecti
3434 403 3570 452 sunt

217 497 270 546 et
291 491 450 546 intra
483 491 698 546 Italiam
737 491 818 545 ita
855 490 1008 546 ﬂuvii
1049 489 1498 558 exundaverunt,
1529 493 1593 543 ut
1637 488 1843 542 damna
1943 487 2054 543 duo
2079 487 2302 555 medici,
2325 488 2581 544 Nicolaus
2608 495 2664 545 et
2693 492 2955 546 Donatus.

217 584 482 656 agricola:
504 587 857 654 paterentur.

285 679 505 732 Annon
533 693 674 732 cons.
707 678 908 732 Tiberii
935 676 1277 732 Constantini
1301 676 1557 745 Augusti,
1585 674 1700 728 ind.
1729 689 1838 729 x1v.

285 772 364 825 Ea
401 769 734 840 indictione,
765 785 959 824 mense
985 768 1322 842 Septembri,
1355 767 1723 839 Austregildis
1749 782 1838 822 re-

2012 583 2090 636 Εο
2120 598 2269 636 anno
2297 582 2632 638 Mummolus
2676 585 2942 656 patricius
2967 602 3098 640 cum
3125 602 3302 640 uxore
3331 590 3388 640 et
3417 585 3563 656 ﬁliis,

1941 680 1999 730 et
2037 675 2398 730 multitudine
2440 677 2671 732 familiae
2697 694 2760 732 ac
2800 677 3004 732 divitiis
3040 679 3250 748 multis,
3291 679 3350 733 in
3379 696 3568 734 marca

1943 767 2288 824 Childeberti
2312 769 2483 840 regis,
2513 770 2570 824 id
2595 775 2698 838 est,
2725 771 3021 842 Avinione,
3049 772 3321 843 confugit.

1442 1129 2388 1250 APPENDIX

791 1329 912 1397 AD
957 1329 1207 1399 MARII
1228 1381 1248 1419 ,
1299 1328 1928 1400 AVENTICENSIS
1975 1327 2358 1398 EPISCOPI
2381 1379 2400 1415 ,
2449 1327 2941 1397 CHRONICON
2963 1379 2984 1417 ,

1301 1499 1578 1546 AUCTORE
1625 1498 1876 1557 IGNOTO,
1927 1499 2035 1544 SED
2081 1497 2482 1553 PERANTIQUO.

1683 1621 2096 1635 ——_

287 1709 471 1779 L'sque
491 1707 582 1762 hic
605 1709 810 1764 Marius
837 1709 1154 1783 episcopus.

282 1803 442 1856 Anno
467 1818 529 1856 ιιι
558 1803 758 1858 Tiberii
780 1804 948 1874 Aug.,
974 1805 1091 1860 ind.
1121 1821 1208 1859 xv.

283 1897 444 1950 Anno
467 1911 520 1948 ιν
553 1896 754 1951 Tiberii
776 1897 944 1966 Aug.,
973 1897 1090 1952 ind.
1121 1915 1159 1952 1.

228 2013 240 2024 -
282 1989 442 2044 Anno
469 2005 502 2042 v
543 1989 742 2044 Tiberii
766 1991 934 2060 Aug.,
961 1991 1079 2046 ind.
1107 2007 1163 2048 ιι.

284 2084 444 2138 Anno
473 2098 525 2137 γι
551 2083 748 2138 Tiberii
765 2085 932 2154 Aug.,
961 2085 1080 2140 ind.
1110 2102 1190 2142 ιιι.

285 2177 443 2231 Anno
467 2192 543 2232 ιιι
579 2177 779 2232 Tiberii
802 2180 973 2248 Aug.,
999 2181 1117 2234 ind.
1149 2196 1223 2234 Iv.

281 2269 451 2325 Gothi
477 2270 580 2324 sud
609 2271 970 2344 Ermengildo
999 2271 1331 2344 Leubegildi
1347 2273 1496 2344 regis
1507 2273 1623 2328 ﬁlio
1642 2273 1838 2330 bifarie

202 2364 396 2439 divisi,
430 2368 631 2418 mutua
656 2365 808 2420 caede
834 2369 1142 2421 vastantur.

282 2458 584 2515 Indictione
615 2475 667 2512 v.

281 2551 584 2607 Mauricius
619 2552 782 2606 annis
819 2569 910 2607 xx:
937 2553 1100 2609 Suevi
1137 2571 1170 2608 a
1198 2554 1538 2626 Leubegildo
1585 2572 1718 2628 rege
1745 2557 1841 2612 ob-

200 2644 373 2714 tenti,
404 2645 596 2700 Gothis
626 2645 1020 2716 subjiciuntur.

280 2739 577 2795 Indictione
599 2755 675 2794 v1.
1015 2790 1020 2794 .

283 2831 452 2888 Gothi
495 2833 765 2888 Recarido
806 2849 941 2906 rege
985 2833 1332 2904 intendente,
1358 2853 1392 2891 a
1426 2837 1536 2892 fide
1569 2837 1841 2893 catholica

207 2930 596 2982 revertuntur.

283 3023 489 3075 Avares
513 3019 779 3075 adversus
807 3022 1091 3078 Romanos
1120 3022 1472 3091 dimicantes,
1494 3041 1633 3082 auro
1658 3024 1839 3098 magis

208 3129 390 3186 quam
418 3113 568 3168 ferro
594 3115 904 3186 pelluntur.

280 3207 496 3262 Phocas
513 3223 691 3262 annos
721 3221 794 3264 ιι.
830 3209 932 3263 [ste
962 3208 1234 3265 seditione
1260 3211 1492 3267 militari
1531 3213 1840 3284 imperator

208 3301 417 3370 factus,
454 3301 781 3356 Mauricium
810 3305 1128 3374 Augustum
1183 3304 1569 3378 nobiliumque
1607 3307 1835 3362 multos.

313 3437 326 3450 .
358 3395 506 3465 [Leg.
537 3393 863 3465 interfecit].

285 3488 464 3558 Hujus
486 3493 742 3560 tempore
762 3489 995 3544 Parisini
1017 3492 1074 3544 et
1097 3491 1292 3546 Veneti
1312 3507 1416 3564 per
1441 3492 1726 3548 Orientem
1751 3493 1839 3548 vel

215 3581 523 3652 Egyptum
557 3583 714 3637 civile
749 3583 965 3638 bellum
1001 3583 1232 3652 faciunt,
1259 3601 1322 3640 ac
1347 3601 1405 3639 se
1445 3590 1640 3640 mutua
1687 3586 1840 3640 caede

215 3677 601 3744 prosternunt.
655 3676 855 3730 Praelia
901 3693 1127 3749 quoque
1171 3679 1466 3734 Persarum
1513 3678 1840 3749 gravissima

215 3765 484 3821 adversus
508 3769 917 3840 rempublicam
943 3771 1278 3841 excitantur,
1307 3788 1340 3825 a
1367 3771 1570 3842 quibus
1598 3772 1838 3826 Romani

213 3857 442 3916 fortiter
467 3861 745 3928 debellati,
772 3863 1047 3934 plurimas
1076 3863 1394 3936 provincias
1424 3868 1479 3919 et
1508 3864 1689 3936 ipsam
1717 3865 1841 3922 Hie-

215 3953 556 4024 rosolymam
585 3955 910 4012 amiserunt.

290 4045 578 4101 Heraclius
611 4047 808 4119 quinto
835 4041 1060 4122 imperii
1104 4051 1190 4105 sui
1219 4051 1354 4106 dum
1381 4051 1640 4124 fungitur
1667 4069 1837 4120 anno,

216 4139 500 4196 Sisebotus
521 4141 828 4196 Gothorum
855 4159 954 4198 rex
975 4143 1033 4198 in
1053 4143 1268 4216 Spania,
1276 4145 1551 4216 plurimas
1569 4147 1839 4201 Romana

216 4233 438 4289 militias
473 4234 663 4305 urbes,
702 4241 902 4307 quarto
935 4237 1101 4308 regni
1125 4237 1214 4292 sui
1241 4238 1347 4293 sibi
1370 4239 1630 4294 bellando
1660 4239 1836 4310 subji-

214 4327 325 4396 cit;
352 4330 410 4383 et
425 4329 644 4383 Iudaeos
679 4329 766 4383 sui
785 4331 948 4402 regni
967 4330 1236 4400 subditos,
1258 4336 1464 4402 praeter
1491 4349 1586 4387 eos
1623 4333 1723 4404 qui
1748 4333 1836 4388 fu-

217 4435 294 4491 ga
315 4421 458 4492 lapsi
485 4427 616 4477 sunt
636 4422 708 4477 ad
731 4423 994 4494 Francos,
1015 4424 1085 4480 ad
1110 4424 1318 4480 Christi
1344 4425 1514 4480 ﬁdem
1544 4426 1836 4481 convertit.

1857 4467 1917 4538 D

1859 1727 1915 1799 B
2009 1713 2184 1784 Hujus
2207 1716 2463 1782 tempore
2487 1710 2639 1766 Persi
2669 1709 3050 1766 Calcidoniam
3073 1725 3254 1782 usque
3285 1726 3560 1784 pervene-

1938 1810 2095 1862 runt.

2010 1901 2158 1954 Huni
2183 1915 2415 1954 murum
2441 1899 2678 1971 longum
2725 1898 3222 1970 interrumpentes,
3254 1902 3312 1954 et
3335 1899 3405 1954 ad
3429 1917 3563 1955 moe-

1938 1994 2037 2049 nia
2079 1993 2584 2064 Constantinopolis
2627 1991 3078 2064 peraccedentes,
3126 2009 3258 2046 cum
3291 1993 3560 2063 praedicto

1940 2087 2298 2159 imperatore,
2345 2091 2544 2142 mutuo
2590 2085 2650 2140 in
2696 2102 2860 2139 muro
2896 2089 3080 2140 stante
3114 2085 3287 2156 [Forte
3329 2087 3560 2156 stantes]

1939 2181 2286 2236 collocuntur
2308 2199 2325 2249 ;
2362 2179 2461 2252 qui
2499 2182 2792 2252 acceptum
2819 2179 2889 2233 ab
2915 2195 2981 2234 eo
3006 2179 3163 2250 pacis
3194 2179 3463 2250 pretium,
3489 2180 3559 2235 ad

1937 2278 2164 2346 tempus
2201 2273 2493 2335 recedunt.

2011 2369 2116 2422 Per
2129 2367 2279 2422 idem
2295 2373 2519 2438 tempus
2537 2367 2713 2422 divisa
2739 2365 2798 2420 in
2816 2365 2996 2420 tribus
3023 2365 3161 2420 olim
3187 2367 3376 2438 regnis
3394 2368 3562 2422 Fran-

1940 2461 2044 2528 cia,
2071 2461 2132 2516 in
2158 2478 2273 2516 uno
2301 2477 2336 2515 a
2360 2459 2594 2532 praefato
2622 2475 2755 2530 rege
2782 2460 3126 2514 Francorum
3156 2476 3400 2531 regnum
3436 2477 3564 2516 con-

1931 2555 2239 2626 jungitur;
2279 2557 2446 2626 atque
2472 2557 2845 2626 persequente
2886 2553 3232 2608 Theuderico
3269 2570 3403 2626 rege
3430 2570 3561 2625 ger-

1940 2665 2180 2704 manum
2208 2664 2374 2702 suum
2406 2645 2821 2702 Austrasiorum
2847 2663 3044 2718 regem
3081 2646 3560 2715 Theudebertum,

1939 2742 2224 2798 vincentes
2269 2741 2466 2795 Franci
2489 2740 2548 2794 in
2575 2739 2965 2810 Burgundiam
3009 2745 3302 2794 moventes
3327 2741 3562 2794 Austra-

1939 2835 2066 2903 sios,
2093 2835 2162 2890 ad
2192 2839 2508 2890 extremum
2539 2832 2726 2903 ipsum
2756 2833 3104 2887 occiderunt.
3135 2833 3246 2888 Nec
3273 2849 3450 2902 mora,
3486 2834 3564 2889 vi-

1939 2935 2060 2985 ctor
2098 2927 2480 2983 Theudericus
2517 2925 2698 2982 Mettis
2725 2941 2856 2980 cum
2882 2919 3128 2992 obiisset,
3169 2925 3462 2998 Sigoberto
3491 2927 3561 2983 ﬂ-

1937 3023 2012 3079 lio
2043 3022 2280 3095 parvulo
2319 3038 2449 3077 cum
2479 3021 2604 3074 avia
2643 3036 2743 3073 sua
2769 3019 3115 3090 Brunihilde,
3145 3037 3388 3092 regnum
3418 3023 3564 3076 male

1859 3099 1914 3174 C
1937 3121 2274 3189 usurpatum
2302 3114 2562 3186 reliquit;
2583 3113 2912 3186 quivivente
2938 3113 3122 3168 adhuc
3149 3130 3422 3185 germano
3438 3131 3562 3183 suo,

1935 3216 2204 3282 nepotem
2231 3226 2398 3264 suum
2426 3208 2494 3263 ad
2525 3213 2747 3279 petram
2778 3206 2837 3262 in
2865 3207 3006 3260 albis
3034 3207 3166 3262 elidi
3187 3207 3376 3278 jussit.

2008 3305 2114 3359 Per
2135 3304 2288 3358 idem
2311 3306 2538 3374 tempus
2557 3301 2688 3356 victi
2705 3301 2805 3354 ﬁlii
2822 3301 2908 3355 sui
2933 3317 2966 3354 a
2991 3316 3126 3370 rege
3152 3301 3386 3371 przefato
3401 3301 3564 3356 Chlo-

1938 3397 2144 3452 tacario
2174 3396 2476 3468 capiuntur
2502 3412 2518 3464 ;
2549 3411 2614 3448 ac
2649 3393 2884 3465 praefata
2908 3393 3128 3463 regina,
3162 3393 3562 3464 praedictorum

1939 3489 2082 3558 avia,
2111 3490 2181 3544 ab
2199 3505 2267 3544 eo
2289 3491 2474 3559 capta,
2507 3487 2838 3557 diversoque
2864 3501 3164 3556 poenarum
3193 3501 3400 3554 genere
3424 3487 3566 3541 afﬂi-

1939 3589 2044 3652 cta,
2078 3583 2283 3638 deinde
2330 3581 2542 3636 camelo
2585 3580 2871 3652 imposita,
2905 3577 3099 3632 multis
3129 3579 3244 3633 suis
3279 3585 3564 3650 spectacu-

1938 3675 2059 3731 lum
2085 3675 2328 3747 praebuit
2357 3679 2680 3746 :postremo
2705 3671 3052 3728 ferocissimo
3081 3672 3254 3742 [Forte
3281 3673 3559 3729 ferocissi-

1939 3769 2039 3840 mi]
2065 3769 2325 3840 colligata
2349 3767 2587 3838 pedibus
2605 3766 2737 3838 equi
2762 3770 2942 3837 tergo,
2959 3770 3279 3821 extremum
3299 3767 3563 3838 spiritum

1939 3863 2236 3918 exhalavit.
2258 3861 2543 3932 Cujusque
2569 3860 2832 3932 deinceps
2853 3860 3250 3932 corpusculum
3263 3859 3565 3916 incenden-

1938 3959 2023 4012 tes
2045 3956 2263 4028 populi,
2293 3954 2618 4027 sepulcrum
2656 3953 2805 4025 ignis
2830 3949 2977 4022 fuit;
3005 3953 3076 4008 ad
3113 3953 3378 4026 deinceps
3406 3955 3560 4026 judi-

1939 4050 2091 4106 cium
2116 4052 2415 4120 paternum
2445 4048 2565 4104 sine
2590 4037 2968 4102 misericordia
2993 4047 3053 4101 in
3075 4064 3348 4118 germano
3377 4052 3435 4103 et
3459 4066 3560 4105 ne-

1936 4148 2068 4214 pote
2096 4142 2385 4214 quondam
2412 4141 2629 4212 datum,
2653 4141 2713 4195 in
2740 4139 2868 4194 ﬁliis
2893 4139 3228 4196 redundavit
3255 4158 3268 4208 ;
3298 4157 3503 4212 eosque
3530 4159 3564 4196 a

1939 4236 2298 4308 quibusdam,
2316 4240 2381 4290 ut
2407 4235 2586 4305 aiunt,
2605 4235 2996 4306 interemptos,
3019 4233 3404 4288 monarchiam
3424 4250 3565 4304 pree-

1937 4334 2298 4401 nnncupatus
2327 4345 2427 4384 rex
2455 4329 2514 4383 in
2539 4328 2719 4382 tribus
2745 4327 2936 4398 regnis
2965 4325 3209 4381 obtinuit
3233 4343 3250 4394 ;
3283 4342 3454 4396 quam
3478 4327 3558 4383 fe-

1937 4422 2120 4477 liciter
2163 4421 2541 4492 religioseque
2565 4421 2924 4492 gubernans,
2943 4435 3095 4474 nunc
3121 4435 3249 4474 cum
3281 4419 3562 4491 prioribus

287 4513 464 4584 Hujus
493 4515 850 4586 imperatoris
891 4517 1263 4590 temporibus,
1295 4519 1364 4574 ad
1405 4535 1586 4590 usque
1617 4519 1840 4590 imperii
1858 4513 1916 4538 υ
1941 4515 2103 4588 regni
2125 4515 2212 4570 sui
2237 4531 2386 4569 anno
2405 4515 2473 4569 40
2498 4513 2674 4568 vitam
2702 4513 2878 4568 ducit.

221 4606 308 4662 sui
337 4623 555 4662 annum
585 4609 670 4678 14,
701 4613 757 4664 et
791 4610 1128 4666 Chlotacarii
1177 4612 1560 4684 gloriosissimi
1591 4613 1837 4668 Franco-

217 4718 348 4756 rum
364 4703 638 4774 principis
663 4705 826 4775 regni
851 4701 1172 4760 sui'annum
1195 4707 1285 4773 40,
1313 4707 1494 4762 multa
1513 4707 1841 4779 reipublicae

217 4792 492 4863 partibus,
520 4791 732 4865 ubique
757 4809 902 4865 pene
932 4810 967 4848 a
989 4794 1222 4850 diversis
1249 4795 1510 4868 gentibus
1551 4797 1842 4870 dispendia

218 4884 374 4941 illata
409 4886 588 4942 fuere.

2011 4609 2180 4664 Fiunt
2225 4608 2400 4680 igitur
2435 4607 2505 4661 ab
2543 4605 2773 4662 exordio
2810 4606 3009 4662 mundi
3053 4623 3232 4679 usque
3283 4607 3342 4662 in
3389 4625 3562 4664 eram

1941 4707 2299 4775 praesentem,
2329 4701 2388 4756 id
2431 4705 2535 4770 est,
2575 4701 2640 4756 14
2686 4699 2921 4756 Heraclii
2958 4705 3013 4756 et
3047 4701 3378 4758 Chlotacarii
3417 4703 3564 4775 regis

1941 4813 2156 4853 annum
2179 4797 2267 4868 40,
2297 4795 2431 4852 anni
2458 4811 2796 4853 vuncccxxu.
