4054 6186
523 331 3878 366 m

1916 485 2120 531 EODEM
2163 487 2464 532 TBMPORE.

1338 632 3049 934 tchLENTIUS.

1629 1050 2742 1171 LUCULENTII

1041 1258 1157 1350 IN
1227 1256 1728 1370 ALIQUOT
1795 1257 2078 1351 NOVI
2148 1260 2852 1353 TESTAMENTI
2924 1259 3354 1352 PARTES

1576 1439 2832 1569 COMMENTARII

515 1641 632 1708 EX
687 1639 1134 1707 CODICIBUS
1199 1638 1526 1708 PRISCIS
1582 1638 2349 1708 BIBLIOTHECARUM
2395 1639 2872 1709 VATICANzE
2933 1641 3044 1708 ET
3108 1639 3865 1708 VALLICELLIANIE.

1431 1789 3096 1830 *ψ-

2151 1903 2242 2026 Ι.

512 2101 727 2166 Lectio
757 2097 963 2162 sancti
993 2094 1332 2180 Evangelii
1363 2093 1731 2158 secundum
1785 2093 2168 2180 Matthaeum
2194 2095 2306 2180 _(v1,
2334 2095 2442 2180 24)
2478 2115 2492 2171 ;
2525 2095 2605 2160 In
2634 2094 2746 2180 illo
2772 2103 3058 2180 tempore
3085 2095 3256 2159 dixit
3299 2097 3486 2160 Jesus
3528 2098 3870 2180 discipulis

1219 2177 1355 2238 suis
1385 2194 1407 2238 :
1436 2193 1624 2238 nemo
1647 2181 1858 2257 potest
1885 2174 2134 2236 duobus
2163 2174 2445 2238 dominis
2471 2175 2736 2254 servire,
2769 2185 2832 2239 et
2857 2174 3132 2258 reliqua.

1735 2303 2156 2358 COMMENTUM
2193 2303 2618 2358 LUCULENTII.

579 2408 817 2474 Quidam
845 2406 985 2460 duos
1010 2403 1268 2459 homines
1281 2403 1474 2458 volunt
1492 2403 1806 2473 intelligere
1823 2401 2131 2472 Christum,
2155 2414 2216 2488 Α
2235 2408 2379 2466 tuus,
2407 2405 2488 2457 ibi
2507 2408 2583 2458 est
2607 2407 2658 2458 et
2687 2419 2775 2458 cor
2799 2407 2970 2460 tuum.

509 2507 564 2558 et
591 2500 896 2566 diabolum,
925 2515 1169 2570 quorum
1214 2497 1445 2551 societas
1473 2512 1591 2551 esse
1623 2513 1739 2550 nou
1766 2499 1970 2567 potest.
1999 2497 2135 2560 Qua;

507 2595 663 2649 enim
691 2593 921 2648 societas
939 2591 1050 2646 luci
1070 2592 1140 2646 ad
1165 2591 1424 2646 tenebras
1441 2591 1469 2644 ‘l
1495 2607 1622 2662 qua:
1641 2589 1764 2660 conj
1774 2589 1961 2644 unctio
1978 2589 2135 2644 Chri-

505 2690 572 2743 sti
600 2689 668 2742 ad
697 2687 868 2741 Belial
893 2687 920 2741 ?
951 2685 1034 2740 vel
1065 2702 1192 2756 qute
1213 2701 1338 2755 pars
1364 2683 1515 2738 fideli
1545 2700 1674 2738 cum
1705 2683 1928 2737 intidele
1950 2683 1978 2736 ‘t
2005 2682 2132 2736 sub-

503 2782 732 2844 auditur
757 2780 932 2834 nulla.
963 2779 1069 2834 Sed
1097 2779 1196 2849 qui
1222 2777 1335 2832 sint
1351 2779 1464 2832 duo
1487 2776 1704 2831 domini
1723 2777 1989 2846 deinceps
2005 2792 2133 2846 ape-

502 2876 576 2930 rit
603 2891 735 2929 cum
775 2872 1112 2944 subjungit:
1161 2873 1283 2926 NON
1329 2886 1580 2926 POTESTIS
1633 2887 1733 2924 DEO
1775 2884 2019 2936 summa,
2067 2885 2130 2922 ετ

507 2983 801 3023 ιΑΜυοΝιΕ.
833 2967 953 3019 Non
979 2964 1134 3020 enim
1159 2963 1302 3018 dixit
1327 2980 1340 3018 :
1369 2963 1469 3034 qui
1498 2962 1718 3017 divitias
1744 2961 1974 3028 habent,
2015 2963 2124 3016 Do-

502 3061 660 3114 mino
703 3059 909 3113 servire
945 3073 1062 3111 non
1104 3073 1269 3128 posse
1299 3073 1312 3123 ;
1353 3057 1448 3110 sed
1476 3056 1575 3128 qui
1619 3055 1824 3110 divitiis
1855 3055 2124 3110 serviunt.

501 3153 656 3208 Multi
683 3151 836 3207 enim
865 3150 1136 3204 habentes
1163 3148 1382 3204 divitias
1419 3165 1535 3203 non
1566 3147 1911 3203 distribuunt
1937 3164 2029 3201 eas
2063 3152 2128 3203 ut

500 3245 734 3312 domini,
767 3244 866 3300 sed
911 3243 1234 3298 custodiunt
1259 3247 1324 3297 ut
1361 3241 1526 3296 servi.
1568 3243 1644 3296 De
1681 3241 1942 3312 qualibus
1993 3241 2128 3296 dicit

497 3339 794 3412 Apostolus
823 3357 837 3393 :
873 3339 1227 3393 Thesaurizat
1251 3336 1358 3390 sibi
1380 3338 1522 3390 iram
1545 3337 1604 3390 in
1633 3335 1720 3389 die
1749 3337 1864 3397 irae,
1893 3339 1943 3389 et
1976 3350 2121 3390 reve-

499 3435 724 3490 lationis
748 3435 809 3488 in
825 3431 1055 3502 judiciis
1082 3431 1198 3486 Dei.
1219 3431 1286 3485 Et
1309 3447 1339 3484 e
1366 3428 1618 3500 regione,
1639 3428 1801 3482 multi
1821 3427 2032 3483 habent
2047 3427 2125 3483 di-

495 3528 678 3597 vitias,
706 3529 764 3582 et
799 3524 1142 3580 distribuunt
1183 3525 1248 3578 ut
1275 3522 1508 3590 domini,
1556 3539 1670 3576 non
1714 3521 2036 3576 custodiunt
2062 3526 2126 3576 ut

497 3620 662 3689 servi,
708 3619 852 3674 sicut
891 3617 1201 3686 Abraham,
1239 3618 1401 3686 Isaac,
1429 3615 1616 3686 Iacob,
1654 3615 1776 3682 Job,
1817 3614 2121 3686 caeterique

2304 2498 2432 2552 ΙΙ)Εο
2482 2512 2607 2552 DlCO
2643 2513 2802 2553 V'OBIS
2843 2515 2908 2552 NE
2960 2513 3218 2554 SOLLICITI
3258 2513 3390 2554 SITIS
3429 2515 3613 2555 ΑΝΙΜᾸΞ
3649 2515 3866 2556 \‘ESTBJE

2233 2606 2360 2653 QUID
2386 2607 2740 2646 MANDL’CETIS.
2760 2594 2900 2647 Cum
2915 2591 3072 2645 cibus
3087 2592 3214 2663 plus
3228 2593 3513 2664 pertineat
3531 2594 3603 2647 ad
3628 2610 3866 2666 corpus,

2231 2695 2402 2749 quam
2427 2679 2498 2732 ad
2523 2679 2795 2748 animam,
2829 2696 3002 2751 quare
3030 2680 3164 2735 dicit
3191 2697 3204 2735 :
3234 2685 3313 2740 Ne
3343 2683 3572 2736 solliciti
3595 2687 3722 2737 sitis
3753 2687 3868 2737 ani-

2229 2789 2329 2826 mm
2344 2777 2550 2836 vestrae,
2575 2774 2710 2842 quid
2723 2775 3058 2830 manducetis
3076 2777 3104 2828 7
3119 2775 3216 2828 sed
3240 2775 3493 2830 animam
3522 2776 3632 2830 hoc
3659 2778 3726 2830 in
3747 2778 3867 2831 loco

2229 2882 2334 2937 pro
2364 2866 2630 2936 praesenti
2656 2866 2768 2920 vita
2795 2883 2958 2923 nosse
2989 2868 3294 2936 debemus;
3323 2868 3468 2922 sicut
3493 2875 3548 2922 et
3573 2869 3634 2923 in
3663 2869 3866 2924 multis

2229 2958 2532 3030 Scripturae
2557 2959 2708 3030 locis,
2731 2964 2796 3014 ut
2821 2965 2905 3014 est
2927 2960 3064 3015 illud
3107 2960 3280 3015 David
3308 2977 3322 3015 :
3375 2964 3498 3018 Viri
3529 2965 3630 3017 isti
3646 2966 3866 3018 animos

2225 3067 2352 3107 suas
2370 3058 2667 3122 posuerunt
2691 3056 2748 3108 in
2776 3055 3026 3109 manibus
3042 3057 3186 3122 suis;
3215 3059 3264 3108 et
3295 3057 3480 3109 anima
3507 3071 3630 3110 mea
3653 3059 3720 3109 in
3745 3073 3861 3112 ma-

2225 3147 2380 3200 nibus
2404 3149 2531 3200 meis
2553 3161 2774 3216 semper.
2801 3147 3003 3202 Paulus
3028 3164 3254 3220 quoque
3281 3149 3599 3219 apostolus:
3623 3153 3741 3207 Nec
3764 3153 3856 3216 fa-

2225 3241 2305 3294 cio
2332 3241 2570 3294 animam
2597 3255 2769 3294 meam
2790 3242 3162 3309 pretiosiorem
3187 3257 3350 3312 quam
3378 3258 3480 3297 me.
3505 3241 3668 3296 Sicut
3690 3247 3752 3296 et
3771 3243 3860 3297 hic

2223 3348 2354 3386 cum
2381 3332 2514 3387 dicit
2542 3349 2554 3388 ε
2584 3336 2661 3390 Ne
2683 3335 2904 3388 solliciti
2941 3336 3059 3389 sitis
3083 3338 3278 3390 anima:
3300 3340 3490 3390 vestra
3518 3337 3660 3406 quid
3693 3353 3850 3390 man-

2223 3426 2429 3481 ducetis
2452 3443 2470 3495 ;
2497 3442 2561 3480 ac
2589 3426 2636 3480 si
2656 3425 2802 3482 dicat
2829 3444 2843 3482 :
2872 3427 3011 3482 Vita:
3032 3433 3228 3483 vestrae
3253 3429 3500 3500 qualiter
3515 3431 3710 3484 vivere
3735 3447 3858 3502 pos-

2222 3518 2360 3574 sitis.
2388 3519 2493 3574 Sed
2524 3519 2798 3590 quaeritur
2832 3536 3006 3592 quare
3034 3521 3218 3576 dicat:
3248 3525 3327 3580 Ne
3349 3523 3572 3578 solliciti
3593 3525 3716 3578 sitis
3741 3526 3857 3578 ani-

2219 3627 2320 3666 ma
2342 3616 2533 3668 vestrm
2558 3613 2692 3682 quid
2713 3615 3070 3678 manducetis,
3112 3631 3244 3669 cum
3272 3616 3479 3670 Paulus
3504 3615 3657 3671 dicat
3692 3633 3707 3671 :
3735 3617 3852 3674 Sol-

495 3714 596 3786 qui
622 3713 737 3767 suis
755 3711 962 3766 divitiis
987 3710 1130 3765 bene
1160 3726 1401 3781 praeesse
1432 3703 1734 3776 noverunt,
1758 3725 1851 3763 eas
1883 3708 2123 3762 ﬁdeliter
2142 3779 2189 3786 _
2223 3706 2499 3761 licitudine
2525 3723 2633 3760 non
2649 3709 2822 3777 pigri.
2853 3708 2959 3763 Sed
2983 3708 3064 3762 ibi
3083 3709 3398 3764 sollicitudo
3436 3709 3748 3780 spiritualis
3771 3711 3853 3766 in-

497 3779 902 3862 distribuendo.
944 3819 1050 3858 sur
1082 3819 1210 3858 sum
1250 3819 1402 3858 unum
1433 3819 1557 3857 omo
1583 3818 1830 3870 nunc”,
1865 3818 1928 3856 ET
1958 3817 2119 3856 ALTE-
2142 3779 2198 3850 Β
2222 3798 2529 3871 telligenda
2553 3813 2656 3868 est,
2687 3799 2748 3854 in
2767 3817 2879 3872 qua
2905 3801 3058 3872 pigri
3083 3817 3203 3857 esse
3229 3819 3344 3856 non
3373 3802 3670 3872 debemus,
3720 3804 3853 3876 quia

498 3915 612 3956 non
655 3913 879 3965 DILIGET,
907 3896 965 3950 id
991 3900 1075 3950 est
1111 3896 1328 3963 Deum;
1361 3911 1467 3950 aur
1504 3911 1652 3951 UNUM
1697 3910 2026 3964 SUSTINEBIT,
2058 3911 2122 3949 ET
2221 3909 2286 3946 ea
2312 3909 2440 3964 quae
2463 3893 2692 3964 spiritus
2715 3899 2867 3964 sunt,
2913 3911 3044 3948 cum
3077 3894 3344 3950 aviditate
3389 3912 3650 3968 quaerere
3677 3896 3851 3952 debe-

499 4007 746 4049 ALTERUI
775 3999 1088 4045 CONTEMNET
1115 4005 1132 4058 ;
1159 4005 1274 4042 non
1300 3987 1439 4042 dixit
1481 3989 1610 4042 odio
1637 3987 1828 4056 habet,
1857 3987 1953 4042 sed
1979 4004 2118 4042 con-

496 4090 730 4154 temnet,
751 4100 866 4140 non
885 4083 1013 4138 ideo
1042 4081 1222 4136 timet.
1247 4080 1444 4135 Nullus
1473 4081 1627 4136 enim
1646 4084 1761 4134 tam
1783 4080 2014 4134 demens
2037 4085 2122 4135 est

495 4187 560 4238 ut
584 4180 752 4246 dicat,
785 4194 844 4232 se
873 4175 1050 4232 Deum
1071 4175 1198 4230 odio
1222 4174 1454 4242 habere,
1487 4174 1582 4228 sed
1613 4173 1762 4227 Deus
1787 4173 1948 4228 illum
1979 4172 2116 4243 odit,

491 4277 592 4349 qui
640 4275 920 4347 praecepta
962 4268 1113 4325 illius
1153 4266 1486 4334 contemnit,
1524 4266 1742 4322 dicente
1795 4266 2112 4338 propheta:

492 4370 671 4428 Odisti
692 4382 870 4424 omnes
889 4367 986 4436 qui
1007 4367 1303 4455 operantur
1321 4363 1686 4432 iniquitatem.
1714 4359 1866 4415 Sicut
1881 4359 2032 4414 enim
2047 4377 2116 4414 ex

490 4480 606 4519 uno
626 4462 781 4517 fonte
793 4459 954 4516 dulce
969 4464 1026 4514 et
1044 4453 1324 4525 amarum,
1351 4460 1654 4526 utrumque
1667 4453 1833 4508 simul
1854 4469 2116 4508 emanare

491 4571 606 4612 non
654 4557 856 4626 potest,
883 4553 961 4607 ita
997 4550 1186 4606 nullus
1216 4548 1431 4621 pariter
1463 4547 1682 4603 duobus
1709 4545 1970 4610 dominis,
2001 4547 2113 4601 Deo

490 4649 698 4706 scilicet
721 4652 779 4702 et
807 4645 1034 4712 divitiis,
1057 4641 1266 4698 servire
1285 4647 1487 4713 potest.
1513 4644 1634 4698 Non
1648 4642 1870 4712 potestis
1882 4643 1988 4694 Deo
2008 4655 2115 4694 ser-

490 4747 603 4801 vire
629 4746 678 4798 et
702 4754 1034 4797 mammonae.
1061 4739 1342 4792 Mammon
1381 4736 1585 4806 Syrum
1618 4739 1719 4804 est,
1746 4733 1897 4806 quod
1922 4733 2115 4789 Latine

489 4837 698 4896 divitiae
723 4837 1104 4906 nuncupatur.
1134 4831 1308 4885 Nemo
1336 4832 1522 4901 potest
1547 4829 1660 4882 Deo
1686 4827 1916 4899 pariter,
1949 4829 2007 4882 et
2034 4827 2117 4882 di-

489 4934 635 4988 vitiis
660 4930 888 4998 servire,
903 4925 1034 4999 quia
1055 4924 1152 4996 qui
1169 4923 1281 4978 Deo
1304 4924 1418 4977 toto
1438 4921 1604 4976 corde
1623 4920 1894 4990 servierit,
1919 4936 2114 4976 servus

489 5027 810 5080 divitiarum
831 5039 949 5078 esse
975 5036 1089 5075 non
1119 5016 1350 5090 poterit.
1379 5015 1558 5070 Omne
1585 5014 1960 5085 quodcunque
1985 5013 2113 5084 plus

2219 4001 2367 4041 mus.
2396 3986 2478 4040 Ad
2498 3987 2836 4043 exteriorem
2861 3988 3152 4058 pertinens
3178 3988 3492 4058 hominem,
3520 3989 3692 4044 labor
3719 3990 3849 4062 qui-

2218 4079 2346 4134 dem
2393 4081 2740 4136 exercendus
2789 4085 2890 4152 est,
2939 4081 3252 4137 sollicitudo
3298 4083 3560 4137 tollenda.
3605 4083 3687 4137 De
3735 4099 3850 4155 qua

2217 4173 2487 4228 Dominus
2528 4175 2752 4245 Judaeis,
2782 4191 2914 4230 cum
2951 4191 3048 4230 eos
3073 4175 3288 4231 videret
3320 4175 3381 4229 in
3417 4178 3646 4231 terrena
3681 4177 3846 4249 cupi-

2216 4265 2392 4322 ditate
2416 4267 2690 4338 laborare,
2719 4268 2860 4324 dixit
2887 4285 2902 4323 :
2943 4270 3258 4340 Operamini
3284 4284 3390 4324 non
3412 4269 3612 4332 cibum,
3642 4273 3744 4340 qui
3761 4286 3848 4342 pe-

2212 4361 2288 4414 rit
2311 4379 2325 4414 :
2354 4360 2447 4416 sed
2465 4363 2562 4430 qui
2577 4367 2855 4432 permanet
2881 4364 2940 4416 in
2956 4364 3127 4417 vitam
3155 4366 3426 4418 aeternam.
3457 4363 3528 4416 Et
3551 4362 3684 4418 ideo
3711 4365 3840 4436 qui-

2183 4453 2345 4522 ,dem
2381 4470 2522 4526 opus
2558 4456 2940 4510 exercendum
2977 4460 3081 4526 est,
3123 4455 3268 4510 sicut
3298 4455 3510 4510 Paulus
3559 4459 3842 4528 apostolus

2213 4546 2355 4602 dixit
2381 4563 2395 4602 :
2427 4549 2532 4616 Qui
2551 4563 2658 4602 non
2682 4550 2800 4604 vult
2825 4551 3059 4621 aperari,
3097 4565 3192 4604 nec
3225 4549 3528 4604 manducet.
3575 4551 3647 4605 Et
3670 4551 3839 4606 alibi:

2213 4641 2504 4710 Operantes
2521 4657 2641 4696 cum
2650 4643 2859 4698 silentio
2879 4643 3219 4698 manducent.
3241 4643 3308 4697 Et
3327 4642 3437 4697 hoc
3454 4646 3540 4698 est
3553 4645 3712 4715 quod
3732 4645 3836 4698 ait:

2211 4736 2290 4791 Ne
2307 4734 2529 4789 solliciti
2549 4737 2670 4790 sitis
2693 4737 2890 4791 anima
2925 4740 3114 4792 vestrm
3133 4736 3268 4806 quid
3291 4737 3629 4792 manducetis
3654 4757 3672 4791 :
3702 4754 3767 4791 ac
3793 4737 3837 4791 si

2212 4825 2361 4881 dicat
2384 4816 2530 4891 :‘Qui
2555 4827 2768 4898 majora
2795 4827 2949 4884 dedit
2975 4845 3006 4898 ;-
3032 4829 3231 4900 utique
3259 4831 3317 4882 et
3346 4828 3573 4884 minora
3597 4836 3834 4902 praesta-

2210 4919 2293 4974 bit
2317 4937 2334 4988 ;
2357 4919 2514 4990 quia,
2547 4921 2647 4993 qui
2667 4921 2916 4976 animam
2936 4925 2994 4977 et
3029 4938 3234 4994 corpus
3256 4921 3410 4988 fecit,
3433 4921 3592 4976 dabit
3620 4927 3678 4978 et
3701 4923 3832 4978 sub-

2211 5011 2436 5067 sidium.
2466 5014 2653 5069 Nouus
2677 5031 2850 5070 ΑΝωΑ
2880 5031 3010 5071 pws
3039 5031 3132 5070 ssr
3163 5031 3310 5078 QUAM
3339 5032 3464 5070 sses
3491 5017 3521 5070 Ἰ
3547 5033 3614 5072 ετ
3640 5033 3832 5072 conrus

487 5119 672 5189 diligit
695 5119 885 5183 homo,
908 5116 1014 5169 hoc
1041 5115 1125 5168 est
1150 5127 1370 5178 avarus,
1398 5124 1602 5163 aurum
1628 5108 1804 5162 Deum
1831 5107 2026 5174 habet,
2057 5111 2113 5161 et
2131 5145 2185 5218 Ο
2212 5121 2344 5162 PLUS
2367 5123 2515 5167 oUAu
2544 5123 2914 5164 vssrmsu'ruu
2943 5109 2971 5162 ‘l
2992 5109 3197 5163 Anima
3221 5109 3350 5180 plus
3374 5113 3460 5164 est
3487 5125 3665 5180 quam
3689 5128 3830 5180 esca,

487 5211 806 5266 vorantium
846 5210 990 5262 Deus
1021 5210 1218 5262 venter
1247 5209 1348 5260 est.
1402 5204 1636 5272 Quorum
1681 5202 1803 5270 ﬁnis
1840 5202 2108 5262 interitus,

487 5319 718 5376 quorum
775 5306 911 5356 Deus
983 5305 1164 5355 venter
1235 5304 1350 5364 est,
1399 5301 1450 5352 et
1523 5297 1698 5365 gloria
1771 5295 1830 5348 in
1898 5295 2108 5360 confu-

485 5403 631 5456 sione
672 5399 910 5468 ipsorum
943 5395 1039 5462 qui
1087 5397 1300 5447 terrena
1327 5393 1572 5461 sapiunt.
1603 5389 1672 5443 Et
1708 5387 1845 5459 quid
1874 5386 2056 5441 dicam
2082 5387 2110 5441 Τ

487 5489 864 5568 quodcunque
917 5485 1160 5556 amplius
1213 5483 1396 5554 diligit
1445 5483 1616 5537 homo
1665 5497 1835 5552 quam
1906 5481 2106 5544 Deum,

486 5589 684 5660 utique
729 5584 811 5640 illi
860 5586 943 5636 est
988 5580 1169 5647 Deus,
1199 5581 1254 5632 et
1303 5577 1428 5630 ideo
1464 5591 1614 5631 nemo
1645 5580 1816 5646 potest
1854 5578 1958 5630 Deo
2005 5589 2110 5630 ser-

483 5686 600 5740 vire
649 5685 700 5736 et
750 5689 1109 5739 mammona,-
1148 5669 1284 5743 quia
1335 5668 1434 5740 qui
1491 5668 1738 5722 avaritiae
1789 5667 2104 5738 studuerit,

486 5777 602 5836 Deo
649 5773 856 5831 servire
905 5787 1019 5826 non
1071 5764 1318 5842 poterit:
1367 5761 1465 5816 ubi
1512 5761 1652 5816 enim
1695 5765 1771 5816 est
1827 5761 2106 5817 thesaurus

2209 5199 2345 5270 quia
2369 5216 2592 5272 semper
2631 5201 2880 5256 manebit
2903 5219 2920 5271 ;
2954 5218 3077 5256 esca
3101 5218 3234 5257 vero
3261 5201 3491 5274 peribit.
3539 5205 3606 5258 Et
3631 5221 3833 5276 corpus

2207 5293 2336 5364 plus
2373 5310 2544 5365 quam
2587 5294 2983 5350 vestimentum
3025 5299 3127 5366 est,
3165 5295 3299 5368 quia
3343 5297 3602 5368 quamvis
3654 5298 3714 5352 in
3753 5298 3829 5352 ci-

2207 5401 2405 5441 nerem
2451 5386 2770 5457 redigatur,
2823 5391 3017 5444 tamen
3071 5389 3250 5443 instar
3299 5389 3503 5461 prioris
3555 5391 3829 5445 reforma-

2205 5478 2378 5534 bitur.
2418 5479 2700 5552 Scriptum
2733 5485 2816 5536 est
2853 5482 3008 5536 enim
3039 5499 3053 5536 :
3104 5485 3263 5538 Velut
3303 5486 3562 5540 amictum
3597 5487 3832 5542 mutabis

2205 5589 2309 5636 eos,
2335 5575 2749 5630 etmutabuntur
2763 5593 2782 5642 ;
2802 5576 3202 5631 vestimentum
3227 5593 3360 5632 vero
3377 5577 3446 5632 ad
3471 5577 3723 5634 nihilum
3749 5595 3830 5634 re-

2205 5665 2434 5738 digitur.

2275 5760 2558 5818 Rssricrra
2607 5775 2886 5818 VOLATIIJA
2938 5779 3070 5820 crsu
3117 5779 3360 5827 ouomu
3420 5781 3531 5822 non
3593 5781 3823 5840 suum,
