4054 6186
281 257 390 312 805

1621 258 1688 313 IN
1725 256 1970 314 ΜΑΤΤΗ.
2011 256 2158 312 CAP.
2198 249 2284 312 Vl.

3541 261 3644 317 806

275 379 458 426 usque
481 377 832 420 concussam
849 379 904 420 IN
925 378 1160 431 nonum,
1186 379 1248 420 ar
1277 381 1444 421 PATER
1461 381 1664 421 vasrsn
1685 382 1904 422 comss-
1930 379 1989 452 Α
2007 369 2252 434 Insuper,
2273 368 2324 419 et
2344 365 2488 435 quod
2511 379 2616 420 non
2644 364 2853 436 petisti,
2889 364 3028 420 dabo
3049 365 3168 428 tibi,
3189 363 3415 420 divitias
3435 370 3640 433 saeculi,

271 472 362 512 TIS
391 472 580 513 PASCIT
608 474 745 514 ω.
773 458 1025 512 Dederat
1051 459 1552 529 comparationem
1584 459 1654 514 de
1687 461 1907 530 majore

273 549 354 603 ad
381 549 703 617 minorem;
737 550 809 605 de
835 551 1031 606 anima
1057 551 1133 606 ad
1153 567 1379 622 corpus,
1403 555 1462 606 et
1492 552 1562 606 de
1593 552 1818 607 minore
1837 552 1911 608 ad

276 644 587 714 majorem,
603 643 674 698 de
688 660 816 700 esca
829 644 903 700 ad
915 645 1193 716 animam;
1209 663 1362 700 nunc
1375 645 1584 702 iterum
1599 646 1668 700 de
1686 646 1910 701 minore

274 742 351 795 ad
378 743 663 812 majorem
699 741 799 797 dat
835 744 1326 815 comparationem
1344 787 1358 812 ,
1391 744 1462 799 de
1490 745 1811 800 volucribus
1837 746 1911 800 ad

275 834 578 890 hominem
599 851 731 890 cum
754 835 891 890 dicit
913 853 926 891 :
953 840 1216 908 Respicite
1234 839 1483 894 volatilia
1511 841 1647 894 cceli.
1666 839 1910 903 Quidam

272 928 534 983 volatilia
557 929 681 984 coeli
717 931 954 1000 angelos
987 929 1311 1002 intelligere
1338 933 1545 1001 voluit,
1581 937 1818 1005 prapter
1841 933 1906 987 il-

271 1021 376 1076 lud
407 1037 420 1076 :
453 1023 692 1086 Volavit,
724 1022 914 1094 inquit
951 1025 1262 1096 propheta,
1291 1027 1366 1081 ad
1390 1043 1472 1081 me
1497 1042 1640 1082 unus
1667 1028 1734 1082 de
1758 1042 1908 1082 sera-

270 1115 430 1184 phin,
459 1119 558 1186 qui
576 1131 684 1170 non
715 1117 984 1172 laborant.
1003 1117 1136 1173 Ideo
1155 1118 1390 1189 quidem
1417 1119 1634 1174 visione
1661 1119 1906 1190 Deipcr-

274 1209 564 1276 fruuntur,
586 1209 810 1264 dicente
836 1211 1004 1265 Petro
1036 1214 1323 1282 apostolo:
1349 1215 1416 1267 In
1431 1229 1585 1283 quem
1603 1214 1912 1269 desiderant

271 1303 461 1371 angeli
480 1305 804 1374 prospicere.
837 1303 952 1358 Sed
975 1321 1344 1376 nequaquam
1367 1305 1446 1360 ita
1465 1306 1908 1378 intelligendum

274 1397 383 1461 est,
408 1397 471 1448 ut
488 1395 662 1449 homo
685 1396 872 1450 malus
891 1396 964 1450 sit
987 1397 1141 1467 apud
1156 1399 1336 1452 Deum
1359 1415 1534 1470 quam
1559 1399 1769 1470 angeli.
1795 1399 1907 1455 Sed

272 1488 482 1541 melius
511 1491 598 1542 est
633 1491 696 1542 ut
723 1487 1116 1560 intelligamus
1150 1491 1403 1546 volatilia
1428 1492 1586 1560 coeli,
1620 1510 1750 1548 aves
1779 1510 1906 1564 quae

271 1597 380 1652 per
393 1581 547 1636 hunc
567 1598 762 1636 aerem
780 1582 1124 1651 discurrunt,
1139 1584 1294 1639 unde
1317 1589 1374 1640 et
1394 1603 1527 1640 aves
1547 1587 1669 1641 caeli
1696 1604 1902 1642 vocan-

273 1677 367 1726 tur
385 1690 399 1726 :
421 1690 540 1728 non
557 1674 821 1730 laborant
843 1692 1028 1746 neque
1042 1680 1286 1744 metunt,
1301 1677 1402 1732 sed
1413 1681 1622 1746 rostro,
1639 1679 1908 1750 etungui-

2010 461 2138 513 auri
2159 463 2212 512 et
2235 461 2466 527 argenti.
2495 457 2609 514 Sed
2634 457 2696 512 in
2721 458 2879 513 omni
2901 457 3270 513 multitudine
3292 458 3638 531 divitiarum,

2011 554 2070 606 et
2098 551 2376 606 varietate
2399 551 2642 606 vestium
2671 569 2788 606 non
2818 555 2905 606 est
2927 555 3252 623 coopertus,
3289 552 3435 607 sicut
3460 571 3640 610 unum

2011 643 2220 712 existis,
2245 644 2584 700 subauditur
2597 645 2730 700 liliis
2749 645 2893 716 agri.
2915 645 3038 699 Non
3064 643 3220 699 enim
3238 645 3504 715 sericum,
3532 665 3640 703 nec

2010 753 2214 807 regum
2244 753 2518 809 purpura,
2552 754 2658 792 nec
2687 738 2910 809 pictura
2939 737 3242 792 textricum
3273 742 3460 810 potest
3479 741 3637 795 ﬂori—

2009 829 2116 884 bus
2145 830 2487 902 comparari.
2523 831 2670 896 Quid
2693 831 2850 886 enim
2869 831 2948 886 ita
2967 831 3133 887 rubet
3150 831 3390 886 utrosa?
3404 832 3543 904 quid
3559 834 3640 888 ita

2011 923 2222 978 candet
2256 927 2319 978 ut
2355 923 2576 979 lilium?
2613 925 2780 980 violae
2810 941 2944 980 vero
2973 941 3244 997 purpura,
3281 927 3436 980 nullo
3468 944 3636 998 supe-

2011 1015 2126 1070 rari
2151 1016 2389 1085 murice,
2418 1019 2714 1074 oculorum
2738 1019 2921 1090 magis
2949 1035 3122 1090 quam
3144 1035 3476 1074 sermonum
3491 1020 3642 1091 judi-

2012 1107 2165 1162 cium
2199 1111 2304 1164 est.
2336 1109 2488 1164 Fecit
2517 1110 2673 1165 enim
2709 1111 2982 1167 Salomon
3021 1127 3157 1166 vasa
3185 1129 3361 1166 aurea
3385 1113 3442 1166 in
3469 1113 3642 1168 domo

2009 1201 2262 1270 Domini,
2291 1203 2446 1256 velut
2473 1203 2548 1257 ad
2578 1203 2921 1274 dignitatem
2952 1204 3196 1275 regiam.
3230 1205 3342 1260 Sed
3371 1208 3430 1260 et
3455 1209 3637 1273 fercu-

2011 1299 2122 1353 lum
2145 1301 2279 1367 fecit
2303 1299 2554 1355 Salomon
2585 1301 2650 1356 de
2672 1302 2835 1371 lignis
2859 1303 3083 1364 Sethim,
3106 1303 3484 1372 columnasque
3508 1306 3636 1371 fecit

2007 1397 2320 1462 argenteas,
2365 1409 2638 1449 ascensum
2674 1410 3047 1464 purpureum,
3093 1396 3494 1451 reclinatorium
3533 1413 3631 1452 au-

2005 1501 2157 1540 reum
2178 1486 2353 1540 med-io
2377 1487 2628 1542 claritate
2663 1490 2958 1542 constravit
2987 1493 3212 1558 prapter
3249 1490 3391 1557 ﬁlias
3414 1492 3633 1545 Jerusa-

2007 1579 2126 1632 lem.
2157 1567 2455 1634 Ferculum
2481 1579 2638 1634 enim
2677 1583 2936 1636 sanctam
2970 1580 3257 1652 signiﬁcat
3292 1583 3633 1653 Ecclesium,

2005 1673 2288 1727 columna:
2307 1690 2442 1728 vero
2465 1677 2690 1729 sanctos
2714 1673 2994 1742 doctores,
3025 1674 3170 1728 sicut
3190 1674 3261 1728 de
3289 1675 3632 1745 quibusdam

253 1766 379 1820 'bus
397 1771 729 1838 pascuntur.
749 1769 808 1824 Si
822 1769 1268 1840 inquitvolatilia
1283 1771 1426 1838 coeli,
1443 1789 1689 1844 quorum
1708 1774 1891 1828 anima

2006 1782 2210 1820 eorum
2237 1766 2456 1822 dictum
2485 1771 2570 1822 est
2600 1785 2612 1822 :
2641 1769 2867 1824 Jacobus
2903 1774 2956 1823 et
2997 1769 3221 1838 Cephas,
3253 1773 3302 1824 et
3335 1771 3634 1835 Iohannes,

267 1876 404 1914 cum
427 1877 666 1932 corpore
691 1862 953 1930 moritur,
978 1863 1128 1917 Deus
1149 1863 1228 1918 sic
1247 1865 1446 1934 pascit,
1471 1870 1688 1936 quanto
1719 1867 1906 1938 magis

266 1969 371 2008 vos
391 1953 488 2025 qui
511 1955 584 2009 ad
615 1954 932 2027 imaginem
953 1955 1052 2010 Dei
1074 1957 1210 2011 facti
1231 1957 1365 2012 estis
1385 1957 1534 2014 illis?
1561 1960 1725 2015 Ratio
1747 1961 1903 2015 enim

265 2046 392 2100 haec
419 2063 538 2100 non
559 2047 634 2102 ad
654 2049 1149 2118 numerositatem,
1180 2050 1282 2105 sed
1309 2051 1382 2106 ad
1407 2054 1903 2124 comparationem

265 2139 648 2210 intelligenda
695 2144 799 2195 est.
843 2141 902 2196 Si
947 2142 1019 2197 ad
1068 2161 1376 2199 numerum
1417 2145 1742 2218 intelligas,
1777 2148 1903 2218 plus

264 2235 403 2286 sunt
430 2233 684 2288 volatilia
709 2234 833 2288 cceli
855 2251 1032 2306 quam
1059 2236 1358 2305 homines;
1386 2239 1488 2293 sed
1513 2239 1586 2294 ad
1611 2240 1898 2311 quantita-

265 2327 388 2380 tem
399 2368 412 2393 ,
427 2327 992 2398 etcomparationem
1006 2330 1545 2403 estintelligendum
1560 2333 1714 2404 quod
1734 2333 1897 2389 dicit:

264 2419 460 2475 Nouus
492 2435 595 2475 vos
623 2436 784 2477 MAGIS
813 2439 1014 2479 urnas
1052 2439 1200 2480 ESTIS
1225 2425 1404 2480 ILLIs?
1434 2425 1490 2480 id
1519 2429 1604 2480 est
1631 2427 1900 2482 meliores

265 2513 327 2565 et
355 2513 643 2568 chariores
673 2513 837 2582 estis,
869 2518 928 2570 et
962 2517 1088 2587 plus
1115 2517 1343 2585 valetis;
1380 2517 1479 2573 illa
1505 2519 1663 2574 enim
1691 2519 1735 2574 si
1764 2521 1900 2575 lassa

263 2604 445 2660 fuerit
464 2605 676 2675 anima,
705 2624 912 2679 corpus
936 2608 1212 2666 interibit.
1231 2613 1416 2667 Homo
1434 2612 1678 2668 moritur
1693 2629 1893 2686 corpo-

263 2715 352 2766 re,
371 2699 569 2754 anima
589 2700 663 2754 ad
683 2701 935 2758 coelestia
953 2703 1162 2759 tendit.
1183 2707 1331 2760 Deus
1347 2705 1503 2760 enim
1525 2706 1895 2778 omnipotens

265 2809 386 2846 non
409 2793 676 2848 homines
694 2797 932 2867 propter
951 2813 1101 2865 aves,
1117 2797 1218 2852 sed
1231 2814 1360 2854 aves
1379 2803 1616 2872 propter
1631 2801 1896 2856 homines

261 2885 423 2955 fecit,
465 2889 524 2941 et
563 2892 802 2960 propter
831 2889 1098 2944 homines
1127 2891 1285 2945 venit
1323 2891 1382 2946 in
1426 2893 1710 2948 mundum
1731 2936 1745 2963 ,
1778 2911 1895 2951 non

262 2983 503 3051 propter
540 2997 690 3052 aves,
732 2999 876 3054 quos
905 2986 964 3038 et
992 3000 1126 3040 caro
1166 2985 1351 3056 pretio
1377 2986 1554 3055 emit,
1588 2988 1732 3042 sicut
1758 2988 1893 3042 scri-

261 3075 432 3143 ptum
457 3077 544 3128 est
561 3091 573 3129 :
593 3078 780 3145 Empti
799 3079 939 3132 enim
963 3079 1087 3134 estis
1102 3081 1281 3149 pretio
1313 3096 1529 3150 magno.
1549 3083 1682 3149 QUIs
1711 3099 1890 3138 AUTEM
1914 3119 1969 3195 Ο

258 3181 512 3223 VESTRUM
568 3183 830 3226 COGITANS
893 3186 1095 3228 POTEST
1155 3189 1410 3230 ADJICERE
1471 3191 1540 3230 AD
1615 3191 1893 3233 STATURAM

260 3275 411 3316 sum
451 3275 684 3318 CUBITUM
711 3262 900 3319 unum?
924 3265 1120 3320 Nullus
1147 3267 1301 3322 enim
1329 3267 1402 3322 ad
1426 3270 1706 3324 staturam
1729 3287 1892 3326 suam

259 3353 520 3409 cubitum
551 3372 728 3410 unum
751 3356 997 3428 adjicere
1018 3360 1204 3429 valet;
1239 3361 1356 3417 imo
1378 3379 1484 3416 nec
1511 3379 1688 3418 unum
1719 3363 1889 3435 capil-

259 3447 384 3500 lum
410 3448 610 3520 capitis
655 3450 850 3505 album
887 3451 1078 3507 facere
1121 3457 1220 3508 aut
1249 3454 1498 3526 nigrum.
1534 3457 1735 3511 Danda
1772 3461 1894 3512 erat

259 3541 619 3612 comparatio
642 3542 713 3598 de
733 3544 1074 3602 vestimento
1097 3546 1170 3601 ad
1193 3564 1418 3618 corpus,
1442 3547 1587 3603 sicut
1606 3552 1664 3603 et
1682 3549 1753 3604 de
1775 3549 1893 3604 ani-

257 3649 360 3688 ma
397 3633 533 3689 data
560 3639 702 3690 erat.
737 3636 902 3702 Quod
941 3639 1079 3695 dicit
1105 3639 1430 3696 istiusmodi
1457 3645 1578 3696 est:
1607 3642 1686 3696 illi
1716 3643 1886 3697 relin-

256 3727 419 3798 quite
439 3744 637 3784 curam
657 3730 754 3802 qui
773 3731 908 3787 fecit
923 3735 1231 3802 staturam;
1261 3735 1359 3806 qui
1377 3734 1532 3790 enim
1555 3752 1760 3807 corpus
1777 3753 1890 3808 qua

254 3821 439 3875 voluit
481 3839 757 3878 mensura
803 3826 1126 3895 constituit,
1168 3827 1381 3883 scilicet
1421 3845 1593 3900 quam
1625 3831 1886 3902 longum,

257 3929 435 3985 quam
455 3915 628 3971 breve
649 3921 816 3987 esset,
846 3919 1042 3991 utique
1067 3921 1217 3991 quod
1247 3921 1437 3976 minus
1469 3924 1554 3977 est
1573 3921 1751 3992 dabit,
1780 3924 1884 3980 sci-

255 4007 394 4062 licet
417 4007 824 4066 indumentum
843 4015 899 4068 et
916 4016 1336 4084 tegumentum.
1361 4015 1468 4080 Qui
1489 4016 1644 4072 enim
1663 4018 1888 4089 majora

255 4102 522 4170 contulit,
551 4120 658 4159 nec
687 4121 802 4160 non
831 4107 1126 4178 utriusque
1154 4111 1213 4162 et
1237 4109 1467 4164 minora
1491 4113 1803 4182 praestabit.

328 4196 706 4254 CONSIDERATE
753 4215 892 4256 LILIA
945 4218 1071 4257 ΛΟΜ
1121 4218 1385 4266 QUOMODO
1435 4219 1726 4273 CRESCUNT,
1779 4219 1885 4264 NON

255 4304 557 4359 meum,
599 4308 773 4355 NEQUE
811 4310 962 4350 NENT.
999 4297 1114 4351 Hoc
1142 4297 1268 4352 loco
1308 4314 1426 4352 non
1465 4299 1788 4370 specialiter
1815 4301 1882 4354 1i-

255 4381 422 4449 lium,
464 4383 564 4438 sed
609 4401 810 4440 omnes
846 4387 1054 4443 herbas
1083 4387 1492 4462 intelligamus,
1537 4407 1663 4462 qua:
1694 4392 1884 4447 hieme

2003 1861 2100 1930 qui
2141 1860 2470 1915 videbantur
2517 1862 2773 1916 columnae
2825 1876 2950 1917 esse.
2994 1863 3276 1916 Ascensus
3317 1879 3638 1934 purpureus

2003 1955 2230 2007 sanctos
2241 1953 2527 2024 significat
2540 1955 2677 2010 conf
2677 1971 2914 2022 essores,
2930 1955 3360 2010 reclinatorium
3372 1973 3608 2012 aureum
3617 1999 3633 2028 ,

2003 2044 2260 2100 divinam
2279 2046 2644 2118 sapientiam.
2663 2049 2744 2103 De
2763 2065 2878 2120 qua
2899 2048 3032 2104 alibi
3053 2065 3066 2104 :
3095 2051 3398 2104 Thesaurus
3417 2050 3627 2106 deside-

1999 2139 2214 2202 rabilis,
2240 2142 2526 2210 requiescit
2549 2156 2693 2196 more
2715 2144 2995 2212 sapientis.
3025 2141 3178 2196 Filiae
3199 2143 3518 2198 Jerusalem
3555 2144 3626 2198 si-

2001 2232 2279 2302 gniﬁcant
2304 2233 2529 2288 animas
2557 2237 2801 2289 sanctas.
2826 2233 3099 2299 Quamvis
3118 2235 3276 2290 enim
3298 2235 3375 2290 sic
3401 2236 3632 2292 decora-

2001 2327 2092 2378 tus
2117 2324 2313 2380 fuisset
2329 2325 2626 2394 Salomon,
2651 2329 2848 2382 tamen
2871 2345 3169 2399 nunquam
3191 2329 3380 2400 potuit
3397 2330 3476 2384 sic
3493 2347 3626 2385 can‘

2001 2417 2201 2474 didum
2221 2419 2436 2474 habere
2455 2419 2862 2475 vestimentum
2883 2424 2945 2475 ut
2970 2425 3056 2475 est
3069 2421 3276 2490 lilium,
3301 2439 3407 2478 nec
3419 2441 3629 2495 purpu-

1997 2527 2164 2566 reum
2199 2513 2344 2568 sicut
2375 2513 2542 2580 viola,
2587 2530 2695 2568 nec
2725 2513 3056 2570 coccineum
3091 2515 3236 2570 sicut
3261 2533 3412 2572 rosa.
3449 2517 3624 2588 Spiris

1999 2606 2238 2660 tualiter
2259 2623 2366 2677 per
2391 2606 2574 2662 lilium
2603 2607 2960 2679 significatur
2983 2609 3300 2680 virginitas,
3323 2627 3428 2682 per
3454 2611 3628 2666 violas

1998 2699 2374 2768 confessores,
2402 2717 2507 2772 per
2542 2717 2702 2756 rosas
2731 2705 3034 2774 martyres.
3069 2703 3342 2758 Salomon
3375 2721 3626 2776 namque

2001 2791 2394 2863 virginitatem
2422 2810 2539 2849 non
2565 2793 2786 2863 habuit,
2817 2795 2917 2850 sed
2947 2796 3124 2851 etiam
3151 2811 3252 2852 cor
3275 2797 3398 2868 ejus
3417 2796 3621 2870 depra-

1995 2889 2191 2941 vatum
2217 2889 2301 2941 est
2329 2904 2434 2959 per
2457 2888 2750 2945 mulieres.

2066 2979 2125 3035 SI
2162 2997 2342 3036 AUTEM
2380 2997 2558 3038 FENUM
2596 2998 2722 3038 AGRI
2762 2997 2908 3046 QUOD
2947 2998 3112 3039 HODIE
3145 2999 3258 3052 EST,
3306 2999 3370 3040 ET
3405 2999 3538 3042 CRAS
3569 3001 3620 3043 ΙΝ

1995 3087 2263 3130 CLIBANUM
2301 3089 2570 3143 MITTITUR,
2612 3077 2756 3132 Deus
2795 3091 2879 3132 SIC
2917 3091 3120 3150 vasrlr.
3168 3077 3266 3133 Hic
3295 3082 3492 3150 aperte
3519 3080 3618 3136 da-

1995 3169 2088 3221 tur
2126 3167 2370 3239 intelligi
2412 3169 2548 3240 quia
2597 3169 2858 3242 superius
2890 3186 3062 3225 omne
3102 3187 3284 3243 genus
3308 3172 3620 3228 herbarum

1993 3262 2486 3344 comprehendere
2513 3263 2691 3318 voluit
2726 3281 2858 3318 cum
2885 3263 3024 3318 dicit
3068 3281 3082 3319 :
3125 3267 3187 3322 Si
3221 3271 3399 3320 autem
3435 3270 3621 3334 fenum

1993 3358 2119 3425 agri
2145 3357 2290 3426 quod
2318 3357 2475 3411 hodie
2505 3363 2601 3421 est,
2629 3361 2680 3412 et
2700 3372 2818 3412 cras
2842 3359 2902 3412 in
2919 3358 3193 3413 clibanum
3218 3361 3474 3415 mittitur.
3507 3361 3616 3416 Ho-

1993 3447 2086 3502 die
2112 3465 2218 3520 pro
2254 3449 2522 3520 praesenti
2556 3452 2820 3520 tempore
2855 3451 3070 3520 posuit,
3101 3468 3226 3506 cras
3253 3468 3357 3522 pro
3383 3452 3614 3520 futuro;

1992 3544 2054 3595 ut
2097 3545 2184 3596 est
2208 3541 2348 3596 illud
2375 3543 2548 3598 Jacob
2582 3559 2594 3597 :
2623 3545 2766 3599 (ἓως,
2806 3559 3068 3600 suumn
3105 3561 3178 3600 ME
3213 3561 3448 3601 JUSTITIA
3485 3562 3612 3603 um.

1991 3636 2058 3689 Et
2086 3633 2318 3690 Samuel
2351 3635 2489 3690 dixit
2519 3635 2593 3690 ad
2633 3636 2766 3691 Saul
2817 3653 2829 3691 :
2873 3641 3005 3695 Cras
3033 3643 3120 3701 tu,
3165 3644 3218 3694 et
3241 3640 3346 3708 ﬁlii
3382 3642 3482 3704 tui,
3511 3656 3615 3696 me-

1988 3744 2108 3783 cum
2135 3731 2305 3784 eritis.
2347 3731 2568 3796 QUANTO
2607 3744 2770 3786 MAGIS
2808 3745 2912 3786 vos
2951 3747 3157 3787 unusne
3193 3734 3376 3788 FIDEI?
3400 3734 3611 3806 Repre-

1988 3821 2261 3876 henditur
2279 3822 2421 3877 fides
2440 3824 2852 3895 apostolorum,
2879 3825 2966 3878 vel
2991 3825 3342 3894 Iudaeorum,
3367 3830 3465 3900 qui
3485 3846 3610 3886 mo-

1988 3915 2176 3970 dicam
2232 3915 2452 3970 habent
2489 3915 2686 3971 ﬁdem.
2737 3919 2940 3973 NOLITE
2991 3935 3130 3975 suco
3179 3935 3440 3978 SOLLICITI
3487 3939 3616 3982 esse

1987 4023 2276 4065 mcsmas:
2338 4009 2486 4074 Quid
2537 4026 2976 4080 MANDUCABIMUS,
3015 4021 3119 4068 AUT
3175 4030 3302 4078 QUID
3357 4033 3609 4086 manuus,

1985 4119 2088 4160 AUT
2127 4119 2235 4166 QUO
2263 4104 2608 4160 oramnuun?
2638 4105 2717 4160 De
2739 4121 2887 4176 esca,
2914 4110 2972 4160 et
2985 4107 3330 4165 vestimento
3353 4113 3611 4182 superius

1987 4196 2431 4252 sollicitudinem
2455 4198 2682 4266 tulerat,
2699 4197 2769 4254 de
2792 4202 2931 4270 potu
2957 4200 3283 4256 reticuerat.
3307 4203 3609 4276 Recapitu‘

1985 4291 2159 4346 lando
2201 4290 2394 4346 subdit
2437 4308 2450 4346 :
2494 4293 2671 4350 Nolite
2712 4293 2935 4346 solliciti
2971 4308 3080 4348 esse
3131 4295 3361 4367 dicentes
3403 4315 3421 4351 :
3467 4299 3610 4365 Quid

1982 4385 2431 4439 manducabimus
2448 4389 2546 4439 aut
2569 4385 2705 4454 quid
2725 4385 2957 4440 bibemus
2969 4387 2998 4440 ?
3018 4391 3120 4442 aut
3139 4403 3242 4457 quo
3266 4391 3566 4458 operiemur
3582 4395 3611 4446 Υ

256 4477 525 4531 arefactae
551 4476 834 4546 videntur,
861 4483 1055 4536 uastate
1085 4481 1321 4538 diversis
1345 4480 1582 4538 ﬂoribus
1601 4485 1885 4540 adornan-

1995 4476 2323 4530 subauditur
2369 4475 2678 4547 exquisitas
2721 4477 2955 4548 epulas;
2999 4481 3100 4532 aut
3146 4479 3284 4550 quid
3320 4479 3606 4553 bibemus,

251 4571 364 4624 tur.
383 4571 600 4641 Agrum
619 4572 903 4628 mundum
921 4574 1094 4630 istum
1112 4575 1529 4648 intelligamus;
1549 4577 1620 4632 de
1643 4594 1756 4649 quo
1777 4579 1884 4634 Do-

251 4663 447 4718 minus
474 4663 534 4718 in
559 4665 866 4737 Evangelia
887 4685 900 4722 :
925 4671 1071 4738 Ager
1095 4672 1234 4724 enim
1260 4675 1338 4725 est
1359 4671 1610 4726 mundus.
1642 4669 1766 4726 Non
1797 4671 1878 4727 la-

250 4757 464 4812 borant
488 4758 548 4812 in
576 4758 807 4828 ﬁlando,
833 4777 936 4816 nec
959 4761 1018 4816 in
1037 4763 1306 4831 texendo,
1327 4781 1434 4819 nec
1459 4764 1633 4820 telam
1657 4765 1884 4821 ordien-

251 4848 348 4916 do,
374 4850 476 4904 sed
503 4851 604 4905 Dei
626 4852 989 4923 providentia
1009 4859 1287 4910 crescunt.
1313 4859 1450 4914 DIco
1487 4874 1665 4914 AUTEM
1699 4874 1879 4928 vonIs,

250 4959 498 5006 QUONIAM
524 4960 622 5000 NEC
652 4947 910 5003 SALOMON
944 4965 998 5006 IN
1037 4965 1171 5006 OMNI
1199 4965 1396 5007 GLOBIA
1432 4967 1530 5008 SUA
1568 4968 1881 5008 COOPERTUS

250 5052 348 5092 nar
387 5053 543 5094 SICUT
580 5055 728 5096 unum
768 5056 834 5096 ex
871 5057 1026 5098 ISTIS.
1057 5031 1202 5108 Quid
1232 5047 1318 5099 est
1341 5045 1515 5116 quod,
1543 5048 1631 5100 tot
1649 5046 1882 5118 regibus

248 5131 669 5201 praetermissis,
699 5133 797 5205 qui
827 5138 960 5190 ante
1000 5136 1369 5192 Salomonem
1391 5181 1404 5207 ,
1437 5140 1525 5193 vel
1569 5142 1703 5212 post
1747 5156 1879 5194 eum

247 5224 504 5292 fuerunt,
552 5227 820 5282 omnibus
858 5227 1042 5300 ipsum
1087 5231 1368 5302 pratulit?
1407 5249 1618 5304 nempe
1644 5237 1882 5304 propter

247 5316 618 5388 sapientiam,
651 5321 738 5374 vel
775 5321 1020 5390 divitias,
1053 5340 1120 5378 eo
1159 5325 1310 5396 quod
1338 5325 1608 5381 omnibus
1649 5325 1876 5397 sapien-

249 5409 382 5477 tior,
410 5412 498 5465 vel
525 5411 700 5468 ditior
741 5414 951 5484 fuerit,
999 5416 1224 5472 dicente
1253 5419 1360 5473 sibi
1386 5420 1502 5474 Deo
1537 5436 1548 5474 :
1593 5421 1731 5488 Quia
1773 5436 1879 5475 non

240 5505 434 5574 petisti
453 5505 554 5560 tibi
577 5507 802 5562 divitias
821 5511 950 5564 auri
974 5514 1026 5565 et
1051 5514 1284 5581 argenti,
1303 5528 1399 5567 nec
1417 5513 1531 5569 dies
1541 5514 1756 5576 multos,
1781 5529 1876 5569 ne-

247 5613 352 5666 que
380 5600 596 5654 animas
642 5603 983 5658 inimicorum
1023 5606 1273 5671 tuarum;
1308 5606 1402 5660 sed
1446 5608 1768 5677 sapientiam
1803 5608 1878 5662 ad

246 5691 662 5748 discernendum
676 5695 867 5750 bonum
884 5701 934 5752 et
947 5700 1174 5761 malum,
1186 5713 1299 5754 ecce
1309 5699 1437 5754 dedi
1452 5701 1552 5754 tibi
1557 5702 1877 5770 sapientiam

246 5785 742 5844 addiscernendum
759 5789 950 5846 bonum
973 5796 1023 5847 et
1037 5792 1262 5856 malum,
1283 5808 1396 5850 ecce
1415 5794 1544 5850 dedi
1552 5795 1654 5850 tibi
1661 5797 1874 5866 sapien-

247 5880 384 5938 tiam
412 5883 474 5936 ut
502 5882 577 5938 sis
611 5884 826 5960 sapiens
854 5898 1016 5958 super
1047 5901 1226 5944 omnes
1257 5889 1353 5960 qui
1385 5889 1610 5962 fuerunt
1639 5894 1766 5947 ante
1806 5893 1874 5950 te.

1983 4572 2124 4641 quot
2159 4585 2376 4640 genera
2402 4568 2734 4640 potionum;
2767 4573 2867 4625 aut
2907 4587 3022 4642 quo
3057 4572 3404 4644 operiemur,
3437 4577 3609 4632 vesti~

1981 4665 2180 4718 menta
2218 4661 2433 4717 scilicet
2479 4661 2748 4734 pretiosa.
2795 4664 2922 4720 Hac
2975 4680 3145 4722 eum
3191 4682 3390 4724 GENTBS
3428 4686 3605 4735 nvom.

1982 4773 2139 4812 nam.
2170 4757 2317 4826 Haec,
2341 4772 2471 4828 quae
2493 4755 2754 4828 superius
2775 4756 2927 4812 dicta
2947 4762 3097 4827 sunt,
3121 4759 3334 4816 scilicet
3357 4765 3604 4820 mandua

1981 4866 2132 4918 care,
2163 4850 2380 4918 bibere,
2412 4850 2758 4906 vestimenta
2783 4852 3036 4922 pretiosa
3053 4853 3235 4923 indui,
3259 4857 3456 4912 omnia
3476 4857 3604 4928 ista,

1983 4947 2040 4999 et
2063 4943 2151 4998 his
2181 4943 2391 4999 similia
2410 4986 2423 5012 ,
2468 4949 2671 5016 gentes
2711 4945 3096 5017 quaesierunt,
3126 4963 3254 5018 quas
3282 4953 3450 5006 erant
3469 4955 3609 5009 sicut

1981 5054 2146 5108 equus
2169 5043 2220 5092 et
2244 5039 2444 5102 mulus,
2474 5039 2671 5108 quibus
2697 5055 2803 5094 non
2827 5045 2903 5096 est
2924 5041 3242 5105 intellectus,
3271 5042 3606 5114 ignorantes

1979 5131 2306 5187 Dominum.
2353 5135 2476 5188 Scrr
2515 5148 2643 5188 sum
2679 5135 2856 5190 PATER
2893 5149 3095 5190 vssran
3134 5150 3435 5208 coemens,
3478 5157 3608 5205 om

1981 5241 2070 5282 Ius
2091 5241 2326 5282 OMNIBUS
2351 5241 2636 5282 INDIGETIS.
2660 5226 2930 5281 Nonnulli
2945 5229 3180 5282 fuerunt
3207 5230 3302 5301 qui
3324 5231 3600 5292 dicerent.

1981 5319 2039 5376 Si
2069 5321 2220 5376 Deus
2240 5336 2416 5376 omne
2443 5319 2597 5390 quod
2622 5319 2787 5374 nobis
2813 5322 3197 5377 necessarium
3218 5328 3303 5379 est
3323 5327 3445 5396 scit,
3467 5327 3604 5400 quid

1979 5413 2308 5486 indigemus
2337 5413 2388 5468 ei
2417 5416 2610 5484 petere
2626 5412 2654 5467 ‘l
2673 5412 2778 5468 scit
2796 5413 2951 5468 enim
2975 5415 3067 5470 ille
3089 5418 3316 5487 omnia;
3346 5425 3601 5477 attamen

1978 5509 2262 5580 petendus
2293 5510 2378 5562 est
2403 5510 2460 5560 et
2483 5506 2792 5578 rogandus.
2823 5508 2968 5564 Dicit
2994 5510 3150 5565 enim
3177 5511 3298 5583 ipse
3321 5532 3338 5567 :
3361 5517 3528 5569 Petite
3551 5521 3603 5571 et

1976 5604 2270 5672 accipietis,
2335 5603 2556 5671 quaerite
2611 5606 2664 5656 et
2729 5604 3026 5659 invenietis.
3073 5604 3385 5660 Laboribus
3421 5606 3598 5664 etiam

1978 5711 2259 5751 manuum
2277 5697 2602 5750 nostrarum
2619 5694 2806 5751 vivere
2825 5696 3130 5764 debemus;
3145 5697 3274 5768 quia
3295 5696 3482 5768 primo
3503 5701 3603 5759 ho.

1977 5789 2122 5846 mini
2151 5787 2368 5844 dictum
2401 5791 2488 5844 est
2531 5806 2544 5844 :
2586 5792 2650 5848 In
2681 5790 2876 5846 sudore
2901 5790 3081 5844 vultus
3115 5791 3195 5844 tui
3217 5795 3436 5849 vesceris
3457 5812 3602 5866 pane

1977 5891 2086 5944 tuo.
2110 5886 2362 5956 Quamra
2396 5899 2576 5943 ACTBM
2615 5900 2822 5944 PRIMUM
2859 5897 3078 5938 anesum
3115 5885 3211 5942 DEI
3239 5900 3302 5942 ET
3327 5902 3601 5954 JUSTITIAM
