4054 6186
444 264 548 324 807

1898 255 2296 316 LUCULENTII

3697 258 3808 312 808

444 399 588 450 ειυς,
629 395 692 436 ET
730 399 842 437 nec
880 397 1047 436 omns
1085 390 1430 434 ADJICIENTL‘R
1463 391 1638 432 voms.
1672 375 1937 445 Regnum
1974 377 2074 430 Dei
2099 372 2536 460 Aremunerari
2575 388 2923 427 mereamur.
2979 374 3049 428 Et
3097 374 3278 428 omnia
3315 372 3424 428 haec
3476 372 3808 443 adﬁcientur

445 477 642 532 multis
671 476 860 531 modis
893 473 1186 544 accipitur,
1237 470 1336 525 sed
1377 469 1468 524 hic
1517 473 1615 524 aut
1654 469 1776 522 Filii
1815 469 1952 536 Dei,
1980 472 2080 523 aut

447 569 739 643 Scriptura
759 585 917 623 sacra
935 565 1272 636 intelligitur
1293 579 1538 634 regnum
1552 563 1674 629 Dei,
1691 562 1844 634 quod
1865 565 2078 616 utrum-

447 681 557 735 que
573 678 830 734 quaerere
848 661 1147 714 debemus.
1164 657 1285 711 Filii
1305 657 1423 723 Dei,
1439 656 1583 710 sicut
1595 655 1732 710 dicit
1751 655 2034 726 prOpheta
2057 673 2071 709 :

446 759 677 825 Quaerite
703 757 1011 814 Dominum,
1058 757 1108 806 et
1150 752 1564 819 conﬁrmamini,
1610 751 1829 819 quaerite
1879 751 2078 816 faciem

444 850 555 918 ejus
591 863 812 917 semper.
845 847 942 900 Vel
985 844 1276 914 Scriptura
1307 860 1484 912 sacra,
1520 859 1694 912 quam
1737 841 1984 910 legendo
2021 844 2078 892 et

443 937 1152 1014 perscrutando,invenire
1180 953 1504 1008 possumus,
1535 933 2076 1005 qualiterjustitiam

445 1038 502 1088 et
525 1037 812 1105 praecepta
843 1032 964 1102 ejus
995 1031 1404 1096 custodiamus,
1447 1029 1534 1082 vel
1569 1028 1817 1098 qualiter
1853 1028 1924 1080 ab
1951 1026 2074 1097 ipso

2176 469 2352 533 vobis;
2395 467 2609 522 scilicet
2633 465 2894 537 superius
2921 465 3073 520 dicta
3102 465 3448 536 adjiciantur
3471 466 3653 520 vobis.
3681 467 3810 521 Non

2179 561 2469 616 dabuntur
2498 560 2656 626 dixit,
2701 559 2803 613 sed
2849 559 3219 630 adjicientur;
3267 558 3401 630 quia
3440 559 3722 630 quidquid
3747 559 3813 613 in

2176 654 2443 726 praesenti
2488 653 2816 724 accipimus,
2844 652 2952 706 vile
2984 657 3068 708 est
3089 653 3163 707 ad
3191 653 3688 724 comparationem
3712 669 3809 706 su-

2177 764 2491 818 pernorum
2537 747 2944 817 praemiorum;
2979 751 3034 800 et
3066 747 3198 801 ideo
3225 746 3382 818 prius
3408 747 3504 800 illa
3529 763 3659 816 quae
3683 761 3808 800 ma-

2171 840 2303 909 jora
2333 843 2464 893 sunt
2489 839 2742 910 petenda
2772 844 2922 904 sunt,
2951 839 3165 893 scilicet
3190 855 3435 910 regnum
3461 839 3580 906 Dei,
3608 843 3667 892 et
3683 839 3806 908 jus-

2176 933 2300 986 titia
2326 933 2468 1003 ejus,
2501 936 2564 986 ut
2593 932 2697 986 ista
2734 949 2859 1004 quae
2890 931 3212 988 necessaria
3240 935 3375 986 sunt
3401 932 3628 1004 corpori
3660 931 3803 1001 adji-

2177 1025 2418 1094 ciantur,
2447 1025 2682 1096 insuper
2711 1029 2768 1078 et
2797 1025 3021 1096 majora
3041 1025 3266 1080 dentur.

2055 1347 2200 1468 ΙΙ.

524 1537 741 1605 Lectio
767 1540 976 1604 sancti
1006 1539 1346 1621 Evangelii
1375 1536 1740 1621 secundum
1767 1537 2091 1621 Joannem
2123 1537 2325 1621 (1,29)
2361 1537 2634 1621 :_In_illo
2665 1536 3146 1621 te_mpore_vidit
3183 1537 3468 1598 Joannes
3498 1533 3726 1598 Iesum

1009 1641 1051 1681 a
1079 1617 1413 1688 Naiareth
1441 1620 1800 1682 venientem
1825 1619 1918 1680 ad
1939 1636 2030 1696 se,
2060 1625 2123 1680 et
2151 1617 2310 1719 dicit
2338 1619 2443 1680 ei:
2478 1619 2646 1682 Ecce
2674 1617 2904 1698 Agnus
2931 1618 3086 1691 Dei,
3119 1621 3240 1679 etc.

1740 1755 2018 1811 HOMILIA
2047 1753 2072 1781 ι
2111 1724 2530 1810 ιυευιΕΝΊ-ιί.

518 1859 688 1911 Recte
740 1857 940 1910 beatus
993 1858 1245 1910 Joannes
1295 1872 1513 1926 agnum
1572 1856 1825 1926 appellat
1882 1857 2075 1909 Jesum
2096 1866 2152 1937 B
2176 1870 2388 1910 carnem
2414 1856 2542 1910 Filii
2566 1855 2816 1917 hominis,
2854 1857 2906 1908 et
2927 1853 3165 1907 biberitis
3193 1853 3510 1921 sanguinem
3540 1850 3677 1919 ejus,
3704 1865 3806 1902 non

443 1951 545 2006 Dei
591 1949 828 2016 Filium;
872 1966 1055 2020 agnus
1101 1950 1258 2003 enim
1300 1949 1434 2020 quia
1487 1947 1785 2002 innocens.
1833 1949 1940 2001 Iste
1993 1951 2079 2001 est

442 2059 625 2114 agnus
657 2043 728 2096 de
753 2059 870 2114 quo
902 2043 1084 2097 multo
1119 2047 1252 2096 ante
1285 2043 1506 2096 dixerat
1543 2041 1712 2096 Isaias
1747 2058 1760 2095 :
1797 2044 2078 2110 Tanquam

444 2139 556 2192 ovis
601 2138 675 2191 ad
704 2139 1014 2191 occisionem
1039 2137 1232 2191 ductus
1276 2141 1376 2196 est,
1427 2139 1477 2190 et
1519 2138 1656 2190 sicut
1697 2151 1868 2204 agnus
1899 2150 2077 2189 coram

445 2232 696 2286 tondente
737 2246 790 2285 se
826 2231 1162 2292 obmutescet,
1200 2235 1249 2284 et
1287 2246 1392 2284 non
1421 2231 1638 2298 aperuit
1671 2243 1727 2284 os
1771 2244 1946 2282 suum.
1997 2229 2076 2282 De

445 2342 558 2395 quo
583 2341 734 2395 agno
767 2326 1018 2378 Joannes
1048 2323 1108 2377 in
1131 2323 1474 2394 Apocalypsi
1499 2340 1512 2377 :
1541 2325 1730 2390 Agnus
1755 2325 1852 2392 qui
1877 2325 2073 2376 occisus

444 2423 521 2473 est
539 2435 573 2471 α
601 2418 748 2471 vobis
773 2435 808 2471 a
833 2419 1202 2472 constitutione
1229 2417 1454 2481 mundi;
1483 2415 1618 2486 quia
1645 2431 1829 2485 agnus
1855 2415 2073 2469 occisus

445 2513 532 2564 est
565 2509 623 2564 in
653 2510 821 2578 Abel,
851 2510 1085 2563 effertus
1115 2511 1222 2580 [Ita
1251 2509 1402 2578 Cod.]
1440 2509 1496 2561 in
1541 2511 1713 2574 Isaac,
1741 2508 2075 2562 immolatus

447 2605 503 2658 in
516 2607 758 2674 [Egypto
775 2621 788 2669 ;
806 2603 940 2674 quia
959 2603 1081 2674 ipse
1103 2603 1164 2656 in
1185 2603 1468 2656 mundum
1482 2602 1720 2656 veniens
1739 2601 2075 2672 adimplevit

444 2697 503 2751 in
535 2697 772 2752 veritate
801 2696 1081 2767 quidquid
1113 2700 1246 2750 ante
1275 2696 1343 2750 de
1384 2713 1452 2749 eo
1483 2712 1587 2766 per
1613 2696 1826 2766 ﬁguras
1857 2695 2074 2750 dictum

443 2792 529 2844 vel
557 2794 786 2861 gestum
817 2791 1022 2856 fuerat,
1066 2805 1196 2843 cum
1229 2793 1662 2859 vesperascente
1703 2789 1920 2842 mundo
1969 2805 2072 2858 pro

444 2884 609 2939 nobis
627 2883 685 2937 in
709 2900 808 2938 ara
829 2883 1009 2937 crucis
1027 2885 1111 2936 est
1135 2882 1487 2948 immolatus,
1515 2883 1784 2952 Apostolo
1808 2882 2032 2936 dicente
2057 2898 2070 2936 :

444 2981 656 3034 Etenim
683 2979 889 3048 pascha
909 2981 1151 3031 nostrum
1180 2977 1489 3031 immolatus
1525 2980 1602 3030 est
1638 2976 1900 3030 Christus.
1931 2977 2075 3030 Ecca

444 3074 627 3127 AGNL‘S
658 3073 770 3124 DEI.
801 3071 942 3122 Ecce
970 3069 1249 3140 particula
1276 3069 1613 3122 adverbium
1646 3073 1732 3122 est
1761 3068 2070 3122 ostenden-

447 3165 516 3217 tis
540 3181 552 3218 :
591 3164 725 3233 quia
755 3161 908 3215 enim
929 3161 1131 3215 beatus
1149 3163 1400 3216 Joannes
1427 3163 1590 3215 oculo
1621 3161 1868 3227 videbat,
1893 3161 2072 3231 digito

2177 1949 2440 2004 habebitis
2475 1951 2648 2002 vitam
2685 1950 2742 2002 in
2778 1947 2944 2002 vobis.
2988 1947 3057 1998 Et
3091 1945 3303 1999 iterum
3331 1961 3344 1999 :
3381 1947 3485 2012 Qui
3512 1943 3810 1998 manducet

2175 2062 2388 2101 carnem
2414 2062 2608 2110 meam,
2635 2051 2686 2100 et
2712 2046 2845 2100 bibit
2865 2046 3180 2114 sanguinem
3204 2059 3403 2102 meum,
3425 2045 3484 2096 in
3503 2057 3588 2096 me
3605 2045 3806 2102 manet,

2177 2146 2226 2194 et
2255 2157 2347 2210 ego
2379 2143 2434 2194 in
2457 2156 2535 2196 eo.

2246 2233 2358 2288 Sed
2399 2233 2578 2304 quaeri
2627 2237 2816 2304 potest
2851 2249 2951 2287 cur
2991 2232 3087 2286 Dei
3127 2231 3300 2286 Filius
3339 2229 3413 2284 ad
3447 2229 3808 2300 baptismum

2174 2327 2369 2380 venire
2399 2327 2593 2393 voluit,
2619 2345 2748 2382 cum
2779 2343 2894 2381 non
2927 2326 3166 2380 haberet
3191 2318 3512 2396 peccatum,
3546 2321 3707 2392 quod
3728 2321 3810 2375 illi

2177 2437 2407 2474 necesse
2443 2421 2642 2474 fuisset
2672 2419 2938 2491 expiare?
2969 2422 3133 2475 Certe
3169 2417 3302 2488 quia
3347 2416 3522 2472 futuri
3553 2418 3729 2470 erant
3750 2415 3808 2468 in

2173 2514 2423 2568 Ecclesia
2449 2514 2843 2568 catechumeni
2871 2511 3302 2566 excellentiores
3325 2527 3562 2582 genere,
3587 2509 3688 2580 qui
3717 2508 3812 2562 de-

2177 2607 2490 2678 dignantur
2519 2592 2716 2660 venire
2746 2607 2818 2661 ad
2851 2605 3224 2676 baptismum,
3253 2604 3506 2658 dicentes
3531 2602 3692 2673 apud
3721 2619 3808 2656 se-

2174 2701 2451 2772 metipsos
2475 2718 2487 2755 :
2516 2701 2631 2755 Hoc
2661 2717 2786 2754 sum
2803 2702 3139 2770 accepturus
3159 2698 3315 2768 quod
3337 2697 3513 2750 habet
3536 2695 3676 2749 ille?
3698 2712 3810 2766 ego

2175 2789 2382 2843 melior
2411 2806 2538 2843 sum
2583 2789 2680 2842 illo
2708 2793 2766 2842 et
2793 2789 2888 2842 illo
2919 2787 3119 2852 ﬁdele;
3145 2790 3212 2842 ut
3239 2787 3445 2842 horum
3472 2784 3810 2854 superbiam

2174 2882 2489 2954 frangeret,
2521 2882 2714 2935 venire
2744 2881 3012 2951 dignatus
3042 2884 3127 2933 est
3153 2879 3226 2933 ad
3256 2879 3610 2950 baptismum
3638 2878 3808 2942 servi,

2175 2975 2338 3046 quasi
2363 2976 2660 3046 alloquens
2683 2974 3113 3045 superbientem
3144 2973 3298 3027 dicat
3326 2991 3338 3027 :
3369 2971 3516 3037 Quid
3545 2977 3600 3026 te
3633 2973 3812 3026 extol-

2173 3068 2284 3122 lis?
2317 3068 2455 3139 quid
2483 3071 2538 3122 te
2565 3067 2864 3122 extendis?
2905 3070 3121 3138 quanta
3161 3069 3444 3136 potestate
3481 3069 3568 3119 est
3617 3065 3810 3136 gratia

2174 3161 2311 3216 tua?
2345 3165 2560 3232 quanta
2585 3160 2958 3216 excellentia?
2984 3159 3252 3231 Nunquid
3279 3160 3466 3230 major
3485 3163 3654 3230 potes
3683 3175 3807 3213 esse

447 3256 806 3324 ostendebat,
857 3257 1009 3309 recte
1057 3254 1316 3308 dicebat:
1361 3258 1490 3309 Ecce
1533 3255 1726 3326 Agnus
1771 3257 1879 3310 Dei.
1931 3237 2148 3312 DictiC
2175 3272 2347 3326 quam
2397 3272 2490 3309 me
2540 3253 2642 3327 [Ita
2685 3253 2878 3324 Cod.]?
2909 3253 2968 3309 Si
3014 3271 3122 3325 ego
3163 3253 3310 3308 veni
3337 3253 3410 3306 ad
3449 3253 3808 3323 baptismum

445 3354 578 3404 sunt
617 3353 675 3404 et
719 3348 961 3420 apostoli
1011 3348 1168 3418 agni,
1217 3347 1460 3402 Domino
1505 3347 1730 3402 dicente
1767 3365 1780 3402 :
1819 3351 1942 3402 Ecce
1981 3363 2072 3415 ego

443 3447 598 3500 mitto
621 3459 712 3500 vos
740 3445 878 3498 sicut
904 3458 1071 3512 agnos
1097 3445 1240 3496 inter
1265 3443 1434 3512 lupos.
1464 3441 1614 3495 Bene
1643 3441 1798 3512 agni,
1829 3441 1964 3512 quia
1991 3441 2074 3494 in-

445 3541 738 3604 nocentes,
754 3535 888 3608 quia
901 3535 1188 3607 simplices
1203 3553 1216 3603 ;
1229 3535 1348 3588 veri
1371 3534 1526 3588 enim
1541 3535 1676 3607 agni
1695 3534 1874 3588 instar
1900 3533 2071 3606 [Cod.,

443 3648 578 3687 vero
608 3648 760 3703 agno
784 3630 1042 3700 inserat],
1065 3629 1135 3683 de
1165 3646 1278 3700 quo
1309 3629 1568 3699 superius
1585 3629 1847 3682 diximus.
1877 3632 2073 3700 Agnus

445 3727 571 3780 erat
608 3728 666 3777 et
704 3727 974 3789 Joannes,
1018 3722 1152 3792 quia
1193 3726 1250 3776 et
1295 3722 1412 3793 ipse
1463 3722 1743 3776 innocens
1792 3725 2070 3794 quantum

443 3817 714 3874 Christus.
731 3817 942 3871 Omnes
955 3815 1110 3868 enim
1124 3831 1253 3868 cum
1274 3818 1504 3886 peccato
1523 3815 1833 3882 nascimur,
1849 3815 2072 3870 dicente

445 3910 765 3982 propheta:
807 3911 871 3963 In
897 3909 1275 3977 iniquitatibus
1310 3913 1584 3978 conceptus
1619 3923 1754 3963 sum.
1788 3909 1948 3962 Solus
1980 3907 2073 3961 ille

448 4003 571 4058 sine
597 4005 831 4074 peccato
853 4001 1028 4068 venit,
1054 4001 1205 4054 solus
1233 4001 1460 4055 macula
1487 4001 1706 4072 peccati
1745 4001 1945 4055 caruit.
1976 4001 2074 4055 Ve-

449 4098 538 4153 nit
568 4097 723 4150 enim
755 4099 813 4150 in
855 4094 1209 4150 similitudine
1249 4097 1430 4149 carnis
1465 4097 1686 4165 peccati,
1719 4098 1910 4148 tamen
1951 4093 2074 4148 sine

447 4194 702 4264 peccato.
733 4191 838 4258 Qui
852 4193 1134 4260 peccatum
1162 4203 1268 4242 non
1295 4190 1423 4254 fecit
1443 4229 1458 4250 ,
1490 4204 1584 4241 nec
1609 4190 1854 4242 inventus
1873 4193 1950 4243 est
1977 4189 2071 4242 do-

446 4288 528 4343 lus
552 4289 612 4341 in
631 4301 718 4342 ore
745 4284 879 4354 ejus.
909 4284 1158 4338 Carnem
1186 4281 1494 4352 assumpsit
1536 4281 1606 4335 de
1636 4281 1841 4350 Adam,
1871 4299 2068 4353 pecca-

443 4384 568 4436 tum
598 4397 715 4435 non
748 4377 1075 4448 assumpsit.
1110 4377 1178 4430 Et
1208 4375 1338 4430 ideo
1371 4375 1508 4446 quia
1529 4392 1646 4429 non
1670 4375 1979 4446 assumpsit
2004 4375 2074 4428 de

2173 3349 2338 3416 servi,
2368 3352 2430 3404 ut
2457 3347 2792 3418 dedignaris
2815 3347 3009 3402 venire
3039 3347 3112 3402 ad
3143 3347 3496 3418 baptismum
3529 3346 3806 3401 Domini?

2171 3443 2268 3495 Vel
2292 3445 2444 3496 certe
2470 3441 2749 3512 baptizari
2765 3441 2962 3510 voluit,
2987 3445 3050 3494 ut
3081 3440 3347 3496 omnibus
3367 3440 3532 3510 aquis
3552 3440 3800 3495 sanctiﬁ-

2173 3535 2462 3590 cationem
2489 3535 2654 3589 daret
2674 3539 2731 3589 et
2754 3535 3234 3606 purificationem.
3255 3533 3381 3589 Sive
3406 3534 3585 3588 etiam
3614 3537 3676 3587 ut
3697 3535 3803 3588 Ve-

2172 3629 2282 3683 teri
2306 3630 2671 3684 Testamento
2702 3630 2878 3683 ﬁnem
2915 3629 3109 3696 daret,
3142 3631 3200 3682 et
3239 3644 3450 3684 novum
3480 3628 3802 3684 inchoaret.

2172 3725 2294 3794 Ipse
2328 3724 2483 3776 enim
2512 3723 2713 3776 tandiu
2745 3723 2846 3776 sub
2876 3723 3004 3792 lege
3035 3722 3160 3789 fuit,
3203 3722 3458 3792 quandiu
3486 3723 3809 3794 baptizatus

2173 3816 2287 3888 legi
2309 3817 2526 3870 Veteris
2541 3815 2892 3870 Testamenti
2913 3816 3114 3885 tinem,
3131 3819 3189 3869 et
3207 3815 3407 3887 gratias
3433 3817 3612 3871 sancti
3631 3818 3809 3871 Evan-

2175 3910 2307 3981 gelii
2329 3910 2557 3964 initium
2580 3910 2762 3964 daret.
2800 3909 3081 3981 Baptizari
3107 3909 3304 3976 voluit,
3339 3913 3402 3964 ut
3431 3927 3668 3965 omnem
3702 3912 3804 3965 hu-

2173 4003 2480 4058 militatem
2507 4003 2759 4058 doceret.
2794 4003 2976 4070 Unde,
3005 4003 3148 4058 sicut
3174 4002 3270 4057 alii
3303 4003 3499 4058 dicunt
3521 4005 3811 4076 evangeli-

2173 4101 2296 4166 stas,
2331 4113 2462 4151 enm
2495 4097 2716 4151 veniret
2739 4097 2813 4150 ad
2839 4100 3100 4153 Joannem
3136 4101 3196 4152 ut
3227 4097 3598 4166 baptizaretur
3629 4099 3703 4152 ab
3730 4114 3809 4160 eo,

2175 4189 2256 4245 ait
2292 4191 2372 4245 illi
2409 4194 2642 4246 Joannes
2667 4209 2683 4245 :
2718 4193 2796 4245 Tu
2825 4191 2902 4244 ad
2930 4206 3013 4245 me
3038 4192 3186 4245 venis
3214 4191 3488 4260 baptizari
3507 4193 3535 4246 ?
3570 4207 3667 4260 ego
3695 4208 3732 4246 α
3765 4197 3811 4248 te

2174 4284 2331 4339 debeo
2353 4285 2645 4356 baptizari.
2675 4285 2743 4338 Et
2763 4283 3039 4338 Dominus
3067 4283 3117 4338 ei
3147 4301 3160 4338 :
3187 4287 3314 4342 Sine
3332 4285 3487 4339 modo
3512 4286 3814 4355 impleatur

2174 4380 2344 4433 omnis
2373 4377 2617 4446 justitia.
2667 4376 2816 4442 Quid
2859 4381 2944 4431 est
2993 4377 3301 4448 impleatur
3335 4378 3522 4432 omnis
3560 4377 3810 4448 justitia,

444 4478 643 4530 nostra
662 4490 852 4529 massa
873 4475 1193 4544 peccatum,
1218 4469 1338 4542 ipse
1367 4475 1452 4524 est
1479 4469 1576 4541 qui
1610 4469 1757 4524 tollit
1776 4473 2073 4540 peccatum
2177 4471 2282 4525 nisi
2339 4470 2646 4542 impleatur
2707 4470 2894 4526 omnis
2957 4471 3296 4526 humilitas?
3354 4473 3433 4526 Ac
3498 4471 3544 4525 si
3610 4471 3808 4528 dicat:

447 4573 728 4625 nostrum.
764 4566 877 4622 Sed
917 4565 1056 4620 dicit
1084 4563 1318 4635 aliquis,
1351 4563 1490 4635 quid
1535 4563 1700 4617 nobis
1724 4563 1962 4634 prodest
1982 4563 2312 4638 illenlt‘lori
2366 4564 2534 4633 veni,
2593 4564 2873 4636 baptizari
2921 4581 3037 4619 non
3085 4565 3239 4620 veni.
3296 4564 3432 4620 Mori
3473 4565 3665 4621 habeo
3705 4583 3809 4638 pro

447 4607 728 4625 ιιυσιηιηι.
764 4607 877 4622 υνι.
918 4607 1056 4620 μω-
1084 4607 1318 4635 ωηιιμν,
1353 4607 1490 4635 νη.
1535 4607 1699 4617 ..νων
1725 4607 2074 4634 ,ηνμνυηην
2176 4607 2312 4637 τιν..
2377 4607 2494 4618 ω...
2521 4607 2534 4633 ,
2593 4607 2873 4636 κυνηωη
2921 4607 3037 4619 ην..
3097 4607 3239 4620 κη...
3296 4607 3432 4620 μη...
3473 4607 3664 4621 μψνν
3706 4607 3808 4638 γ...

445 4667 642 4734 Agnus
665 4659 806 4716 Dei?
845 4663 974 4715 Ecce
1011 4673 1182 4728 agnus
1213 4659 1326 4722 Dei,
1374 4673 1484 4712 ecce
1530 4659 1628 4726 qui
1675 4658 1818 4711 tollit
1857 4607 2512 4728 peccataDhominibus
2536 4699 2549 4724 ,
2599 4657 2878 4729 baptizari
2929 4675 3044 4712 non
3084 4659 3268 4714 habeo
3309 4675 3412 4730 pro
3452 4659 3808 4715 hominibus.

443 4756 656 4812 mundi.
671 4753 819 4810 Tulit
839 4755 1137 4824 peccatum
1159 4750 1382 4818 mundi,
1401 4750 1535 4822 quia
1551 4749 1716 4821 signa
1731 4753 1788 4804 et
1803 4750 2078 4804 miracula
2176 4753 2246 4806 Et
2282 4755 2434 4806 certe
2462 4751 2746 4828 suscipere
2769 4751 2965 4806 debuit
2993 4751 3344 4822 baptismum
3375 4769 3410 4806 a
3432 4752 3589 4808 bono
3623 4770 3808 4822 servo,

447 4850 684 4919 faciens,
719 4863 900 4903 caecos
929 4844 1292 4912 illuminavit,
1316 4847 1577 4899 mortuos
1603 4844 1910 4899 suscitavit.
1929 4845 2079 4898 [nsu-
2174 4844 2270 4916 qui
2298 4845 2626 4916 passionem
2667 4845 2914 4917 suscepit
2961 4863 2993 4900 a
3041 4846 3209 4900 malis
3243 4845 3436 4901 servis.
3469 4847 3568 4900 Hic
3608 4863 3706 4902 EST
3745 4863 3810 4903 οε

443 4959 551 5018 per
580 4944 672 5000 cui
705 4941 934 4998 volebat
971 4937 1364 5011 potentialiter
1398 4937 1626 4992 dicebat
1657 4955 1670 4992 :
1715 4941 2078 4993 Dimittuntur
2176 4954 2285 5002 ouo
2324 4955 2468 4994 amr
2498 4955 2512 4994 :
2539 4941 2677 4994 Posr
2716 4956 2788 4994 ns
2827 4955 2986 4994 vsmr
3023 4955 3135 5008 vm,
3179 4956 3270 5004 om
3308 4956 3449 4996 ANTE
3487 4956 3560 4995 ME
3600 4956 3805 4998 sacros

445 5040 548 5094 tibi
577 5043 798 5110 peccata
841 5041 954 5091 tua.
1000 5033 1148 5088 Tulit
1185 5031 1359 5086 etiam
1407 5033 1644 5102 peccata
1676 5031 1898 5098 mundi,
1943 5048 2074 5086 cum
2175 5047 2292 5088 asr.
2333 5031 2439 5086 Ubi
2483 5031 2592 5087 hoc
2625 5033 2846 5088 dixerat
2878 5034 3130 5088 Joannes
3165 5031 3236 5086 de
3265 5033 3556 5088 Domino?
3589 5033 3688 5088 ubi
3719 5035 3802 5088 in-

446 5128 708 5201 pendens
727 5127 785 5181 in
807 5143 991 5195 cruce,
1016 5127 1215 5196 aperto
1241 5124 1420 5177 latere
1445 5121 1736 5176 emanavit
1762 5122 1996 5194 sanguis
2021 5126 2077 5176 et

449 5237 618 5294 aqua.
649 5220 788 5274 Hinc
809 5220 880 5274 de
907 5236 976 5274 eo
995 5221 1194 5282 Petrus
1227 5216 1398 5272 dicit:
1430 5217 1652 5271 Peccata
1679 5220 1868 5270 nostra
1885 5220 2075 5286 pertu-

449 5319 514 5372 lit
550 5318 610 5370 in
631 5329 846 5383 corpore
875 5329 968 5368 suo
998 5328 1157 5383 super
1195 5313 1420 5380 lignum.
1458 5309 1625 5365 Tollit
1655 5309 1912 5380 quotidie
1942 5327 2071 5381 pec-

448 5389 792 5466 cata‘mundi
809 5421 912 5477 per
922 5405 1423 5476 participationem
1443 5403 1698 5475 corporis
1709 5406 1766 5457 et
1782 5402 2076 5474 sanguinis

447 5505 551 5562 sui.
576 5503 793 5559 Ferunt
808 5499 964 5554 enim
993 5497 1127 5569 quia
1142 5499 1288 5552 sicut
1306 5499 1574 5570 stipulam
1599 5497 1884 5552 consumit
1903 5497 2073 5568 ignis,

447 5601 525 5656 sic
550 5597 778 5654 minora
804 5593 1040 5666 peccata
1067 5607 1170 5662 per
1208 5590 1710 5663 participationem
1735 5590 1990 5662 corporis
2019 5593 2075 5644 et

448 5690 744 5765 sanguinis
775 5689 915 5761 ejus.
953 5688 1074 5760 Ipse
1097 5684 1253 5739 enim
1279 5683 1450 5738 dicit:
1478 5688 1602 5742 Nisi
1615 5687 2077 5741 manducave-ritis

2175 5128 2500 5197 terrogatus
2531 5143 2562 5180 a
2587 5125 2979 5181 sacerdotibus
3020 5130 3079 5181 et
3114 5125 3299 5180 levitis
3329 5127 3563 5198 negavit
3591 5145 3652 5182 se
3685 5144 3804 5182 esse

2173 5218 2480 5286 Christum,
2535 5219 2749 5287 Eliam,
2800 5226 2972 5290 atque
3027 5220 3390 5291 prophetam.
3440 5219 3647 5275 Adhuc
3697 5221 3805 5274 illis

2175 5312 2680 5383 percunctantibus
2710 5329 2722 5367 :
2759 5313 2900 5380 Quid
2926 5329 3050 5382 ergo
3089 5313 3378 5384 baptizas?
3423 5316 3473 5367 si
3513 5319 3574 5367 tu
3609 5329 3719 5368 non
3756 5329 3806 5369 es

2175 5405 2438 5470 Christus,
2453 5422 2621 5476 neque
2635 5407 2808 5470 Elias,
2822 5421 2990 5476 neque
2993 5408 3260 5478 propheta
3274 5426 3290 5473 ;
3310 5406 3606 5478 respondit
3623 5409 3684 5461 et
3697 5407 3802 5462 ait:

2175 5502 2286 5570 Ego
2328 5501 2540 5570 baptizo
2582 5501 2642 5557 in
2679 5516 2856 5570 aqua,
2900 5501 3108 5555 medius
3145 5505 3328 5556 autem
3366 5506 3602 5556 vestrum
3639 5503 3804 5563 stetit,

2174 5610 2328 5664 quem
2371 5609 2461 5649 vos
2493 5595 2724 5650 nescitis.
2774 5594 2888 5648 Hoc
2929 5594 3117 5665 ipsum
3157 5593 3498 5666 recapitulat
3542 5593 3742 5649 dicens
3791 5611 3804 5649 :

2173 5689 2298 5744 Post
2333 5703 2416 5743 me
2441 5690 2588 5744 venit
2611 5690 2698 5744 vir
2720 5691 2818 5760 qui
2840 5693 2968 5746 ante
2991 5705 3073 5745 me
3093 5690 3276 5761 factus
3302 5694 3398 5746 est.
3423 5687 3622 5743 Virum
3649 5691 3804 5754 recte

519 5799 545 5832 ⁸
569 5803 652 5860 Ita
676 5799 854 5856 Codd.
881 5815 894 5856 :
923 5795 1100 5854 modo
1121 5798 1501 5863 commentum;
1530 5793 1706 5849 modo
1735 5795 1988 5868 homilia;
2018 5794 2193 5852 modo
2222 5798 2501 5871 eapositio.
