4054 6186
216 268 301 319 809
462 278 467 282 '
1592 262 1648 318 ΙΝ
1699 264 1817 318 ,ΙΟᾹ

1928 262 2071 318 CAP.
2126 264 2162 316 I.

3450 271 3552 321 8l0

211 370 452 442 appellat,
490 369 557 424 de
593 369 713 440 ipso
756 366 910 424 enim
962 371 1237 442 propheta
1283 371 1417 425 dicit
1465 391 1479 425 :
1527 374 1654 426 Ecce
1710 375 1817 433 vir,
1841 372 2139 455 Aquwrite
2183 370 2356 422 illum.
2402 369 2463 422 Et
2506 366 2955 424 Dominusdicit
3002 370 3333 441 discipulis:
3370 376 3546 427 Estote

211 466 379 521 Oriens
418 479 601 517 nomen
639 464 775 532 ejus.
811 465 937 517 Post
977 481 1069 519 me
1111 467 1282 533 venit,
1310 465 1408 536 qui
1454 464 1817 535 postmodum

211 563 360 612 natus
387 561 488 610 est.
518 557 802 610 Praecessit
826 556 977 610 enim
1004 557 1201 612 beatus
1226 560 1468 613 Joannes
1493 557 1588 611 Dei
1616 552 1817 611 Filium

210 650 259 705 in
296 649 670 720 conceptione,
700 650 760 703 in
788 650 1099 720 nativitate,
1134 652 1191 705 in
1221 652 1503 722 passione.
1556 653 1660 718 Qui
1694 656 1817 705 ante

211 761 279 798 me
296 745 469 809 factus
494 748 587 806 est,
618 743 674 797 id
695 749 775 798 est
800 744 1063 814 praelatus
1090 749 1172 799 est
1200 745 1361 814 nihil,
1387 761 1513 808 QL'IA
1546 760 1709 800 rmoa
1743 761 1815 799 ME

210 853 327 891 ERAT
356 840 547 906 :prior
582 853 663 890 me
698 843 814 891 erat
843 838 975 908 quia
1002 841 1061 892 in
1090 842 1360 908 prinmpio
1399 843 1515 892 erat
1564 839 1813 899 Verbum,

209 936 250 984 et
282 930 506 984 Verbum
534 935 651 983 erat
678 931 831 999 apud
860 934 1044 995 Deum,
1079 938 1128 987 et
1149 936 1285 987 Deus
1310 937 1426 986 erat
1453 933 1601 1003 apud
1626 936 1812 994 Deum,

208 1029 249 1077 et
276 1026 404 1077 Deus
438 1028 555 1076 erat
588 1024 826 1078 verbum.
870 1026 1028 1078 Prior
1061 1026 1278 1095 Joanni,
1319 1026 1474 1097 prior
1510 1031 1566 1080 et
1607 1026 1811 1093 Mariae,

208 1118 314 1187 ipse
347 1115 497 1170 enim
518 1116 648 1170 fecit
671 1116 920 1185 Mariam,
944 1123 997 1172 et
1024 1118 1139 1189 ipse
1160 1124 1323 1173 natus
1344 1123 1426 1173 est
1441 1136 1544 1190 per
1562 1120 1811 1174 Mariam.

205 1210 349 1263 Prior
383 1208 591 1263 etenim
642 1215 697 1263 et
732 1211 886 1263 omni
917 1216 1209 1281 creaturae,
1239 1213 1382 1266 sicut
1422 1213 1541 1282 ipse
1581 1212 1714 1267 dicit
1755 1213 1814 1266 in

207 1301 473 1372 Sapientia
499 1318 511 1354 :
544 1305 797 1357 Dominus
823 1305 1060 1373 possedit
1088 1322 1169 1359 me
1189 1308 1247 1359 in
1274 1308 1429 1360 initio
1454 1310 1669 1359 ciarum
1684 1322 1812 1360 sua-

205 1411 328 1456 rum,
349 1400 637 1464 antequam
652 1397 949 1465 quidquam
962 1400 1166 1464 faceret
1192 1415 1224 1452 a
1239 1401 1529 1469 principio.
1560 1400 1623 1452 Et
1647 1416 1659 1453 :
1677 1400 1816 1454 Ante

207 1490 470 1554 lucifemm
511 1491 674 1557 genui
710 1494 776 1543 te.
824 1492 898 1543 Er
948 1507 1048 1547 eao
1100 1508 1392 1547 NESCIEBAM
1438 1509 1573 1560 EL'M;
1610 1508 1704 1547 seu
1750 1509 1815 1548 υτ

205 1598 583 1637 ΧΑΝΙΡΕΒΤΕΤΙΣΗ
623 1600 674 1638 IN
714 1584 920 1653 ISRAEL,
952 1601 1263 1641 PROPTEREA
1287 1603 1409 1641 VEXI
1442 1602 1542 1642 EGO
1580 1603 1632 1641 IN
1673 1602 1811 1641 MUN-

208 1692 323 1741 nru,
350 1692 399 1730 Ix
433 1692 577 1738 AQL’A
606 1694 916 1733 BAPTIZANS.
948 1680 1014 1733 Ut
1040 1680 1495 1734 manifestaretur
1538 1680 1596 1733 in
1648 1680 1813 1734 Israel

1914 464 2205 532 prudentes
2276 464 2412 516 sicut
2481 468 2763 532 serpentes,
2832 469 2881 518 et
2941 466 3205 533 simplices
3277 468 3415 520 sicut
3473 483 3552 523 co-

1922 557 2131 610 lumbae.
2844 552 2857 563 ’

1992 651 2061 703 Er
2088 665 2187 704 eoo
2216 664 2511 705 NESCIEBAM
2539 665 2666 705 EUM.
2698 648 2843 713 Quid
2872 654 2956 703 est
2985 651 3133 720 quod
3174 651 3307 705 dicit
3341 654 3550 708 nescie-

1915 743 2046 797 bam
2073 760 2205 797 eum
2219 744 2246 797 ?
2267 759 2393 798 cum
2414 744 2535 813 jam
2562 747 2647 797 tot
2668 748 2723 796 et
2741 746 2898 796 tanta
2915 744 3232 798 testimonia
3254 746 3550 815 perhibue-

1914 840 2028 902 rat;
2050 837 2170 906 jam
2205 836 2357 890 enim
2392 836 2567 907 digito
2608 837 2929 891 ostenderat
2969 854 3120 905 eum,
3161 839 3281 906 jam
3325 838 3545 894 dixerat

1915 945 2027 983 ecce
2056 932 2241 998 Agnus
2266 933 2379 984 Dei.
2411 930 2464 984 Si
2492 930 2646 983 enim
2673 930 2955 984 nesciebat
2980 947 3131 997 eum,
3164 932 3446 1001 quomodo
3476 934 3545 988 ad

1916 1038 1975 1076 se
2004 1023 2249 1077 venienti
2276 1025 2337 1076 ut
2364 1023 2744 1093 baptizaretur
2766 1024 2989 1076 dicebat
3021 1040 3033 1077 :
3066 1027 3143 1077 Tu
3164 1024 3238 1077 ad
3258 1041 3339 1078 me
3359 1028 3502 1080 venis
3522 1028 3549 1078 ?

1915 1132 2008 1185 ego
2034 1133 2070 1170 a
2100 1121 2147 1171 te
2177 1118 2333 1171 debeo
2364 1118 2654 1187 baptizari.
2698 1117 2803 1171 Sed
2835 1116 3274 1187 intelligendum
3302 1122 3385 1205 est
3414 1119 3545 1189 quia

1917 1209 2132 1280 aliquid
2159 1209 2219 1263 in
2248 1226 2313 1264 eo
2341 1227 2453 1263 non
2483 1214 2733 1275 noverat,
2768 1215 2822 1264 et
2846 1210 3061 1281 aliquid
3088 1216 3337 1265 noverat.
3370 1213 3548 1266 Nove-

1913 1302 2005 1353 rat
2034 1299 2356 1366 Dominum,
2387 1303 2622 1353 noverat
2648 1300 2745 1354 Dei
2770 1300 2997 1367 Filium,
3033 1300 3131 1353 sed
3162 1300 3411 1354 nondum
3441 1318 3544 1354 no-

1913 1396 2073 1447 verat
2100 1397 2433 1464 potestatem
2460 1393 2781 1463 baptizandi
2822 1393 2925 1446 sibi
2966 1394 3271 1447 Dominum
3299 1399 3548 1448 retentu-

1915 1503 2063 1554 rum,
2095 1491 2150 1540 et
2192 1487 2250 1540 in
2286 1487 2579 1541 neminem
2624 1503 2911 1540 servorum
2956 1486 3381 1541 translaturum.
3432 1489 3543 1541 Hoc

1916 1583 2151 1633 noverat
2187 1585 2242 1634 et
2271 1580 2377 1633 hoc
2407 1579 2603 1633 didicit
2628 1596 2729 1649 per
2756 1580 3104 1633 columbam.
3129 1579 3181 1633 Si
3208 1580 3362 1633 enim
3390 1580 3547 1634 daret

1917 1672 2081 1726 alicui
2112 1676 2463 1743 potestatem,
2492 1672 2724 1726 forsitan
2755 1673 2931 1742 aliqui
2963 1672 3236 1741 eligerent
3275 1673 3378 1726 sibi
3417 1689 3545 1726 san-

206 1768 340 1838 dicit,
367 1769 421 1824 id
448 1774 533 1824 est
558 1770 667 1841 ipsi
692 1773 899 1842 populo
927 1774 1110 1827 Israel,
1139 1775 1440 1845 Propterea
1478 1774 1683 1828 missus
1728 1778 1815 1828 est
1833 1747 1890 1819 B
1914 1766 2113 1819 ctiores
2141 1766 2293 1819 viros
2320 1783 2353 1819 a
2379 1766 2585 1837 quibus
2609 1765 3045 1835 baptizarentur.
3071 1765 3179 1818 Sed
3202 1765 3314 1818 sive
3340 1765 3541 1825 bonus.

203 1864 418 1916 Joannes
450 1863 508 1917 in
542 1881 691 1935 aqua
728 1865 1032 1935 baptizans,
1065 1872 1129 1921 ut
1172 1868 1549 1923 manifestaret
1589 1868 1689 1921 Dei
1735 1868 1817 1921 Fi-

201 1956 326 2010 lium
352 1958 561 2028 populo
594 1959 779 2025 Israel,
808 1960 940 2030 quia
981 1961 1231 2015 occultus
1259 1962 1536 2029 veniebat,
1574 1966 1634 2015 ut
1662 1961 1754 2015 vix
1783 1978 1816 2014 a

204 2051 377 2121 paucis
405 2052 489 2105 vel
514 2068 548 2105 ει
571 2052 726 2106 nullo
744 2052 1004 2124 cognOSci
1026 2054 1317 2125 potuisset.
1352 2056 1504 2109 [Inde
1526 2055 1642 2126 ipse
1662 2056 1823 2109 Joan-

203 2160 291 2197 nes
314 2145 441 2199 alibi
466 2145 546 2199 ait
575 2163 587 2198 :
622 2149 731 2215 Ego
764 2147 976 2215 baptizo
1002 2152 1061 2201 in
1090 2165 1255 2218 aqua,
1292 2150 1499 2203 medius
1531 2155 1709 2203 autem
1735 2165 1820 2202 ve-

202 2243 355 2292 strum
390 2244 501 2293 stat
542 2256 698 2309 quem
736 2257 827 2294 vos
862 2245 1092 2296 nescitis.
1125 2246 1279 2313 Aqua
1308 2226 1697 2296 tantummodo
1726 2242 1817 2295 ba-

204 2332 445 2401 ptizabat,
498 2339 731 2403 peccata
780 2335 1060 2389 dimittere
1117 2352 1231 2389 non
1284 2340 1523 2406 poterat,
1571 2336 1713 2389 sicut
1764 2338 1819 2387 et

208 2426 359 2479 modo
383 2427 700 2481 sacerdotes
730 2428 785 2481 in
809 2429 1051 2482 Ecclesia
1072 2429 1303 2483 faciunt.
1327 2432 1569 2500 Corpora
1588 2430 1820 2499 tingunt

206 2535 352 2589 aqua,
383 2525 655 2574 caeterum
686 2521 859 2589 [Cod.,
893 2522 1110 2594 caetera]
1154 2528 1383 2593 peccata
1409 2523 1594 2575 nullus
1623 2522 1814 2575 dimit-

206 2616 308 2667 tere
333 2618 537 2684 potest,
568 2614 675 2667 nisi
705 2616 856 2669 solus
888 2616 1046 2669 Deus.

266 2708 332 2761 Er
373 2723 739 2764 TESTIMOSIUM
784 2725 1067 2765 venamur
1103 2711 1361 2779 JOANNES,
1397 2726 1521 2773 om
1552 2727 1661 2764 VIDI
1693 2711 1814 2765 SP1-

205 2815 348 2856 RlTL'M
400 2817 838 2857 neseexussreu.
886 2802 1042 2857 Alius
1091 2805 1431 2873 evangelista
1482 2804 1635 2869 dicit,
1688 2804 1819 2873 quia

206 2894 489 2964 baptizatus
542 2899 800 2951 Dominus
851 2900 1125 2964 confestim
1167 2900 1405 2952 ascendit
1450 2898 1517 2951 ab
1565 2913 1728 2966 aqua,
1770 2901 1818 2949 et

207 3002 302 3042 ecce
318 2993 493 3059 aperti
509 2994 640 3045 sunt
669 2993 719 3043 ei
741 2992 878 3053 cazli,
906 2996 956 3045 et
980 2993 1119 3045 vidit
1145 2994 1407 3061 Spiritum
1437 2992 1594 3060 quasi
1617 2991 1813 3044 colum-

207 3081 314 3135 bam
346 3083 764 3149 descendentem,
794 3090 844 3137 et
872 3088 1071 3138 mansit
1105 3101 1266 3154 super
1295 3101 1431 3138 eum.
1472 3084 1819 3154 Aperiuntur
1839 3115 1893 3189 Ο

207 3175 312 3227 οωιὶ
330 3175 607 3247 baptizata
638 3178 896 3246 Domino,
930 3184 985 3231 et
1011 3177 1299 3231 descendit
1328 3176 1567 3247 Spiritus
1596 3181 1820 3229 sanctus

207 3285 356 3339 super
373 3286 503 3324 eum
515 3314 528 3339 ,
546 3275 609 3324 ut
628 3272 790 3326 nobis
804 3272 1033 3326 daretur
1050 3270 1288 3341 intelligi
1308 3271 1438 3341 quia
1456 3270 1636 3323 omnis
1650 3269 1819 3322 homo

206 3362 487 3428 antequam
524 3359 731 3425 veniat,
760 3360 831 3413 ad
858 3360 1199 3430 baptismum
1227 3360 1448 3413 aditum
1471 3358 1632 3430 regni
1663 3359 1820 3413 coele-

209 3450 292 3504 stis
314 3453 569 3506 clausum
598 3453 767 3507 habet
802 3458 1031 3523 propter
1054 3453 1329 3523 originale
1368 3459 1680 3523 peccatum,
1722 3452 1818 3505 sed

155 3546 165 3559 '
206 3544 255 3597 in
288 3545 565 3617 baptismo
603 3546 893 3618 egreditur
921 3547 1148 3617 spiritus
1177 3547 1378 3612 malus,
1419 3552 1476 3601 ct
1498 3546 1696 3617 incipit
1724 3547 1821 3600 ha-

205 3636 365 3693 bitare
414 3640 656 3710 Spiritus
716 3644 969 3710 sanctus,
1012 3641 1230 3695 dicente
1280 3641 1545 3711 Apostolo
1597 3658 1609 3694 :
1659 3642 1821 3696 Scitis

203 3747 319 3800 quia
344 3736 601 3804 templum
629 3737 725 3789 Dei
745 3738 867 3789 estis
895 3751 1008 3798 vos,
1032 3741 1080 3790 et
1104 3737 1340 3805 Spiritus
1364 3739 1582 3789 sanctus
1609 3736 1822 3790 habitat

205 3827 253 3878 in
279 3829 433 3882 vobis.
478 3828 658 3882 Habes
702 3829 810 3883 hoc
853 3830 909 3882 in
944 3830 1064 3883 loco
1104 3833 1279 3884 totam
1305 3828 1638 3883 Trinitatem
1665 3845 1815 3882 com-

206 3920 548 3987 prehensam.
580 3923 740 3976 Pater
766 3922 994 3977 auditur
1016 3923 1075 3976 in
1100 3939 1253 3991 voce,
1283 3922 1451 3976 Filius
1478 3922 1535 3975 in
1566 3922 1816 3987 nomine,

206 4012 425 4082 Spiritus
455 4020 683 4069 sanctus
710 4016 1126 4070 demonstratur
1151 4017 1209 4070 in
1232 4016 1513 4071 columba.
1545 4016 1649 4071 Sed
1684 4015 1818 4086 quid

207 4110 281 4159 est
306 4108 542 4178 Spiritus
570 4115 812 4176 sanctus,
844 4126 959 4163 non
988 4110 1107 4179 jam
1150 4111 1380 4164 alterius
1408 4110 1523 4164 avis
1554 4109 1841 4163 similitu-‘

206 4198 320 4254 dine
350 4201 725 4257 demonstrari
752 4203 947 4272 voluit,
976 4203 1085 4257 nisi
1112 4221 1143 4256 a
1168 4204 1447 4257 columba.
1482 4205 1643 4257 Certe
1685 4202 1819 4273 quia

208 4293 449 4348 columba
478 4296 718 4366 simplex
758 4299 841 4349 est
877 4296 1111 4364 animal,
1140 4301 1307 4367 atque
1344 4314 1376 4351 a
1412 4296 1643 4350 malitiae
1687 4296 1819 4349 faece

209 4386 461 4445 alienum.
501 4391 567 4444 Ut
592 4390 849 4444 ostendat
873 4389 1006 4460 quia
1034 4390 1223 4443 nullus
1248 4390 1355 4443 nisi
1381 4390 1619 4459 simplex
1649 4389 1823 4443 fuerit

1919 1859 2031 1911 sive
2062 1860 2246 1913 malus
2277 1860 2521 1929 baptizct
2555 1860 2615 1912 in
2654 1858 2963 1912 ministerio
3008 1858 3065 1910 in
3110 1862 3422 1929 potestate;
3456 1859 3547 1913 hic

1921 1953 2073 2006 enim
2117 1953 2214 2023 qui
2257 1953 2518 2022 baptizat,
2561 1952 2673 2005 sive
2728 1952 2967 2019 adulter,
3026 1950 3138 2004 sive
3183 1955 3387 2019 castus,
3431 1953 3547 2005 sive

1922 2046 2175 2099 ebriosus
2204 2046 2463 2115 baptizet,
2496 2045 2587 2098 hic
2610 2045 2809 2114 estqui
2834 2045 3095 2115 baptizat.
3118 2044 3241 2097 Sive
3265 2046 3545 2103 columba.

1920 2139 2030 2191 sive
2076 2139 2278 2192 milvus
2326 2139 2586 2209 baptizet.
2634 2138 2724 2191 hic
2769 2142 2851 2191 est
2896 2137 2991 2208 qui
3040 2138 3302 2208 baptizat.
3354 2140 3549 2193 Petrus

1919 2232 2181 2301 baptizet,
2210 2232 2412 2285 Paulus
2440 2231 2700 2301 baptizet,
2728 2230 2897 2285 Judas
2926 2231 3190 2301 baptizct,
3223 2231 3315 2284 hic
3343 2235 3427 2285 est
3453 2232 3545 2301 qui

1918 2324 2179 2395 baptizat,
2211 2325 2306 2396 qui
2336 2329 2560 2395 peccata
2580 2323 2832 2389 dimittit,
2867 2324 2963 2393 qui
2993 2323 3266 2393 Spiritum
3293 2328 3553 2377 sanctum

1921 2419 2138 2485 tribuit,
2163 2418 2259 2489 qui
2299 2418 2585 2487 discipulis
2624 2418 2739 2470 suis
2779 2417 2954 2470 dicit:
2987 2420 3216 2471 Joannes
3259 2418 3556 2486 baptizarit

1918 2496 2081 2581 aqua,
2108 2514 2198 2567 c‘os
2234 2517 2412 2566 autem
2455 2512 2803 2580 baptizemini
2840 2512 3049 2579 Spiritu
3073 2514 3275 2564 sancto.
3309 2511 3418 2563 Hoc
3448 2526 3550 2563 ne«
3580 2524 3589 2527 '

1920 2606 2127 2658 sciebat
2155 2606 2222 2659 de
2254 2604 2493 2659 Domino
2526 2605 2726 2657 beatus
2740 2605 3003 2671 Joannes,
3027 2608 3081 2657 et
3103 2604 3208 2656 hoc
3237 2603 3431 2656 didicit
3450 2619 3553 2673 per

1919 2699 2259 2753 columbam.
2290 2700 2391 2752 Sen
2430 2714 2520 2761 QUI
2551 2714 2622 2753 ME
2652 2712 2797 2752 MISIT
2832 2713 3120 2752 BAP‘I‘IZARE
3150 2714 3205 2750 IN
3233 2712 3396 2765 ΑρυΑ,
3437 2712 3555 2750 IPSE

1921 2810 2037 2847 MIHI
2066 2808 2206 2847 DIXIT
2237 2809 2248 2845 Ζ
2280 2788 2454 2846 SUPER
2485 2807 2631 2854 QUEM
2674 2806 2883 2847 VIDERIS
2922 2790 3181 2845 SPIRITI'M
3218 2805 3552 2843 DESCENDEN-

1918 2904 2022 2942 TEM
2064 2903 2125 2941 ET
2172 2901 2459 2941 ΜΑΝΕΝΤΕΜ
2502 2900 2673 2939 SUPER
2718 2900 2848 2953 EUM,
2878 2900 2969 2939 HIC
3021 2899 3115 2938 EST
3165 2899 3255 2946 QUI
3297 2899 3555 2939 BAPTIZAT

1918 2997 1970 3035 IN
1999 2981 2213 3035 SPIRITU
2246 2993 2449 3033 sascro
2478 2994 2540 3033 ET
2568 2994 2709 3032 IGNE.
2746 2979 2811 3031 Et
2835 2976 3230 3031 testimonium
3266 2976 3555 3046 perhibuit

1917 3075 2157 3128 Joannes
2204 3072 2395 3126 dicens
2450 3088 2463 3125 :
2519 3072 2657 3134 QL'IA
2708 3086 2798 3125 me
2849 3086 2943 3125 EST
2994 3071 3175 3125 FILIUS
3229 3070 3346 3123 DEI.
3403 3068 3554 3122 Vidit

1920 3168 2117 3221 beatus
2139 3168 2382 3221 Joannes
2412 3165 2581 3219 cmlos
2608 3169 2830 3235 apertos
2857 3180 3026 3233 super
3058 3162 3383 3230 Dominum,
3411 3162 3549 3215 vidit

1922 3261 2189 3332 Spiritum
2217 3262 2469 3313 sanctum
2494 3258 2933 3313 descendentem
2952 3257 3009 3309 in
3028 3256 3312 3310 columba.
3335 3254 3558 3309 Audivit

1921 3364 2117 3403 vocem
2140 3350 2315 3404 Patris
2342 3349 2621 3402 dicentem
2647 3364 2659 3400 :
2691 3347 2793 3400 Hic
2826 3350 2902 3399 est
2928 3344 3096 3398 Filius
3125 3360 3270 3397 meus
3309 3344 3553 3397 dilectus.

1921 3444 1986 3497 Et
2014 3444 2139 3497 ideo
2169 3442 2387 3495 dicebat
2417 3457 2429 3493 :
2460 3442 2573 3494 an
2604 3456 2732 3506 VIDI,
2768 3454 2829 3492 ET
2871 3451 3237 3491 TESTIMONIUM
3277 3451 3552 3501 PERHIBUI,

1919 3539 2048 3608 quia
2074 3538 2158 3590 hic
2182 3540 2257 3589 est
2282 3536 2448 3589 Filius
2468 3535 2580 3587 Dei.
2603 3533 2718 3587 Sed
2744 3530 3059 3585 notandum
3083 3534 3183 3596 est,
3208 3528 3358 3598 quod
3382 3528 3551 3583 dicit:

1917 3633 2088 3701 Super
2111 3644 2265 3699 quem
2297 3627 2494 3680 videris
2520 3627 2781 3695 Spiritum
2806 3623 3203 3677 descendentem
3242 3626 3292 3677 et
3336 3638 3559 3677 manen-

1920 3731 2021 3779 tem
2044 3740 2202 3794 super
2226 3738 2363 3776 eum.
2398 3720 2486 3774 Sic
2515 3718 2668 3773 enim
2708 3718 2994 3773 descendit
3037 3717 3276 3788 Spiritus
3324 3721 3552 3770 sanctus

1921 3835 2090 3889 super
2119 3815 2416 3870 Dominum
2440 3813 2803 3884 baptizatum,
2831 3815 2893 3865 ut
2919 3827 3222 3880 nunquam
3256 3810 3325 3864 ab
3355 3826 3422 3863 eo
3449 3810 3558 3864 dis-

1919 3912 2159 3965 cederet.
2188 3909 2414 3963 Nullum
2446 3908 2598 3961 enim
2621 3906 2751 3959 fecit
2777 3907 3093 3975 peccatum,
3117 3921 3223 3975 pro
3254 3920 3368 3974 quo
3391 3904 3463 3957 ab
3486 3920 3551 3958 eo

1920 4005 2207 4059 discedere
2236 4002 2536 4057 debuisset.
2575 4000 2678 4055 Sed
2710 4016 2822 4053 non
2845 3998 3056 4052 diceret
3074 4003 3379 4052 manentem
3396 4013 3556 4068 super

1918 4115 2056 4161 eum,
2073 4097 2181 4151 nisi
2197 4113 2229 4150 a
2248 4094 2452 4149 sanctis
2472 4094 2770 4164 aliquoties
2791 4092 3123 4159 discederet,
3139 4096 3236 4144 aut
3251 4107 3355 4161 per
3378 4091 3556 4144 malas

1920 4192 2307 4264 cogitationes,
2324 4194 2422 4242 aut
2442 4205 2544 4258 per
2568 4187 2721 4240 mala
2745 4202 2937 4255 Opera.
2962 4184 3243 4254 Scriptum
3262 4187 3345 4237 est
3360 4182 3509 4235 enim
3534 4202 3549 4235 :

1918 4289 2153 4357 Spiritus
2178 4288 2393 4338 sanctus
2420 4281 2724 4349 disciplima
2751 4278 2964 4347 effugiet
2989 4280 3192 4345 ﬁctum.
3216 4277 3284 4328 Et
3309 4275 3512 4328 iterum
3536 4291 3549 4326 :

1920 4384 2183 4435 Perversaz
2225 4379 2365 4431 enim
2408 4375 2752 4441 cogitationes
2798 4373 3060 4439 separant
3089 4386 3123 4421 a
3148 4371 3286 4431 Deo;
3317 4384 3429 4420 non
3470 4373 3550 4420 est

208 4479 437 4549 effectus,
461 4483 737 4553 Spiritum
769 4488 1025 4537 sanctum
1056 4483 1306 4553 accipere
1338 4487 1541 4552 potest.
1575 4482 1815 4546 Quidam
1836 4484 1894 4554 D
1918 4474 2069 4527 enim
2085 4473 2255 4526 homo
2270 4472 2659 4538 superterram
2684 4464 2780 4534 qui
2800 4463 2961 4516 faciat
2976 4462 3271 4528 bonum,et
3293 4477 3403 4513 non
3426 4475 3548 4530 pec-

209 4573 345 4628 enim
368 4576 427 4630 in
455 4577 609 4631 corvi
639 4578 822 4647 specie
850 4577 1121 4647 Spiritum
1149 4580 1401 4630 sanctum
1442 4576 1692 4646 accipere
1720 4592 1815 4628 vo-

209 4666 440 4741 luerunt,
458 4670 602 4725 sicut
620 4670 727 4725 fuit
747 4671 938 4727 Simon
958 4687 1180 4741 magus,
1208 4671 1307 4741 qui
1327 4670 1535 4723 sanctis
1554 4669 1819 4740 apostolis

209 4764 487 4829 pecuniam
514 4764 718 4818 obtulit
744 4764 967 4819 dicens:
998 4767 1128 4819 Date
1152 4766 1288 4817 mihi
1321 4765 1458 4818 hanc
1480 4767 1817 4834 potestatem,

207 4859 261 4906 ut
296 4860 479 4927 cuique
512 4873 708 4912 manus
760 4860 1076 4929 imposuero,
1113 4860 1347 4928 accipiat
1384 4842 1648 4927 Spiritum
1686 4872 1817 4912 san-

209 4952 356 5003 ctum.
386 4951 586 5006 Emere
620 4951 861 5019 volebat,
906 4951 1059 5022 quod
1101 4952 1325 5005 charius
1363 4952 1731 5020 venundaret,
1766 4955 1822 5004 et

208 5038 324 5095 ideo
347 5044 561 5099 audivit
588 5062 622 5099 a
648 5047 809 5101 Petro
840 5063 853 5099 :
878 5048 1107 5100 Pecunia
1134 5050 1228 5100 tua
1254 5052 1421 5100 tecum
1447 5048 1518 5099 sit
1555 5049 1613 5099 in
1632 5045 1817 5115 perdi-

209 5135 357 5201 tione,
388 5141 517 5208 quia
550 5142 870 5194 escistimasti
896 5140 1097 5194 donum
1136 5142 1233 5195 Dei
1261 5142 1501 5211 pecuniis
1534 5140 1818 5211 possideri.

209 5229 317 5284 Non
370 5234 469 5285 erit
518 5233 619 5287 tibi
663 5249 813 5303 pars,
839 5249 1006 5303 neque
1029 5250 1142 5288 sors
1168 5236 1225 5288 in
1244 5249 1482 5288 sermone
1523 5235 1644 5287 isto.
1673 5232 1821 5302 Ergo

210 5321 299 5391 qui
323 5324 592 5395 Spiritum
628 5331 885 5381 sanctum
910 5327 1161 5398 accipere
1199 5327 1499 5395 desiderat,
1529 5326 1587 5380 in
1616 5326 1824 5380 colum-

211 5413 291 5483 ba,
320 5416 374 5472 id
404 5424 485 5474 est
509 5420 569 5474 in
599 5420 975 5492 simplicitate,
1006 5421 1171 5477 illum
1198 5437 1454 5493 quaerere
1479 5421 1663 5475 debet.
1685 5420 1820 5473 Pro-

212 5512 326 5580 pter
349 5510 485 5569 illud
514 5515 666 5588 quod
692 5515 965 5589 scriptum
992 5520 1077 5572 est
1115 5533 1128 5571 :
1168 5518 1231 5573 In
1262 5516 1605 5586 simplicitate
1644 5513 1821 5570 cordis

523 5870 794 5947 ΡΑΤιιοι.
846 5874 1080 5944 LXXII.

1918 4572 2022 4621 cet.
2058 4566 2211 4620 Sicut
2233 4562 2519 4634 apostolus
2545 4559 2679 4614 dicit
2713 4574 2725 4610 :
2759 4559 2821 4613 Si
2856 4557 3150 4610 dixerimus
3193 4558 3323 4623 quia
3356 4570 3546 4624 pecca-

1922 4668 2033 4716 tum
2074 4675 2179 4714 non
2223 4658 2496 4717 habemus,
2531 4669 2625 4707 nos
2662 4655 2805 4723 ipsos
2841 4650 3163 4711 scducimus,
3192 4653 3243 4702 et
3264 4650 3463 4702 veritas
3488 4649 3545 4702 in

1918 4757 2066 4811 nobis
2093 4770 2199 4810 non
2220 4756 2316 4807 est.
2350 4751 2415 4804 Et
2434 4749 2639 4803 iterum
2671 4764 2684 4800 :
2709 4748 2771 4801 In
2796 4745 2979 4799 multis
3007 4742 3321 4813 offendimus
3350 4757 3547 4798 omnes.

1918 4851 2199 4904 Caeterum
2226 4861 2396 4916 super
2420 4842 2727 4897 Dominum
2753 4839 3094 4910 baptizatum
3116 4835 3286 4900 venit,
3307 4839 3371 4889 ut
3390 4835 3460 4887 ab
3483 4851 3548 4889 eo

1920 4958 2213 5013 nunquam
2257 4938 2586 4993 discederet.
2617 4937 2682 4989 Et
2713 4934 2835 4987 ideo
2862 4933 2919 4985 in
2950 4931 3070 4984 solo
3104 4928 3242 4981 Filio
3270 4927 3372 4981 sibi
3398 4944 3546 4982 com-

1920 5039 2129 5110 placuit
2156 5037 2338 5102 Pater,
2376 5032 2521 5085 sicut
2555 5028 2689 5084 dicit
2719 5045 2732 5081 :
2769 5028 2847 5082 Tu
2867 5041 2917 5080 es
2953 5024 3120 5079 Filius
3139 5037 3284 5077 meus
3302 5022 3547 5085 dilectus,
3588 5020 3596 5029 ’

1922 5135 1979 5186 in
2010 5136 2057 5186 te
2079 5129 2415 5199 complacuit.
2460 5127 2525 5179 Et
2568 5121 2841 5195 propheta
2879 5136 2890 5172 :
2928 5120 3143 5172 Juravit
3196 5118 3452 5171 Dominus
3500 5121 3553 5171 et

1922 5242 2026 5281 non
2044 5223 2324 5296 paenitebit
2348 5235 2484 5275 eum.
2519 5219 2599 5272 De
2639 5212 2968 5270 mortalibus
2994 5227 3128 5266 vero
3158 5210 3431 5282 scriptum
3469 5216 3553 5266 est

1922 5319 2225 5375 Dominum
2246 5315 2480 5370 dixisse:
2501 5310 2735 5384 poenitet
2756 5306 2908 5363 enim
2926 5323 3016 5362 me
3039 5305 3234 5361 fecisse
3256 5304 3547 5362 hominem

1925 5430 2094 5488 super
2114 5418 2344 5469 terram.

3168 5857 3247 5918 26
