4054 6186
462 381 3810 408 W

2025 540 2236 663 ΙΙΙ.

461 764 676 846 Lectio
706 758 1008 846 Epistolas
1037 760 1232 846 beati
1253 759 1437 846 Pauli
1471 757 1750 842 apostoli
1769 760 1875 846 _ad
1916 758 2252 846 Romanos
2283 759 2416 839 (xu,
2453 761 2508 836 1)
2547 778 2560 820 :
2590 759 2870 846 Fratres
2883 757 3136 846 obsecro
3161 773 3276 820 vos
3293 773 3414 838 per
3437 757 3812 846 misericor-

539 845 722 906 diam
754 837 906 920 'Dei,
939 849 1014 904 ut
1049 841 1404 905 exhibeatis
1438 837 1712 922 corpora
1759 839 2040 904 hostiam
2080 837 2428 916 viventem,
2457 847 2776 916 sanctam,
2819 840 2953 904 Deo
2985 837 3378 920 placentem,
3419 837 3812 900 rationabile

537 923 917 1004 obsequium
945 929 1252 984 vestrum.

1697 1037 2112 1093 COMMENTUM
2150 1037 2568 1092 LUCULENTII.

527 1159 754 1214 Dixerat
775 1157 980 1212 Paulus
1003 1157 1290 1228 apostolus
1319 1156 1597 1228 superius,
1620 1156 1867 1228 qualiter
1893 1154 2080 1209 omnis
2102 1167 2161 1240 Α
2180 1157 2340 1212 nibus
2366 1161 2540 1219 recta,
2559 1171 2792 1225 quarum
2809 1157 2932 1224 ﬁnis
2951 1171 3120 1225 usque
3139 1155 3214 1209 ad
3230 1153 3578 1224 profundum
3603 1155 3816 1221 ἕηκεν-πί

455 1251 769 1308 observatio
797 1249 1194 1304 mandatorum
1224 1249 1323 1305 Dei
1349 1249 1637 1304 transisset
1671 1250 1740 1304 de
1773 1248 1978 1304 Iudaeis
2005 1249 2076 1303 ad

455 1349 672 1418 gentes.
702 1346 826 1399 lam
850 1360 1002 1398 nunc
1036 1359 1253 1412 omnes,
1294 1342 1504 1397 scilicet
1530 1347 1744 1413 gentes,
1773 1346 1828 1397 et
1855 1358 1948 1396 eos
1976 1341 2075 1413 qui

455 1440 526 1494 de
569 1437 992 1494 circumcisione
1042 1437 1112 1491 ad
1165 1437 1338 1490 ﬁdem
1391 1438 1678 1503 venerant,
1714 1435 1977 1490 hortatur
2017 1440 2077 1488 ut

453 1531 626 1586 ﬁdem
645 1548 819 1602 quam
840 1533 1173 1602 acceperant
1198 1529 1588 1583 inconcussam
1621 1532 1924 1583 servarent.
1955 1529 2074 1582 Imo

455 1641 586 1680 vero
617 1625 758 1679 sicut
781 1631 912 1680 ante
932 1628 1334 1678 consueverant
1355 1623 1566 1676 hostias
1584 1628 1940 1677 mortuorum
1961 1621 2076 1676 ani-

454 1719 712 1787 malium,
743 1717 960 1788 sicjam
984 1716 1298 1787 inciperent
1323 1733 1381 1770 se
1419 1716 1571 1787 ipsos
1611 1714 1856 1770 hostiam
1893 1715 2076 1769 vivam

452 1812 652 1867 oll‘erre
679 1813 814 1882 Deo,
845 1810 1034 1866 dicens
1063 1826 1076 1863 :
1109 1809 1358 1864 Ousscuo
1389 1825 1492 1864 vos
1524 1825 1624 1864 PER
1653 1824 2075 1864 Missnicoanun

452 1906 569 1960 D31.
618 1906 769 1958 Inter
813 1919 1013 1974 rogare
1050 1906 1107 1956 et
1142 1903 1436 1956 obsecrare
1481 1903 1591 1957 hoc
1641 1902 1894 1972 interest,
1943 1901 2076 1972 quia

449 2014 716 2070 rogamus
741 1997 810 2050 de
837 1995 1108 2064 minimis,
1137 1995 1494 2049 obsecramus
1520 2013 1621 2066 pro
1649 1994 1932 2050 maximis.
1967 1995 2068 2050 Sed

451 2091 783 2146 obsecrabat
805 2090 1098 2160 Apostolus
1126 2090 1428 2156 Romanos,
1455 2089 1516 2143 id
1543 2094 1645 2156 est,
1674 2088 1879 2144 obnixe
1908 2105 2073 2159 roga-
2115 2134 2122 2142 .

447 2185 562 2252 bat,
605 2184 796 2239 dicens
834 2200 846 2238 ε
893 2184 1112 2239 Obsecro
1139 2198 1231 2236 vos
1262 2199 1363 2252 per
1398 2183 1820 2237 misericordiam
1861 2184 2076 2260 Dei.‘Ac

448 2279 496 2332 si
537 2277 794 2332 diceret:
839 2278 944 2330 Per
985 2275 1137 2330 illius
1191 2275 1642 2330 misericordiam
1681 2292 1780 2329 vos
1825 2261 2074 2342 obsecro,

448 2375 545 2442 qui
561 2387 652 2426 vos
675 2373 882 2426 vocavit
904 2370 970 2424 de
995 2371 1222 2424 tenebris
1249 2371 1307 2422 in
1340 2370 1664 2423 admirabile
1694 2369 1872 2424 lumen
1897 2384 2074 2432 suum,

449 2469 505 2520 et
527 2481 630 2535 per
656 2463 811 2518 illam
854 2461 1302 2516 misericordiam
1327 2477 1426 2516 vos
1469 2461 1723 2529 obsecro,
1755 2478 1862 2532 qua
1893 2477 2076 2516 recon-

2176 1251 2533 1318 demergitur;
2577 1254 2630 1304 et
2677 1247 2804 1302 ideo
2848 1265 3074 1302 necesse
3105 1253 3190 1302 est
3214 1253 3279 1302 ut
3302 1246 3696 1318 unusquisque
3742 1246 3811 1300 de

2177 1345 2325 1398 bono
2351 1343 2502 1414 quod
2525 1341 2644 1413 agit
2666 1358 2782 1396 non
2807 1341 3152 1410 hominibus,
3182 1339 3282 1395 sed
3304 1341 3414 1394 Deo
3435 1341 3660 1412 placere
3687 1343 3807 1392 stu-

2175 1437 2320 1506 deat,
2352 1452 2423 1490 ne
2457 1435 2672 1490 dicatur
2701 1435 2754 1489 ei
2787 1452 2800 1489 :
2836 1436 3105 1504 Recepisti
3140 1435 3429 1489 mercedem
3455 1438 3626 1487 tuam.
3656 1432 3814 1496 Quod

2177 1529 2276 1602 qui
2303 1529 2516 1596 fecerit,
2546 1528 2733 1582 hostia
2762 1529 2876 1582 Deo
2901 1528 3110 1598 placita
3131 1527 3280 1582 efﬁci
3303 1525 3534 1598 poterit.

2245 1625 2612 1679 RATIONABILE
2648 1637 2956 1684 OBSEQUIUM
2993 1637 3260 1677 VESTRL'M.
3309 1621 3391 1675 Ad
3429 1621 3535 1674 hoc
3559 1619 3819 1690 pertinet

2174 1716 2309 1788 quia
2338 1731 2510 1787 supra
2533 1715 2748 1770 dictum
2775 1719 2858 1770 est
2883 1715 3032 1786 quod
3063 1714 3381 1769 offerebant
3402 1713 3628 1779 vitulos,
3658 1712 3810 1766 arie-

2175 1814 2278 1878 tes,
2309 1812 2367 1863 et
2393 1809 2600 1863 horum
2629 1808 2856 1862 similia.
2884 1809 3042 1872 Quod
3062 1807 3147 1862 illi
3171 1807 3455 1862 faciebant
3480 1806 3814 1872 carnaliter,

2174 1919 2278 1958 nos
2317 1901 2488 1956 modo
2532 1901 2925 1973 spiritualiter;
2967 1901 3120 1972 quod
3168 1901 3251 1956 illi
3287 1901 3344 1955 in
3385 1901 3589 1972 ﬁgura,
3621 1915 3727 1954 nos
3755 1899 3814 1952 in

2175 1995 2406 2051 veritate
2431 1995 2613 2050 facere
2641 1994 2930 2050 debemus.
2957 1995 3096 2058 Quia
3123 1995 3268 2049 sicut
3291 1993 3591 2065 Apostolus
3620 1993 3758 2047 dicit
3794 2010 3809 2046 :

2175 2091 2368 2146 Omnia
2394 2091 2451 2143 in
2475 2092 2654 2158 ﬁgura
2677 2089 3051 2157 contingebant
3069 2089 3198 2144 illis.
3233 2089 3298 2142 Et
3325 2088 3452 2142 ideo
3472 2086 3808 2142 rationabile

2177 2182 2512 2253 obsequium
2541 2199 2645 2236 nos
2674 2181 2929 2253 praecipit
2957 2182 3225 2236 exhibere
3254 2182 3556 2252 Apostolus
3583 2181 3809 2236 dicens:

2175 2277 2515 2331 Rationabile
2541 2276 2846 2344 obsequium
2873 2280 3127 2330 rest-rum.
3163 2276 3314 2329 Inter
3341 2275 3623 2330 rationale
3652 2279 3710 2328 et
3733 2290 3818 2326 ra-

2175 2368 2446 2423 tionabile
2485 2369 2629 2423 hanc
2666 2368 2987 2423 distantiam
3035 2368 3230 2422 dicunt
3274 2385 3392 2423 esse
3434 2368 3714 2434 doctores,
3757 2370 3818 2420 ut

2175 2462 2508 2516 rationabile
2537 2461 2820 2533 pertineat
2833 2462 2902 2516 ad
2924 2461 3203 2517 rationem
3227 2467 3282 2516 et
3301 2478 3471 2532 opera
3499 2461 3695 2529 bona;
3723 2477 3814 2514 ra-

447 2559 624 2612 ciliati
648 2559 770 2613 estis
793 2559 920 2620 Deo,
947 2572 1066 2610 non
1103 2571 1206 2626 per
1241 2554 1682 2626 philosophiam,
1709 2571 1812 2608 nec
1841 2571 1944 2626 per
1969 2555 2070 2608 ali-
2095 2545 2150 2616 B
2174 2555 2440 2610 tionabile
2464 2572 2596 2610 vero
2623 2556 2692 2609 ad
2720 2555 3136 2610 discretionem.
3159 2557 3226 2610 Et
3244 2555 3388 2610 bene
3411 2555 3547 2610 dicit
3567 2559 3816 2609 rationa-

447 2667 622 2723 quam
658 2650 1011 2705 mundanam
1053 2648 1410 2720 sapientiam,
1441 2665 1556 2702 non
1595 2664 1697 2719 per
1738 2648 2069 2719 potentiam,

447 2761 564 2799 non
592 2760 692 2816 per
717 2743 969 2798 suasoria
1002 2743 1190 2812 verba,
1238 2741 1336 2796 sed
1369 2757 1471 2812 per
1510 2743 1610 2796 Dei
1651 2741 2073 2796 misericordiam

445 2854 536 2894 eos
564 2839 770 2893 obsecro
807 2853 919 2908 qua
961 2835 1280 2907 regenerati
1309 2835 1442 2889 estis
1482 2833 1543 2889 in
1586 2833 1740 2888 fonte
1782 2833 2068 2905 baptismi.

445 2931 590 2996 Quid
623 2946 754 2985 vero
798 2945 894 2984 eos
937 2929 1210 2997 obsecret,
1241 2927 1426 2998 aperit
1459 2943 1589 2982 cum
1633 2927 1925 2998 subjungit
1953 2945 1966 2982 :
1995 2929 2072 2984 UT

447 3039 760 3079 BXHIBEATIS
815 3037 1065 3078 CORPORA
1108 3036 1312 3076 VESTRA
1349 3036 1587 3076 HOSTIAM
1624 3037 1911 3076 VIVENTEM.
1960 3023 2072 3076 M08

447 3116 558 3172 fuit
598 3115 729 3169 filiis
765 3114 956 3182 Israel,
989 3118 1046 3168 et
1071 3114 1164 3168 lex
1193 3113 1575 3184 praecipiebat,
1600 3117 1666 3168 ut
1693 3113 1960 3169 offerrent
1983 3132 2068 3169 sa-

446 3207 722 3264 crificium
749 3209 884 3277 Deo,
908 3207 1130 3276 vitulos,
1161 3205 1382 3273 arietes,
1409 3211 1466 3260 et
1495 3205 1698 3274 hircos,
1723 3223 1919 3278 agnos,
1951 3211 2070 3262 tur-

447 3307 620 3370 tures,
650 3317 748 3356 seu
777 3299 1086 3369 columbas,
1120 3303 1178 3354 et
1199 3301 1406 3354 cratera
1453 3316 1580 3369 quae
1616 3299 1677 3354 in
1715 3300 1839 3372 lege
1869 3301 2070 3372 praeci-

446 3396 768 3469 piebantur.
801 3393 910 3451 Sed
933 3393 1084 3466 quod
1103 3391 1188 3447 illi
1205 3393 1504 3448 carnaliter
1521 3391 1798 3448 faciebant
1821 3394 1879 3448 in
1907 3411 2074 3465 pecu-

447 3489 628 3557 dibus,
643 3487 810 3544 nobis
828 3487 886 3542 in
899 3486 1227 3558 corporibus
1240 3484 1445 3540 nostris
1464 3485 1782 3556 specialiter
1791 3488 2070 3544 convenit.

447 3583 672 3639 Etenim
697 3599 930 3654 corpora
955 3585 1171 3650 nostra,
1193 3585 1250 3635 et
1272 3579 1456 3634 hostia
1479 3585 1690 3636 suntet
1718 3581 1856 3636 viva.
1887 3583 2074 3637 Hostia

449 3677 680 3744 scilicet,
711 3676 846 3747 quia
883 3674 1256 3730 mortiﬁcatur
1294 3690 1459 3743 caro;
1488 3674 1630 3744 viva,
1669 3675 1800 3746 quia
1827 3675 2069 3730 vivifica-

449 3774 546 3825 tur
569 3769 800 3840 spiritus
828 3769 1142 3823 secundum
1174 3767 1428 3838 ejusdem
1457 3769 1698 3838 apostoli
1724 3774 2072 3840 praeceptum

451 3863 692 3918 dicentis
719 3879 735 3916 ι
758 3863 1072 3930 Mortiﬁcate
1107 3861 1343 3915 membra
1385 3867 1562 3916 vestra
1603 3878 1722 3932 qua
1758 3869 1886 3918 sunt
1915 3881 2076 3935 super

451 3962 670 4012 terram.
714 3955 809 4008 Vel
840 3912 972 4026 quia
1012 3953 1072 4008 in
1106 3953 1266 4007 bonis
1293 3912 1577 4008 inhabitat
1758 3912 2070 4027 ἐ
2094 3912 2148 3986 C

452 4053 564 4120 Ego
591 4065 709 4104 sum
734 4050 847 4111 via,
885 4049 1106 4109 veritas,
1132 4052 1181 4102 et
1219 4049 1354 4101 vita.
1384 4048 1448 4101 Et
1471 4047 1553 4101 ‘de
1584 4065 1698 4119 quo
1727 4051 2024 4120 Apostolus
2057 4069 2070 4108 :

450 4143 714 4200 Habitare
737 4143 1006 4200 Christum
1022 4156 1124 4210 per
1139 4141 1298 4210 ﬁdem
1323 4142 1382 4193 in
1411 4141 1658 4197 cordibus
1680 4146 1899 4199 vestris:
1923 4151 2073 4200 vete-

451 4254 545 4294 res
558 4252 804 4308 namque
819 4233 1128 4291 oiferebant
1143 4235 1256 4288 Deo
1273 4233 1486 4287 hostias
1504 4234 1785 4306 pecudum
1802 4244 2070 4310 mortuas,

449 4332 550 4388 sed
578 4347 732 4386 nunc
752 4331 872 4402 jam
896 4327 1140 4384 hostiam
1155 4329 1340 4383 vivam
1355 4326 1647 4385 offerimus
1665 4347 1765 4386 nos
1785 4331 2072 4404 metipsos,

453 4425 678 4500 quando
707 4424 838 4479 vitia
867 4427 926 4480 et
962 4429 1190 4494 peccata
1218 4424 1278 4478 in
1305 4441 1406 4479 nos
1431 4425 1856 4496 mortiﬁcamus,
1885 4432 1942 4482 et
1968 4427 2076 4482 vir-

452 4525 599 4576 tutes
621 4518 936 4584 nutrimus;
958 4517 1261 4589 implentes
1280 4519 1419 4575 illud
1439 4519 1590 4592 quod
1609 4520 1760 4574 idem
1779 4522 2074 4591 Apostolus

453 4614 568 4669 ait:
603 4615 668 4670 Ut
689 4615 824 4668 sciat
847 4615 1210 4682 unusquisque
1237 4619 1470 4668 vestrum
1492 4629 1648 4669 suum
1676 4630 1772 4670 vas
1803 4616 2074 4685 possidere

452 4711 511 4764 in
535 4709 954 4776 sanctiﬁcatione
987 4711 1035 4760 et
1077 4707 1289 4761 honore.
1317 4708 1420 4762 Vas
1453 4707 1513 4762 in
1549 4708 1989 4764 sanctiﬁcatione
2021 4713 2078 4766 et

450 4805 665 4859 honore
685 4799 1059 4872 possidemus,
1083 4799 1313 4869 quando
1333 4800 1392 4854 in
1409 4801 1575 4856 nobis
1589 4801 1724 4857 vitia
1744 4809 2072 4875 mactemus,

453 4902 510 4954 et
537 4913 639 4970 per
664 4895 813 4950 bona
831 4909 1002 4966 opera
1025 4893 1200 4947 sancti
1224 4881 1524 4964 efﬁcimur,
1546 4895 1786 4952 Domino
1813 4897 2068 4955 dicente:

451 4989 639 5045 Sancti
659 4991 839 5048 estote,
865 4986 996 5055 quia
1021 4997 1112 5052 ego
1133 4987 1352 5038 sanctus
1381 4997 1500 5038 sum
1525 4987 1780 5041 Dominus
1816 4991 1950 5044 Deus
1983 5006 2071 5045 ve-

451 5086 579 5138 ster.
605 5082 673 5135 Et
694 5078 985 5134 Psalmista
1011 5093 1024 5132 :
1055 5077 1157 5132 Cor
1181 5078 1468 5132 contritum
1493 5082 1544 5132 et
1567 5079 1913 5138 humiliatum
1937 5087 2076 5141 Deus

453 5189 561 5229 non
596 5175 822 5244 spernit.
855 5171 1012 5228 Multi
1041 5171 1302 5227 videntur
1327 5170 1532 5238 vivere,
1557 5173 1656 5227 sed
1682 5175 1892 5230 mortui
1921 5182 2072 5234 sunt.

2170 2649 2273 2703 bile
2307 2649 2618 2718 obsequium
2656 2655 2910 2712 vestrum,
2952 2649 3090 2720 quia
3129 2649 3268 2704 illud
3304 2649 3592 2720 quondam
3642 2649 3804 2703 obse-

2169 2742 2367 2812 quium
2379 2745 2626 2796 vestrum
2646 2758 2760 2796 non
2780 2745 2900 2796 erat
2921 2742 3273 2797 rationabile.
3291 2743 3538 2798 Stultum
3549 2746 3634 2796 est
3659 2743 3814 2796 enim

2168 2837 2235 2888 ut
2253 2834 2376 2889 vivo
2402 2837 2512 2890 Deo
2537 2842 2593 2890 et
2618 2835 2880 2890 invisibili
2909 2841 3136 2891 mortua
3164 2836 3432 2890 cadavera
3472 2835 3813 2891 offerantur.

2171 2927 2326 2983 Sicut
2343 2929 2498 2982 enim
2514 2933 2805 2984 mortuum
2815 2929 2936 2984 vivo
2955 2929 3291 3000 obsequium
3314 2945 3428 2983 non
3456 2935 3719 3000 praestat,
3745 2930 3820 2984 ita

2169 3023 2358 3076 nullus
2383 3023 2692 3077 immortali
2720 3027 2776 3077 et
2795 3022 3130 3094 incorporeo
3159 3023 3272 3077 Deo
3303 3022 3505 3078 vitulos
3535 3040 3640 3078 seu
3659 3025 3814 3078 arie-

2169 3119 2253 3169 tes
2281 3115 2451 3186 digne
2488 3121 2674 3187 potest
2707 3115 2928 3172 oﬂ‘erre.
2960 3118 3032 3172 Er
3079 3133 3269 3172 NOLITE
3296 3132 3651 3173 consonum
3685 3133 3815 3173 unc

2172 3224 2412 3277 S.ECULO,
2441 3225 2538 3264 SED
2569 3225 2938 3266 REFORMAMINI
2968 3227 3020 3266 IN
3048 3226 3312 3266 NOVITATE
3352 3226 3553 3268 SENSUS
3592 3227 3810 3268 VESTRI.

2172 3302 2448 3356 Saeculum
2495 3319 2612 3357 non
2652 3303 2898 3358 ambitus
2928 3303 3048 3358 cceli
3085 3307 3143 3358 et
3169 3309 3358 3374 terrae,
3393 3320 3568 3376 quem
3607 3305 3811 3374 solem,

2170 3395 2388 3464 lunam,
2429 3397 2635 3466 stellas,
2664 3397 2893 3452 arbores
2935 3398 3242 3470 appellant,
3275 3399 3479 3470 quibus
3519 3399 3713 3454 nullus
3753 3415 3812 3453 se

2172 3489 2526 3544 conformare
2570 3493 2772 3561 potest,
2817 3490 2914 3545 sed
2955 3497 3234 3546 amatores
3277 3493 3468 3547 saculi
3519 3493 3808 3548 dicuntur.

2171 3584 2301 3638 Filii
2324 3588 2503 3637 autem
2525 3587 2680 3652 regni
2699 3584 2976 3653 ejicientur
3001 3587 3058 3639 in
3089 3587 3332 3641 tenebras
3367 3589 3681 3642 emteriores.
3713 3587 3813 3641 Cui

2173 3676 2398 3745 saeculo,
2430 3676 2489 3730 id
2515 3681 2600 3732 est
2623 3677 2968 3732 amatoribus
3004 3678 3214 3748 saeculi,
3246 3679 3434 3734 nullus
3478 3696 3538 3734 se
3587 3679 3807 3734 confor-

2174 3785 2329 3823 mare
2358 3768 2544 3840 debet,
2576 3769 2709 3841 quia
2734 3769 3009 3841 scriptum
3046 3777 3130 3826 est
3159 3789 3172 3826 :
3210 3773 3318 3840 Qui
3347 3775 3584 3841 tetigerit
3617 3778 3810 3844 piem,

2173 3863 2552 3932 inquinabitur
2577 3864 2646 3917 ab
2669 3879 2752 3918 ea.
2783 3863 2870 3918 Sic
2887 3865 3210 3936 quicunque
3237 3881 3295 3918 se
3315 3865 3484 3920 stulto
3503 3867 3630 3938 conj
3641 3884 3811 3922 unxe-

2173 3955 2266 4025 rit,
2295 3956 2799 4012 communicaverit
2830 3958 3096 4028 operibus
3125 3958 3267 4029 ejus.
3311 3957 3443 4014 Cum
3469 3967 3660 4016 sancto
3689 3977 3811 4016 san-

2130 4108 2143 4116 _
2173 4054 2288 4106 ctus
2311 4052 2442 4116 eris;
2471 4050 2622 4122 quod
2646 4051 2739 4104 ille
2762 4050 2894 4106 facit
2921 4051 3020 4122 qui
3047 4068 3216 4122 opera
3242 4051 3426 4106 carnis
3454 4069 3486 4106 a
3516 4069 3576 4108 se
3619 4056 3812 4126 repel-

2172 4141 2256 4212 lit,
2271 4143 2551 4198 etfructus
2561 4143 2789 4214 spiritus
2802 4151 3088 4215 operatur.
3103 4144 3208 4208 Qui
3219 4161 3352 4200 vero
3367 4145 3813 4204 fornicationum

2173 4236 2541 4308 impudicitiae
2567 4241 2624 4292 et
2647 4238 3025 4292 immunditiae
3051 4237 3238 4305 servit,
3262 4239 3584 4294 conformat
3599 4258 3661 4296 se
3679 4242 3811 4297 huic

2175 4331 2397 4397 saeculo,
2437 4331 2543 4385 hoc
2575 4335 2659 4385 est
2699 4331 3045 4387 amatoribus
3083 4331 3296 4386 seaculi.
3328 4333 3438 4388 Sed
3479 4350 3590 4388 nos
3621 4336 3812 4406 potius
3851 4393 3861 4401 ,

2173 4423 2469 4478 reformari
2493 4423 2784 4495 debemus,
2813 4441 2927 4480 non
2955 4425 3214 4494 exterius,
3238 4425 3335 4481 sed
3363 4425 3629 4494 interius,
3667 4429 3812 4486 sicut

2173 4517 2310 4572 dicit
2343 4534 2356 4572 :
2388 4521 2455 4574 In
2479 4519 2715 4574 novitate
2749 4535 2930 4574 sensus
2969 4521 3153 4582 vestri,
3195 4519 3424 4591 quando
3463 4519 3814 4592 deponentes

2173 4616 2416 4666 veterem
2457 4611 2752 4667 hominem
2796 4612 3085 4667 induimus
3119 4629 3352 4668 novum.
3381 4613 3462 4669 De
3503 4631 3621 4686 quo
3662 4617 3813 4672 idem

2173 4706 2513 4776 Apostolus:
2545 4708 2606 4764 Si
2641 4709 2874 4762 exterior
2915 4707 3068 4762 homo
3111 4712 3288 4763 noster
3329 4711 3728 4780 corrumpitur,
3771 4714 3812 4766 is

2175 4804 2352 4855 tamen
2382 4802 2480 4870 qui
2498 4803 2648 4855 intus
2670 4805 2749 4856 est
2765 4805 3058 4856 renovatur
3078 4801 3144 4856 de
3169 4801 3256 4856 die
3279 4805 3337 4856 in
3355 4802 3516 4858 diem.
3548 4804 3617 4858 Et
3643 4805 3806 4860 alibi:

2171 4895 2522 4951 Renovamini
2545 4897 2744 4966 spiritu
2772 4896 2964 4950 mentis
3003 4899 3210 4950 vestrae.
3248 4896 3398 4950 Tunc
3428 4896 3812 4954 reformamur

2173 4986 2233 5041 in
2267 4985 2512 5043 novitate
2537 5005 2730 5043 sensus
2768 4988 2962 5054 nostri,
2992 4989 3216 5060 quando
3243 4989 3590 5046 mundamus
3615 5009 3722 5048 nos
3748 4993 3813 5047 ab

2175 5079 2330 5135 omni
2355 5081 2786 5152 inquinamento
2811 5081 2995 5138 carnis
3019 5086 3077 5138 et
3104 5081 3357 5154 spiritus.
3384 5083 3546 5148 Quod
3587 5087 3690 5157 qui
3725 5086 3810 5141 fe-

2175 5173 2333 5246 cerit,
2361 5175 2569 5232 dicitur
2594 5175 2677 5230 illi
2711 5193 2746 5231 a
2775 5177 2889 5232 Deo
2929 5193 2942 5232 :
2986 5178 3118 5234 Tota
3149 5178 3383 5248 pulchra
3423 5194 3477 5234 es
3515 5183 3722 5242 amica,
3765 5185 3814 5235 et

455 5262 609 5320 Sicut
635 5260 706 5315 de
723 5260 891 5358 vidua
910 5260 1100 5358 scribit
1114 5259 1351 5358 l’aulus:
1573 5262 1632 5316 in
1649 5261 1856 5318 deliciis
1873 5268 2072 5332 vivens,
2093 5283 2154 5358 D
2174 5269 2389 5324 macula
2417 5271 2534 5324 ulla
2558 5285 2666 5324 non
2687 5273 2767 5326 est
2793 5273 2852 5326 in
2881 5274 2948 5326 te.

453 5356 670 5409 mortua
702 5354 796 5412 est.
827 5349 892 5404 Et
924 5349 1215 5404 Psalmista
1244 5349 1314 5404 de
1345 5349 1554 5406 talibus
1597 5367 1611 5405 :
1661 5354 1991 5409 Descendunt
2017 5359 2076 5412 in

450 5448 724 5514 infernum
743 5445 997 5498 viventes.
1015 5442 1080 5496 Hi
1096 5443 1234 5498 tales
1259 5459 1374 5499 non
1395 5443 1644 5501 offerunt
1658 5447 1986 5520 semetipsos
2000 5453 2080 5506 vi-

449 5557 575 5597 vam
598 5539 829 5594 hostiam
849 5537 975 5604 Deo,
993 5535 1272 5606 Sanctam,
1292 5537 1408 5592 Deo
1423 5539 1759 5610 placentem.
1773 5543 1926 5614 Cumj
1937 5543 2080 5599 dixit

452 5639 720 5699 sanctam,
752 5629 988 5701 subjecit
1017 5645 1030 5684 :
1061 5631 1166 5684 Deo
1184 5631 1520 5701 placentem;
1547 5633 1680 5705 quia
1705 5636 1870 5692 multi
1890 5637 2077 5694 viden-

451 5732 546 5785 tur
583 5725 912 5784 hominibus
938 5722 1135 5795 sancti,
1169 5723 1267 5778 sed
1294 5727 1425 5778 ante
1453 5725 1636 5781 Deum
1663 5731 1890 5800 reprobi
1914 5738 2073 5804 sunt;

450 5821 519 5880 de
539 5821 742 5896 quibus
767 5818 1042 5893 scriptum
1068 5821 1153 5877 est
1175 5833 1188 5876 :
1211 5817 1352 5876 Sunt
1379 5819 1480 5872 vise
1499 5834 1616 5888 quae
1635 5822 1888 5883 videntur
1906 5826 2072 5885 homi—

2247 5363 2323 5418 Ur
2357 5377 2614 5420 mons-ns
2645 5380 2767 5428 oms
2802 5381 2885 5421 srr
2913 5377 3192 5423 VOLUNTAS
3227 5364 3326 5422 Dm
3359 5382 3501 5424 BONA
3543 5383 3610 5424 nr
3647 5383 3806 5424 nexe-

2177 5472 2408 5514 rucsus
2445 5474 2509 5514 er
2548 5474 2836 5516 renrscu.
2877 5459 3144 5514 Voluntas
3187 5459 3287 5514 Dei
3330 5476 3459 5531 quae
3487 5460 3580 5528 sit,
3619 5461 3810 5516 nullus

2177 5551 2495 5622 approbare
2520 5557 2720 5624 potest,
2744 5552 2851 5607 nisi
2871 5552 3042 5608 fuerit
3065 5552 3403 5608 reformatus
3423 5553 3484 5608 in
3509 5559 3731 5622 mente,
3755 5560 3808 5608 et

2177 5660 2212 5698 θ,
2234 5647 2513 5702 vetustate
2539 5645 2669 5701 vita:
2692 5645 3020 5702 mundatus.
3051 5645 3211 5702 Sicut
3234 5647 3386 5702 enim
3407 5647 3615 5718 probat
3639 5649 3808 5704 homo

2175 5737 2387 5813 cibum,
2413 5745 2610 5797 utrum
2635 5740 2842 5798 salsum
2867 5756 2940 5796 an
2961 5739 3234 5797 insalsurn
3253 5739 3344 5816 sit,
3365 5739 3532 5800 dulce
3560 5758 3636 5799 an
3663 5758 3807 5799 ama-
