4054 6186
255 341 353 392 813

1492 350 1555 407 ΙΝ
1598 355 1740 409 CAP.
1786 356 1871 409 Xll
1905 357 1991 410 Al)
2030 356 2357 410 RUMANOS.

3501 362 3601 414 8M

250 461 402 512 rum,
439 446 685 501 calidum
728 467 802 504 an
825 450 1121 522 frigidum,
1158 454 1239 508 ita
1288 457 1464 511 tribus
1509 461 1875 529 qualitatibus
1897 467 2135 547 Arar/ii,
2178 470 2233 517 ut
2281 480 2371 529 ego
2428 465 2659 515 inserar.
2724 464 2859 516 Bene
2904 469 3129 533 prepter
3169 464 3599 519 incredulitatem

249 538 525 607 probatur
542 542 800 597 voluntas
826 546 943 599 Dei.
974 549 1085 601 Aut
1116 548 1270 601 enim
1301 549 1359 601 in
1386 552 1755 621 cogitatione,
1793 557 1871 609 lo-

247 632 498 700 cutione,
540 639 597 687 et
639 652 810 707 Opere
857 641 1267 709 approbamur,
1317 647 1417 697 aut
1456 647 1871 715 reprobamur;

246 725 381 794 quia
410 725 565 779 bona
589 732 674 781 est
693 731 953 785 voluntas
984 733 1084 787 Dei
1113 733 1172 790 in
1202 735 1572 807 cogitatione,
1606 740 1874 810 benepla-

243 815 357 869 cita
387 817 445 871 in
478 819 783 889 locutione,
820 826 1075 894 perfecta
1102 827 1158 879 in
1194 830 1550 898 operatione.
1586 834 1646 885 In
1679 833 1871 886 multis

238 909 469 965 videtur
483 914 745 969 voluntas
766 917 1045 986 Deibona,
1067 923 1119 972 et
1142 920 1501 993 beneplacita
1525 927 1581 977 et
1596 927 1870 995 perfecta,

241 1003 344 1056 sed
381 1021 496 1059 non
524 1009 609 1059 est
633 1008 787 1062 bona
816 1026 827 1063 :
855 1012 950 1080 qui
981 1012 1372 1068 demoliuntur
1400 1017 1573 1071 facies
1604 1035 1751 1087 suas,
1775 1019 1871 1089 qui

239 1097 692 1169 eleemosynam,
744 1104 1085 1172 orationem,
1128 1110 1184 1160 et
1219 1109 1413 1163 omnia
1455 1127 1581 1181 quae
1631 1112 1866 1181 faciunt,

238 1206 357 1243 non
392 1196 627 1262 propter
658 1196 989 1264 Dominum,
1023 1199 1121 1253 sed
1154 1206 1390 1271 propter
1425 1203 1649 1258 favores
1684 1206 1867 1259 homi-

235 1300 382 1336 num
412 1285 646 1340 faciunt.
683 1288 848 1351 Quod
874 1293 1178 1361 Apostolus
1204 1294 1451 1350 faciebat
1478 1298 1574 1367 qui
1608 1297 1865 1354 dicebat:

235 1376 301 1430 Si
325 1379 630 1432 hominibus
644 1383 862 1450 placere
881 1386 1088 1448 vellem,
1114 1389 1313 1443 Christi
1337 1404 1522 1443 servus
1545 1408 1654 1447 non
1684 1409 1864 1447 essem.

236 1469 353 1523 Sed
386 1470 445 1525 in
471 1472 579 1526 illis
601 1479 685 1527 est
709 1477 971 1531 voluntas
993 1478 1089 1533 Dei
1118 1480 1292 1549 bona,
1328 1486 1383 1535 et
1406 1483 1791 1555 beneplacens
1813 1490 1869 1540 et

233 1565 513 1632 perfecta,
568 1568 949 1641 quodcunque
994 1572 1230 1627 faciunt.
1274 1574 1430 1628 Sicut
1479 1577 1653 1645 enim,
1711 1579 1867 1633 verbi

235 1658 424 1727 gratia
479 1658 688 1728 dicam,
732 1680 979 1733 granum
1037 1666 1205 1721 tritici
1262 1668 1473 1723 cadens
1521 1671 1579 1724 in
1630 1676 1862 1741 terram,

231 1752 419 1821 surgit
438 1752 495 1806 in
525 1754 723 1823 herba,
749 1758 999 1812 elevatur
1018 1758 1075 1811 in
1100 1762 1340 1829 calamo,
1366 1764 1590 1818 acuitur
1610 1765 1666 1818 in
1689 1767 1862 1837 spica,

1974 560 2145 624 fracti
2168 562 2313 610 sunt.
2353 559 2431 609 Tu
2451 561 2629 609 autem
2652 557 2757 622 ﬁde
2783 562 2914 610 stas.
2948 558 3072 613 Noli
3098 560 3269 611 altum
3298 556 3476 629 [Cod.,
3505 576 3601 613 au—

1976 651 2097 719 tem]
2137 667 2343 719 sapere,
2383 652 2477 703 secl
2521 652 2661 703 time.
2712 652 2816 704 SED
2856 666 3056 705 SAPERE
3100 669 3167 706 AD
3215 668 3597 708 sosmsrsrsu.

1976 744 2283 809 Sobrietas,
2316 747 2379 797 ut
2408 760 2441 796 a
2466 742 2778 812 majoribus
2810 743 3071 811 traditur,
3105 762 3219 797 una
3252 749 3335 798 est
3367 763 3429 798 ex
3465 764 3603 816 qua-

1976 841 2105 891 tuor
2135 836 2435 890 virtutibus
2464 836 2892 906 principalibus,
2927 854 3052 907 quae
3101 841 3232 890 sunt
3272 840 3597 908 prudentia,

1972 931 2269 1000 fortitudo,
2298 929 2701 1001 temperantia,
2725 933 2896 1000 atque
2918 930 3158 1000 justitia.
3194 932 3600 1002 Temperantia

1972 1024 2093 1093 ipsa
2149 1029 2234 1078 est
2282 1028 2339 1077 et
2392 1024 2699 1090 sobrietas,
2742 1040 2865 1094 qum
2922 1041 3036 1078 non
3094 1025 3273 1078 solum
3316 1026 3593 1093 exterius,

1971 1121 2205 1188 propter
2235 1117 2374 1171 illud
2399 1134 2411 1171 :
2447 1118 2723 1172 Attendite
2750 1134 2815 1171 ne
2839 1122 3133 1184 graventur
3148 1120 3311 1172 corda
3333 1124 3509 1173 vestra
3540 1124 3597 1175 in

1970 1212 2198 1280 crapula
2234 1215 2283 1264 et
2319 1210 2593 1271 ebrietate,
2618 1210 2717 1263 sed
2748 1210 2985 1263 interius
3012 1210 3277 1264 habenda
3310 1216 3412 1265 est.
3446 1214 3593 1281 Ergo

1971 1320 2167 1375 sapere
2204 1304 2275 1357 ad
2312 1303 2706 1369 sobrietatem,
2744 1307 3061 1374 temperate
3099 1321 3320 1375 sapere.
3348 1305 3509 1360 Unde
3536 1310 3593 1358 et

1968 1398 2124 1451 idem
2153 1398 2331 1451 dicit:
2369 1400 2489 1453 Non
2532 1398 2646 1451 alta.
2687 1400 2977 1465 sapientes,
3018 1398 3110 1451 sed
3149 1399 3438 1453 humilibus
3475 1415 3594 1453 con-

1967 1494 2271 1545 sentientes.
2305 1492 2373 1544 Et
2404 1490 2514 1544 alia
2541 1490 2831 1560 Scriptura
2856 1506 2867 1543 :
2901 1490 3120 1545 Altiora
3148 1494 3279 1545 tene
3299 1494 3590 1561 quaesieris,

1968 1590 2019 1638 et
2044 1588 2278 1651 fortiora
2305 1590 2354 1639 te
2379 1601 2444 1639 ne
2470 1588 2742 1639 scrutatus
2766 1586 2957 1651 fueris.

2038 1774 2111 1827 ΕΤ
2151 1789 2440 1835 CNICUIQUE
2473 1787 2624 1827 SICUT
2673 1773 2818 1827 DEUS
2856 1787 3051 1827 DIVISIT
3098 1788 3385 1827 MENSURAM
3430 1790 3587 1829 FIDEI.

227 1842 309 1897 sic
343 1847 603 1901 voluntas
628 1849 748 1917 Dei,
782 1854 845 1903 ut
875 1851 1006 1905 dixi.
1035 1854 1306 1908 Voluntas
1328 1857 1427 1909 Dei
1450 1858 1602 1912 bona
1624 1859 1682 1912 in
1712 1861 1863 1931 cogi-
1883 1859 1939 1930 B
1966 1868 2332 1933 Subauditur,
2359 1866 2439 1920 ita
2460 1866 2660 1936 sapiat.
2694 1867 2761 1918 Et
2782 1870 2934 1919 recte
2965 1866 3118 1932 dicit,
3135 1884 3405 1921 mensura
3431 1868 3584 1933 ﬁdei,

228 1937 473 2007 talione,
516 1941 875 2012 beneplacita
924 1950 1007 2000 est
1053 1947 1109 1999 in
1159 1949 1464 2017 locutione,
1508 1954 1762 2021 perfecta
1804 1955 1862 2009 in

226 2033 591 2101 Operatione.
635 2036 776 2090 Hinc
823 2039 978 2093 enim
1021 2041 1290 2111 scriptum
1331 2048 1415 2097 est
1455 2062 1465 2097 :
1511 2048 1677 2102 Corde
1721 2050 1859 2102 enim

224 2125 473 2179 creditur
501 2129 575 2180 ad
585 2129 883 2196 justitiam,
913 2149 1002 2187 ore
1030 2139 1309 2203 conﬁtetur
1344 2138 1419 2191 ad
1457 2140 1705 2194 salutem.
1741 2141 1857 2194 Ali-

222 2221 351 2270 ter:
375 2220 635 2274 voluntas
656 2223 757 2275 Dei
778 2224 931 2279 bona
950 2227 1105 2280 estin
1128 2221 1471 2299 conjugatis,
1494 2232 1858 2303 beneplacita

220 2310 283 2363 in
321 2312 765 2383 continentibus,
802 2320 1057 2388 perfecta
1079 2321 1136 2373 in
1184 2321 1533 2393 virginibus;
1572 2327 1657 2379 vel
1704 2327 1857 2382 bona

220 2403 283 2456 in
320 2422 439 2475 spe,
471 2406 623 2461 bona
652 2410 899 2479 pleniter
931 2413 985 2465 in
1014 2414 1147 2481 ﬁde,
1179 2418 1437 2485 perfecta
1462 2418 1521 2470 in
1553 2420 1851 2475 charitate.

218 2497 291 2550 Et
324 2498 455 2552 ideo
487 2500 764 2556 admonet
790 2507 1080 2574 apostolus
1107 2510 1332 2575 Paulus,
1364 2515 1423 2563 ut
1450 2511 1505 2572 in
1539 2514 1699 2566 omni
1727 2517 1854 2568 actu

217 2594 445 2658 nostro,
487 2593 599 2648 sive
636 2597 946 2666 cogitandi,
1000 2600 1112 2653 sive
1143 2603 1437 2673 loquendi,
1481 2605 1594 2659 sive
1637 2607 1851 2677 aliquid

216 2685 496 2755 faciendi,
540 2688 676 2742 illud
708 2708 936 2762 semper
978 2697 1098 2748 tota
1140 2695 1461 2752 intentione
1504 2716 1848 2771 quaeramus,

213 2778 365 2848 quid
394 2780 510 2834 Deo
528 2782 801 2851 placitum
833 2785 918 2838 sit.

291 2873 433 2928 DICO
470 2891 597 2930 ENIM
626 2893 724 2931 PER
757 2895 1012 2947 GRATIAM,
1057 2898 1176 2944 QL'.'E
1212 2900 1345 2940 DATA
1388 2901 1479 2940 EST
1520 2903 1638 2941 MIHI
1687 2902 1848 2942 OMNI-

211 2981 322 3020 BUS
354 2984 446 3029 QUI
475 2984 607 3024 Sl'NT
637 2988 790 3026 INTER
820 2989 943 3040 VOS,
978 2992 1084 3030 NON
1109 2993 1238 3032 PLL'S
1269 2994 1470 3034 SAPERE
1503 2997 1651 3042 QUAM
1681 2996 1849 3036 OPOR-

207 3076 315 3113 TET
346 3076 564 3117 SAPERE.
602 3065 751 3120 More
782 3068 946 3121 solito
981 3071 1283 3139 Apostolus
1322 3090 1425 3143 per
1468 3074 1715 3143 gratiam
1744 3075 1848 3128 sibi

209 3152 415 3207 datam
435 3156 706 3227 loquitur,
738 3177 852 3215 non
883 3161 939 3215 in
967 3166 1234 3219 suasoriis
1260 3168 1527 3222 humanae
1556 3168 1847 3239 sapientiae

1963 1961 2095 2030 quia
2123 1963 2337 2030 quanto
2357 1959 2482 2029 quis
2499 1959 2674 2012 ﬁdem
2689 1960 2883 2025 habet,
2910 1962 3131 2013 tantum
3152 1959 3353 2029 accipit
3371 1960 3587 2013 donum

1961 2053 2141 2106 sancti
2170 2052 2429 2123 Spiritus.
2464 2053 2586 2105 Non
2616 2055 2897 2122 quantum
2925 2052 3042 2104 vult
3070 2052 3195 2121 quis
3227 2051 3449 2121 accipit,
3483 2070 3585 2105 nec

1963 2164 2107 2199 unus
2140 2146 2358 2208 omnia,
2385 2145 2483 2198 sed
2512 2145 2662 2198 inter
2680 2146 2898 2205 fomnes
2933 2161 2944 2197 :
2980 2145 3101 2197 Alii
3124 2146 3264 2197 enim
3303 2145 3467 2198 datur
3489 2162 3589 2215 per

1960 2240 2221 2309 Spiritum
2237 2256 2405 2292 sermo
2416 2239 2821 2308 sapientumalii
2830 2253 2997 2291 sermo
3019 2240 3269 2300 scientiae,
3295 2238 3583 2291 secundum

1960 2333 2199 2386 eumdem
2235 2332 2519 2401 Spiritum.
2566 2332 2821 2385 Div-idens
2856 2331 3085 2397 singulis
3116 2336 3283 2399 prout
3334 2331 3469 2383 vult.
3521 2332 3587 2383 Et

1958 2425 2198 2479 iterum:
2235 2427 2528 2493 Unicuique
2556 2425 2721 2478 datur
2740 2427 2795 2477 in
2812 2425 3249 2491 manifestatione
3268 2425 3492 2491 spiritus
3513 2423 3587 2475 ad

1957 2520 2265 2581 utilitatem,
2282 2519 2444 2588 juxta
2465 2518 2760 2588 propriam
2782 2516 3583 2586 scilicetcapacitatem,quan-

1956 2615 2075 2665 tum
2094 2613 2341 2665 humana
2364 2612 2639 2682 fragilitas
2656 2628 2863 2681 capere
2877 2613 3081 2680 potest.
3114 2608 3250 2662 Huic
3264 2608 3448 2662 simile
3464 2611 3547 2661 est
3570 2627 3581 2662 ε

1951 2707 2218 2761 Habentes
2258 2708 2573 2759 donationes
2599 2706 2892 2759 secundum
2927 2705 3163 2770 gratiam
3190 2719 3309 2771 qua:
3343 2703 3474 2755 data
3511 2708 3587 2756 est

1951 2801 2118 2866 vobis,
2151 2800 2476 2867 ili/ferentes.
2515 2798 2672 2853 SICUT
2711 2814 2837 2851 sum
2880 2813 2932 2851 1N
2976 2812 3077 2851 UNO
3128 2810 3372 2850 conpone
3408 2810 3583 2850 ΜΕΤΑ

1952 2909 2172 2947 MEMBRA
2210 2908 2479 2957 HABEMITS,
2526 2907 2695 2946 ΟΜΝΙΑ
2734 2906 2908 2945 AUTEM
2956 2904 3173 2943 MEMBRA
3227 2904 3333 2943 NON
3363 2904 3581 2943 EUMDEM

1951 3002 2127 3043 ACTUM
2155 3002 2380 3052 HABENT,
2414 3002 2507 3040 ITA'
2527 3001 2687 3039 MULTI
2716 3000 2865 3039 UNUM
2898 2998 3104 3038 CORPL'S
3137 2998 3312 3037 SUMUS
3336 2999 3386 3038 IN
3414 2984 3578 3037 CHRI~

1952 3096 2068 3135 STO.
2084 3080 2317 3151 Physice
2340 3078 2594 3149 loquitur
2620 3078 2909 3148 apostolus
2930 3077 3151 3143 Paulus,
3185 3075 3482 3146 disputans
3506 3076 3575 3129 de

1952 3174 2225 3227 membris
2245 3172 2570 3227 hominum.
2596 3170 2731 3235 Quis
2752 3170 2907 3223 enim
2926 3169 3187 3223 dubitare
3210 3173 3399 3239 potest
3425 3169 3577 3240 quod

206 3248 424 3315 "eI‘biS,
455 3268 569 3305 I10n
601 3269 705 3322 POI‘
732 3255 1174 3327 philosophiam,
1216 3278 1320 3313 nec
1358 3261 1593 3315 inanem
1622 3263 1845 3332 jactan-
1870 3234 1924 3306 ρ
1952 3268 2133 3321 multa
2147 3266 2627 3320 suntmcmbrain
2647 3263 3153 3335 corpore,sednon
3184 3279 3363 3316 unum
3388 3268 3578 3316 actum

205 3340 395 3407 tiam;
425 3344 523 3397 sed
546 3362 648 3414 per
664 3348 911 3417 gratiam
930 3350 1034 3403 sibi
1057 3352 1250 3406 datam
1270 3355 1541 3425 loquitur.
1577 3357 1673 3408 Est
1692 3356 1849 3408 enim

205 3436 399 3489 multa
420 3437 744 3495 differentia
768 3459 872 3513 per
888 3445 1134 3513 gratiam
1152 3446 1434 3517 loquentis
1457 3454 1513 3501 et
1534 3466 1634 3518 per
1648 3449 1843 3502 huma-

206 3544 351 3582 nam
370 3530 732 3599 jactantiam.
765 3536 920 3590 Multi
952 3538 1105 3592 enim
1136 3541 1456 3595 eluculento
1489 3559 1758 3597 sermone
1789 3545 1846 3596 et

203 3624 532 3693 composito
582 3628 894 3698 loquuntur
929 3631 1233 3704 rhetorice,
1265 3635 1365 3688 sed
1396 3636 1684 3690 auditores
1714 3653 1844 3690 suos

202 3733 329 3770 non
375 3718 685 3791 aediﬁcant;
721 3724 1015 3778 neminem
1050 3727 1203 3780 enim
1236 3720 1311 3781 ad
1336 3730 1841 3800 compunctionem

199 3815 452 3881 possunt
482 3812 740 3883 incitare,
767 3818 898 3887 quia
931 3820 1085 3889 quod
1108 3822 1294 3875 verbis
1323 3823 1538 3890 dicunt,
1575 3824 1843 3894 operibus

201 3904 535 3961 destruunt.
560 3908 625 3961 Hi
658 3911 798 3963 tales
827 3929 941 3965 non
966 3914 1277 3985 loquuntur
1296 3933 1399 3987 per
1429 3917 1839 3987 gratiam,qum

202 3997 349 4051 data
376 4003 460 4052 est
484 4002 678 4056 Paulo.
712 4004 779 4057 Et
806 4021 835 4058 e
863 4007 1103 4076 regione
1130 4014 1262 4062 sunt
1293 4010 1408 4077 alii,
1440 4011 1535 4080 qui
1567 4027 1683 4065 non
1714 4027 1836 4064 ma-

201 4108 326 4162 gna
348 4093 695 4164 eloquentia,
725 4098 825 4152 sed
855 4099 1189 4171 simpliciter
1214 4107 1434 4156 tantum
1454 4107 1512 4157 et
1543 4104 1836 4175 incompo-

201 4184 315 4238 site
344 4186 677 4257 loquuntur,
708 4195 963 4247 attamen
986 4195 1276 4251 auditores
1301 4214 1431 4252 suos
1453 4201 1508 4252 et
1530 4199 1740 4252 multos
1760 4199 1841 4253 in-

198 4277 468 4333 ﬁdelium
499 4289 906 4341 converterunt
942 4288 1130 4358 potius
1173 4291 1389 4345 bonum
1428 4292 1743 4362 Operando.
1772 4294 1840 4345 Et

197 4373 316 4426 hoc
345 4378 432 4426 est
450 4375 605 4447 loqui
626 4395 730 4448 per
749 4382 1015 4450 gratiam,
1041 4399 1165 4453 quae
1187 4384 1320 4438 data
1347 4389 1432 4438 est
1452 4387 1643 4439 Paulo.
1661 4385 1837 4440 Omni-

202 4467 305 4520 bus
326 4470 426 4535 qui
440 4475 564 4524 sunt
586 4472 724 4527 inter
742 4489 851 4543 vos,
869 4475 1079 4529 scilicet
1094 4478 1459 4548 presbyteris,
1479 4478 1831 4545 diaconibus,

1950 3360 2201 3414 habent?
2234 3360 2376 3422 Quia
2404 3376 2508 3411 nec
2536 3374 2742 3410 manus
2774 3356 3165 3425 loquitur,nec
3195 3372 3258 3407 os
3286 3357 3574 3424 operatur,

1948 3471 2054 3507 nec
2083 3453 2324 3506 audiunt
2355 3467 2543 3517 nares,
2570 3466 2673 3503 nec
2706 3449 3024 3503 odorantur
3050 3463 3243 3513 aures;
3290 3447 3391 3499 sed
3428 3446 3573 3500 oculi

1946 3547 2161 3612 vident,
2191 3562 2356 3598 aures
2383 3544 2643 3609 audiunt,
2678 3558 2739 3594 os
2769 3540 3041 3611 loquitur,
3071 3556 3240 3593 nares
3262 3539 3574 3593 odorantur

1948 3656 2153 3693 manus
2184 3638 2513 3708 operantur,
2541 3634 2718 3706 pedes
2746 3634 3099 3699 discurrunt;
3150 3636 3350 3686 tamen
3394 3650 3573 3687 unum

1945 3737 2029 3787 est
2058 3749 2279 3803 corpus,
2305 3734 2361 3784 et
2381 3729 2579 3783 omnia
2596 3728 2860 3782 membra
2882 3744 2940 3780 se
2964 3726 3245 3796 indigent.
3274 3728 3396 3780 Non
3418 3726 3569 3780 enim

1938 3831 2164 3897 possunt
2193 3840 2381 3879 manus
2408 3825 2581 3878 dicere
2610 3823 2833 3876 auribus
2861 3841 2876 3876 :
2912 3823 3033 3877 Non
3071 3822 3196 3873 estis
3224 3822 3358 3873 mihi
3395 3835 3569 3875 neces-

1941 3922 2104 3975 sariae
2142 3918 2319 3990 [Cod.,
2363 3915 2713 3988 necessarii];
2752 3932 2846 3970 nec
2885 3930 3041 3969 aures
3082 3914 3365 3967 manibus:
3395 3912 3567 3983 Opera

1941 4020 2119 4068 vestra
2144 4028 2249 4066 non
2274 4012 2598 4078 indigemus.
2623 4008 2735 4063 Sed
2747 4011 2796 4062 si
2822 4009 2954 4077 quid
2977 4008 3195 4076 patitur
3218 4022 3385 4060 unum
3412 4024 3566 4061 mem-

1943 4110 2114 4171 brum,
2156 4108 2558 4175 compatiuntur
2600 4105 2780 4157 omnia
2828 4102 3085 4163 membra,
3140 4100 3365 4153 dicente
3413 4102 3563 4170 Apo-

1941 4202 2111 4255 stolo:
2152 4202 2253 4256 Vos
2287 4202 2410 4253 estis
2436 4213 2626 4266 corpus
2649 4198 2867 4259 Christi,
2892 4200 2941 4249 et
2968 4196 3202 4248 membra
3225 4194 3289 4247 de
3322 4193 3569 4247 membris

1938 4298 2146 4349 vestris.
2179 4294 2291 4349 Sed
2324 4309 2510 4362 neque
2536 4290 2729 4345 omnia
2766 4288 3029 4343 membra
3065 4286 3331 4339 eumdem
3371 4288 3561 4339 actum

1938 4389 2173 4453 habent,
2208 4386 2342 4456 quia
2367 4386 2510 4439 alius
2538 4388 2622 4437 est
2648 4384 2703 4435 in
2748 4380 2996 4435 Ecclesia
3037 4379 3233 4433 oculus
3278 4378 3559 4445 videndo;

1937 4482 2077 4535 alius
2095 4496 2156 4534 os
2178 4479 2273 4549 qui
2293 4482 2443 4532 recte
2466 4476 2771 4547 praedicat;
2802 4474 2945 4527 alius
2958 4489 3163 4526 manus
3183 4472 3401 4525 bonum
3424 4488 3557 4542 ope-

198 4563 263 4613 et
298 4562 568 4617 omnibus
594 4566 691 4635 qui
713 4572 845 4621 sunt
874 4568 931 4621 in
962 4571 1217 4624 ecclesia.
1253 4571 1366 4626 Sed
1398 4571 1534 4642 quid
1559 4575 1643 4625 est
1678 4571 1832 4642 quod
1851 4596 1910 4667 D
1934 4574 2135 4641 rando,
2158 4576 2353 4626 tamen
2384 4588 2499 4625 non
2524 4572 2710 4640 potest
2736 4567 2879 4621 alius
2893 4566 3002 4619 alio
3032 4564 3135 4636 [Ita
3157 4565 3308 4635 Cod.]
3330 4565 3518 4619 dicere
3545 4583 3557 4620 :

200 4652 362 4721 dicit,
382 4672 485 4711 non
491 4658 619 4726 plus
638 4676 826 4730 sapere
841 4679 1002 4732 quam
1022 4670 1225 4733 oportet
1241 4681 1428 4735 sapere
1445 4670 1472 4719 ?
1493 4682 1621 4719 cum
1648 4667 1832 4720 nullus

197 4748 452 4817 pleniter
476 4753 672 4806 omnia
692 4755 870 4825 possit
891 4756 1053 4826 scire,
1085 4758 1220 4828 quia
1233 4776 1327 4812 nec
1348 4761 1533 4813 oculus
1553 4761 1712 4823 vidit,
1741 4777 1833 4814 nec

196 4844 357 4896 auris
380 4845 611 4908 audivit,
638 4855 846 4916 quanta
877 4856 926 4904 et
951 4852 1140 4919 qualia
1170 4856 1511 4922 praeparavit
1535 4856 1675 4908 Deus
1703 4854 1828 4907 dili-

195 4937 452 5005 gentibus
468 4954 541 4993 se.
564 4941 632 4993 Et
648 4940 856 4998 iterum
875 4961 887 4997 :
904 4945 1190 5000 Oaltitudo
1214 4947 1535 5001 divitiarum
1549 4949 1833 5017 sapientiae

196 5035 251 5084 et
278 5034 517 5086 scientiae
536 5036 665 5088 Dei!
693 5052 856 5105 quam
880 5040 1435 5109 incomprehensibilia
1465 5046 1592 5097 sunt
1613 5043 1831 5110 judicia

196 5125 341 5193 ejus,
362 5131 412 5180 et
428 5128 822 5197 investigabiles
833 5135 935 5186 via?
949 5134 1065 5202 ejus
1082 5136 1101 5188 !
1120 5137 1206 5189 Ea:
1223 5142 1385 5204 parte
1400 5139 1541 5190 enim
1556 5138 1826 5204 cognosci-

193 5234 340 5282 mus,
385 5224 437 5274 et
465 5212 533 5276 etc
554 5228 715 5293 parte
744 5228 1145 5296 prophetamus.
1186 5230 1253 5283 Et
1288 5229 1378 5283 hic
1418 5230 1593 5284 dicit:
1628 5246 1829 5284 omnes

195 5313 775 5383 schismatici,omnes
791 5321 1146 5392 superbi,qui
1164 5323 1315 5377 male
1332 5323 1402 5378 de
1420 5324 1535 5377 Deo
1550 5323 1825 5390 sentiunt;

196 5423 423 5476 omnes,
442 5410 538 5479 qui
560 5427 627 5465 ea
648 5411 859 5467 docent
879 5425 1005 5485 quae
1033 5432 1136 5470 nec
1158 5417 1435 5472 Dominus
1456 5435 1561 5472 nec
1583 5419 1827 5490 apostoli

195 5499 539 5571 docuerunt,
594 5505 654 5559 hi
692 5523 896 5561 omnes
939 5510 1066 5580 plus
1109 5510 1339 5581 sapiunt
1381 5529 1555 5583 quam
1601 5515 1829 5583 oportet

197 5612 421 5667 sapere.
468 5598 662 5653 Potest
692 5600 750 5654 in
785 5602 1054 5659 adversos
1079 5606 1354 5675 superbos
1383 5608 1694 5673 Romanos,
1728 5606 1827 5677 qui

194 5706 254 5743 se
286 5692 635 5750 extollebant
651 5695 919 5753 adversus
947 5699 1177 5768 olivam,
1214 5699 1418 5771 quibus
1446 5700 1604 5755 idem
1640 5701 1780 5756 dicit
1808 5718 1821 5756 :

193 5785 564 5856 Noligloriari
581 5789 840 5847 adversus
852 5809 1029 5850 ramos
1047 5813 1066 5863 ,-
1092 5795 1238 5867 quod
1254 5796 1302 5849 si
1320 5795 1594 5866 gloriaris,
1626 5812 1733 5851 non
1765 5801 1825 5853 tu

196 5880 434 5939 radicem
454 5888 707 5955 portans,
735 5886 831 5943 sed
857 5889 1023 5945 radiat:
1048 5894 1119 5946 te.
1149 5892 1291 5947 Dicit
1310 5905 1431 5961 ergo
1462 5908 1477 5945 :
1501 5892 1685 5947 Fracti
1699 5895 1826 5947 sunt

1933 4670 2056 4722 Non
2082 4671 2139 4720 te
2160 4664 2415 4735 indigeo,
2451 4662 2586 4733 quia
2623 4676 2824 4714 omnes
2875 4675 2978 4712 nos
3010 4657 3369 4729 indigemus;
3417 4658 3557 4712 sicut

1934 4760 2275 4834 praedicator
2295 4757 2534 4828 quilibet
2552 4772 2665 4809 non
2688 4756 2875 4824 potest
2899 4752 3086 4805 dicere
3113 4751 3406 4821 subjectis:
3434 4753 3556 4805 Non

1932 4872 2030 4909 vos
2061 4853 2313 4923 indigeo,
2348 4850 2481 4922 quia
2526 4864 2753 4903 necesse
2787 4847 2961 4901 habet
2996 4849 3257 4916 sumptus
3300 4844 3557 4915 accipere

1935 4952 1994 5003 ut
2022 4947 2210 5001 valeat
2248 4945 2491 5015 implere
2526 4942 2778 4997 ofﬁcium
2829 4939 2935 4993 sibi
2973 4938 3367 4993 commissum.
3412 4938 3559 4993 Dicit

1933 5042 2089 5096 enim
2124 5039 2412 5111 apostolus
2439 5037 2642 5093 Paulus
2671 5053 2683 5089 :
2708 5036 2768 5089 Si
2792 5050 2887 5088 nos
2925 5034 3073 5087 vobis
3115 5034 3429 5103 spiritualia
3476 5048 3554 5088 se-

1930 5138 2277 5197 minavimus,
2308 5148 2564 5201 magnum
2584 5135 2659 5185 est
2688 5132 2735 5183 si
2765 5128 3012 5182 carnalia
3037 5132 3215 5181 vestra
3244 5132 3503 5181 metamus
3531 5130 3558 5182 ?

1931 5232 2152 5287 SINGULI
2180 5244 2356 5285 AUTEM
2380 5242 2546 5282 mea
2566 5238 2822 5281 ALTERIL'S
2849 5236 3088 5287 MEHBRA,
3112 5220 3170 5274 id
3196 5224 3299 5288 est,
3320 5238 3428 5293 ego
3452 5221 3557 5276 tibi

1931 5342 2056 5379 sum
2086 5325 2300 5389 oculus,
2328 5321 2423 5375 ille
2450 5318 2592 5373 mihi
2622 5333 2742 5387 pes,
2772 5319 2834 5369 tu
2854 5314 2997 5369 mihi
3028 5331 3235 5369 manus
3267 5331 3279 5370 :
3307 5316 3386 5370 sic
3412 5316 3553 5370 invi—

1930 5436 2056 5475 cem
2087 5434 2264 5473 onera
2292 5418 2487 5469 nostra
2514 5418 2835 5483 portamus,
2872 5426 3053 5463 unum
3097 5426 3303 5482 corpus
3339 5427 3551 5471 sumus,

1929 5519 1987 5568 et
2026 5514 2171 5567 alter
2202 5508 2435 5565 alterius
2475 5505 2759 5573 membra,
2811 5504 3121 5575 implentes
3160 5504 3299 5559 illud
3331 5521 3343 5558 :
3400 5504 3555 5558 Alter

1928 5608 2152 5662 alterius
2181 5619 2345 5659 onera
2365 5605 2603 5672 portate,
2637 5605 2686 5655 et
2710 5602 2787 5653 sic
2813 5599 3179 5668 adimplebitis
3210 5600 3371 5663 legem
3398 5594 3549 5649 Chri-

1924 5705 2013 5757 sti.
2038 5702 2107 5754 Et
2135 5700 2243 5754 hoc
2267 5697 2328 5752 in
2346 5696 2567 5753 Christo
2594 5697 2745 5763 Jesu,
2776 5693 2911 5766 quia
2932 5692 2992 5747 in
3019 5692 3142 5763 ipso
3165 5688 3347 5756 nobis,
3371 5690 3429 5742 et
3447 5702 3551 5758 per

1925 5796 2113 5869 ipsum
2142 5791 2331 5849 omnis
2356 5789 2661 5848 tolerantia
2691 5788 2879 5854 datur,
2924 5788 2981 5840 et
3015 5782 3262 5849 dilectio,
3299 5784 3363 5835 ut
3407 5780 3548 5836 alte-

1925 5892 2149 5946 rutrum
2175 5886 2411 5943 sufferre
2444 5884 2746 5957 possimus.
