4054 6186
473 491 3771 523 Wﬁ-

2053 699 2247 824 IV.

471 925 686 990 Lactio
719 922 1022 1008 Epistolae
1064 923 1237 988 beati
1285 922 1467 1008 Pauli
1514 921 1791 1008 apostoli
1825 921 1904 984 ad
1935 921 2267 1008 Romanos
2313 925 2446 997 (xu,
2483 920 2557 1008 (ᾖ)⁸
2585 939 2599 980 :
2632 919 2917 1008 Erqtres,
2940 917 3258 1008 habentes
3288 914 3706 979 donationem
3733 935 3823 978 se-

1259 999 1888 1084 cundum—gratiam,
1915 1020 2060 1083 qua
2090 1001 2247 1064 data
2278 1007 2372 1062 est
2405 1000 2608 1076 vobis,
2649 999 3032 1078 differentes.

1698 1157 1972 1212 COMMEN
1977 1157 2112 1212 TUM
2163 1154 2581 1210 LUCULENTII.

540 1278 765 1332 Donum
797 1294 914 1331 non
946 1294 1009 1330 ex
1058 1281 1273 1344 nostro,
1320 1277 1418 1330 sed
1459 1293 1524 1330 ex
1569 1277 1838 1330 donantis
1879 1275 2094 1346 pendet
2113 1282 2316 1362 Atuas
2357 1277 2704 1330 aeternitates.
2745 1275 2848 1338 Qun
2905 1287 3258 1328 sxuoaurvn
3317 1287 3370 1326 1N
3433 1281 3814 1324 unonusno.

466 1371 720 1425 arbitrio.
756 1371 868 1425 Sed
903 1370 1246 1425 donationes
1267 1387 1395 1440 quae
1415 1370 1726 1436 donantur,
1760 1387 1902 1440 quas
1930 1370 1986 1423 in
2009 1387 2092 1423 se-

466 1463 772 1535 quentibus
800 1465 1104 1534 Apostolus
1129 1467 1501 1517 enumeratus
1532 1467 1636 1530 est,
1670 1463 1930 1534 superius
1956 1480 2086 1533 per-

465 1557 651 1610 tinent
695 1557 790 1610 ubi
833 1556 1050 1610 dixerat
1082 1573 1095 1610 :
1141 1559 1206 1610 In
1243 1573 1349 1610 uno
1393 1573 1612 1626 corpore
1645 1559 1816 1610 multa
1855 1557 2091 1610 membra

463 1650 752 1716 habemus;
773 1653 831 1702 et
850 1653 1000 1704 recte
1022 1650 1362 1704 donationes
1381 1653 1674 1715 vocantur,
1695 1649 1828 1720 quia
1846 1649 2092 1720 desuper

466 1743 676 1796 dantur
708 1759 721 1796 :
758 1742 920 1796 Omne
953 1745 1094 1796 enim
1120 1744 1309 1796 datum
1337 1746 1598 1812 optimum
1627 1748 1676 1796 et
1697 1759 1849 1796 omne
1889 1744 2089 1796 donum

458 1839 760 1905 perfectum
787 1836 851 1888 de
880 1852 1094 1890 sursum
1127 1842 1222 1890 est.
1262 1837 1329 1888 Et
1373 1836 1512 1889 illud
1541 1835 1703 1889 Pauli
1731 1853 1743 1890 :
1774 1837 1917 1901 Quid
1949 1839 2089 1890 enim

461 1930 622 1982 habes
648 1929 792 1998 quod
805 1945 909 1983 non
923 1931 1196 1999 accepisti,
1216 1933 1326 1983 etsi
1350 1931 1624 2001 accepisti,
1657 1930 1792 1998 quid
1811 1931 2085 1996 gloria-ris,

462 2025 623 2091 quasi
642 2039 748 2076 non
770 2027 1036 2093 acceperis
1053 2027 1081 2076 ?
1105 2025 1171 2076 Et
1192 2027 1345 2076 recte
1359 2023 1495 2076 dicit
1518 2041 1530 2077 :
1558 2039 1836 2078 seorsum!
1853 2039 2087 2078 GRATIAM

460 2131 579 2178 QL’Ji
627 2133 763 2172 DATA
813 2133 905 2171 esr
947 2133 1124 2182 VOBIS,
1175 2133 1566 2182 DlFFEBENTES;
1619 2117 1752 2187 quia
1806 2121 2086 2186 quantum

458 2209 644 2280 gratia
659 2209 1093 2279 sanctiSpiritus
1111 2209 1326 2275 tribuit,
1355 2213 1580 2263 tantum
1595 2210 1720 2279 quis
1744 2211 1985 2280 accepit,
2011 2210 2085 2263 si-

459 2306 553 2355 cut
566 2302 823 2372 superius
845 2303 1066 2356 dixerat
1088 2320 1100 2356 :
1127 2306 1422 2372 Unicuique
1434 2307 1572 2357 sicut
1589 2306 1726 2357 Deus
1745 2305 1930 2358 divisit
1947 2321 2090 2357 men-

457 2410 641 2449 suram
669 2397 815 2464 ﬁdei.
845 2397 967 2450 Non
1001 2396 1157 2450 enim
1181 2397 1422 2467 quilibet
1452 2397 1560 2450 hoc
1608 2400 1707 2449 aut
1746 2397 1883 2450 illud
1933 2396 2086 2467 quod

459 2489 577 2541 vult
607 2488 828 2558 accipit,
864 2489 962 2542 sed
985 2490 1170 2559 gratia
1191 2491 1370 2543 sancti
1402 2489 1642 2560 Spiritus
1674 2490 1750 2543 illi
1779 2489 1972 2560 largiri
2001 2490 2083 2542 di-

458 2585 686 2652 gnatur.
721 2584 788 2635 Et
816 2583 963 2638 bene
995 2583 1346 2649 differentes,
1377 2583 1510 2654 quia
1543 2584 1733 2637 differt
1765 2601 1877 2636 una
1906 2583 2082 2638 dona-

2191 1372 2345 1422 Inter
2383 1369 2587 1422 docere
2636 1371 2694 1420 et
2735 1367 3022 1422 exhortari
3065 1367 3170 1420 hoc
3202 1365 3438 1419 interest
3468 1381 3481 1417 :
3517 1362 3710 1432 major
3739 1365 3826 1414 est

2192 1462 2289 1533 qui
2311 1462 2477 1515 docet
2506 1478 2680 1531 quam
2717 1461 2814 1530 qui
2845 1461 3212 1524 exhortatur;
3243 1459 3451 1513 docere
3483 1473 3598 1509 non
3633 1457 3825 1525 potest

2192 1555 2298 1609 nisi
2330 1555 2401 1608 sit
2427 1555 2645 1620 doctus,
2673 1554 2809 1624 quia
2840 1554 2935 1624 qui
2960 1570 3076 1608 non
3105 1552 3281 1606 fuerit
3325 1550 3633 1620 discipulus
3673 1547 3820 1600 veri-

2191 1649 2340 1715 tatis,
2371 1647 2479 1701 erit
2505 1646 2783 1717 magister
2821 1647 3048 1700 erroris.
3094 1645 3390 1699 Exhortari
3433 1659 3569 1696 vero
3617 1657 3824 1695 omnes

2191 1758 2486 1813 possumus
2511 1741 2685 1794 dante
2713 1743 2852 1807 Deo,
2882 1740 3210 1810 quibonum
3239 1741 3527 1808 operatur,
3561 1738 3620 1788 et
3648 1737 3821 1788 caete-

2189 1851 2282 1889 ros
2313 1835 2384 1887 ad
2414 1833 2809 1905 peragendum
2841 1833 3118 1886 hortatur.
3165 1831 3304 1885 Hinc
3343 1830 3647 1900 Apostolus
3686 1825 3824 1880 dicit

2188 1929 2261 1982 ad
2292 1929 2516 1982 Titum:
2547 1930 2673 1982 Hac
2705 1929 2916 1996 loquere
2940 1932 2990 1980 et
3018 1927 3318 1981 exhortare.
3353 1925 3420 1977 Et
3450 1922 3730 1976 Dominus
3759 1920 3820 1973 in

2187 2022 2496 2092 Evangelio
2531 2038 2544 2074 :
2569 2022 2656 2075 Sic
2688 2023 2863 2075 luceat
2895 2022 2990 2074 tua:
3017 2025 3197 2074 vestra
3227 2035 3404 2073 coram
3430 2015 3739 2070 hominibus
3762 2020 3820 2067 ut

2186 2116 2406 2169 videant
2434 2131 2595 2184 opera
2620 2121 2798 2168 vestra
2836 2115 2994 2177 bona,
3039 2119 3090 2168 et
3139 2115 3437 2182 gloriﬁcent
3476 2114 3700 2167 Patrem
3739 2125 3822 2162 ve-

2186 2215 2358 2263 strum
2384 2212 2480 2278 qui
2508 2211 2566 2262 in
2595 2210 2737 2262 ccelis
2764 2214 2862 2262 est.

2259 2303 2363 2367 0ιί
2393 2319 2604 2358 TRIBUIT
2636 2320 2689 2357 IN
2721 2318 3110 2357 smeucrmre.
3144 2299 3223 2354 De
3245 2296 3720 2369 eleemosynariis
3741 2295 3824 2350 di-

2188 2397 2282 2464 cit,
2313 2397 2410 2467 qui
2452 2397 2754 2466 egentibus
2795 2396 3113 2449 necessaria
3152 2394 3430 2464 praebent.
3475 2393 3720 2462 Propter
3756 2392 3820 2444 il-

2187 2491 2286 2543 lud
2319 2507 2331 2544 :
2365 2491 2494 2544 Cum
2513 2491 2712 2543 videris
2731 2491 2958 2551 nudum,
2988 2491 3137 2558 operi
3162 2505 3300 2549 eum,
3337 2491 3386 2540 et
3415 2501 3632 2540 carnem
3664 2491 3816 2537 tuam

2186 2599 2251 2636 ne
2298 2585 2620 2652 despexeris.
2659 2583 2822 2646 Quod
2849 2583 2944 2652 qui
2972 2582 3125 2648 facit,
3159 2597 3288 2635 cum
3325 2578 3692 2649 simplicitate
3728 2578 3824 2630 de-

455 2675 536 2729 tio
567 2676 637 2728 ab
668 2676 797 2730 alia.
831 2677 950 2745 Ego
983 2675 1137 2730 enim
1167 2677 1352 2730 habeo
1383 2678 1532 2747 quod
1565 2677 1708 2730 alius
1740 2694 1854 2730 non
1890 2677 2081 2738 habet,
2105 2662 2160 2732 B
2185 2677 2280 2730 bet
2311 2677 2517 2742 facere,
2551 2694 2666 2730 non
2700 2693 2830 2729 cum
2867 2675 3122 2745 irrugata
3153 2675 3319 2728 facie.
3370 2674 3616 2728 Hilarem
3662 2673 3820 2724 enim

408 2797 414 2803 ·
457 2772 513 2822 et
545 2772 604 2822 tu
636 2769 814 2822 habes
835 2770 989 2839 quod
1011 2787 1120 2838 ego
1147 2787 1336 2836 careo,
1371 2774 1428 2823 et
1449 2770 1540 2822 ille
1567 2770 1711 2823 alius
1743 2770 2083 2840 habetquod

457 2880 561 2916 nec
596 2879 703 2931 ego
737 2880 841 2916 nec
873 2867 930 2916 tu
972 2863 1272 2916 habemus.
1316 2863 1405 2918 Sic
1455 2863 1646 2917 differt
1697 2881 1811 2917 una
1857 2864 1927 2916 ab
1973 2863 2084 2917 alia

457 2956 788 3010 donatione.
823 2958 943 3009 Alii
980 2958 1148 3010 datur
1167 2974 1268 3024 per
1291 2959 1558 3026 Spiritum
1583 2973 1752 3010 sermo
1783 2960 2081 3026 sapientiai,

455 3048 557 3101 alii
591 3064 758 3101 sermo
796 3051 1046 3102 scientiae.
1092 3050 1286 3102 Nullus
1337 3051 1532 3103 omnia
1582 3050 1756 3103 habet
1805 3050 1912 3102 nisi
1959 3050 2081 3120 ipse

457 3141 626 3206 solus,
681 3157 849 3210 super
896 3158 1068 3210 quem
1104 3142 1452 3212 septiformis
1491 3143 1732 3213 Spiritus
1781 3143 2080 3213 requievit,

455 3234 547 3288 cui
579 3249 695 3288 non
717 3233 791 3288 ad
823 3251 1150 3288 mensuram
1174 3235 1272 3288 dat
1303 3236 1450 3288 Deus
1476 3236 1769 3306 Spiritum.
1799 3240 2080 3292 Caeterum

453 3326 654 3382 fideles
680 3327 831 3381 inter
861 3343 1064 3381 omnes
1097 3328 1310 3381 habent
1331 3329 1545 3383 omnia.

523 3421 650 3477 SIVE
696 3437 1000 3476 PROPHETIA
1046 3437 1330 3476 SECUNDUM
1362 3439 1632 3478 RATIONEM
1659 3441 1818 3479 FIDEI.
1844 3427 1970 3480 Jam
2003 3425 2082 3479 in—

453 3513 590 3587 cipit
619 3532 960 3569 enumerare
989 3515 1331 3570 donationes
1373 3534 1500 3587 quae
1551 3517 1682 3584 sint,
1734 3519 1918 3588 primo
1957 3520 2080 3573 loco

453 3625 675 3680 ponens
701 3609 1086 3680 prephetiam.
1120 3610 1426 3680 Prophetia
1459 3611 1666 3664 dicitur
1697 3629 1822 3681 quae
1866 3629 1980 3666 non
2021 3613 2080 3666 in

455 3703 722 3772 prtesenti
749 3702 990 3768 videtur,
1017 3703 1115 3755 sed
1148 3703 1205 3756 in
1239 3705 1430 3757 futuro
1469 3704 1780 3774 protendit.
1829 3706 1895 3758 Et
1933 3705 2080 3760 bene

457 3793 612 3861 dixit,
642 3796 929 3848 secundum
959 3799 1222 3850 rationem
1247 3798 1393 3864 ﬁdei,
1423 3797 1555 3866 quia
1583 3797 1724 3850 fides
1757 3798 1908 3852 illam
1955 3817 2082 3869 pro-

454 3887 684 3940 meruit.
714 3888 856 3941 Nam
889 3889 973 3940 lex
997 3890 1079 3940 vel
1105 3889 1407 3958 prophetia
1435 3891 1750 3944 secundum
1781 3891 1956 3945 fidem
1987 3893 2082 3946 da-

457 3982 567 4044 tur,
605 3980 738 4049 quia
769 3985 1048 4049 quantum
1071 3981 1196 4050 quis
1217 3982 1601 4048 habetfidem,
1625 3987 1849 4037 tantum
1877 3986 2081 4056 accipit.

455 4090 488 4127 a
519 4073 783 4136 Domino,
817 4074 1038 4128 Christo
1073 4074 1333 4128 dicente:
1371 4076 1520 4129 Sicut
1545 4079 1846 4136 credidisti.
1880 4083 1977 4147 ﬁat
2009 4083 2078 4133 ti-

456 4167 524 4221 bi.
556 4168 656 4222 Et:
689 4167 751 4221 Si
778 4168 904 4220 bene
934 4168 1232 4221 habueritis
1274 4169 1431 4236 ﬁdem
1473 4175 1534 4222 ut
1574 4187 1807 4237 granum
1850 4175 2080 4241 sinapis,

452 4261 698 4315 diceretis
724 4261 848 4314 huic
874 4263 1068 4314 monti:
1098 4262 1300 4314 Tollere
1321 4267 1370 4314 et
1397 4265 1604 4316 mittere
1635 4266 1690 4317 in
1714 4267 1875 4324 mari,
1909 4267 2084 4318 obedi-

451 4361 533 4409 ret
562 4356 730 4408 vobis.
754 4355 822 4408 Et
847 4355 904 4408 in
927 4355 1112 4408 Veteri
1133 4355 1496 4410 Testamento
1525 4357 1768 4426 legimus
1799 4359 2081 4428 quosdam

453 4465 556 4520 per
587 4449 759 4502 fidem
795 4450 907 4502 Deo
948 4449 1260 4519 placuisse;
1312 4449 1454 4502 sicut
1501 4451 1810 4517 Abraham,
1853 4452 1923 4505 de
1968 4470 2080 4523 quo

453 4543 726 4613 scriptum
758 4546 878 4596 est:
913 4543 1153 4599 Credidit
1179 4542 1460 4596 Abraham
1494 4546 1616 4606 Deo,
1647 4549 1698 4598 et
1724 4549 1974 4614 putatum
2005 4551 2084 4599 est

452 4637 540 4690 illi
576 4637 649 4690 ad
677 4637 976 4704 justitiam.
1021 4635 1134 4690 Sed
1166 4636 1352 4704 magis
1383 4636 1440 4689 in
1475 4638 1648 4691 Novo:
1681 4639 1805 4693 SlVl-l
1839 4656 2076 4694 MINISTE-

455 4745 586 4786 RIUM
629 4729 804 4800 [Cod.,
843 4726 1241 4798 mysteriuml;
1287 4746 1340 4784 IN
1373 4746 1754 4786 mmsmsuno.
1797 4733 1873 4786 De
1910 4733 2079 4786 miniv

455 4825 584 4878 stris
621 4821 882 4878 Ecclesiae
913 4821 1068 4885 dicit,
1111 4821 1695 4891 scilicetdiaconibus,
1725 4825 2082 4880 subdiaconi-

453 4919 582 4985 bus,‘
603 4921 661 4971 et
691 4915 910 4971 caeteris
937 4914 1253 4983 ordinibus,
1289 4932 1415 4986 quae
1443 4917 1538 4987 qui
1579 4919 1800 4988 accipit,
1834 4919 2082 4974 fideliter

456 5016 514 5064 et
543 5011 777 5066 sollicite
801 5025 1067 5063 exercere
1087 5009 1277 5075 debet,
1300 5015 1536 5079 propter
1565 5010 1702 5064 illud
1725 5029 1736 5066 :
1765 5013 1892 5078 Quis
1915 5019 2080 5083 putas

455 5109 533 5158 est
559 5105 732 5173 ﬁdelis
761 5105 1098 5173 dispensator
1121 5109 1172 5157 et
1189 5103 1454 5173 prudens,
1487 5120 1644 5173 quem
1681 5109 1955 5160 constituit
1979 5110 2080 5161 Do-

453 5199 633 5252 minus
664 5213 794 5252 suus
825 5213 986 5266 super
1024 5199 1297 5265 familiam
1325 5200 1521 5251 suam?
1555 5199 1624 5251 Et
1661 5199 1707 5252 si
1750 5199 1874 5269 quis
1905 5201 2074 5254 mini-

455 5294 616 5357 strat,
645 5293 920 5360 tanquam
953 5307 1018 5344 ex
1050 5291 1254 5346 virtute
1286 5307 1460 5362 quam
1502 5291 1867 5346 administrat
1907 5295 2073 5348 Deus.

2183 2770 2426 2823 datorem
2457 2770 2638 2836 diligit
2669 2771 2838 2831 Deus;
2885 2771 2940 2821 et
2978 2769 3024 2821 si
3055 2769 3298 2821 hilarem
3345 2765 3554 2834 diligit,
3595 2764 3822 2817 tristem

2185 2862 2305 2916 sine
2338 2862 2510 2916 dubio
2543 2862 2683 2916 odit.
2719 2863 2785 2915 Et
2812 2861 2947 2915 alibi
2976 2879 2988 2915 :
3019 2864 3082 2916 In
3110 2863 3256 2914 omni
3290 2861 3416 2913 dato
3457 2860 3694 2912 hilarem
3733 2861 3824 2922 fac

2181 2957 2391 3010 vultum
2424 2962 2594 3010 tuum.
2622 2956 2720 3008 Vel
2752 2972 2880 3009 cum
2904 2955 3267 3025 simplicitate
3291 2953 3443 3018 facit,
3478 2969 3553 3005 ne
3581 2949 3822 3005 laudem

2184 3052 2444 3119 captetur
2473 3049 2542 3102 ab
2565 3048 2915 3102 hominibus.
2950 3050 3018 3102 Et
3041 3051 3277 3118 prOpter
3306 3045 3477 3100 illud:
3517 3045 3654 3100 Cum
3681 3047 3824 3112 facis

2182 3144 2557 3210 elemosynam,
2581 3145 2785 3196 nesciat
2809 3145 3031 3196 sinistra
3063 3147 3176 3195 tua.
3197 3142 3300 3205 QL‘I
3338 3154 3553 3194 enassr
3601 3155 3656 3193 IS
3700 3154 3822 3193 SOL-

2184 3251 2504 3291 ucn‘rmxe.
2539 3237 2616 3289 De
2647 3235 2733 3289 his
2761 3235 2913 3302 dicit,
2941 3235 3036 3306 qui
3059 3239 3312 3306 prtesunt
3337 3233 3392 3286 in
3418 3233 3689 3298 Ecclesia,
3722 3231 3820 3302 qui

2183 3329 2370 3382 locum
2397 3329 2711 3399 magisterii
2734 3329 3041 3399 accipiunt,
3067 3327 3344 3382 admonet
3367 3329 3424 3380 ut
3448 3325 3677 3380 solliciti
3705 3327 3816 3379 sint

2183 3439 2354 3492 supra
2385 3438 2622 3491 gregem
2656 3421 2761 3475 sibi
2793 3421 3188 3486 commissum,
3219 3438 3290 3474 ne
3322 3419 3528 3490 aliquis
3575 3422 3816 3490 propter

2184 3515 2306 3585 ejus
2331 3515 2598 3569 inertiam
2630 3518 2847 3586 pereat,
2882 3519 2939 3568 et
2967 3515 3187 3568 dicatur
3217 3513 3267 3568 ei
3294 3531 3306 3567 :
3339 3514 3672 3580 Sanguinem
3697 3512 3814 3579 ejus

2183 3609 2248 3662 de
2271 3625 2439 3662 manu
2470 3615 2564 3663 tua
2584 3611 2876 3678 requiram.
2908 3608 3060 3672 Quos
3091 3607 3245 3661 idem
3275 3606 3556 3662 admonet
3582 3607 3812 3660 dicens:

2181 3703 2461 3756 Attcndite
2489 3704 2636 3756 vobis
2658 3708 2708 3756 et
2735 3705 2982 3756 universo
3011 3704 3179 3769 gregi.
3209 3702 3274 3754 Et
3310 3701 3522 3754 iterum
3561 3717 3574 3754 :
3613 3701 3818 3754 Pascite

2181 3799 2279 3865 qui
2302 3799 2361 3849 in
2382 3797 2528 3850 vobis
2553 3802 2630 3850 est
2650 3812 2859 3864 gregem
2889 3798 3000 3850 Dei.
3025 3796 3126 3859 Qu
3160 3810 3477 3861 msenercn,
3515 3811 3571 3850 IN
3601 3810 3812 3849 mum-

2180 3906 2312 3944 τηε
2352 3890 2539 3943 facere
2578 3890 2769 3958 debet,
2815 3889 2977 3959 juxta
3023 3890 3322 3960 pra-tatam
3367 3889 3682 3942 rationem.
3717 3888 3814 3941 γει

2181 3983 2278 4053 qui
2310 3981 2584 4037 nescienti
2611 3983 2829 4037 litteras
2855 3983 3078 4048 imbuit,
3123 4000 3250 4036 cum
3291 3982 3581 4036 hilaritate
3620 3983 3813 4036 facere

2183 4077 2374 4140 debet,
2409 4077 2551 4130 sicut
2581 4077 2796 4130 dictum
2843 4080 2966 4130 est:
3013 4079 3077 4130 In
3107 4079 3253 4130 omni
3290 4077 3416 4129 dato
3453 4077 3690 4130 hilarem
3727 4080 3815 4142 fac

2182 4171 2391 4224 vultum
2415 4176 2585 4223 tuum.
2617 4171 2869 4224 Ιὶιιιιεετιο
2904 4186 3023 4226 sm;
3044 4185 3416 4225 SlMl'LATlONE.
3453 4169 3702 4239 Fingere
3725 4187 3814 4224 re-

2183 4263 2494 4334 proborum
2526 4267 2629 4329 est,
2659 4263 2757 4333 qui
2785 4263 2990 4316 timent
3034 4281 3104 4317 ne
3155 4263 3500 4345 pupiantur;
3545 4263 3813 4333 diligere,

2183 4357 2450 4420 filiorum,
2483 4361 2540 4409 et
2569 4356 2696 4409 ideo
2725 4357 2880 4410 nulla
2905 4357 3098 4411 finctio
3123 4357 3293 4410 debet
3319 4373 3439 4410 esse
3462 4356 3522 4409 in
3544 4357 3816 4412 Christia-

2184 4467 2277 4504 no.
2305 4450 2460 4504 Multi
2481 4449 2747 4503 videntur
2773 4450 3012 4521 diligere
3035 4451 3191 4516 foris,
3216 4450 3454 4504 interius
3477 4451 3812 4506 machinan-

2183 4547 2275 4596 tur
2293 4544 2544 4598 malum:
2579 4561 2826 4614 quorum
2861 4548 3060 4616 typum
3083 4544 3224 4598 Joab
3247 4543 3448 4610 tenuit,
3479 4545 3578 4614 qui
3612 4549 3813 4600 tenens

2183 4654 2360 4691 manu
2389 4655 2490 4691 sua
2515 4641 2775 4691 mentum
2797 4641 3042 4705 Amasm,
3071 4637 3265 4691 deﬁxit
3291 4638 3554 4708 gladium
3588 4639 3648 4694 in
3683 4657 3813 4694 ven-

2181 4736 2327 4784 trem
2361 4731 2500 4800 ejus.
2544 4732 2622 4784 De
2675 4731 2882 4785 talibus
2919 4731 3190 4802 scriptum
3229 4735 3314 4786 est
3341 4749 3353 4786 :
3383 4732 3692 4788 Simulator
3731 4750 3812 4789 ore

2180 4825 2379 4894 decipit
2397 4827 2630 4878 amicum
2646 4840 2821 4879 suum.
2853 4826 2920 4879 Et
2947 4825 3246 4879 Psalmista
3270 4842 3282 4880 :
3313 4827 3472 4880 Vana
3500 4827 3676 4880 locuti
3692 4833 3810 4881 sunt

2180 4920 2547 4987 unusquisque
2566 4920 2640 4972 ad
2658 4919 2965 4988 proximum
2993 4935 3170 4974 suum.
3203 4919 3270 4972 Et
3298 4919 3510 4973 iterum
3549 4938 3561 4974 :
3597 4917 3705 4986 Qui
3734 4921 3804 4974 lo-

2179 5017 2424 5080 quuntur
2442 5029 2633 5082 pacem
2667 5029 2786 5067 cum
2805 5016 3056 5083 proximo
3083 5029 3200 5075 suo,
3227 5014 3374 5067 mala
3395 5019 3579 5068 autem
3605 5018 3806 5068 suntin

2177 5105 2427 5159 cordibus
2451 5122 2650 5160 eorum.
2683 5107 2795 5160 Sed
2829 5106 2931 5160 viri
2962 5105 3267 5161 Christiani
3293 5106 3625 5174 dilectione,
3672 5107 3808 5163 sicut

2179 5198 2313 5265 dixi,
2342 5215 2458 5253 non
2477 5199 2743 5253 simulata
2769 5199 2982 5254 debent
3013 5217 3155 5265 esse,
3182 5199 3281 5254 sed
3302 5217 3432 5254 cum
3457 5201 3806 5257 exhibitione

2179 5292 2386 5366 operis,
2420 5299 2655 5364 propter
2683 5293 2822 5348 illud
2851 5310 2864 5348 ε
2897 5294 3000 5360 Qui
3023 5295 3222 5348 viderit
3245 5297 3474 5363 fratrem
3519 5312 3682 5351 suum
3717 5315 3801 5350 nr-

453 5385 584 5442 SW8
617 5399 707 5447 QUI
739 5397 908 5438 DOCET
940 5400 990 5438 ιη
1023 5400 1309 5440 pommus.
1344 5386 1422 5439 De
1455 5385 1784 5440 doctoribus
1811 5388 2074 5442 Ecclesia:
2094 5399 2153 5470 D
2175 5389 2473 5442 cessitatem
2490 5390 2805 5458 patientem,
2835 5392 2886 5443 et
2929 5389 3189 5444 clauserit
3223 5392 3428 5444 viscera
3467 5405 3572 5445 sua
3619 5390 3690 5444 ab
3727 5407 3802 5452 eo,

453 5480 608 5546 dicit,
649 5476 745 5551 qui
773 5474 1154 5530 ministerium
1181 5478 1602 5548 praedicationis
1633 5484 1978 5551 acceperunt
2005 5482 2068 5535 ﬁ-

452 5576 610 5632 deles
635 5571 801 5636 servi,
855 5575 912 5624 et
949 5585 1063 5623 non
1109 5571 1468 5626 abscondunt
1515 5574 1670 5646 quod
1707 5579 2068 5646 acceperunt.

450 5669 737 5740 Scriptum
771 5667 857 5718 est
890 5663 1082 5718 enim:
1113 5665 1394 5732 Sapientia
1421 5667 1758 5730 abscondita,
1791 5674 1840 5723 et
1865 5671 2074 5724 thesau-

446 5778 544 5818 rus
587 5763 816 5822 invisus,
849 5774 969 5829 quae
997 5759 1209 5812 utilitas
1239 5759 1298 5810 in
1333 5761 1575 5828 utrisque
1595 5764 1623 5814 ξ)
1665 5763 1730 5814 Et
1763 5763 1960 5816 Daniel
1995 5763 2074 5818 di-

451 5855 567 5908 cit:
609 5855 760 5910 Docti
785 5853 1074 5920 fulgebunt
1117 5854 1176 5904 ut
1214 5850 1470 5920 Splendor
1508 5855 1860 5921 ﬁrmamenti;
1898 5860 1948 5908 et
1979 5859 2078 5925 qui

450 5947 808 6016 adjustitiam
839 5947 1096 6000 erudiunt
1116 5945 1402 6019 pluruma,
1437 5945 1572 5994 sicut
1604 5946 1768 5996 stellae
1795 5949 1850 5999 in
1878 5964 2069 6020 perpe-

2174 5481 2435 5551 quomodo
2455 5482 2694 5536 Charitas
2718 5484 2815 5537 Dei
2838 5487 3022 5537 manet
3046 5485 3105 5536 in
3126 5499 3184 5538 eo
3204 5486 3232 5536 ?

2243 5576 2513 5631 Omsures
2591 5591 2812 5643 unum,
2887 5592 3245 5633 ADEJBRBNTES
3313 5593 3478 5634 nexo.
3555 5579 3804 5635 Odientes

2172 5670 2396 5732 malum,
2429 5667 2488 5722 id
2519 5671 2605 5723 est
2631 5669 2944 5738 diabolum,
2981 5670 3051 5724 de
3093 5688 3206 5742 quo
3251 5671 3532 5726 Dominus
3572 5672 3710 5728 dicit
3745 5673 3799 5727 in

2173 5762 2482 5834 Evangelio
2515 5779 2528 5816 :
2560 5765 2742 5818 Malus
2770 5765 2922 5819 homo
2960 5768 3410 5834 superseminavit
3442 5769 3710 5822 zizaniam
3745 5769 3798 5820 in

2173 5857 2346 5910 medio
2383 5859 2569 5920 tritici,
2611 5863 2660 5912 et
2689 5859 2847 5923 abiit,
2875 5862 3089 5914 etvenit
3113 5859 3310 5924 malus,
3344 5865 3395 5914 et
3426 5866 3633 5931 rapuit.
3681 5859 3793 5916 Ad-

2175 5950 2430 6005 haerentes
2458 5949 2609 6016 bono,
2643 5949 2700 6006 id
2739 5955 2824 6007 est
2869 5952 3113 6024 Christo,
3167 5952 3422 6010 dicentes
3467 5963 3599 6010 eum
3643 5953 3790 6012 Psal-
