4054 6186
272 271 368 338 817

1501 271 1570 334 IN
1607 277 1752 338 CAP.
1788 277 1880 338 XII
1915 275 2006 336 AD
2045 271 2374 337 ROMANOS.

3502 255 3604 340 6ιὲ

269 385 425 445 mista
451 399 466 442 :
495 377 632 444 Mihi
657 382 836 442 autem
865 377 1138 443 adhaerere
1174 386 1279 444 Deo
1305 382 1499 442 bonum
1525 392 1620 441 est.
1649 387 1825 442 Aliter
1856 405 1870 443 :
1896 397 1956 470 Α
1975 387 2153 454 detur,
2173 401 2280 441 non
2305 389 2383 441 est
2403 398 2540 456 spes,
2564 380 2661 440 sed
2686 397 2815 457 qua
2841 400 2959 441 non
2983 379 3222 442 videtur.
3251 373 3314 442 in
3341 382 3605 445 omnibus

269 482 379 539 odit
405 480 632 547 malum,
667 479 726 536 id
755 485 840 536 est
863 479 996 534 vitia
1025 483 1082 534 et
1105 482 1348 551 peccata.
1375 479 1742 534 Adhmrentes
1771 480 1874 534 bo-

269 593 355 645 no,
379 574 674 630 virtutibus
715 573 1118 646 spiritualibus,
1161 589 1302 644 quas
1333 577 1634 628 enumerat
1671 574 1875 629 Paulus

267 671 444 726 dicens
471 687 484 724 :
517 671 738 725 Fructus
761 672 838 723 est
860 669 1106 739 spiritus,
1139 669 1397 728 Charitas,
1429 667 1713 737 gaudium,
1737 685 1871 738 pax,

259 765 536 836 patientia,
578 766 636 817 et
677 767 880 816 cratera
909 761 996 817 his
1037 760 1261 816 similia.
1317 761 1438 814 Non
1483 759 1633 815 edim
1671 760 1876 816 sufficit

266 857 410 912 odire
436 855 668 922 malum,
701 855 810 910 nisi
841 871 871 909 e
901 853 1180 909 contrario
1210 853 1568 908 adheereatur
1597 854 1765 909 bono.
1797 855 1872 908 De

264 967 368 1022 quo
410 948 702 1006 Psalmista
748 947 916 1004 dicit:
950 949 1166 1004 Declina
1191 964 1225 1001 a
1269 948 1412 1002 malo
1443 951 1491 1002 et
1518 949 1610 1015 fac
1658 949 1870 1002 bonum.

263 1048 395 1099 Ante
417 1048 566 1098 certe
595 1043 809 1097 malum
835 1041 996 1096 odire
1020 1041 1292 1095 debemus
1321 1040 1634 1108 hominem,
1665 1041 1874 1095 scilicet

262 1155 366 1193 non
398 1140 652 1190 naturam
680 1135 821 1205 ejus,
851 1135 948 1189 sed
979 1135 1196 1189 vitium.
1224 1134 1374 1188 Sicut
1402 1135 1493 1189 ille
1516 1134 1755 1189 faciebat
1772 1134 1870 1204 qui

263 1231 508 1286 dicebat:
548 1232 768 1299 Iniquos
810 1229 930 1283 odio
972 1230 1155 1283 habui.
1195 1229 1501 1283 Adhaerere
1547 1229 1695 1282 bono
1737 1244 1869 1298 pro-

260 1330 373 1396 pter
400 1323 568 1378 illud:
619 1326 749 1380 Cum
788 1327 970 1377 sancto
997 1328 1216 1377 sanctus
1243 1325 1364 1377 eris.
1397 1323 1705 1377 CHARITATE
1738 1337 1867 1375 FRA-

260 1434 549 1472 rrnmrs'ns
604 1432 824 1473 mvrceu
879 1433 1204 1472 eumenes.
1269 1415 1349 1470 lbi
1399 1421 1483 1470 est
1540 1415 1692 1470 enim
1742 1430 1872 1468 vera

258 1511 579 1578 fraternitas,
610 1510 705 1565 ubi
753 1515 836 1564 est
886 1527 1020 1564 vera
1048 1510 1310 1575 Charitas,
1363 1513 1418 1562 et
1448 1509 1574 1562 ideo
1629 1508 1868 1562 invicem

265 1599 485 1669 diligere
516 1599 807 1665 debemus,
859 1598 1075 1652 dicente
1118 1597 1391 1651 Domino:
1438 1601 1499 1652 In
1539 1599 1633 1651 hoc
1680 1611 1865 1665 cogno-

257 1698 385 1747 scent
407 1707 583 1746 omnes
612 1694 742 1760 quia
766 1694 871 1746 mei
895 1694 1018 1745 estis
1044 1692 1320 1760 discipuli,
1350 1693 1400 1743 si
1419 1691 1752 1745 dilectionem
1778 1690 1871 1742 ha-

1977 479 2131 536 enim
2157 496 2282 552 quae
2307 478 2560 551 patimur
2583 481 2814 551 propter
2846 495 3003 550 spem
3031 481 3276 552 gaudere
3307 481 3599 552 debemus,

1975 577 2244 628 monente
2270 573 2436 628 Jacob
2465 573 2718 657 apostolo
2742 589 2756 627 :
2803 574 2966 630 Omne
2995 575 3257 644 gaudium
3299 578 3604 633 existimate

1973 683 2083 730 vos,
2117 669 2320 734 fratres
2361 669 2484 729 mei,
2527 683 2643 721 cum
2671 669 2727 720 in
2757 669 2925 722 variis
2975 670 3362 723 tentationibus
3393 673 3596 726 incide-

1971 763 2113 815 ritis.
2159 761 2263 830 Spe
2290 761 2598 830 gaudentes,
2633 777 2689 814 IN
2717 776 3106 816 ramunnrous
3160 778 3470 819 PATIENTES.
3521 767 3597 820 De

1975 854 2182 925 gaudio
2207 853 2359 908 enim
2386 854 2504 924 spei
2530 855 2730 908 tolerat
2749 854 3162 923 tribulationes,
3194 855 3402 911 scilicet
3415 859 3594 914 multo

1972 947 2189 1018 majora
2216 963 2335 1000 esse
2363 963 2490 1018 qua:
2519 963 2622 1016 pro
2646 947 2755 1000 illis
2786 947 3062 1017 promissa
3089 952 3220 1002 sunt
3245 951 3499 1020 praemia.
3529 953 3596 1006 Et

1972 1041 2098 1095 ideo
2122 1040 2182 1094 in
2209 1040 2474 1095 omnibus
2515 1039 2977 1094 tribulationibus
3009 1041 3251 1111 gaudere
3301 1043 3590 1113 debemus,

1971 1139 2206 1204 propter
2233 1133 2368 1187 illud
2401 1150 2414 1187 :
2443 1136 2599 1188 Beati
2625 1136 2719 1203 qui
2742 1137 3457 1205 persecutionempatiuntur
3470 1154 3595 1208 pro-

1969 1233 2090 1298 pter
2121 1227 2418 1296 justitiam.
2457 1228 2522 1280 Et
2547 1227 2754 1281 iterum
2783 1243 2796 1280 :
2831 1229 2891 1282 Si
2936 1228 3069 1296 quid
3091 1231 3352 1298 patimini
3375 1237 3595 1300 propter

1958 1321 2254 1390 justitiam,
2285 1321 2444 1374 beati.

2041 1415 2308 1470 Ommom
2359 1430 2668 1468 INSTANTES.
2725 1415 3040 1468 Necessaria
3079 1419 3163 1470 est
3195 1417 3356 1471 valde
3391 1419 3594 1486 oratio,

1969 1509 2100 1580 quia
2129 1511 2192 1562 ut
2219 1507 2504 1562 tribulatio
2547 1507 2722 1577 possit
2770 1508 3012 1574 tolerari,
3045 1509 3304 1578 precibus
3331 1515 3415 1564 est
3455 1511 3590 1566 insi-

1969 1603 2248 1656 stendum.
2295 1603 2525 1654 Pricstat
2569 1601 2721 1655 enim
2751 1601 2905 1654 vobis
2949 1602 3219 1655 auxilium
3259 1603 3320 1656 in
3349 1605 3594 1659 adversis

1969 1699 2149 1753 oratio
2173 1698 2417 1752 assidua.
2465 1700 2529 1752 Et.
2569 1699 2694 1752 ideo
2732 1699 2993 1770 praecipit
3023 1700 3264 1754 orationi
3316 1701 3591 1756 insistere.

261 1786 463 1840 bueritis
487 1787 567 1839 ad
590 1787 832 1839 inuicem.
866 1784 1168 1839 Sciendum
1199 1789 1283 1838 est
1311 1783 1466 1837 enim
1503 1782 1633 1854 quia
1667 1783 1866 1836 fratres
1884 1769 1942 1841 Β
1967 1795 2034 1848 Et
2063 1791 2329 1846 Dominus
2354 1792 2411 1844 in
2443 1792 2742 1862 Evangelio
2772 1809 2784 1846 :
2830 1769 2990 1848 Orate
3023 1809 3087 1848 ne
3129 1797 3228 1863 ﬁat
3254 1795 3392 1863 fuga
3417 1800 3596 1850 vestra

255 1878 451 1932 uterini
483 1878 542 1932 in
569 1882 789 1932 tantum
821 1893 879 1930 se
911 1875 1173 1947 diligunt,
1197 1880 1256 1930 ut
1285 1892 1430 1930 unus
1448 1892 1552 1946 pro
1568 1875 1676 1930 alio
1699 1875 1867 1928 morti

256 1987 306 2024 se
333 1971 525 2024 tradat.
563 1971 624 2024 Et
655 1970 702 2024 si
747 1969 830 2023 illi
859 1974 1078 2024 tantum
1109 1985 1167 2022 se
1203 1968 1464 2039 diligunt,
1500 1971 1712 2040 quanto
1741 1984 1864 2021 ma-

256 2063 330 2135 gis
357 2063 673 2134 spirituales
703 2079 759 2117 se
791 2063 996 2116 debent
1026 2062 1258 2132 diligere
1289 2062 1302 2115 l
1354 2063 1559 2116 Omnes
1589 2061 1741 2114 enim
1773 2077 1862 2116 re-

254 2157 456 2227 dempti
487 2157 550 2210 in
579 2156 796 2210 Christo
822 2157 1024 2210 fratres
1053 2173 1268 2221 sumus,
1311 2155 1550 2210 Domino
1591 2155 1813 2208 dicente
1849 2172 1860 2208 :

251 2251 422 2306 Omnes
461 2252 604 2304 enim
636 2266 724 2303 vos
769 2251 976 2316 fratres
1017 2252 1161 2303 estis.
1217 2250 1291 2303 De
1345 2265 1458 2319 qua
1502 2248 1858 2302 fraternitate

252 2346 459 2397 sanctus
488 2343 660 2397 David
692 2343 826 2396 dicit
855 2363 867 2398 :
917 2345 1046 2397 Ecce
1073 2359 1234 2412 quam
1263 2343 1455 2396 bonum
1499 2347 1548 2396 et
1574 2358 1734 2412 quam
1765 2341 1861 2410 ju-

251 2436 465 2491 cundum
515 2437 764 2490 habitare
810 2438 1014 2504 fratres
1047 2439 1102 2490 in
1131 2452 1295 2489 unum
1375 2436 1600 2489 llouone
1649 2451 1861 2489 lNVlCEll

251 2545 670 2595 rmvemsxras,
721 2529 780 2583 id
831 2533 915 2583 est
960 2529 1394 2582 antevenientes.
1449 2528 1658 2585 Omnes
1711 2528 1863 2582 enim

248 2638 339 2676 nos
370 2622 609 2676 invicem
635 2621 872 2692 diligere
898 2622 1170 2676 debemus
1201 2625 1255 2674 et
1284 2622 1500 2676 honore
1529 2621 1860 2692 praevenire,

248 2720 460 2786 propter
489 2715 631 2768 illud
666 2734 678 2768 :
735 2716 866 2769 Cum
902 2721 1118 2768 vocatus
1147 2717 1318 2781 fueris
1363 2715 1436 2768 ad
1485 2717 1725 2783 nuptias,
1757 2730 1863 2767 non

249 2807 538 2863 discumbas
567 2811 623 2862 in
642 2811 893 2882 proximo
916 2809 1042 2864 loco.
1067 2807 1207 2862 Dicit
1232 2812 1287 2863 et
1312 2807 1444 2863 alibi
1477 2807 1626 2861 idem
1660 2823 1673 2861 :
1708 2808 1864 2862 Alter

247 2903 456 2957 alterius
479 2919 646 2958 onera
666 2907 901 2973 portate,
930 2906 980 2956 et
1004 2904 1080 2956 sic
1107 2903 1476 2972 adimplebitis
1515 2903 1678 2971 legem
1706 2902 1857 2958 Chri-

246 2999 327 3050 sti.
358 2997 472 3051 Non
506 2995 662 3050 enim
689 2995 860 3050 debes
888 2999 1214 3066 exspectare
1237 2999 1301 3050 ut
1328 2995 1454 3067 quis
1483 2999 1538 3049 te
1565 2995 1722 3066 prius
1741 2993 1862 3048 dili-

248 3093 355 3159 gat,
383 3091 477 3144 sed
518 3095 582 3144 tu
633 3089 816 3159 potius
841 3104 972 3142 eum
1004 3089 1170 3142 debes
1201 3089 1514 3160 przevenire
1547 3087 1856 3158 diligendo,
1880 3127 1935 3202 Ο

245 3183 364 3253 quia
383 3183 427 3236 si
454 3188 511 3237 te
550 3181 691 3236 alius
717 3181 875 3253 prior
905 3181 1120 3252 diligat,
1145 3182 1268 3251 jam
1301 3199 1414 3235 non
1443 3186 1561 3236 tam
1590 3198 1859 3253 magnam

245 3277 405 3333 habes
433 3279 778 3333 mercedem.
811 3281 873 3334 Si
895 3281 1036 3332 enim
1073 3279 1260 3347 diligis
1291 3295 1374 3332 eos
1409 3281 1505 3348 qui
1529 3285 1577 3332 te
1599 3279 1855 3344 diligunt,

242 3388 392 3442 quam
419 3373 713 3428 mercedem
741 3373 958 3426 habebis
986 3374 1014 3426 ?
1036 3388 1206 3426 nonne
1231 3374 1430 3426 ethnici
1451 3373 1544 3426 hoc
1586 3374 1802 3438 faciunt
1832 3374 1860 3424 ?

305 3467 712 3521 SOLLICITL’DINE
764 3483 871 3520 non
929 3481 1090 3520 PlGRl.
1149 3465 1419 3536 Superius
1469 3465 1712 3531 dixerat,
1765 3467 1862 3534 qui

236 3565 415 3630 praest
442 3563 504 3614 in
526 3559 883 3613 sollicitudine
910 3577 926 3624 ;
956 3564 1011 3612 et
1039 3558 1150 3626 hic,
1180 3558 1537 3613 sollicitudine
1564 3573 1666 3611 non
1685 3559 1853 3628 pigri.

241 3653 496 3725 Superius
525 3653 919 3720 admonuerat,
953 3651 1043 3705 hic
1064 3669 1260 3705 omnes
1280 3652 1558 3705 hortatur.
1583 3651 1684 3705 Sed
1720 3650 1855 3720 quid

240 3752 314 3800 est
340 3746 491 3818 quod
524 3746 657 3800 dicit
682 3763 695 3800 :
729 3747 1100 3802 Sollicitudine
1119 3761 1225 3800 non
1246 3748 1416 3814 pigri,
1439 3761 1566 3798 cum
1591 3743 1855 3798 Dominus

241 3839 406 3895 dicat:
431 3841 612 3898 Nolite
630 3841 851 3894 solliciti
878 3855 984 3894 esse
1004 3841 1113 3893 ?Et
1133 3839 1249 3909 ipse
1269 3837 1400 3892 alibi
1423 3855 1436 3891 :
1467 3839 1620 3894 Nihil
1637 3838 1860 3891 solliciti

237 3935 361 3987 sitis.
394 3936 452 3988 In
485 3933 577 3988 his
605 3933 760 3988 enim
789 3950 916 4006 qua:
967 3932 1062 3986 Dei
1089 3937 1240 4001 sunt,
1271 3949 1396 4002 quae
1423 3931 1626 3985 anima}
1658 3947 1850 3986 neces-

238 4026 370 4080 saria
415 4032 568 4096 sunt,
599 4044 716 4081 non
759 4026 928 4097 pigri,
977 4043 1091 4080 non
1131 4025 1350 4080 solliciti
1401 4041 1520 4080 esse
1564 4025 1849 4094 debemus,

239 4119 432 4175 scilicet
454 4121 518 4175 in
541 4120 795 4191 jejuniis,
842 4120 903 4174 in
938 4119 1162 4192 vigiliis,
1193 4125 1248 4174 et
1275 4119 1550 4185 oratione,
1580 4122 1637 4174 et
1663 4119 1750 4172 bis
1775 4119 1851 4173 si-

238 4213 474 4269 milibus.
527 4215 807 4270 Czeterum
837 4214 905 4268 de
933 4213 1269 4268 transitoriis
1300 4217 1358 4267 et
1373 4213 1600 4267 caducis
1632 4211 1853 4267 solliciti

237 4320 347 4360 esse
378 4323 492 4362 non
520 4307 813 4362 debemus.
847 4307 1060 4362 Sruuru
1093 4323 1390 4362 FERVENTES
1415 4324 1430 4375 ;
1459 4307 1514 4360 id
1561 4310 1643 4360 est
1663 4305 1850 4359 calen-

237 4402 333 4465 tes,
363 4405 597 4471 propter
621 4399 759 4454 illud
783 4417 797 4454 :
834 4402 1051 4456 Utinam
1076 4401 1317 4470 frigidus
1341 4415 1474 4454 esses
1497 4403 1594 4453 aut
1617 4398 1856 4453 calidus!

1966 1887 2132 1941 hieme
2146 1887 2230 1940 vel
2246 1886 2486 1940 sabbato.
2514 1881 2578 1938 El;
2611 1887 2842 1938 Petrus:
2893 1889 3128 1954 Vigilate
3153 1889 3337 1956 itaque
3363 1893 3593 1949 orantes,

1966 1983 2111 2034 omni
2140 1984 2388 2048 tempore.
2417 1979 2854 2033 NECESSITATIBL’S
2884 1995 3195 2034 sucronem
3221 1996 3595 2036 COMMUNICAN-

1965 2089 2076 2126 res.
2117 2072 2420 2142 Dupliciter
2457 2070 2693 2142 intelligi
2721 2077 2922 2142 potest.
2954 2073 3162 2126 scilicet
3197 2077 3257 2126 ut
3293 2074 3468 2127 sancti
3497 2074 3592 2127 tri-

1964 2165 2254 2232 bulantur,
2297 2164 2373 2217 sic
2407 2181 2537 2217 cum
2586 2164 2696 2218 illis
2743 2165 3208 2232 contribulemur,
3257 2172 3488 2236 propter
3534 2166 3594 2221 il-

1966 2258 2100 2312 lud:
2129 2260 2190 2315 Si
2209 2259 2472 2324 fuerimus
2517 2260 2645 2312 socii
2685 2261 3024 2326 passionum,
3071 2260 3234 2312 simul
3261 2264 3310 2313 et
3349 2260 3587 2314 resurre4

1965 2355 2155 2406 ctionis
2184 2355 2398 2405 erimus.
2445 2352 2511 2404 Et
2539 2350 2678 2405 illud
2712 2367 2724 2404 :
2772 2354 3002 2407 Scientes
3028 2353 3265 2405 eamdem
3291 2355 3590 2423 passionem

1964 2449 2032 2507 ei,
2059 2461 2176 2515 qua:
2206 2447 2260 2499 in
2287 2445 2484 2498 mundo
2502 2449 2599 2507 est,
2631 2461 2768 2498 verae
2791 2447 3137 2512 fraternitati
3161 2449 3298 2514 ﬁeri.
3326 2447 3422 2499 Vel
3444 2451 3593 2500 certe

1963 2538 2032 2592 ad
2066 2538 2234 2592 ﬁdem
2262 2537 2569 2604 venientes,
2599 2538 2854 2591 infideles
2885 2554 3084 2592 eorum
3117 2539 3489 2592 substantiam
3514 2539 3594 2594 di-

1964 2631 2266 2700 ripiebant,
2319 2647 2461 2700 quos
2515 2630 2664 2684 idem
2709 2632 3005 2700 Apostolus
3059 2631 3292 2684 laudat:
3349 2635 3490 2687 Nam
3543 2637 3594 2686 et

1961 2726 2128 2778 vincti
2154 2726 2422 2800 compassi
2447 2726 2588 2784 estis,
2618 2729 2668 2776 et
2693 2727 2946 2792 rapinam
2993 2725 3250 2777 bonorum
3293 2729 3589 2778 vestrorum

1961 2833 2080 2871 cum
2122 2817 2321 2886 gaudio
2363 2818 2684 2884 suscepistis.
2734 2815 3006 2869 Hortabat
3030 2846 3054 2874 α
3084 2820 3314 2870 caeteros
3365 2819 3592 2886 Aposto-

1959 2911 2046 2963 lus
2075 2927 2088 2962 :
2119 2910 2496 2965 Reeordamini
2519 2911 2760 2975 fratrum
2791 2908 2966 2977 [Cod.,
3001 2908 3286 2978 fratribus]
3315 2913 3411 2979 qui
3433 2915 3590 2964 erant

1961 3006 2017 3056 in
2039 3004 2352 3058 Jerusalem.
2387 3003 2540 3056 Sicut
2571 3007 2724 3070 tunc,
2754 3001 2830 3054 ita
2859 3007 2915 3056 et
2958 3017 3130 3070 nunc,
3164 3003 3588 3057 meoessitatibus

1959 3101 2282 3150 sanctorum
2312 3095 2874 3162 communicandum;
2907 3094 3012 3148 hoc
3041 3101 3126 3149 est
3154 3095 3212 3148 in
3238 3096 3380 3164 cibo,
3405 3101 3461 3149 et
3485 3112 3584 3167 po-

1961 3196 2042 3256 tu,
2073 3194 2128 3244 et
2147 3188 2499 3256 vestimento,
2533 3192 2588 3242 et
2613 3188 2669 3242 in
2700 3187 2968 3242 omnibus
2997 3204 3125 3258 quae
3147 3188 3366 3259 indiget
3391 3189 3580 3243 frater.

1960 3285 2064 3352 Qui
2087 3285 2226 3337 enim
2255 3283 2504 3336 habuerit
2528 3283 2886 3336 substantiam
2913 3281 3126 3343 mundi,
3153 3287 3203 3336 et
3238 3283 3436 3335 viderit
3457 3284 3586 3348 fra-_

1958 3382 2090 3431 trem
2113 3392 2270 3430 suum
2290 3379 2655 3429 necessitatem
2681 3377 2998 3444 patientem,
3021 3377 3075 3441 et
3103 3375 3358 3427 clauserit
3383 3377 3585 3428 viscera

1955 3486 2055 3523 sua
2081 3469 2149 3522 ab
2175 3485 2252 3529 eo,
2280 3468 2539 3537 quomodo
2567 3469 2804 3521 charitas
2838 3469 2932 3521 Dei
2959 3471 3140 3521 manet
3168 3469 3225 3518 in
3255 3482 3312 3520 eo
3341 3469 3370 3519 ?
3397 3467 3594 3520 H0591:

1955 3577 2248 3616 nuru-au
2277 3575 2589 3614 SECTANTES.
2647 3561 2843 3629 Magna
2884 3559 3058 3612 virtus
3089 3563 3173 3612 est
3208 3559 3578 3629 hospitalitas.

1955 3657 2062 3709 Per
2090 3655 2234 3708 hanc
2277 3653 2507 3725 quidam
2551 3653 2886 3723 placuerunt
2927 3653 3058 3721 Deo,
3091 3653 3307 3722 angelis
3336 3653 3582 3724 hospitio

1954 3748 2194 3819 receptis
2221 3764 2238 3815 ;
2269 3747 2411 3800 sicut
2452 3746 2740 3799 Abraham
2770 3745 2856 3798 vel
2886 3746 3045 3814 Loth,
3081 3745 3178 3816 qui
3204 3750 3437 3817 propter
3472 3747 3578 3800 ho-

1955 3841 2323 3912 Spitalitatem
2341 3839 2408 3894 de
2425 3839 2663 3894 Sodoma
2679 3839 2908 3892 liberari
2939 3844 3292 3894 meruerunt.
3315 3839 3580 3910 Legimus

1955 3935 2110 3988 enim
2143 3934 2295 4006 quod
2347 3950 2461 3988 non
2505 3933 2686 3987 solum
2740 3933 3030 3986 venientes
3068 3933 3428 4004 suscipiebat,
3484 3935 3580 3988 sed

1955 4029 2212 4083 trahebat
2235 4047 2251 4096 ;
2299 4029 2448 4082 unde
2474 4031 2531 4082 et
2552 4027 2787 4098 angelos
2812 4026 2874 4080 in
2898 4043 2998 4080 suo
3029 4027 3270 4097 hospitio
3295 4027 3580 4098 suscipere

1953 4121 2180 4175 meruit.
2215 4119 2312 4173 Hic
2343 4119 2508 4174 datur
2529 4119 2797 4191 intelligi,
2826 4118 2958 4190 quia
2985 4119 3232 4190 hospites
3255 4135 3370 4174 non
3396 4121 3578 4174 solum

1952 4213 2245 4280 invitandi,
2263 4229 2464 4268 verum
2493 4212 2662 4267 etiam
2683 4213 2943 4266 trahendi
2959 4217 3108 4266 sunt.
3129 4214 3279 4265 Inter
3295 4212 3576 4281 suscipere

1953 4306 2234 4378 hospitem
2259 4310 2316 4360 et
2361 4303 2800 4375 hospitalitatem
2847 4303 3066 4370 sectari,
3094 4303 3272 4356 multa
3314 4303 3578 4358 distantia

1953 4404 2056 4454 est.
2088 4399 2243 4454 Multi
2295 4397 2539 4468 hospites
2567 4397 2638 4450 ad
2677 4413 2735 4450 se
2765 4396 3052 4450 venientes
3095 4395 3428 4466 suscipiunt,
3481 4397 3576 4451 sed

237 4493 322 4546 sed
347 4497 475 4563 quia
516 4494 732 4564 tepidus
759 4509 831 4556 es,
880 4495 1138 4563 incipiam
1165 4498 1212 4547 te
1237 4508 1468 4548 evomere
1492 4507 1558 4546 ea:
1581 4507 1670 4546 ore
1716 4507 1848 4545 meo.
1871 4497 1930 4568 Ι)
1953 4509 2068 4546 non
2091 4495 2176 4546 est
2201 4491 2306 4545 hoc
2346 4490 2787 4560 hospitalitatem
2814 4489 3034 4543 sectari.
3068 4489 3178 4544 Sed
3207 4488 3306 4561 qui
3331 4489 3583 4571 circum:

235 4585 290 4638 ln
311 4587 514 4658 tepidis
543 4587 698 4641 enim
726 4590 1033 4641 nauseatur
1056 4586 1349 4654 Dominus,
1381 4585 1440 4638 in
1467 4583 1685 4654 frigidis
1705 4583 1849 4654 inju-

234 4677 365 4733 riam
414 4680 652 4751 patitur,
698 4679 757 4734 in
804 4680 1147 4734 ferventibus
1179 4677 1472 4732 inhabitat.
1500 4677 1667 4758 ludas
1692 4677 1846 4731 enim

233 4771 356 4842 quia
401 4773 627 4846 tepidus
671 4779 810 4840 erat,
842 4773 1091 4829 evomuit
1125 4789 1257 4828 eum
1289 4773 1455 4826 Deus.
1507 4771 1659 4826 Sicut
1692 4770 1846 4825 enim

233 4879 502 4922 succensae
532 4868 656 4923 ollae
697 4884 811 4922 non
867 4867 1327 4940 apprOpinquant
1369 4881 1598 4934 muscaz,
1642 4863 1848 4936 tepidae

233 4973 354 5014 vero
411 4960 850 5034 superinsedunt
905 4963 1005 5029 (Ita
1061 4959 1196 5028 cod.)
1218 5001 1234 5022 ,
1281 4959 1361 5013 sic
1414 4959 1512 5030 qui
1567 4958 1848 5013 ferventes

234 5058 354 5108 sunt
383 5054 441 5108 in
465 5054 564 5109 illo
595 5054 748 5126 igne,
782 5055 851 5108 de
879 5069 992 5125 quo
1020 5052 1287 5108 Dominus
1315 5053 1452 5107 dicit
1475 5068 1489 5106 :
1520 5054 1698 5120 Ignem
1727 5053 1849 5105 veni

233 5147 431 5201 mittere
477 5149 537 5201 in
586 5153 803 5215 terram,
832 5152 882 5202 et
917 5148 1051 5217 quid
1079 5147 1196 5202 volo
1237 5149 1344 5202 nisi
1373 5151 1434 5200 ut
1473 5145 1800 5199 accendatur
1820 5145 1847 5196 ἱ)

233 5237 334 5293 illis
380 5240 835 5312 appropinquare
884 5258 997 5296 non
1045 5241 1255 5321 andent
1307 5238 1542 5310 maligni
1593 5237 1841 5308 spiritus,

233 5333 474 5402 tepidum
502 5350 636 5389 vero
665 5335 931 5390 illudunt.
970 5337 1036 5390 Et
1065 5335 1192 5388 ideo
1239 5333 1298 5386 in
1330 5333 1478 5386 bono
1529 5347 1700 5402 opere
1735 5346 1846 5383 non

235 5425 421 5494 tepidi,
479 5428 574 5482 sed
628 5428 904 5482 ferventes
955 5444 1071 5481 esse
1105 5425 1395 5480 debemus.
1453 5426 1666 5480 ΠοθειΝο
1719 5439 1842 5478 sen-

235 5532 466 5589 vuas'ras,
499 5522 556 5576 id
587 5527 670 5576 est
699 5523 819 5592 ejus
857 5519 1150 5592 praeceptis
1193 5519 1534 5574 obedientes.
1568 5518 1667 5572 Spe
1707 5534 1842 5573 GAU-

235 5625 439 5666 DENTES.
474 5614 581 5684 Spe
623 5614 832 5686 gaudet
857 5613 953 5685 qui
1003 5629 1114 5667 non
1159 5611 1381 5683 respicit
1410 5629 1474 5666 ea
1499 5628 1628 5683 qua:
1674 5611 1842 5677 videt,

234 5704 322 5758 sed
357 5704 613 5762 futurum
643 5710 932 5778 exspectat
960 5706 1250 5780 gaudium.
1277 5707 1406 5775 Spes
1435 5708 1575 5759 enim
1615 5722 1733 5776 qum
1761 5709 1844 5759 vi-

298 5824 320 5852 ⁶
346 5825 426 5880 Ita
479 5827 646 5884 etiam
702 5828 892 5886 Cicero
941 5846 1042 5902 pro
1087 5827 1288 5886 Archia
1330 5826 1502 5886 Class.
1549 5829 1660 5898 AA,
1701 5831 1742 5882 t.
1778 5827 1843 5898 ll,

1949 4589 2090 4640 eunt
2128 4583 2279 4638 vicos
2307 4586 2363 4639 et
2397 4583 2624 4654 plateas,
2657 4582 2860 4636 invitos
2900 4583 3186 4638 trahentes
3231 4582 3477 4654 hospites
3506 4584 3576 4638 ad

1948 4679 2181 4734 domum
2212 4693 2390 4744 suam,
2419 4675 2510 4730 isti
2539 4680 2672 4730 sunt
2696 4681 2993 4732 sectatores
3027 4675 3441 4747 hospitalitatis.
3469 4677 3572 4731 Ha-

1947 4774 2146 4828 bemus
2173 4771 2327 4825 enim
2374 4769 2647 4841 scriptum
2691 4771 2847 4841 quod
2891 4770 3004 4825 duo
3046 4770 3305 4842 discipuli
3357 4770 3574 4824 Domini

1947 4883 2078 4920 eum
2109 4864 2180 4920 ad
2207 4863 2518 4936 hospitium
2567 4868 2854 4936 cogentes,
2884 4864 2945 4919 in
2972 4864 3242 4919 fractione
3287 4863 3447 4934 panis
3477 4880 3572 4919 co-

1949 4975 2218 5029 gnoscere
2265 4963 2616 5025 meruerunt,
2646 4975 2817 5030 quem
2845 4975 2948 5030 per
2972 4962 3156 5012 totum
3204 4957 3449 5028 spatium
3480 4958 3572 5012 iti-

1946 5053 2099 5108 neris
2154 5069 2265 5107 non
2312 5057 2709 5124 cognoverant.
2758 5052 3037 5124 Scriptum
3088 5056 3172 5106 est
3212 5051 3404 5106 enim:
3457 5055 3576 5110 Non

1945 5147 2222 5202 auditores
2255 5147 2384 5216 legis
2403 5147 2546 5215 justi
2569 5151 2696 5200 sunt
2740 5146 2892 5216 apud
2927 5149 3110 5208 Deum,
3135 5145 3229 5200 sed
3271 5151 3322 5200 et
3347 5147 3578 5212 factores

1948 5243 2077 5310 legis
2118 5240 2581 5310 justi/icabuntur.
2626 5238 2764 5293 Hinc
2805 5237 3075 5293 Dominus
3121 5238 3179 5292 in
3229 5238 3341 5293 ﬁne
3379 5239 3570 5295 dicet:

1947 5338 2147 5406 Hospes
2171 5337 2280 5403 fui,
2314 5339 2362 5388 et
2389 5335 2694 5404 suscepistis
2723 5348 2822 5387 me.

2021 5430 2343 5484 BENEDICITE
2397 5442 2851 5488 PERSEQUENTIBUS
2883 5444 2997 5496 VOS,
3030 5444 3340 5483 BENEDICITE
3374 5445 3436 5481 ET
3472 5443 3571 5480 NO-

1946 5538 2065 5576 LITE
2096 5537 2448 5576 MALEDICERE.
2491 5521 2677 5592 Ipsum
2707 5526 2790 5576 est
2814 5522 2964 5594 quod
2993 5527 3051 5576 et
3080 5522 3350 5576 Dominus
3391 5519 3528 5572 dicit
3555 5537 3568 5571 :

1948 5617 2109 5671 Orate
2131 5630 2230 5683 pro
2255 5616 2694 5685 persequentibus
2731 5620 2782 5669 et
2825 5616 3277 5670 calumniantibus
3312 5625 3418 5664 vos.
3463 5611 3572 5664 Hoc

1946 5707 2098 5760 enim
2125 5711 2182 5760 et
2206 5707 2322 5778 ipse
2348 5707 2503 5780 prior
2525 5709 2672 5770 fecit.
2708 5709 2936 5784 quando
2979 5708 3036 5761 in
3065 5721 3230 5760 cruce
3258 5719 3362 5776 pro
3389 5704 3570 5758 cruci-

1946 5843 2082 5904 pag.
2105 5827 2232 5884 248.
