4054 6186
461 325 568 387 819

1959 309 2357 370 LUCULENTII

3717 306 3834 368 820

464 385 771 511 ﬁgentibus
797 451 854 490 se
891 430 1106 506 rogavit
1130 431 1377 499 Patrem,
1408 425 1598 483 dicens
1628 441 1642 482 :
1674 427 1857 490 Pater,
1882 426 2092 493 ignosce
2112 433 2171 506 Α
2191 420 2400 476 talibus
2423 417 2679 476 ﬂendum
2701 385 2811 488 est,
2830 417 2964 491 quia
2989 414 3262 491 scriptum
3283 418 3368 474 est
3396 433 3409 473 :
3441 415 3596 477 Beati
3615 421 3714 490 qui
3739 419 3833 474 lu-

463 535 602 596 illis,
631 549 735 587 non
766 533 904 586 enim
927 531 1102 582 sciunt
1129 526 1264 596 quid
1287 526 1524 592 faciunt.
1571 521 1728 576 Sicut
1754 524 1810 574 et
1847 535 1952 573 nos
1977 518 2090 572 ini-

467 627 630 683 micis
642 624 843 680 nostris
859 623 1074 675 bonum
1097 619 1284 691 potius
1299 633 1474 689 quam
1503 615 1716 669 malum
1745 612 1980 668 reddere
2002 611 2094 665 de-

464 721 690 787 bemus,
713 719 946 788 propter
973 713 1115 768 illud
1148 713 1300 784 quod
1327 713 1524 765 monet
1550 711 1746 763 Petrus
1779 723 1792 760 :
1821 709 1939 764 Non
1965 705 2090 760 red-

467 816 648 870 dentes
698 811 899 864 malum
939 824 1041 879 pro
1079 807 1242 868 malo,
1275 819 1367 859 nec
1413 803 1757 857 maledictum
1780 817 1882 871 pro
1921 799 2090 853 male-

468 909 629 967 dicto,
678 905 825 957 sede
855 903 1122 956 contrario
1173 899 1551 953 bencdicentes.
1605 893 1758 949 Multi
1817 898 1950 947 sunt
1999 891 2092 962 qui

465 1015 587 1055 non
615 996 979 1065 maledicunt,
1014 995 1112 1048 sed
1143 1010 1171 1048 e
1199 993 1430 1063 regione
1457 989 1820 1045 benedicunt.
1869 987 1962 1043 lsti
1982 987 2091 1041 im-

467 1095 630 1166 plent
650 1089 886 1162 apostoli
916 1087 1070 1142 Pauli
1101 1091 1453 1158 praeceptum
1483 1103 1496 1139 :
1537 1084 1791 1138 GAUDERE
1819 1098 1924 1136 CUM
1956 1097 2092 1136 GAU-

467 1201 746 1252 DENTIBL'S,
796 1199 960 1237 PLERE
1003 1197 1106 1236 cum
1151 1193 1460 1234 FLENTIBUS.
1503 1176 1806 1229 Evidenter
1854 1190 2091 1245 percun-

468 1279 740 1335 ctandum
770 1282 854 1331 est
883 1291 1014 1330 cum
1041 1273 1246 1344 quibus
1291 1270 1679 1342 gaudendum,
1721 1284 1851 1321 cum
1889 1267 2096 1338 quibus

471 1373 543 1429 sit
568 1371 979 1426 ﬂendum.l\'on
995 1371 1078 1421 est
1099 1365 1462 1438 gaudendum
1487 1379 1616 1417 cum
1631 1362 1719 1416 his
1733 1361 1829 1432 qui
1847 1361 2096 1434 gaudent

469 1468 531 1521 in
557 1464 930 1536 acquisitione
961 1478 1150 1515 rerum
1173 1457 1595 1530 temporalium,
1627 1455 1687 1510 in
1709 1455 1870 1527 c0pia
1891 1455 2014 1508 auri
2042 1460 2098 1508 et

471 1559 712 1630 argenti,
745 1562 802 1612 et
829 1557 887 1610 in
918 1558 1213 1609 venustate
1242 1551 1572 1618 mulierum,
1606 1549 1664 1603 in
1704 1547 2096 1620 procreatione

469 1653 740 1718 ﬁliorum,
769 1649 866 1721 qui
892 1649 1160 1702 lmtantur
1202 1661 1332 1699 cum
1363 1645 1512 1698 male
1545 1642 1798 1709 fecerint,
1831 1645 1885 1694 et
1911 1641 2094 1694 exsul-

470 1745 674 1802 tantin
703 1745 871 1798 rebus
897 1739 1170 1812 pessimis.
1195 1740 1334 1792 Cum
1355 1737 1442 1790 his
1471 1735 1675 1790 talibus
1706 1751 1821 1788 non
1851 1740 1933 1787 est
1955 1751 2095 1804 gau-

2193 521 2336 586 gent,
2363 518 2617 587 quoniam
2657 516 2768 585 ipsi
2810 514 3248 569 consolabuntur.
3295 514 3487 571 Melius
3529 518 3605 569 est
3637 517 3719 568 ire
3745 514 3831 568 ad

2193 611 2406 664 domum
2435 610 2627 671 luctus,
2655 625 2817 678 quam
2845 608 2918 662 ad
2943 609 3156 663 domum
3183 608 3397 679 gaudii,
3423 609 3654 664 convivii
3671 608 3830 663 exul-

2194 706 2359 758 tantis
2394 701 2572 775 [Cod.,
2605 702 2710 756 cibi
2736 699 2947 774 tantis].

2267 799 2485 852 lDlPSUM
2512 812 2731 851 mvrcru
2763 811 3099 850 SENTIENTES.
3135 795 3259 850 Haec
3305 794 3584 850 sententia
3611 795 3672 849 in
3718 813 3826 850 su-

2195 891 2421 963 perficie
2453 889 2748 944 obscurior
2765 888 2989 943 videtur
3007 887 3263 958 czeteris;
3291 891 3544 944 attamen
3573 889 3829 960 idipsum

2194 985 2436 1038 invicem
2485 983 2693 1038 sentire
2733 983 3024 1052 debemus,
3064 982 3216 1053 quod
3256 982 3474 1037 variare
3504 999 3618 1037 non
3667 982 3824 1051 licet,

2195 1077 2404 1132 scilicet
2433 1077 2582 1148 quod
2620 1076 2792 1130 sentis
2827 1076 2897 1130 de
2941 1077 3127 1143 Patre,
3165 1075 3272 1130 hoc
3301 1075 3370 1130 de
3414 1075 3572 1145 Filio,
3611 1077 3722 1130 hoc
3751 1075 3827 1130 de

2196 1171 2404 1242 Spiritu
2445 1173 2657 1224 sancto.
2691 1170 2844 1224 Sicut
2884 1169 3056 1224 habes
3085 1169 3146 1223 in
3175 1170 3435 1240 psalmo:
3487 1172 3549 1224 In
3587 1186 3724 1240 pace
3769 1172 3830 1222 in

2197 1267 2452 1335 idipsum,
2481 1265 2812 1317 obdormiam
2839 1268 2889 1318 et
2913 1265 3258 1333 requiescam.
3305 1264 3493 1317 Potest
3530 1263 3696 1317 aliter
3733 1263 3826 1316 in-

2195 1359 2398 1429 telligi,
2421 1358 2570 1428 quod
2595 1357 2727 1411 dicit
2756 1356 3026 1427 idipsum,
3055 1356 3267 1410 scilicet
3289 1361 3353 1410 ut
3379 1356 3681 1410 unanimes
3705 1371 3831 1410 una

2197 1451 2481 1505 voluntate
2512 1450 2707 1516 simus,
2741 1450 2883 1503 sicut
2909 1450 2978 1504 de
3005 1448 3294 1520 primitiva
3321 1450 3564 1503 Ecclesia
3591 1449 3648 1503 in
3682 1450 3832 1504 Acti-

2196 1545 2302 1598 bus
2334 1544 2711 1614 apostolorum
2747 1561 2760 1597 :
2796 1547 2930 1598 Erat
2953 1545 3066 1597 illis
3089 1560 3177 1598 cor
3201 1560 3368 1597 unum
3401 1548 3452 1598 et
3480 1546 3665 1597 anima
3690 1560 3829 1597 una.

2203 1642 2268 1694 Ut
2292 1641 2568 1692 unanimes
2591 1653 2696 1691 uno
2723 1653 2810 1691 ore
2837 1639 3188 1706 honoriﬁcetis
3215 1641 3378 1692 Deum
3406 1643 3457 1691 et
3480 1641 3698 1694 Patrem
3727 1641 3835 1692 Do-

2199 1735 2330 1785 mini
2354 1735 2524 1786 nostri
2549 1734 2670 1786 Jesu
2692 1731 2911 1785 Christi.
2951 1731 3042 1784 Vel
3070 1735 3219 1786 certe
3261 1731 3330 1786 de
3370 1730 3834 1786 tribulationibus

469 1801 972 1908 dendum,quiade
992 1833 1078 1887 his
1110 1833 1381 1902 scriptum
1409 1833 1491 1883 est
1522 1845 1535 1882 :
1572 1832 1664 1885 Vae
1683 1829 1936 1897 nobisqui
1957 1801 2098 1881 ride-
2119 1801 2174 1871 B
2197 1825 2434 1896 intelligi
2460 1828 2642 1896 potest
2669 1824 2728 1878 in
2756 1823 3146 1894 eompatiendo
3173 1825 3407 1893 caeteris,
3443 1825 3588 1878 sicut
3608 1842 3784 1895 supra
3814 1842 3826 1878 ς

470 1936 540 1988 tis
564 1948 704 1986 nunc
731 1933 750 1985 !
788 1931 920 1999 quia
946 1928 1196 1996 lugebitis
1227 1930 1276 1979 et
1313 1925 1526 1992 ﬂebitis.
1557 1922 1669 1976 Sed
1698 1938 1828 1974 eum
1877 1920 1986 1975 illis
2013 1925 2098 1974 est

474 2024 838 2097 gaudendum
866 2021 962 2092 qui
993 2020 1244 2090 gaudent
1271 2034 1376 2088 pro
1403 2032 1500 2087 spe
1529 2015 1657 2068 vitae
1696 2020 1945 2084 aeternae,
1970 2013 2094 2084 qui-

470 2119 576 2174 bus
605 2117 740 2172 dicit
777 2114 1050 2169 Dominus
1083 2129 1096 2166 :
1153 2111 1411 2170 Gaudete,
1464 2111 1593 2179 quia
1634 2111 1856 2161 nomina
1911 2111 2098 2160 vestra

467 2215 669 2282 scripta
694 2213 820 2264 sunt
846 2211 904 2262 in
924 2208 1068 2261 calo.
1099 2205 1194 2259 Vel
1221 2220 1349 2257 cum
1378 2203 1456 2256 eis
1482 2202 1657 2272 quiin
1683 2200 2095 2272 persecutioni-

471 2307 577 2360 bus
600 2304 769 2375 positi
799 2301 1063 2372 gaudent,
1093 2301 1353 2353 tenentes
1371 2294 1610 2366 apostoli
1635 2293 1822 2348 Jacobi
1852 2309 2098 2364 praecep-

471 2403 596 2453 tum
621 2396 717 2468 qui
748 2395 916 2450 dicit:
952 2395 1114 2450 Omne
1139 2391 1401 2462 gaudium
1422 2391 1722 2442 eaeistimate
1751 2402 1861 2448 vos,
1893 2389 2097 2453 fratres

472 2494 594 2558 mei,
619 2507 735 2544 cum
756 2490 989 2542 iurari-is
1017 2485 1398 2540 tentationibus
1422 2484 1736 2536 incideritis.
1755 2480 1976 2534 Talibus
1999 2481 2101 2533 Do-

473 2585 663 2638 minus
693 2582 860 2637 dicit:
890 2584 1089 2636 Iterum
1109 2579 1296 2632 videbo
1328 2593 1436 2639 vos,
1477 2580 1528 2629 et
1569 2575 1825 2644 gaudebit
1869 2590 1956 2628 cor
1983 2591 2095 2627 res-

472 2684 635 2732 trum.
670 2675 946 2730 Flendum
967 2688 1196 2744 quoque
1223 2688 1340 2725 non
1368 2687 1499 2724 cum
1529 2668 1640 2722 illis
1673 2671 1756 2720 est
1782 2667 1881 2738 qui
1908 2667 2102 2720 dolent

471 2773 528 2825 in
585 2769 888 2823 amissione
915 2783 1132 2835 rerum,
1165 2765 1222 2818 in
1267 2769 1447 2818 morte
1475 2766 1797 2833 parentum,
1827 2760 1924 2814 sed
1969 2776 2100 2814 cum

473 2864 584 2919 illis
611 2864 748 2917 ﬁere
791 2862 1082 2929 debemus,
1133 2858 1232 2930 qui
1259 2855 1492 2928 propria
1523 2860 1751 2927 peccata
1781 2854 2095 2924 deplorant,

473 2957 724 3012 conversi
755 2955 826 3009 ad
847 2955 1037 3022 ﬁdem,
1067 2952 1223 3024 quod
1250 2950 1512 3022 nequiter
1535 2955 1778 3020 egerunt
1803 2948 2097 3013 deﬂentes,

475 3051 618 3103 sicut
641 3049 736 3102 ille
782 3047 1025 3100 faciebat
1047 3046 1142 3117 qui
1181 3045 1436 3099 dicebat:
1492 3045 1603 3111 Ego
1624 3045 1764 3096 enim
1787 3057 1904 3096 sum
1933 3043 2097 3094 mini-
2137 3047 2142 3052 '

2199 1919 2442 1975 Gaudere
2469 1935 2588 1973 cum
2615 1918 2990 1987 gaudentibus,
3013 1920 3136 1984 ﬂere
3161 1934 3277 1972 cum
3300 1919 3547 1986 ﬂentibus
3577 1937 3593 1971 :
3622 1921 3673 1972 si
3695 1920 3837 1989 quid

2191 2013 2408 2081 patitur
2436 2028 2602 2065 unum
2639 2012 2948 2072 membrum,
2998 2014 3400 2080 compatiuntur
3442 2014 3623 2066 omnia
3670 2028 3838 2066 mem-

2199 2105 2332 2158 bra:
2365 2111 2414 2158 et
2441 2107 2490 2158 si
2511 2107 2774 2172 fuerimus
2793 2107 2924 2158 socii
2939 2106 3230 2174 passionis,
3257 2105 3418 2159 simul
3439 2110 3489 2158 et
3513 2107 3838 2159 consolatio-

2197 2200 2282 2251 nis
2327 2201 2543 2252 erimus.
2597 2199 2715 2252 NON
2765 2214 2895 2252 ALTA
2927 2214 3228 2264 summes,
3266 2215 3359 2252 san
3389 2215 3616 2254 summa
3649 2216 3834 2253 περι-

2198 2307 2438 2345 CIENTES.
2473 2291 2614 2355 Quia
2639 2292 2880 2361 superbis
2904 2294 3043 2345 Deus
3068 2294 3289 2352 resistit,
3318 2293 3610 2346 humilibus
3645 2298 3832 2346 autem

2199 2383 2296 2437 dat
2323 2387 2580 2452 gratiam.
2611 2385 2676 2438 Et
2716 2383 2849 2438 alibi
2878 2385 3150 2457 scriptum
3187 2389 3270 2438 est
3312 2401 3326 2438 :
3357 2385 3488 2456 quia
3513 2387 3686 2439 radii:
3725 2403 3838 2439 om-

2199 2479 2346 2530 nium
2371 2479 2634 2531 malorum
2658 2495 2708 2532 es
2721 2480 2991 2548 superbia.
3022 2479 3088 2532 Et
3112 2477 3404 2532 Psalmista
3427 2495 3440 2532 :
3463 2480 3598 2534 Alta
3619 2495 3656 2533 a
3681 2481 3839 2547 longe

2200 2573 2457 2638 agnoscit,
2475 2569 2532 2624 id
2560 2572 2996 2642 estsupei'biam.
3027 2573 3096 2624 Et
3122 2571 3248 2625 ideo
3273 2571 3438 2641 juxta
3466 2572 3711 2643 apostoli
3733 2575 3837 2626 Pe-

2199 2663 2269 2716 tri
2295 2669 2666 2734 praeceptum,
2684 2665 2971 2718 humiliari
3003 2681 3105 2718 nos
3131 2664 3402 2718 debemus
3432 2665 3491 2718 in
3519 2671 3838 2736 conspectu

2200 2756 2316 2812 Dei.
2341 2757 2610 2810 Dominus
2639 2757 2793 2811 enim
2823 2757 2900 2811 sic
2931 2757 3012 2812 ait
3039 2777 3054 2812 :
3084 2759 3257 2828 Super
3285 2774 3438 2828 quem
3479 2762 3837 2828 requiescam,

2199 2853 2310 2904 nisi
2351 2867 2512 2919 super
2553 2852 2806 2905 humilem
2850 2857 2899 2905 et
2935 2855 3193 2921 quietum,
3225 2857 3275 2906 et
3313 2856 3622 2906 trementem
3671 2854 3838 2906 verba

2198 2964 2315 3002 mea
2337 2950 2444 3002 ?Et
2473 2964 2486 3002 :
2518 2951 2710 3004 Discite
2733 2965 2768 3002 a
2789 2965 2867 3003 me
2881 2951 3012 3019 quia
3042 2952 3186 3003 mitis
3197 2965 3312 3004 sum
3339 2955 3387 3004 et
3413 2951 3636 3005 humilis
3655 2951 3835 3005 corde.

2201 3041 2477 3113 Superbia
2504 3043 2572 3096 de
2590 3043 2808 3114 angelis
2825 3039 3111 3098 daemones
3130 3043 3261 3098 fecit
3281 3043 3577 3098 humilitas
3607 3060 3743 3099 vero
3767 3045 3835 3099 de

473 3158 588 3196 mus
618 3142 1001 3212 apostolorum,
1047 3139 1144 3208 qui
1167 3154 1272 3192 non
1299 3153 1416 3191 sum
1445 3137 1639 3204 dignus
1663 3139 1845 3189 vocari
1892 3140 2098 3205 aposto-
2117 3166 2172 3240 Ο
2201 3134 2526 3190 hominibus
2555 3136 2806 3207 angelos.

477 3237 579 3299 lus,
609 3237 862 3305 quoniam
883 3236 1189 3304 persecutus
1217 3246 1334 3285 sum
1370 3231 1661 3284 Ecclesium
1698 3232 1811 3284 Dei.
1843 3231 1983 3285 Cum
2009 3229 2097 3283 his

2093 3501 2229 3623 V.

479 3705 693 3768 Lectio
725 3703 1029 3785 Epistolas
1068 3704 1242 3768 beati
1293 3703 1474 3768 Pauli
1521 3704 1799 3785 apostoli
1841 3704 1923 3766 ad
1955 3703 2318 3844 (lilomanop.
2351 3707 2488 3783 (xu,
2539 3706 2634 3786 16)
2683 3726 2696 3765 :
2738 3705 3018 3782 Fratres,
3063 3705 3260 3768 nolite
3305 3723 3435 3768 esse
3479 3706 3832 3787 prudentes

1817 3802 1950 3844 anu
2043 3801 2261 3844 vosme
2293 3803 2484 3844 msos.

1817 3801 1998 3865 apua
2043 3801 2484 3865 vosmetipsos.

1719 3917 2134 3972 CUMMENTUM
2181 3918 2598 3973 LUCULENTII.

550 4023 834 4095 Superiori
861 4023 1107 4094 capitulo
1145 4024 1363 4078 dixerat
1393 4041 1406 4078 :
1436 4028 1554 4081 Non
1586 4026 1702 4078 alta
1731 4028 2014 4094 sapientes,
2046 4025 2102 4078 id

480 4122 564 4172 est
612 4117 877 4187 superba.
911 4117 1153 4172 Subdit:
1203 4118 1401 4171 NOLITE
1449 4134 1568 4172 esse
1617 4135 1920 4172 PRUDENTES
1964 4134 2102 4173 APUD

479 4228 844 4267 VOSMETIPSOS.
876 4213 1019 4264 Duas
1067 4211 1332 4265 novimus
1372 4211 1723 4282 prudentius,
1753 4211 1849 4266 Dei
1877 4215 1934 4266 et
1977 4211 2100 4265 dia-

475 4307 617 4375 boli,
659 4304 844 4359 carnis
874 4309 929 4358 et
955 4304 1204 4375 spiritus.
1235 4305 1311 4358 De
1339 4305 1639 4375 prudentia
1669 4305 1762 4359 Dei
1801 4305 1950 4358 idem
1982 4305 2101 4376 ipse

2204 4025 2304 4093 dit,
2325 4025 2471 4079 ﬁlius
2493 4030 2576 4080 est
2603 4026 2739 4080 Adae
2759 4043 2774 4094 ;
2791 4027 2890 4097 qui
2904 4026 3118 4080 bonum
3143 4042 3248 4096 pro
3268 4027 3601 4094 bono,ﬁlius
3626 4035 3716 4084 est
3743 4031 3832 4084 bo-

2203 4119 2373 4172 minis
2395 4136 2410 4186 ;
2445 4119 2541 4189 qui
2568 4120 2784 4173 malum
2811 4135 2912 4190 pro
2940 4119 3116 4185 bono,
3145 4119 3296 4174 ﬁlius
3310 4125 3392 4175 est
3407 4121 3654 4176 diaboli:
3692 4124 3832 4177 sicut

2202 4211 2380 4264 Judiei
2397 4212 2602 4282 quibus
2619 4212 2892 4266 Dominus
2913 4214 3094 4268 multa
3106 4213 3258 4267 bona
3279 4229 3455 4285 opera
3469 4216 3722 4270 ostendit
3738 4234 3833 4287 pro

2203 4305 2406 4374 quibus
2437 4305 2761 4360 occiderunt
2791 4322 2944 4360 eum.
2970 4308 3034 4360 Et
3060 4307 3184 4361 ideo
3203 4305 3304 4360 ﬁlii
3331 4307 3538 4362 diaboli
3564 4310 3831 4380 appellati

476 4401 608 4454 dicit
633 4419 646 4454 :
677 4403 854 4454 Estote
868 4399 1165 4468 prudentes
1191 4401 1332 4452 sicut
1369 4404 1658 4467 serpentes.
1699 4399 1772 4453 De
1802 4399 2103 4469 prudentia
2121 4425 2180 4496 D
2205 4403 2356 4466 sunt,
2387 4399 2625 4452 Domino
2647 4399 2728 4451 eis
2746 4399 2997 4453 dicente:
3026 4403 3126 4456 Vos
3146 4415 3212 4453 ea:
3235 4405 3394 4470 patre
3411 4401 3624 4456 diaboli
3648 4412 3675 4438 ³
3693 4407 3828 4458 estis.

475 4493 660 4548 carnis
688 4493 839 4547 idem
869 4493 1154 4563 apostolus
1199 4491 1333 4546 dicit
1361 4509 1373 4546 :
1421 4493 1719 4547 Prudentia
1757 4495 1937 4546 carnis
1964 4507 2104 4546 mors

476 4592 552 4640 est
576 4605 592 4652 ;
624 4591 680 4639 et
712 4603 724 4640 :
765 4590 856 4642 Vae
887 4589 982 4655 qui
1002 4589 1266 4656 sapientes
1298 4589 1420 4640 estis
1445 4588 1501 4639 in
1527 4587 1693 4640 oculis
1716 4589 1924 4648 vestris,
1944 4591 1993 4640 et
2013 4601 2101 4639 co-

475 4696 594 4733 ram
619 4681 1002 4749 vobismetipsis
1023 4681 1315 4749 prudentes
1345 4681 1365 4733 !
1388 4681 1455 4734 Et
1480 4680 1796 4733 notandum
1827 4679 1958 4750 quia
1989 4696 2104 4733 non

475 4773 617 4827 dixit
669 4777 913 4840 tantum,
944 4775 1108 4827 nolite
1156 4789 1262 4827 esse
1286 4775 1612 4843 prudentes;
1645 4773 1741 4827 sed
1782 4789 1911 4826 cum
1944 4773 2101 4827 omni

475 4867 890 4934 additamento,
931 4867 1080 4936 apud
1127 4869 1488 4936 rosmctipsos.
1545 4867 1706 4937 Apud
1739 4866 2104 4938 semetipsum

471 4961 724 5030 prudens
740 4965 823 5015 est
849 4960 938 5014 ille
964 4959 1061 5030 qui
1090 4959 1277 5013 ulcisci
1295 4975 1353 5014 se
1371 4960 1489 5013 vult
1518 4960 1585 5013 de
1605 4959 1837 5014 inimico
1854 4976 1978 5025 suo,
2003 4959 2104 5030 qui

474 5053 833 5108 maledicenti
860 5070 917 5108 se
933 5051 1301 5120 remaledicit,
1317 5052 1730 5122 percutientem
1754 5070 1812 5106 se
1833 5053 2098 5124 percutit.

475 5145 571 5198 Hic
598 5147 722 5200 talis
747 5147 898 5216 apud
923 5147 1292 5218 semetipsum
1316 5146 1565 5217 prudens
1586 5151 1688 5200 est.
1719 5147 1830 5200 Nos
1849 5147 2097 5216 pruden-

474 5237 614 5290 tiam
662 5239 867 5292 animae
898 5243 1085 5296 tenere
1113 5240 1404 5307 debemus,
1432 5243 1496 5293 ut
1520 5239 1802 5310 possimus
1841 5239 2102 5294 resistere

475 5331 623 5383 malo
644 5348 656 5394 ;
687 5331 1042 5400 prudentiam
1064 5334 1249 5388 carnis
1264 5350 1648 5405 nequaquam,
1669 5338 1727 5386 ut
1744 5349 1846 5386 nos
1863 5333 2098 5387 ulcisca-

473 5440 623 5478 mur.
641 5425 806 5478 NrLLi
826 5440 1006 5477 MALUM
1026 5442 1124 5480 eno
1143 5444 1283 5481 MALO
1301 5427 1825 5481 nenoeuresﬁnllus
1842 5430 2098 5480 nostrum

471 5519 686 5572 malum
709 5534 812 5588 pro
828 5517 977 5571 malo
999 5519 1232 5573 reddere
1246 5521 1515 5575 debemus
1539 5520 1772 5591 [debet],
1798 5520 1893 5573 sed
1914 5519 2101 5590 potius

470 5631 575 5684 pro
611 5613 762 5666 malo
781 5612 1026 5666 bonum:
1059 5616 1287 5682 propter
1304 5612 1474 5668 illud:
1499 5617 1658 5669 Orate
1675 5631 1776 5684 pro
1785 5630 2102 5683 persequen-

473 5707 610 5761 tibus
635 5712 685 5761 et
701 5707 1160 5760 calumniantibus
1176 5720 1285 5760 vos.
1308 5706 1411 5770 Qui
1438 5709 1654 5761 malum
1675 5724 1778 5778 pro
1805 5708 1959 5762 malo
1979 5707 2100 5761 red-

2204 4491 2308 4555 Qui
2337 4508 2468 4545 vero
2523 4491 2770 4545 reddidit
2803 4492 3022 4546 bonum
3074 4510 3176 4562 pro
3203 4494 3376 4562 malo,
3417 4494 3567 4548 ﬁlius
3605 4502 3696 4550 est
3718 4497 3827 4560 Dei,

2206 4583 2302 4655 qui
2328 4602 2429 4655 pro
2457 4585 2659 4639 Judaeis
2686 4585 3148 4655 cruciﬁgentibus
3178 4580 3353 4642 oravit
3379 4587 3577 4642 dicens
3609 4608 3622 4643 :
3657 4591 3832 4650 Pater,

2205 4681 2414 4746 ignosce
2439 4679 2572 4741 illis,
2603 4681 2734 4748 quia
2759 4682 3000 4734 nesciunt
3026 4681 3173 4748 quod
3195 4682 3430 4748 faciunt.
3465 4681 3833 4738 Pnovmzxrrs

2207 4787 2344 4826 BONA
2375 4786 2482 4824 NON
2509 4787 2717 4826 ΤΑΝΤΙΣΜ
2763 4787 2937 4826 εοιυω
2980 4772 3112 4841 DEO,
3142 4787 3239 4828 SED
3272 4789 3437 4828 ΕΤῙΔΙ
3467 4789 3652 4830 (ῑοῐιΔιι
3680 4793 3828 4830 OINI-

2207 4880 2302 4918 nes
2331 4879 2648 4919 HOMINIBUS.
2678 4865 2738 4919 Id
2764 4868 2851 4919 est
2873 4865 3144 4920 facientes
3171 4866 3342 4935 bona,
3363 4867 3730 4926 ostendentes
3749 4869 3833 4923 bo-

2205 4974 2367 5023 num,
2410 4961 2708 5029 Operantes
2737 4958 2976 5028 bonum,
3003 4976 3120 5014 non
3143 4964 3210 5015 ut
3233 4960 3304 5014 ab
3347 4961 3682 5017 hominibus
3710 4965 3826 5018 lau-

2207 5053 2302 5106 des
2329 5050 2663 5122 captemini,
2688 5057 2925 5123 propter
2952 5052 3094 5107 illud
3122 5069 3136 5106 :
3165 5054 3445 5109 Attendite
3468 5071 3534 5110 ne
3552 5058 3827 5124 justitiam

2202 5149 2437 5200 vestram
2487 5147 2708 5211 faciatis
2759 5161 2935 5200 coram
2988 5147 3311 5209 hominibus,
3341 5153 3401 5202 ut
3442 5149 3744 5204 videamini
3765 5151 3827 5204 ab

2206 5241 2322 5306 eis;
2354 5239 2451 5294 sed
2496 5243 2726 5309 propter
2775 5239 3154 5296 intentionem
3197 5241 3323 5295 vita:
3365 5247 3616 5310 aeternae,
3647 5244 3736 5299 vel
3767 5246 3826 5297 ut

2204 5332 2416 5388 caeteris
2453 5332 2666 5386 bonum
2713 5334 3032 5404 exemplum
3061 5334 3445 5404 ostendamus,
3478 5337 3718 5392 Domino
3743 5337 3824 5392 di-

2203 5431 2362 5480 cente
2395 5443 2408 5480 :
2437 5428 2523 5482 Sic
2552 5411 2724 5481 luceat
2753 5427 2850 5480 lum
2876 5433 3051 5482 vestra
3091 5444 3270 5483 coram
3311 5431 3636 5492 hominibus,
3667 5439 3726 5485 ut
3751 5434 3826 5484 ri-

2204 5520 2367 5574 deant
2395 5535 2556 5589 opera
2579 5525 2756 5575 eestra
2789 5521 2946 5582 bona,
2975 5526 3026 5576 et
3050 5523 3346 5592 gloriﬁcent
3369 5526 3588 5578 Patrem
3603 5530 3825 5579 vestrum

2202 5616 2301 5682 qui
2342 5617 2398 5668 in
2440 5615 2581 5668 ccelis
2621 5620 2716 5669 est.
2747 5615 2811 5669 Et
2853 5615 2994 5670 illud
3023 5616 3316 5686 Apostoli:
3368 5620 3828 5676 Concersationem

2201 5712 2431 5761 vestrum
2449 5711 2590 5762 inter
2617 5713 2796 5778 gentes
2816 5710 3064 5766 habentes
3084 5711 3294 5775 bonam,
3322 5716 3384 5766 ut
3409 5714 3466 5768 in
3494 5729 3554 5768 eo
3581 5713 3724 5786 quod
3746 5712 3829 5765 de-

543 5860 562 5885 "
593 5853 667 5905 De
697 5857 848 5926 patre
879 5852 1084 5909 diaboli
1119 5851 1394 5909 videndus
1423 5856 1505 5906 est
1536 5851 1764 5906 Photius
1788 5852 1845 5909 in
1873 5852 2374 5928 Amphilochianis.
