4054 6186
237 311 323 376 821
704 378 709 380 _
1429 317 1496 376 IN
1550 320 1696 376 CAP.
1738 319 1854 376 Xlll
1891 321 1978 378 AD
2025 319 2356 378 RUMANOS.
3459 315 3561 380 822

232 427 458 480 tractant
477 422 543 480 de
563 422 712 482 vobis
735 429 999 497 tanquam
1029 427 1096 484 de
1119 427 1578 496 malefactoribus,
1605 445 1674 485 ea:
1690 430 1839 485 bonis
1860 439 1920 514 Α
1939 428 2083 483 mola
2104 431 2352 484 asinaria
2377 431 2437 484 in
2463 429 2597 484 collo
2639 426 2770 500 ejus,
2803 436 2854 487 et
2878 429 3226 503 demergatur
3244 429 3302 488 in
3325 435 3561 505 profun-

231 517 462 591 operibus
485 533 572 574 vos
591 520 1006 584 considerantes,
1033 522 1330 592 gloriﬁcent
1353 525 1639 578 Dominum
1665 525 1726 578 in
1753 523 1842 578 die
1939 521 2068 578 dum
2082 525 2270 578 maris.
2300 522 2449 595 Ergo
2478 520 2555 578 illi
2585 521 2720 578 ultio
2747 525 3093 582 reservanda
3113 530 3216 593 est,
3235 525 3334 598 qui
3361 526 3440 582 ita
3465 542 3564 582 no-

231 613 558 668 visitationis.
599 611 873 668 Omnibus
902 613 1232 670 hominibus
1261 615 1413 685 dicit,
1443 616 1669 687 Iudaeis,
1699 618 1836 672 Bar-
1938 614 2018 670 vit
2042 615 2233 670 ulcisci
2260 615 2495 687 injurias
2525 622 2867 672 sanctorum.

233 703 372 762 baris
396 710 452 760 et
492 705 728 777 Scythis,
761 707 988 777 Graecis,
1019 708 1255 778 Latinis,
1289 712 1345 764 et
1373 709 1636 766 omnibus
1659 711 1841 766 omni-
2011 709 2112 764 Sno
2160 726 2206 765 ει
2251 726 2528 766 ESUBIERIT
2577 727 2816 766 imulcus
2844 712 3003 780 τως,
3051 728 3173 768 CIBA
3216 728 3397 768 iLLuu.
3441 713 3560 769 Non

233 815 317 865 no,
356 798 567 854 bonum
602 800 930 872 exemplum
976 801 1271 857 ostendere
1311 802 1616 870 debemus;
1661 820 1841 860 coram
1938 801 2146 858 sufﬁcit
2179 802 2342 857 alicui
2377 804 2592 858 malum
2622 820 2726 876 pro
2763 805 2908 858 malo
2935 821 3054 860 non
3102 805 3362 875 reddere,
3390 805 3498 860 nisi
3529 823 3562 862 e

234 895 348 954 Deo,
373 897 435 946 ut
455 891 538 946 illi
558 893 918 965 placeamus;
949 910 1126 953 coram
1147 896 1466 962 hominibus,
1499 903 1563 952 ut
1589 913 1694 953 nos
1939 896 2221 952 contrario
2269 913 2383 951 non
2416 897 2632 951 dederit
2656 898 2740 952 vel
2767 897 3030 952 tribuerit
3057 914 3124 952 ea
3149 914 3276 969 quae
3307 897 3558 971 indiget;

233 989 433 1042 tentur.
1937 993 2173 1062 propter
2193 989 2368 1044 illud:
2399 991 2504 1058 Qui
2524 991 2772 1046 habuerit
2797 992 3153 1046 substantiam
3180 992 3388 1055 mundi,
3418 997 3469 1048 et
3485 994 3562 1047 vi-

297 1079 350 1136 Si
369 1095 506 1138 ωειλ]
533 1097 744 1151 rorssr,
773 1098 916 1144 ocos
942 1099 1006 1138 ex
1033 1097 1186 1138 vosxs
1208 1099 1323 1152 nsr,
1349 1101 1456 1140 CUM
1483 1101 1714 1144 onmsus
1747 1104 1840 1140 ao-
1937 1083 2081 1138 derit
2097 1085 2328 1150 fratrem
2355 1099 2510 1138 suum
2539 1099 2737 1139 necesse
2766 1085 2978 1147 habere,
3005 1090 3056 1139 et
3083 1086 3334 1140 clauserit
3359 1087 3562 1140 viscera

236 1189 439 1229 nmmos
469 1190 644 1230 ΡΑςειι
675 1192 966 1232 HABENTES.
993 1178 1278 1241 Quantum
1302 1177 1363 1232 in
1389 1179 1553 1234 nobis
1579 1183 1680 1249 est,
1708 1196 1840 1236 cum
1936 1191 2036 1233 sua
2079 1178 2148 1230 ab
2191 1192 2268 1239 eo,
2315 1177 2572 1247 quomodo
2614 1179 2854 1232 Charitas
2886 1180 2984 1233 Dei
3027 1183 3209 1232 manet
3245 1181 3302 1232 in
3343 1195 3400 1234 eo
3423 1181 3450 1232 ?
3495 1179 3562 1233 Et

231 1266 474 1322 omnibus
496 1267 828 1324 hominibus
851 1286 1056 1340 pacem
1085 1271 1293 1326 habere
1339 1271 1630 1340 debemus,
1667 1278 1723 1328 et
1749 1274 1836 1328 di-
1939 1269 2255 1341 specialiter
2283 1269 2451 1324 verbo
2493 1267 2907 1341 praedicationis
2959 1271 3344 1343 unusquisque
3395 1277 3564 1343 prout

231 1375 342 1416 cere
385 1376 515 1416 cum
569 1361 904 1417 Psalmista:
947 1367 1078 1422 Cum
1121 1365 1203 1420 his
1249 1367 1346 1435 qui
1389 1366 1617 1421 oderunt
1649 1383 1839 1438 pacem
1937 1364 2084 1418 valet
2132 1363 2456 1436 proximum
2501 1363 2688 1418 cibare
2743 1363 2928 1420 debet.
2979 1366 3088 1418 Hoc
3137 1381 3267 1420 mnu
3321 1382 3558 1433 rscmxs,

232 1469 364 1510 eram
402 1457 679 1525 paciﬁcus.
727 1456 834 1512 Sed
883 1457 1004 1513 haec
1048 1458 1300 1512 humana
1341 1459 1620 1531 fragilitas
1655 1461 1839 1517 dicere
1941 1473 2212 1513 annonas
2235 1474 2376 1512 IGNIS
2403 1473 2676 1513 conoesss
2703 1475 2868 1512 suras
2896 1474 3064 1512 CAPUT
3087 1475 3229 1512 ams.
3254 1458 3396 1513 Sunt
3423 1475 3561 1514 non-

172 1591 180 1598 .
229 1547 388 1604 solet:
419 1549 712 1614 Quomodo
737 1567 935 1622 pacem
976 1551 1184 1606 habere
1225 1569 1455 1623 possum
1484 1569 1615 1608 cum
1641 1569 1706 1608 eo
1739 1555 1839 1626 qui
1937 1550 2078 1605 nulli
2109 1550 2206 1622 qui
2231 1567 2297 1605 ea
2323 1549 2637 1605 intentione
2663 1549 2849 1604 cibant
2876 1549 3131 1604 inimicos
3157 1567 3304 1618 suos,
3347 1555 3411 1605 ut
3436 1568 3558 1606 car-

231 1657 313 1696 me
356 1643 734 1715 persequitur,
773 1644 872 1716 qui
916 1644 1059 1700 mihi
1096 1661 1186 1700 res
1213 1661 1367 1700 meas
1416 1646 1603 1701 aufert
1629 1647 1657 1702 ‘l
1693 1647 1838 1703 Audi
1938 1643 2114 1697 bones
2145 1642 2316 1715 ignis,
2343 1643 2449 1698 hoc
2477 1648 2560 1698 est
2583 1659 2794 1714 poenas,
2822 1642 2932 1697 illis
2959 1643 3242 1714 ingerunt.
3273 1643 3378 1707 Qui
3405 1643 3559 1698 enim

233 1736 479 1791 eumdem
508 1738 828 1810 apostolum
855 1738 1136 1794 dicentem
1170 1755 1183 1794 :
1215 1740 1439 1795 Dilectio
1468 1743 1705 1810 proximi
1726 1759 1840 1796 ma-
1861 1804 1904 1810 _
1939 1736 2128 1791 taliter
2152 1735 2298 1792 cibat
2323 1737 2409 1792 vel
2438 1740 2598 1808 potat
2623 1736 2924 1791 inimicum
2951 1753 3139 1803 suum,
3173 1753 3294 1790 non.
3314 1753 3447 1791 eum
3473 1736 3558 1792 di-

232 1830 330 1884 lum
347 1846 448 1885 non
476 1804 752 1901 operatur.
783 1832 1084 1902 Caeterum,
1118 1833 1164 1886 si
1189 1832 1318 1904 quis
1345 1804 1618 1904 paganus,
1648 1833 1693 1889 si
1713 1835 1842 1907 quis
1861 1804 1916 1877 B
1941 1830 2068 1901 ligit
2084 1829 2229 1884 sicut
2251 1847 2328 1884 se.
2357 1804 2466 1885 Sed
2493 1846 2607 1884 non
2635 1829 2822 1884 taliter
2851 1829 3036 1883 cibare
3060 1831 3147 1884 vel
3176 1834 3370 1901 potare
3399 1823 3564 1885 debe-

233 1923 628 1993 schismaticus,
659 1924 706 1979 si
749 1924 876 1995 quis
902 1924 1222 1995 haereticus,
1255 1926 1323 1980 de
1348 1926 1436 1979 via
1463 1926 1714 1982 veritatis
1741 1928 1839 1984 de-
1941 1940 2070 1977 mus
2093 1923 2388 1978 inimicum
2415 1928 2694 1990 nostrum,
2728 1922 2822 1976 sed
2854 1922 3040 1992 potius
3077 1927 3143 1976 ut
3169 1938 3300 1976 eum
3325 1939 3563 1977 conver-

231 2016 370 2071 viare
391 2017 529 2088 vult,
552 2034 750 2089 pacem
777 2035 907 2072 cum
937 2017 1015 2073 eis
1033 2019 1248 2075 habere
1274 2036 1390 2074 non
1418 2036 1715 2090 possumus
1739 2038 1843 2077 nec
1942 2015 2126 2066 tamus
2151 2012 2223 2066 ad
2253 2029 2372 2066 nos.
2409 2012 2479 2067 Ut
2504 2011 2602 2083 qui
2620 2015 2750 2065 ante
2781 2026 2882 2064 nos
2910 2026 3104 2064 exosos
3130 2010 3392 2080 habebat,
3420 2011 3562 2066 inci-

233 2109 506 2166 debemus.
529 2111 639 2166 Sed
659 2111 859 2166 melius
875 2115 960 2166 est
978 2113 1306 2183 permittere
1321 2113 1650 2168 scandalum
1663 2113 1839 2183 nasci,
1941 2105 2060 2178 piat
2084 2105 2340 2176 diligel‘e-
2369 2104 2473 2169 Qui
2500 2103 2693 2158 taliter
2712 2103 2896 2175 diligit
2925 2103 3223 2158 inimicum
3245 2121 3432 2171 suum,
3450 2120 3564 2158 Cal“

232 2219 387 2274 quam
435 2209 498 2258 ut
543 2203 747 2260 veritas
791 2205 998 2261 Christi
1036 2205 1410 2277 relinquatur.
1455 2207 1734 2261 Caeterum
1783 2207 1841 2260 in
1941 2199 2122 2253 bones
2148 2197 2298 2270 ignis
2321 2197 2401 2252 illi
2439 2200 2710 2267 congeret
2735 2212 2907 2268 super
2932 2201 3120 2267 caput,
3156 2197 3263 2251 hoc
3294 2202 3379 2252 est
3407 2214 3561 2252 amo-

231 2295 327 2350 illis
370 2301 636 2352 naturam
689 2298 950 2370 diligere,
987 2298 1186 2354 vitium
1214 2299 1372 2354 odire
1400 2299 1696 2354 debemus,
1727 2301 1841 2355 Non
1943 2308 2062 2346 rem
2089 2291 2400 2346 charitatis.
2433 2291 2726 2345 Carbones
2761 2289 2914 2344 enim
2942 2289 3172 2359 mortui,
3203 2290 3250 2344 si
3279 2291 3401 2345 vivo
3427 2307 3561 2346 con-

233 2405 566 2444 vasum-Ipsos
593 2407 983 2460 DEFENDENTES,
1014 2409 1338 2462 casmssnn,
1365 2393 1420 2447 id
1460 2397 1542 2448 est
1566 2393 1841 2448 ulcisccn-
1936 2385 2274 2456 junguntur,
2325 2384 2506 2438 εοῙΘῐιῒ
2550 2383 2804 2438 accendi-
2845 2382 2932 2438 Sic
2962 2387 3019 2437 et
3063 2382 3110 2436 i3
3139 2382 3236 2454 qui
3283 2389 3411 2438 ante
3465 2401 3568 2440 n03

229 2487 324 2536 tes,
361 2483 559 2538 Nullus
604 2485 759 2540 enim
813 2489 1069 2540 nostrum
1118 2487 1486 2556 semetipsum
1541 2486 1843 2541 defendere
1945 2495 2142 2533 exosos
2167 2476 2427 2544 habebat,
2456 2476 2501 2529 si
2529 2476 2735 2534 viderit
2760 2492 2818 2530 se
2845 2475 3006 2547 diligi
3030 2493 3062 2529 a
3088 2476 3267 2542 nobis,
3291 2476 3488 2547 incipit
3513 2483 3570 2532 et

233 2574 399 2644 debet,
422 2580 659 2648 propter
681 2577 857 2632 illud:
889 2579 950 2634 Si
975 2580 1094 2648 quis
1120 2584 1169 2633 te
1187 2582 1511 2648 percusserit
1538 2581 1595 2634 in
1619 2579 1845 2634 dextera
1943 2572 2062 2642 ipse
2115 2569 2350 2642 diligere
2383 2585 2504 2624 1105-
2545 2569 2833 2639 Scriptum
2862 2569 3018 2622 enim
3045 2573 3130 2623 est
3157 2585 3171 2622 ε
3222 2571 3352 2626 Cum
3387 2575 3568 2624 εαηοΐο

232 2670 464 2732 mas-ma,
483 2671 670 2740 ρτ-ωδε
699 2673 749 2724 ei
768 2675 819 2726 et
837 2671 1088 2725 alteram,
1110 2672 1211 2726 Et;
1242 2672 1403 2728 orate
1415 2687 1846 2742 propersequen.
1942 2669 2158 2719 sanctus
2185 2665 2308 2718 eris.
2351 2661 2420 2716 Hi
2445 2667 2578 2716 sunt
2602 2661 2872 2715 carbones
2915 2661 2984 2716 de
3013 2661 3221 2732 quibus
3250 2661 3384 2716 dicit
3434 2680 3565 2733 pro-

234 2761 359 2816 tibus
399 2769 448 2817 et
495 2764 955 2819 calumniantibus
992 2780 1102 2819 vos.
1153 2763 1383 2818 Duobus
1413 2763 1626 2818 etenim
1655 2765 1843 2819 modis
1945 2757 2116 2828 pheta
2142 2774 2156 2810 τ
2189 2756 2366 2811 Habes
2409 2755 2660 2808 carbones
2685 2755 2848 2824 ignis,
2880 2755 3003 2808 Sede
3029 2755 3300 2823 supeTbOS,
3329 2755 3390 2807 hi
3415 2760 3570 2809 erant

232 2870 396 2911 Locus
419 2872 525 2912 nus
553 2856 685 2911 dare
707 2856 996 2924 debemus,
1023 2857 1236 2912 scilicet
1253 2863 1350 2912 aut
1373 2873 1489 2912 non
1508 2857 1842 2927 resistendo,
1946 2851 2048 2905 tibi
2071 2853 2130 2904 in
2154 2849 2509 2918 adiutorium
2539 2847 2717 2918 caput
2741 2861 2873 2900 “3P0
2903 2845 3042 2901 illud
3062 2845 3380 2917 intelligere
3405 2847 3573 2902 debe-

231 2953 318 3002 aut
343 2953 488 3005 certe
516 2949 813 3021 fugiendo.
864 2951 1076 3005 Locum
1102 2951 1201 3006 irae
1247 2951 1378 3006 dare
1409 2950 1681 3006 debemus
1728 2968 1832 3006 nor

1969 2960 2092 3012 nus,
2123 2943 2193 2997 de
2223 2958 2335 3014 quo
2360 2939 2632 2995 Dominus
2657 2939 2717 2992 in
2767 2939 3107 3010 Evangelio:
3155 2942 3348 2994 Levate
3387 2943 3570 3010 capita

233 3041 547 3110 resistendo,
569 3060 685 3098 non
706 3043 1174 3113 remaledicendo,
1191 3060 1306 3099 non
1324 3045 1714 3116 repugnando,
1732 3062 1846 3099 non
1944 3041 2144 3099 vestra,
2172 3036 2425 3106 quoniam
2447 3033 2906 3104 appropinquabit
2931 3032 3224 3102 redemptio
3242 3037 3420 3088 vestra
3437 3034 3569 3088 Nou

232 3131 565 3202 reluctando,
575 3133 739 3204 juxta
763 3133 1062 3204 praefatum
1081 3133 1494 3189 testimonium.
1513 3134 1720 3188 Locum
1747 3134 1845 3188 iraa
1866 3167 1921 3242 Ο
1945 3145 2087 3182 VINCI
2115 3145 2148 3182 Δ
2189 3143 2350 3196 ιιΑιο,
2390 3143 2484 3180 san
2511 3141 2667 3180 νίκαις
2696 3141 2748 3178 lN
2775 3139 2918 3180 BONO
2956 3141 3163 3180 unum.
3208 3127 3338 3183 Noli
3365 3127 3511 3181 vinci
3533 3144 3569 3182 a

236 3219 351 3242 Δ---
386 3221 648 3242 J_L-_A--_
693 3222 747 3242 1⁵--
766 3222 882 3242 με--
904 3221 961 3242 ,1-
1017 3222 1153 3242 ,2Α--ι
1184 3227 1229 3242 ,Δ
1256 3221 1369 3242 2--,
1397 3221 1664 3242 Π----2----
1687 3222 1813 3242 β,-ἓι
1950 3223 2083 3242 Α--..Ι-
2142 3221 2193 3242 2.]
2235 3225 2309 3242 --1.
2338 3219 2401 3242 ,1.
2449 3236 2508 3242 --
2550 3219 2640 3242 ---ζ
2671 3223 2723 3242 Δ.-
2756 3217 3115 3242 κΑ-ΑΑ-Αι-.-2ιιεαα
3143 3224 3193 3242 ,ιι
3232 3219 3345 3242 ,ΔΕΑ
3377 3237 3390 3242 -
3446 3221 3484 3242 ,2
3515 3227 3564 3242 Α-

233 3219 354 3275 dare
379 3221 663 3284 debemus,
693 3221 990 3292 fugiendo,
1012 3222 1156 3276 sicut
1177 3227 1233 3277 et
1256 3221 1375 3292 ipse
1397 3221 1668 3276 Dominus
1686 3222 1843 3292 fecit,
1868 3217 1921 3242 ν
1944 3223 2108 3284 malo,
2141 3221 2199 3276 id
2229 3225 2312 3275 est
2336 3219 2406 3274 ab
2445 3236 2512 3274 eo
2546 3219 2644 3290 qui
2671 3223 2726 3272 te
2756 3217 3115 3289 persequitur
3139 3224 3196 3273 et
3227 3219 3347 3274 odit
3377 3237 3391 3274 :
3443 3221 3488 3274 si
3515 3227 3569 3276 te

232 3313 319 3384 qui
345 3314 620 3386 fugiendo
650 3331 720 3370 ex
750 3317 989 3386 Λεωτρῑο
1035 3315 1321 3369 declinare
1363 3315 1564 3370 voluit.
1612 3316 1678 3370 Et
1713 3315 1847 3370 alibi
1945 3315 2188 3369 similem
2213 3313 2317 3368 sibi
2346 3311 2559 3379 fecerit,
2581 3311 2758 3366 victus
2788 3327 2846 3366 es
2871 3311 2942 3365 ab
2971 3327 3059 3365 eo.
3087 3312 3192 3368 Sed
3213 3315 3366 3368 vince
3389 3315 3446 3367 in
3471 3315 3562 3368 bo-

234 3423 351 3462 cum
365 3407 614 3480 lapidare
627 3425 758 3464 eum
771 3409 996 3476 vellent,
1014 3408 1307 3463 abscondit
1321 3409 1844 3480 seabeis,quando,
1945 3423 2013 3462 no
2038 3408 2262 3469 malum,
2306 3405 2361 3460 id
2387 3410 2472 3460 est
2495 3405 2556 3458 in
2583 3403 2855 3476 patientia
2897 3402 3056 3458 vince
3098 3403 3220 3473 ejus
3259 3404 3556 3460 malitiam.

235 3499 364 3555 sicut
399 3501 543 3556 dicit
583 3501 971 3574 Evangelium,
1005 3502 1245 3556 tulerunt
1273 3502 1481 3572 lapides
1528 3506 1589 3556 ut
1606 3501 1850 3570 jacerent
1945 3501 2155 3555 Aliter:
2187 3500 2315 3556 Noli
2337 3501 2484 3552 vinci
2510 3514 2544 3551 a
2566 3498 2731 3559 malo,
2755 3496 2812 3550 id
2838 3498 2922 3550 est
2943 3512 2976 3548 a
3003 3495 3242 3564 diabolo,
3273 3497 3343 3551 de
3370 3515 3482 3569 quo
3508 3497 3567 3554 in

235 3595 286 3646 in
329 3609 462 3658 eum,
491 3597 643 3650 Iesus
671 3600 852 3650 autem
871 3596 1147 3650 abscondit
1175 3611 1228 3650 se
1253 3599 1305 3649 et
1335 3597 1503 3649 exivit
1527 3595 1593 3649 de
1631 3595 1845 3665 templo.
1948 3593 2252 3664 Evangelia
2278 3591 2552 3662 scriptum
2575 3595 2676 3656 est,
2705 3589 2856 3660 quod
2881 3591 3058 3643 malus
3080 3590 3230 3644 homo
3253 3595 3566 3660 supersemi-

236 3681 296 3735 Et
316 3682 380 3738 de
423 3701 490 3739 eo
523 3683 792 3754 scriptum
823 3689 905 3738 est
945 3684 1078 3756 quia
1104 3687 1262 3754 coepit
1296 3687 1446 3740 Iesus
1467 3685 1648 3751 facere
1673 3687 1723 3737 et
1749 3684 1847 3737 do-
1947 3690 2100 3742 navit
2121 3688 2389 3740 zizaniam
2414 3687 2470 3738 in
2493 3683 2666 3756 medio
2687 3684 2856 3736 tritici
2879 3687 2929 3736 et
2949 3683 3105 3737 abiit.
3134 3683 3203 3736 Et
3248 3683 3384 3737 illud
3417 3701 3430 3738 :
3460 3685 3570 3740 Aut

235 3789 356 3829 cere.
397 3777 589 3832 Melius
627 3782 712 3832 est
745 3777 897 3832 enim
939 3777 1212 3848 fugiendo
1261 3778 1448 3831 locum
1492 3776 1647 3842 dare,
1676 3791 1850 3847 quam
1947 3781 2113 3848 facite
2139 3779 2383 3834 arborem
2409 3755 2612 3832 malum
2639 3780 2689 3830 et
2714 3778 2924 3843 fructus
2950 3777 3065 3844 ejus
3089 3777 3296 3842 malos;
3350 3793 3462 3848 quo
3491 3777 3572 3832 in-

236 3870 460 3938 superbe
500 3870 784 3925 manendo
808 3871 1055 3925 residere
1091 3870 1208 3943 [pro
1234 3869 1536 3941 resistere].
1566 3871 1696 3925 Mm:
1723 3885 1846 3923 vuv-
1949 3872 2222 3944 telligitur
2248 3870 2500 3926 diabolus
2527 3875 2583 3924 et
2610 3869 2757 3924 mala
2782 3869 2904 3940 ejus
2929 3885 3120 3941 opera.
3171 3871 3356 3924 Bonus
3381 3874 3570 3925 autem

236 3976 434 4032 morsu,
487 3979 589 4018 nco
621 3979 944 4032 RETBIBUAH,
992 3980 1128 4018 mcrr
1167 3965 1434 4036 DOMINUS.
1481 3962 1570 4018 Sic
1617 3979 1675 4017 se
1716 3961 1853 4016 dicit
1951 3965 2414 4023 Christuswnde
2439 3963 2643 4018 dicitur
2667 3979 2680 4017 :
2706 3965 2818 4019 Aut
2839 3964 3008 4030 facile
3034 3964 3278 4018 arborem
3306 3965 3498 4020 bonam
3524 3970 3575 4020 et

237 4053 500 4110 Dominus
547 4055 816 4127 injuriam
854 4062 1180 4112 sanctorum
1232 4056 1646 4111 vindicaturum
1691 4054 1851 4128 quasi
1947 4064 2157 4130 fructus
2200 4059 2310 4128 ejus
2361 4059 2536 4112 bonos.
2570 4057 2646 4111 De
2675 4073 2789 4129 quo
2818 4056 2877 4112 in
2926 4055 3184 4128 psalmo:
3231 4060 3372 4114 Mihi
3395 4064 3574 4116 autem

237 4163 406 4203 suam.
435 4151 505 4204 Et
529 4149 656 4205 ideo
685 4149 874 4204 nullus
892 4154 1152 4205 nostrum
1167 4149 1416 4222 seipsum
1443 4149 1726 4204 vindicare
1755 4149 1850 4204 de—
1951 4155 2224 4210 adhaerere
2266 4155 2370 4208 Deo
2416 4151 2608 4206 bonum
2645 4155 2744 4206 est.
2773 4154 2836 4206 In
2879 4151 3010 4204 bono
3060 4153 3212 4206 vince
3238 4151 3461 4219 malum,
3515 4153 3573 4208 in

236 4239 340 4310 bet,
371 4242 504 4314 quia
546 4243 823 4299 habemus
850 4243 1098 4298 ultorem
1123 4244 1301 4298 Deum
1329 4243 1424 4315 qui
1451 4248 1672 4298 nostras
1699 4242 1847 4314 inju-
1950 4247 2169 4302 Christo
2195 4245 2506 4300 diabolum.
2549 4246 2660 4298 Aut
2685 4246 2835 4298 certe
2861 4243 2974 4297 noli
2990 4245 3137 4298 vinci
3162 4260 3196 4297 a
3220 4244 3384 4306 malo,
3411 4244 3468 4298 id
3491 4249 3574 4300 est

238 4333 337 4387 rias
363 4335 528 4406 quasi
565 4353 692 4390 suas
719 4335 1100 4391 vindicaturus
1120 4341 1221 4391 est.
1254 4337 1359 4401 Qui
1388 4353 1490 4408 per
1515 4337 1853 4409 prophetam
1957 4356 1992 4394 a
2015 4343 2260 4411 peccato,
2291 4337 2360 4392 ab
2381 4353 2552 4408 opere
2579 4336 2780 4390 carnis.
2807 4335 2912 4391 Sed
2933 4337 3081 4390 vince
3105 4338 3164 4390 in
3191 4335 3322 4391 bono
3347 4337 3572 4401 malum,

239 4425 361 4482 dicit
389 4447 403 4483 :
433 4430 542 4496 Qui
571 4432 744 4497 tangit
769 4446 880 4493 vos,
907 4432 1069 4500 quasi
1089 4431 1186 4500 qui
1213 4432 1392 4500 tangit
1415 4431 1690 4500 pupillam
1716 4430 1855 4484 oculi
1955 4432 2011 4487 id
2037 4435 2122 4486 est
2139 4431 2198 4484 in
2221 4431 2410 4484 fructu
2425 4428 2675 4500 spiritus.
2697 4429 2774 4482 De
2799 4443 2912 4498 quo
2931 4427 3082 4482 idem
3097 4427 3384 4499 apostolus
3405 4429 3571 4484 dicit:

239 4524 352 4576 mei.
383 4523 451 4577 Et
480 4522 541 4578 in
573 4523 873 4594 Evangelio
902 4539 916 4577 :
969 4525 1074 4592 Qui
1113 4524 1569 4578 scandalizaverit
1593 4538 1760 4576 unum
1787 4538 1855 4576 ea:
1953 4528 2174 4581 Fructus
2197 4527 2377 4578 autem
2396 4523 2622 4592 spiritus
2639 4525 2735 4576 est.
2763 4523 2924 4577 Vince
2949 4521 3173 4586 malum,
3195 4520 3253 4577 id
3279 4525 3362 4577 est
3384 4538 3578 4595 pecca-

241 4613 314 4669 his
330 4617 570 4688 pusillis,
601 4619 698 4688 qui
717 4619 776 4672 in
801 4633 884 4673 me
911 4617 1154 4682 credunt,
1181 4621 1386 4688 oportet
1413 4621 1472 4672 ut
1495 4616 1856 4688 suspendatur
1955 4617 2099 4682 tum,
2133 4610 2521 4668 mortiﬁcando
2550 4625 2724 4683 opera
2751 4609 2954 4666 carnis.

1818 4945 2015 5068 VI.

246 5138 451 5208 Lectio
481 5143 782 5229 Epistolas
803 5145 976 5210 beati
993 5145 1174 5212 Pauli
1206 5145 1483 5228 apostoli
1505 5144 1950 5229 adRomanos
1974 5145 2228 5229 (xuiLS)
2258 5143 2594 5229 :_Fratres,
2619 5141 2872 5205 nemini
2880 5139 3246 5223 quidquam
3275 5141 3580 5221 debeatis,

1474 5225 1608 5288 nisi
1630 5233 1705 5288 ut
1733 5225 2008 5289 invicem
2037 5225 2354 5306 diligatis.

1339 5360 1866 5417 COMMENTUM
1931 5357 2480 5416 LUCULENTII.

313 5465 576 5538 Superius
599 5470 971 5526 admonuerat
985 5470 1281 5541 Apostolus
1293 5471 1579 5526 Romanos
1598 5466 1860 5522 omnibus
1879 5481 1939 5553 D
1962 5483 2182 5524 LIGATIS.
2213 5468 2326 5521 Hoc
2351 5465 2539 5537 ipsum
2571 5466 2627 5518 et
2656 5462 2932 5518 Dominus
2959 5462 3142 5518 facere
3171 5463 3430 5534 praecipit
3455 5477 3585 5516 cum

249 5556 493 5616 debitum
511 5563 1054 5634 persolvere,dicens
1074 5580 1087 5618 :
1105 5562 1586 5620 Redditeomnibus
1599 5561 1858 5623 debitum,
1963 5561 2098 5616 dicit
2125 5577 2139 5616 :
2171 5560 2394 5617 Reddite
2421 5574 2540 5629 quae
2562 5563 2686 5614 sunt
2716 5559 2942 5616 Cwsaris
2971 5557 3188 5618 Cmsari,
3225 5559 3277 5609 et
3311 5569 3432 5623 quae
3466 5559 3593 5608 sunt

249 5653 332 5706 cui
367 5655 626 5710 tributum
655 5657 936 5720 tributum,
966 5659 1055 5712 cui
1093 5658 1341 5712 honorem
1369 5657 1637 5719 honorem,
1669 5657 1756 5710 cui
1787 5657 1859 5710 ti-
1964 5657 2060 5710 Dei
2086 5657 2210 5709 Deo.
2259 5654 2353 5708 Est
2380 5652 2533 5708 enirn
2561 5651 2815 5707 debitum
2843 5649 2994 5722 quod
3025 5649 3103 5702 ita
3138 5647 3455 5718 persolvere
3485 5645 3588 5702 de-

251 5760 439 5801 morem
455 5752 714 5813 timorem,
735 5751 825 5805 cui
842 5751 1503 5821 vectigalvectigal;nunc
1517 5749 1797 5804 subinfert
1809 5755 1864 5803 et
1962 5747 2164 5802 bemus
2196 5763 2210 5801 :
2239 5747 2294 5802 id
2325 5751 2409 5802 est
2432 5747 2478 5800 si
2507 5745 2710 5818 aliquis
2738 5761 2841 5798 nos
2867 5741 3011 5796 laesit
3036 5739 3122 5794 vel
3150 5738 3453 5810 injuriatus
3481 5744 3586 5810 est,

253 5837 411 5897 dicit:
445 5843 644 5900 Nasum
691 5861 967 5910 QUIDQUAM
995 5860 1264 5912 DEBBATIS,
1299 5859 1399 5903 msx
1433 5859 1500 5900 υτ
1529 5858 1750 5900 mvrcsu
1780 5859 1863 5900 Dl-
1967 5842 2074 5900 hoc
2089 5841 2341 5900 debitum
2366 5839 2705 5917 persolvere,
2727 5841 2792 5892 ut
2809 5835 2960 5888 ultra
2983 5831 3200 5888 malum
3225 5847 3328 5907 pro
3342 5831 3447 5889 hoc
3474 5851 3589 5897 non
