4054 6186
488 339 590 407 823

1978 338 2376 400 LUCULENTII

3745 331 3873 392 824

482 451 946 530 respondeamus.
973 445 1042 508 Ut
1093 447 1269 506 libere
1297 445 1604 506 audeamus
1644 449 1830 506 dicere
1882 451 1941 506 in
1975 469 2103 534 pra-
2124 463 2183 536 Α
2203 452 2360 507 dunt.
2394 450 2512 505 Non
2540 463 2750 506 utsru
2777 462 3142 504 resrluomuu
3175 460 3366 503 DICES:
3401 437 3664 501 similiter
3687 440 3872 500 intel-

483 552 638 608 tione
657 548 976 605 Dominica:
996 549 1210 601 Dimitte
1237 546 1390 599 nobis
1417 546 1598 600 debita
1623 550 1832 608 nostra,
1855 549 1993 602 sicut
2014 564 2112 604 nos

483 647 803 702 dimittimus
847 641 1175 700 debitoribus
1223 641 1441 694 nostris.
1471 639 1628 704 Quod
1655 639 1748 694 ille
1780 656 1974 694 servus
2017 642 2103 695 fa-

485 755 610 794 cere
636 736 834 804 noluit,
863 733 952 787 cui
979 750 1012 786 a
1049 732 1278 786 domino
1303 732 1532 786 dimissa
1571 737 1702 787 sunt
1743 733 1938 788 decem
1987 735 2108 790 mil-

479 832 560 888 lia
582 831 810 898 talenta,
839 831 895 882 et
927 827 1047 897 ipse
1075 843 1345 880 conservo
1373 831 1605 882 centum
1643 826 1903 880 denarios
1929 829 2114 882 noluit

483 922 788 979 dimittere.
839 923 932 976 Est
980 920 1134 974 aliud
1185 920 1468 988 debitum,
1518 919 1730 976 scilicet
1782 925 2108 991 peccatum,

478 1016 634 1089 quod
662 1015 741 1068 ita
770 1015 1087 1086 persolvere
1117 1013 1411 1080 debemus,
1443 1027 1504 1068 ut
1539 1013 1688 1068 ultra
1732 1014 1804 1068 ad
1828 1013 1968 1068 illud
1996 1031 2111 1069 non

482 1109 799 1166 redeamus.
857 1109 930 1162 De
965 1124 1076 1179 quo
1105 1106 1217 1160 alio
1244 1106 1366 1160 loco
1419 1106 1572 1161 idem
1603 1107 1893 1178 apostolus
1925 1107 2063 1162 dicit
2093 1125 2106 1162 :

481 1205 757 1260 Debitorcs
783 1217 968 1256 sumus
993 1217 1100 1255 non
1123 1203 1295 1262 carni,
1317 1207 1378 1256 ut
1397 1201 1691 1255 secundum
1722 1217 1938 1255 carnem
1964 1205 2110 1255 viva-

482 1313 623 1352 mus.
670 1298 738 1350 Et
767 1299 853 1349 est
877 1295 1150 1362 debitum,
1182 1295 1334 1366 quod
1359 1293 1436 1347 ita
1479 1293 1695 1348 solvere
1729 1294 2019 1364 debemus,
2047 1301 2111 1350 ut

483 1407 712 1461 semper
735 1395 1028 1444 teneamus
1053 1407 1070 1458 ;
1105 1389 1183 1442 ita
1212 1393 1424 1457 tenere,
1456 1391 1522 1441 ut
1541 1387 1824 1441 solvamus
1851 1404 2104 1459 semper:

487 1483 700 1540 scilicet
726 1483 986 1550 Charitas,
1009 1499 1181 1552 quam
1212 1498 1437 1551 semper
1465 1480 1677 1534 solvere
1705 1485 1760 1535 et
1783 1497 2007 1551 semper
2032 1485 2110 1536 te-

479 1593 618 1632 nere
649 1576 940 1630 debemus.
981 1577 1092 1629 lloc
1123 1581 1205 1629 est
1223 1575 1373 1645 quod
1401 1575 1554 1640 dicit,
1584 1575 1786 1629 nemini
1811 1558 2109 1643 quidquam

483 1671 744 1732 debeatis,
772 1671 880 1724 nisi
905 1673 967 1722 ut
994 1671 1217 1722 invicem
1248 1669 1513 1736 diligatis.
1561 1668 1698 1731 Quia
1738 1683 2030 1739 nunquam
2075 1685 2108 1720 a

483 1763 780 1820 dilectione
809 1762 1050 1833 proximi
1077 1778 1292 1815 cessare
1313 1761 1603 1828 debemus,
1625 1760 1837 1814 scilicet
1863 1762 2108 1815 esurien-

2211 545 2509 616 ligendum
2552 549 2654 614 est,
2683 543 2817 614 quia
2845 542 2944 614 qui
2985 542 3223 597 fratrem
3264 541 3452 612 diligit
3481 540 3621 594 sicut
3647 543 3868 594 semet-

2211 639 2416 709 ipsum,
2439 641 2636 693 contra
2654 653 2786 692 eum
2803 637 3011 690 falsum
3039 635 3428 690 testimonium
3448 634 3702 706 proferre
3724 649 3859 688 non

2210 735 2395 803 potest
2423 749 2440 800 ;
2470 733 2706 804 propter
2746 730 2884 784 illud
2911 729 3062 800 quod
3091 728 3366 800 scriptum
3390 732 3512 782 est:
3541 729 3729 783 Falsus
3759 733 3848 781 te-

2211 829 2309 881 stis
2339 841 2446 880 non
2473 828 2576 880 erit
2598 826 2920 896 impunitus.
2954 823 3107 878 Sicut
3145 839 3249 876 nec
3289 821 3369 876 illi
3399 821 3512 876 duo
3537 837 3698 876 senes
3725 821 3862 875 fue-

2213 923 2364 988 runt,
2397 918 2496 990 qui
2522 923 2718 974 contra
2737 917 3056 973 Susannam
3080 915 3286 970 falsum
3307 914 3574 969 dixerunt
3595 915 3859 969 testimo-

2210 1012 2396 1066 nium.
2428 1013 2496 1066 Et
2521 1013 2582 1066 in
2607 1011 2866 1084 passione
2896 1008 3117 1064 Domini
3135 1013 3190 1063 et
3219 1010 3280 1064 in
3301 1008 3453 1063 beati
3470 1008 3746 1080 Stephani
3775 1009 3858 1062 le-

2213 1105 2400 1177 gimus
2429 1105 2593 1160 falsos
2623 1110 2788 1160 testes
2816 1104 3080 1169 adfuisse,
3116 1119 3362 1175 quorum
3389 1103 3575 1157 nullus
3597 1101 3858 1174 impuni-

2210 1204 2301 1254 tus
2330 1215 2448 1254 esse
2474 1199 2676 1270 potuit.

2281 1293 2398 1346 Non
2425 1307 2771 1348 CONCUPISCES
2788 1308 2894 1346 seu
2915 1307 3132 1347 paoxnu
3157 1307 3266 1346 rm.
3294 1289 3446 1345 Sicut
3475 1289 3738 1362 superius
3771 1290 3859 1344 di-

2210 1386 2412 1452 ximus,
2430 1385 2512 1439 ita
2541 1385 2978 1456 intelligendum
3003 1391 3105 1440 est.
3128 1385 3235 1440 Sed
3261 1389 3346 1439 est
3367 1384 3508 1438 alter
3525 1385 3855 1454 proximus,

2207 1479 2463 1533 videlicet
2516 1479 2786 1532 Dominus
2835 1480 2994 1532 Iesus
3045 1477 3320 1546 Christus,
3373 1477 3472 1548 qui
3513 1493 3645 1531 cum
3691 1480 3853 1531 esset

2210 1573 2354 1627 Deus
2384 1576 2592 1639 noster,
2627 1571 2918 1642 proximus
2948 1571 3074 1626 ﬁeri
3103 1571 3364 1642 dignatus
3414 1575 3516 1638 est,
3548 1570 3693 1624 sicut
3721 1570 3856 1640 ipse

2207 1666 2266 1720 in
2292 1666 2554 1736 parabola
2579 1665 2825 1719 hominis
2855 1665 2954 1736 qui
2982 1664 3363 1720 descendebat
3393 1679 3425 1716 a
3454 1663 3770 1717 Jerusalem
3793 1663 3858 1717 in

2205 1759 2446 1824 Jericho,
2477 1763 2533 1813 et
2550 1757 2746 1812 incidit
2766 1757 2824 1812 in
2852 1758 3121 1826 latrones,
3155 1755 3307 1811 dicit.
3336 1758 3477 1811 Cum
3503 1757 3656 1811 enim
3676 1757 3858 1810 dixis—

481 1857 526 1912 ti
571 1857 782 1926 cibum,
813 1855 1024 1910 sitienti
1071 1858 1292 1926 potum,
1337 1853 1548 1924 algenti
1597 1854 2020 1922 vestimentum,
2054 1833 2184 1909 etB
2209 1857 2290 1907 set
2331 1853 2483 1923 quod
2511 1852 2768 1907 sacerdos
2805 1851 3069 1920 etlevita,
3101 1851 3214 1905 viso
3254 1851 3444 1904 saucio
3492 1850 3851 1920 pertransis-

483 1957 687 2006 caetera
713 1965 841 2020 quas
881 1949 1134 2020 indigere
1160 1948 1432 2014 videmus,
1465 1947 1852 2016 exhibeamus,
1887 1953 1942 2002 et
1969 1965 2109 2002 sem-

479 2061 584 2115 per
623 2044 803 2099 Deum
829 2046 944 2096 toto
972 2042 1136 2096 corde
1165 2041 1422 2111 diligere,
1451 2041 1774 2111 proximum
1800 2041 1947 2095 sicut
1975 2058 2105 2095 nos-

478 2137 774 2208 metipsos.
805 2138 870 2190 Et
895 2137 1001 2190 hoc
1045 2134 1450 2202 indeﬁcienter,
1501 2139 1736 2205 prepter
1775 2135 1956 2189 illud:
2009 2135 2110 2201 Qui

474 2233 900 2302 perseveraverit
950 2244 1117 2298 usque
1149 2231 1206 2282 in
1248 2231 1426 2296 ﬁnem,
1455 2229 1539 2280 hic
1579 2229 1762 2282 salvus
1793 2231 1911 2281 erit.
1968 2228 2107 2281 Hinc

477 2323 634 2378 idem
681 2324 971 2394 apostolus
1019 2322 1154 2376 dicit
1186 2339 1198 2375 :
1234 2323 1390 2377 Alter
1419 2322 1644 2375 alterius
1675 2337 1839 2374 onera
1867 2326 2102 2390 portate.

483 2417 552 2472 Et
605 2415 878 2470 Dominus
928 2415 1046 2485 ipse
1080 2432 1092 2469 :
1148 2415 1471 2470 Mandatum
1502 2430 1698 2468 novum
1737 2415 1804 2468 do
1845 2415 2017 2477 vobis,
2047 2420 2109 2470 ut

479 2511 726 2578 diligatis
755 2512 1011 2565 ‘invicem.
1041 2509 1143 2572 QUI
1185 2524 1314 2563 sum
1355 2524 1549 2564 DlLlGlT
1586 2523 1884 2574 Paoxmuu,
1934 2523 2103 2562 LEGEM

483 2620 756 2658 IMPLEVIT.

551 2695 784 2750 Dilectio
811 2700 867 2748 et
893 2695 949 2748 in
978 2693 1162 2748 Veteri
1189 2694 1540 2748 Testamento
1571 2697 1626 2748 et
1662 2694 1721 2748 in
1759 2695 1908 2748 Novo
1956 2694 2102 2747 obti-

475 2793 576 2846 net
600 2789 1000 2860 principatum.
1037 2790 1098 2842 ln
1125 2787 1310 2841 Veteri
1335 2786 1609 2840 habemus
1635 2787 1909 2858 scriptum
1932 2805 1944 2842 :
1976 2789 2104 2843 Dili-

474 2899 564 2952 ges
600 2885 884 2938 Dominum
933 2885 1096 2936 Deum
1130 2885 1282 2935 tuum
1311 2896 1378 2934 ea:
1404 2886 1508 2935 toto
1553 2882 1709 2935 corde
1755 2886 1866 2943 tuo,
1898 2898 1964 2936 ea:
1994 2887 2104 2936 tota

475 2978 660 3030 anima
687 2981 802 3037 tua,
822 2979 872 3028 et
885 2977 1195 3043 proximum
1217 2979 1366 3027 tuum
1394 2977 1532 3028 sicut
1558 2979 1606 3028 te
1635 2976 1830 3044 ipsum.
1861 2977 1922 3028 In
1951 2976 2103 3047 Novo

475 3068 748 3122 Dominus
781 3067 1132 3136 recapitulat,
1167 3083 1297 3119 cum
1325 3067 1464 3136 legis
1495 3067 1676 3137 perito
1703 3067 2099 3138 interroganti,

477 3161 628 3232 quod
659 3164 803 3213 esset
830 3158 1144 3212 maximum
1185 3158 1442 3212 omnium
1473 3164 1528 3213 et
1556 3159 1810 3228 primum
1867 3162 2098 3216 manda-

474 3259 619 3320 tum,
649 3253 921 3309 Dominus
949 3253 1064 3306 ait:
1113 3254 1314 3319 Diliges
1343 3255 1626 3306 Dominum
1651 3257 1816 3308 Deum
1853 3259 2001 3308 tuum
2039 3271 2104 3309 eae

475 3352 582 3403 toto
610 3347 768 3402 corde
797 3353 908 3408 tuo,
949 3351 999 3400 et
1024 3362 1089 3400 ea:
1110 3351 1221 3400 tota
1247 3348 1434 3400 anima
1473 3352 1587 3408 tua,
1619 3352 1669 3402 et
1693 3364 1758 3401 ea:
1801 3353 1908 3402 tota
1934 3355 2104 3402 mente

474 3445 591 3497 tua.
626 3445 737 3498 Hoc
769 3445 846 3494 est
869 3443 1170 3494 maximum
1196 3446 1246 3494 et
1267 3443 1510 3508 primum
1536 3441 1877 3496 mandatum.
1908 3444 2104 3498 Secun-

473 3537 604 3590 dum
641 3539 820 3589 autem
847 3535 1022 3588 simile
1049 3538 1127 3587 est
1155 3535 1280 3588 huic
1312 3553 1328 3588 :
1376 3535 1569 3602 diliges
1603 3538 1909 3604 proximum.
1951 3540 2102 3590 tuum

470 3633 612 3683 sicut
641 3635 689 3682 te
741 3631 937 3697 ipsum.
971 3627 1298 3682 Proximum
1335 3627 1444 3682 hoc
1477 3628 1534 3682 in
1565 3629 1684 3682 loco
1716 3647 1831 3682 non
1863 3646 2098 3684 consan-

475 3721 748 3791 guineum
779 3727 997 3775 tantum
1028 3720 1346 3790 intelligere
1388 3721 1677 3790 debemus,
1731 3723 1828 3776 sed
1874 3739 2099 3776 omnem

472 3814 786 3868 hominem.
811 3814 868 3867 Si
897 3813 1220 3882 proximum
1253 3814 1740 3884 consanguineum
1765 3819 1984 3870 tantum
2014 3819 2095 3870 vel

471 3906 857 3976 propinquum
871 3905 1188 3975 intelligere
1217 3907 1480 3972 volueris,
1511 3907 1732 3962 videtur
1753 3908 1852 3961 tibi
1881 3909 1998 3962 dari
2025 3910 2094 3963 li-

470 3998 652 4054 centia
680 4003 739 4051 ut
753 3998 889 4051 alios
917 3997 1405 4068 odiisinsequaris,
1433 4015 1562 4052 cum
1590 4000 1702 4053 tuis
1728 4005 1947 4055 tantum
1971 4003 2096 4056 cha-

467 4093 695 4146 ritatem
715 4096 928 4145 tenere.
961 4091 1071 4144 Sed
1099 4091 1300 4144 melius
1322 4096 1405 4144 est
1428 4093 1843 4161 utproximum,
1867 4111 2092 4149 omnem

466 4184 758 4240 hominem
787 4185 1108 4256 intelligas:
1141 4201 1312 4254 quem
1339 4183 1436 4256 qui
1478 4183 1620 4238 sicut
1663 4202 1720 4239 se
1747 4186 1952 4256 diligit,
1985 4188 2092 4242 im-

463 4279 585 4352 plet
609 4279 796 4348 legem
817 4277 1045 4344 Christi,
1066 4276 1164 4348 qui
1189 4276 1323 4330 dicit
1347 4296 1359 4331 :
1385 4280 1446 4332 In
1467 4279 1562 4331 hoc
1587 4285 1901 4348 cognoscent
1917 4297 2093 4336 omnes

463 4375 596 4442 quia.
622 4374 723 4426 mei
747 4374 872 4426 estis
901 4372 1180 4441 discipuli,
1213 4373 1263 4424 si
1301 4371 1635 4425 dilectionem
1683 4373 1979 4428 habueritis
2005 4377 2088 4428 in-

460 4468 643 4520 vicem.
671 4467 736 4518 Et
766 4465 870 4519 hoc
897 4465 1232 4518 mandatum
1259 4463 1534 4518 habemus
1561 4481 1593 4518 a
1624 4466 1754 4534 Deo,
1786 4467 1970 4536 utqui
2001 4467 2088 4521 di-

2209 1951 2352 2013 sent,
2401 1951 2456 2002 et
2503 1946 2722 2001 miserti
2771 1962 2888 2000 non
2929 1951 3082 2008 sunt,
3135 1945 3526 1999 Samaritanus
3565 1944 3856 1998 transiens

2209 2040 2470 2093 misertus
2493 2045 2576 2094 est
2607 2059 2620 2094 :
2655 2040 2842 2094 statim
2871 2039 3171 2094 subin'tulit
3200 2055 3213 2091 :
3262 2040 3391 2105 Quis
3433 2039 3621 2092 horum
3676 2041 3851 2092 trium

2206 2135 2419 2188 videtur
2469 2134 2568 2188 tibi
2590 2136 2873 2203 promimus
2916 2135 3087 2200 fuisse
3115 2133 3202 2185 illi
3231 2134 3327 2201 qui
3366 2132 3559 2186 incidit
3585 2133 3646 2184 in
3680 2132 3852 2184 Iatro-

2207 2243 2296 2280 nes
2323 2230 2351 2281 ?
2385 2229 2458 2282 At
2487 2229 2577 2280 ille
2617 2227 2804 2280 dicit:
2839 2227 2944 2292 Qui
2983 2228 3116 2292 fecit
3161 2226 3582 2280 misericordiam
3621 2227 3680 2277 in
3723 2225 3846 2278 illo.

2206 2321 2363 2374 Hunc
2390 2319 2522 2374 dicit
2549 2319 2899 2390 proximum,
2929 2319 3028 2390 qui
3055 2319 3238 2388 diligit
3271 2335 3498 2372 omnem
3544 2318 3760 2388 legem,
3791 2323 3850 2372 et

2205 2413 2466 2468 universa
2521 2414 2786 2466 mandata
2816 2412 2875 2466 in
2915 2413 3037 2482 ejus
3071 2428 3260 2466 amore
3292 2412 3553 2482 complet:
3597 2412 3677 2464 De
3725 2427 3848 2481 quo

2206 2511 2478 2582 scriptum
2506 2514 2590 2564 est
2623 2527 2636 2564 :
2669 2512 2821 2566 Finis
2849 2511 2980 2578 legis
3022 2511 3283 2567 Christus.
3317 2510 3506 2580 Neque
3531 2509 3650 2562 ullo
3675 2513 3848 2578 pacto

2205 2604 2328 2657 ﬁeri
2355 2609 2552 2674 potest,
2588 2607 2650 2657 ut
2677 2620 2742 2657 ex
2767 2606 2884 2657 toto
2925 2603 3090 2657 corde
3117 2603 3356 2673 totisque
3381 2601 3687 2656 visceribus
3725 2603 3847 2656 suis

2207 2697 2333 2768 quis
2358 2696 2596 2768 diligens
2623 2697 2931 2764 Christum,
2959 2697 3126 2750 faciat
3154 2695 3370 2766 aliquid
3389 2695 3538 2766 quod
3564 2711 3686 2750 non
3714 2697 3841 2766 pla-

2205 2795 2326 2844 ceat
2366 2790 2608 2844 Christo.
2654 2791 2772 2843 Non
2802 2789 2957 2843 enim
2993 2789 3274 2844 adulterat
3305 2788 3542 2842 verbum
3591 2789 3766 2853 illius,
3796 2790 3844 2842 si

2204 2884 2473 2938 veraciter
2498 2900 2628 2938 eum
2665 2883 2849 2954 diligit
2877 2900 2890 2949 ;
2919 2883 3062 2936 sicut
3103 2899 3206 2936 nec
3256 2883 3543 2952 apostolus
3571 2881 3840 2950 faciebat,

2203 2979 2301 3048 qui
2348 2977 2569 3032 dicebat
2597 2993 2610 3031 :
2636 2978 2756 3033 Non
2801 2977 3398 3031 smnus‘adulterantes
3448 2976 3671 3030 verbum
3716 2979 3837 3041 Dei,

2203 3071 2298 3124 sed
2321 3073 2456 3125 sicut
2481 3087 2549 3124 eae
2587 3073 2690 3124 Deo
2733 3085 2908 3124 coram
2936 3073 3039 3124 Deo
3069 3072 3129 3123 in
3174 3069 3380 3123 Christo
3424 3070 3719 3138 loquimur.
3773 3070 3836 3122 Et

2202 3164 2476 3234 prepheta
2500 3163 2559 3216 in
2585 3163 2800 3234 psalmo
2833 3163 3164 3217 :Perdidisti
3187 3177 3366 3216 omnes
3408 3165 3504 3231 qui
3548 3164 3834 3228 famicem-

2206 3263 2294 3311 tur
2319 3259 2412 3311 abs
2442 3261 2506 3311 te.
2537 3257 2636 3310 llic
2662 3256 2788 3310 talis
2812 3273 2927 3311 non
2949 3256 3130 3309 solum
3152 3271 3264 3309 non
3277 3255 3576 3322 adulterat,
3605 3255 3704 3308 sed
3731 3271 3834 3309 nec

2202 3350 2501 3404 mulierem
2553 3349 2780 3420 respicit
2825 3349 2896 3403 ad
2940 3348 3473 3419 concupiscendum,
3521 3349 3619 3402 sed
3650 3348 3833 3418 magis

2202 3443 2336 3496 dicit
2381 3459 2512 3496 cum
2556 3442 2844 3496 Psalmista
2874 3458 2886 3495 :
2919 3444 3103 3498 Sitivit
3147 3443 3330 3495 anima
3382 3457 3497 3495 mea
3549 3441 3623 3494 ad
3665 3443 3829 3495 Deum

2199 3539 2405 3602 fontem
2434 3538 2616 3589 cirum
2649 3554 2664 3600 ;
2693 3536 2911 3604 quando
2938 3536 3149 3588 veniam
3194 3540 3242 3588 ct
3290 3535 3564 3603 apparebo
3590 3541 3713 3588 ante
3737 3537 3826 3601 fa-

2201 3632 2332 3683 ciem
2384 3633 2484 3683 Deo
2507 3631 2536 3682 ?
2565 3629 2686 3682 Non
2729 3631 2911 3682 solum
2957 3633 3151 3681 autem
3200 3643 3313 3680 non
3339 3627 3563 3692 occidit,
3595 3629 3696 3682 sed
3731 3645 3830 3682 nec

2201 3723 2456 3776 irascitur
2487 3740 2502 3790 ;
2539 3725 2770 3792 propter
2809 3721 2981 3775 illud:
3020 3722 3200 3776 Omnis
3245 3722 3342 3789 qui
3369 3723 3629 3774 irascitur
3663 3724 3831 3786 fratri

2197 3832 2312 3878 suo,
2338 3832 2460 3870 reus
2487 3817 2588 3870 erit
2599 3816 2832 3882 judicio.
2862 3814 2967 3870 Sed
2994 3829 3178 3884 neque
3210 3814 3431 3867 furatur
3455 3813 3628 3867 verba
3659 3814 3826 3880 illius,

2199 3909 2344 3961 sicut
2394 3909 2474 3962 illi
2523 3908 2805 3963 faciebant
2848 3908 2915 3962 de
2942 3907 3148 3979 quibus
3199 3907 3290 3960 ille
3337 3907 3505 3960 dicit:
3560 3909 3828 3978 Quotquot

2197 4007 2455 4056 rene-runt
2483 4007 2608 4056 ante
2640 4019 2740 4064 me,
2782 4004 2934 4069 fures
2969 4003 3197 4068 fuerunt
3225 4004 3278 4053 et
3319 4001 3574 4055 latrones.
3634 4002 3826 4073 Neque

2195 4095 2400 4148 falsum
2421 4095 2804 4148 testimonium
2827 4095 2979 4162 dicit,
3009 4093 3186 4148 sciens
3211 4094 3398 4164 ipsum
3433 4110 3609 4166 quem
3639 4095 3826 4166 diligit

2195 4189 2330 4241 falso
2384 4188 2706 4242 testimonio
2749 4187 3059 4258 proditum.
3105 4187 3202 4240 Vel
3233 4203 3348 4240 non
3379 4203 3509 4240 eum
3543 4187 3824 4242 minorem

2193 4280 2342 4334 Patri
2367 4280 2518 4348 facit,
2535 4280 2677 4334 sicut
2699 4280 2914 4348 Ariani,
2941 4280 3038 4350 qui
3061 4279 3255 4333 dicunt
3277 4281 3502 4333 Patrem
3525 4280 3822 4349 majorem,

2193 4373 2394 4428 Filium
2408 4373 2707 4442 minorem,
2724 4373 2996 4444 Spiritum
3015 4389 3142 4427 vero
3155 4376 3410 4426 sanctum
3437 4390 3505 4443 pe
3513 4373 3822 4428 rminorem

2192 4467 2387 4521 dicunt
2412 4467 2690 4538 falsiloqui
2723 4472 2778 4521 et
2809 4467 3147 4521 seductores.
3197 4468 3268 4520 Er
3297 4483 3342 4520 SI
3369 4483 3510 4528 QUOD
3541 4483 3632 4521 EST
3667 4484 3822 4524 aueo

459 4557 587 4627 ligit
615 4558 933 4625 Dominum,
976 4557 1172 4628 diligat
1217 4562 1272 4611 et
1307 4557 1547 4612 fratrem
1590 4575 1776 4612 suum.
1827 4559 1947 4613 ΝΛΜ
1989 4562 2172 4634 soul)
2197 4577 2490 4616 uANDATUM
2536 4578 2590 4614 IN
2643 4577 2742 4614 HOC
2776 4577 2943 4614 vsnno
2987 4575 3379 4614 msuunnru.
3423 4560 3568 4614 Sunt
3593 4561 3818 4631 quidem

463 4665 840 4705 ADULTERABlS.
859 4651 965 4714 Qui
984 4651 1064 4704 ita
1083 4650 1272 4722 diligit
1292 4651 1614 4721 proximum
1637 4653 1780 4706 sicut
1794 4669 1852 4706 se
1875 4653 2085 4724 ipsum,

459 4742 516 4796 id
545 4748 628 4797 est
653 4759 880 4798 omnem
908 4743 1220 4811 hominem,
1262 4743 1582 4798 adulterare
1611 4762 1724 4800 non
1755 4751 1936 4816 potest
1955 4763 2090 4800 uxo-

457 4852 600 4905 rem,
635 4837 770 4907 quia
795 4855 896 4890 nec
927 4836 1046 4907 ipse
1073 4837 1192 4890 vult
1218 4841 1278 4890 ut
1299 4837 1439 4892 alius
1466 4855 1700 4892 uxorem
1728 4839 1848 4908 ejus
1875 4839 2088 4896 adulte-

455 4935 561 4996 ret,
620 4930 860 4985 maxime
897 4947 1027 4984 cum
1052 4930 1348 5001 Apostolus
1391 4931 1573 4984 dicat:
1631 4935 1998 4988 Form'catores
2036 4939 2086 4988 et

455 5023 729 5078 adulteros
758 5025 1030 5093 judicabit
1074 5028 1226 5078 Deus.
1270 5024 1374 5077 Et:
1431 5026 1619 5093 Fugite
1645 5027 2084 5091 fornicationem,

456 5116 585 5181 quia
631 5132 780 5171 omne
803 5123 1102 5188 peccatum,
1148 5117 1501 5187 quodcunque
1527 5118 1666 5184 facit
1705 5119 1878 5182 homo,
1931 5128 2084 5174 στείνει

451 5221 643 5274 corpus
677 5215 799 5269 est;
857 5213 952 5278 qui
999 5217 1176 5266 autem
1217 5213 1546 5277 fornicatur,
1596 5213 1653 5263 in
1687 5227 1880 5280 corpus
1925 5229 2082 5268 suum

443 5305 649 5370 peccat.
681 5302 800 5356 Non
830 5319 1066 5358 occupes.
1101 5305 1165 5358 Et
1209 5305 1473 5358 facillime
1505 5309 1658 5375 patet
1712 5305 1845 5375 quia
1890 5307 2081 5360 nullus

449 5393 782 5464 proximum
834 5411 997 5448 suum
1043 5397 1291 5452 occidere
1319 5402 1522 5468 potest,
1555 5397 1600 5451 si
1630 5397 1817 5468 diligit
1843 5414 1972 5452 eum
2000 5399 2077 5452 si-

446 5491 542 5540 cut
569 5503 646 5554 se,
671 5485 802 5557 quia
829 5486 945 5556 ipse
974 5503 1089 5540 non
1116 5489 1235 5542 vult
1265 5491 1336 5543 ab
1357 5491 1545 5561 aliquo
1573 5490 1754 5545 occidi
1786 5508 1864 5558 se,
1898 5491 2077 5546 sciens

444 5581 716 5651 scriptum
751 5597 764 5634 :
797 5580 980 5634 Omnis
1005 5583 1101 5650 qui
1137 5584 1384 5637 occiderit
1409 5585 1612 5651 gladio,
1641 5585 1826 5652 gladio
1850 5585 2072 5654 peribit,

441 5675 528 5727 vel
575 5675 669 5728 Dei
695 5675 782 5729 vel
815 5673 1083 5729 hominis.
1131 5675 1252 5729 NON
1283 5691 1591 5731 FURABERIS.
1648 5679 1712 5732 Et
1739 5679 1884 5733 sicut
1915 5695 2074 5750 supe-

441 5767 555 5820 rius
583 5769 848 5833 diximus,
879 5769 1068 5824 nullus
1094 5768 1254 5824 fratri
1285 5785 1386 5822 suo
1417 5770 1657 5838 furatur,
1688 5771 1731 5823 si
1761 5787 1892 5825 eum
1931 5771 2072 5828 sicut

2189 4655 2296 4708 alia
2343 4655 2608 4708 mandata
2658 4655 2744 4708 vel
2790 4669 2918 4724 quae
2967 4653 3228 4725 superius
3261 4657 3392 4706 sunt
3430 4652 3602 4722 dicta,
3635 4656 3728 4708 vel
3769 4655 3818 4708 in

2189 4747 2392 4802 tabulis
2411 4747 2645 4818 lapideis
2674 4747 2909 4818 sculpta,
2945 4746 3043 4800 sed
3074 4745 3130 4800 in
3154 4746 3260 4800 hoc
3288 4746 3458 4800 verbo
3487 4747 3812 4803 instauran-

2188 4846 2301 4907 tur,
2340 4841 2548 4895 scilicet
2597 4841 2655 4894 in
2693 4839 2994 4894 dilectione
3042 4839 3138 4892 Dei
3177 4845 3233 4893 et
3278 4839 3551 4910 proximi,
3581 4841 3814 4895 Domino

2189 4935 2448 4989 dicente:
2497 4937 2560 4990 In
2605 4935 2686 4988 his
2737 4933 2944 4987 duobus
2987 4933 3268 4986 mandatis
3317 4937 3427 4986 tota
3484 4934 3573 4987 lar
3615 4935 3814 5002 pendet

2138 5017 2142 5020 ’
2187 5035 2236 5082 et
2256 5029 2534 5098 prophetae
2562 5046 2577 5080 :
2618 5027 2840 5081 DlLIGES
2869 5041 3148 5080 Pnoxmuu
3181 5041 3325 5080 ruuu
3353 5041 3502 5080 51cm
3527 5043 3594 5080 τε
3625 5043 3808 5081 ιρδωί.

2187 5123 2254 5175 Et
2273 5125 2408 5175 nota
2434 5121 2569 5192 quia
2594 5120 2652 5174 in
2696 5118 2996 5174 dilectione
3029 5119 3130 5173 Dei
3155 5118 3562 5190 aequalitatem,
3585 5120 3644 5174 in
3677 5137 3805 5190 pro-

2185 5214 2324 5269 ximi
2349 5231 2480 5270 vero
2510 5213 2809 5268 dilectione
2845 5213 3227 5283 quantitatem
3272 5228 3402 5266 cum
3429 5212 3571 5266 dixit
3608 5229 3622 5266 :
3677 5216 3812 5267 sicut

2184 5315 2233 5362 te
2257 5311 2454 5378 ipsum.
2475 5307 2707 5362 Dilectio
2739 5313 2928 5360 autem
2950 5305 3049 5360 Dei
3073 5305 3221 5360 nulla
3252 5322 3518 5360 mensura
3549 5309 3813 5362 constrin-

2183 5402 2356 5472 gitur.
2404 5402 2656 5455 DILECTIO
2696 5416 2914 5454 PBOXIMI
2967 5415 3151 5454 unum
3209 5416 3317 5454 NON
3349 5415 3652 5456 ornamus.
3705 5402 3804 5455 Ve-

2180 5513 2309 5550 rum
2339 5500 2441 5563 est,
2472 5493 2604 5565 quia
2629 5509 2925 5564 nunquam
2955 5493 3015 5546 in
3048 5493 3374 5562 proximum
3400 5509 3570 5547 suum
3599 5494 3803 5549 malum

2179 5593 2466 5660 operatur,
2501 5587 2633 5658 quia
2661 5587 2735 5641 ita
2763 5585 2927 5640 illum
2955 5585 3142 5656 diligit
3173 5589 3234 5638 ut
3254 5601 3332 5640 se.
3358 5586 3454 5640 Vel
3482 5587 3582 5657 qui
3617 5587 3802 5641 Chris-

2177 5682 2298 5732 tum
2327 5677 2512 5748 diligit
2554 5681 2615 5731 ut
2645 5693 2724 5745 se,
2755 5675 2970 5729 malum
2997 5691 3112 5728 non
3149 5679 3436 5745 operatur,
3482 5674 3538 5728 id
3567 5681 3651 5730 est
3683 5693 3802 5747 pec-

2175 5776 2362 5824 catum
2412 5787 2527 5826 non
2580 5771 2750 5835 facit,
2802 5767 2932 5841 quia
2990 5767 3174 5822 omnis
3226 5767 3324 5840 qui
3381 5772 3552 5823 natus
3603 5775 3686 5824 est
3734 5785 3798 5824 ex

439 5875 496 5912 se
520 5861 730 5932 diligit;
765 5863 944 5920 sciens
970 5863 1264 5937 scriptum,
1290 5863 1420 5934 quia
1445 5864 1598 5929 fures
1627 5863 1701 5916 ad
1722 5879 1936 5935 panum
1966 5882 2060 5920 cu-
2089 5882 2092 5886 λ
2172 5866 2304 5937 Deo,
2332 5881 2445 5920 non
2488 5866 2704 5942 peccat.
2754 5861 3044 5922 Plenitudo
3076 5877 3212 5933 ergo
3241 5860 3380 5935 legis
3417 5867 3502 5918 est
3551 5861 3790 5932 dilectio,
