4054 6186
306 303 430 366 825
844 302 850 306 ’
1330 306 1399 364 ΙΝ
1435 305 1580 364 CAP.
1623 308 1644 362 Ι
1681 300 2022 364 ΕΡΙΞΤΟΙΑΕ
2060 306 2080 362 l
2117 306 2206 362 AD
2242 300 2662 365 CORINTHIOS.
3571 302 3673 365 826

297 416 451 488 quia
477 411 667 471 omnia
697 414 965 471 mandata
1007 415 1076 472 de
1103 415 1377 472 charitate
1412 415 1747 488 procedunt,
1777 419 1834 472 et
1870 416 1941 472 ad
1961 431 2020 504 Α
2040 415 2258 472 duobus
2295 415 2592 488 praeceptis
2619 414 2814 470 omnia
2863 413 3161 471 concludi?
3206 411 3262 470 Si
3293 411 3446 470 enim
3481 417 3672 472 omnia

298 508 499 581 ipsam
527 526 706 582 usque
735 509 1102 581 perveniunt;
1135 509 1254 565 sine
1283 526 1396 584 qua
1417 510 1655 565 virtutes
1681 510 1814 564 vitia
1851 525 1938 564 re-
2043 509 2370 581 perquirere
2395 525 2510 564 non
2537 509 2704 576 vales,
2733 513 2862 564 tene
2891 509 2999 564 ista
3017 510 3150 577 duo,
3179 513 3236 564 et
3261 507 3456 564 omnia
3477 509 3674 580 imple-

295 607 608 674 putantur.
644 605 709 659 Et
735 604 845 659 hoc
883 607 968 658 est
992 604 1144 676 quod
1179 603 1314 658 dicit
1341 603 1610 658 Dominus
1649 620 1753 675 per
1795 620 1929 674 pro-
2037 602 2130 671 sti,
2172 603 2447 680 quidquid
2488 607 2662 675 patet,
2698 601 2975 678 quidquid
3009 603 3146 658 latet
3181 602 3240 658 in
3275 602 3479 659 divinis
3523 588 3668 660 Scri-

295 697 546 769 phetam
577 715 589 752 :
625 699 856 754 Verbum
869 698 1166 753 breviatum
1189 699 1358 764 faciet
1385 701 1642 753 Dominus
1661 713 1824 767 super
1837 701 1940 752 ter-
2039 695 2242 769 pturis.

291 806 448 846 ram.
497 791 640 856 Quid
691 790 842 846 enim
881 791 1013 862 plus
1054 790 1223 846 breve
1265 795 1451 862 potest
1490 807 1629 860 esse,
1670 807 1843 862 quam
1881 790 1941 845 in

1861 1027 2118 1150 VII.

293 1215 524 1282 Lectio
564 1217 869 1300 Epistolas
914 1219 938 1283 Ι
983 1220 1156 1285 beati
1199 1219 1381 1286 Pauli
1419 1220 1698 1305 apostoli
1738 1220 1819 1284 ad
1858 1219 2228 1305 Corinthios
2263 1219 2331 1305 (1,
2391 1219 2450 1298 4)
2496 1237 2510 1281 :
2563 1219 2848 1295 Fratres,
2889 1220 3145 1299 gratias
3179 1235 3306 1298 ago
3344 1219 3478 1283 Deo
3519 1237 3662 1284 mea

1597 1319 1850 1384 semper
1867 1318 1996 1384 pro
2027 1299 2230 1376 vobis,
2263 1303 2383 1362 etc.

1545 1437 1959 1491 COMMENTUM
1997 1435 2416 1492 LUCULENTII.

373 1529 650 1586 Corinthii
675 1536 807 1586 sunt
845 1532 1041 1586 Achaei
1081 1548 1094 1586 :
1134 1533 1196 1586 hi
1226 1533 1510 1604 preedicati
1537 1550 1570 1586 a
1596 1534 1766 1588 Paulo
1793 1549 1928 1604 apo-
1951 1551 2009 1623 B
2032 1532 2238 1588 Christi
2261 1532 2566 1586 adventum
2591 1531 2679 1586 vel
2704 1531 3061 1602 prophetavit
3086 1531 3172 1584 vel
3211 1531 3474 1585 ostendit.
3508 1533 3664 1587 Unde

293 1624 464 1692 stolo,
493 1629 621 1695 post
646 1624 768 1694 ejus
798 1625 1196 1680 discessionem
1235 1627 1388 1680 illius
1425 1627 1743 1682 doctrinam
1769 1627 1929 1682 dese-
2032 1631 2088 1680 et
2122 1627 2242 1697 ipse
2267 1626 2576 1681 Dominus:
2600 1627 2727 1680 Ideo
2764 1627 2936 1680 omnis
2979 1625 3155 1680 scriba
3204 1626 3390 1678 doctus
3413 1627 3474 1678 in
3500 1641 3664 1692 regno

289 1723 487 1772 rentes
511 1717 724 1773 seducti
751 1724 881 1772 sunt
899 1736 932 1771 a
959 1719 1110 1774 falsis
1147 1721 1460 1792 prophetis.
1493 1721 1607 1775 Hoc
1633 1721 1932 1791 Apostolus
2031 1721 2284 1774 caelorum
2309 1721 2500 1775 similis
2527 1724 2605 1773 est
2638 1721 2842 1772 homini
2871 1719 3296 1787 patrifamilias,
3331 1721 3428 1788 qui
3450 1721 3664 1788 profert

292 1810 539 1881 cupiens
579 1810 889 1866 reformare
943 1813 1140 1868 scribit
1193 1813 1302 1868 illis
1347 1813 1606 1887 epistolas
1659 1814 1818 1868 duas.
1869 1815 1931 1870 ln
2032 1813 2098 1867 de
2133 1814 2384 1868 thesauro
2414 1828 2509 1867 suo
2537 1828 2674 1866 nova
2711 1817 2762 1866 et
2797 1817 2998 1866 vetera.
3041 1814 3424 1880 Conﬁrmatum
3456 1817 3552 1874 est,
3579 1812 3664 1866 in-

287 1903 482 1974 prima
502 1905 692 1959 laudat
719 1921 813 1958 eos
837 1905 896 1958 in
924 1907 1126 1976 capite,
1157 1906 1393 1962 inferius
1437 1907 1594 1962 valde
1629 1907 1931 1977 reprehen—
2029 1906 2170 1977 quit,
2220 1908 2278 1959 in
2311 1906 2480 1967 vobis,
2517 1904 2570 1958 id
2618 1909 2701 1959 est
2738 1921 2828 1958 me
2874 1905 3253 1976 praedicante;
3296 1921 3400 1959 nec
3448 1921 3659 1960 novum

288 1995 378 2052 dit
407 2014 566 2052 more
587 1998 752 2069 periti
781 1999 984 2053 medici
1011 1999 1237 2054 dicens:
1263 2001 1342 2054 sic
1362 2000 1514 2054 enim
1533 2000 1747 2070 peritus
1773 2001 1930 2071 prius
2030 1999 2182 2054 enim
2215 1999 2336 2052 sine
2364 1998 2567 2068 Veteri,
2596 2015 2700 2053 nec
2738 2000 2907 2054 Vetus
2937 1998 3057 2052 sine
3084 1999 3272 2066 Novo;
3307 1999 3404 2052 sed
3434 2002 3656 2052 utrum-

285 2091 480 2161 tangit
505 2107 702 2146 carnes
721 2109 880 2146 sanas
899 2097 964 2148 ut
983 2093 1276 2164 perveniat
1299 2095 1368 2148 ad
1389 2093 1642 2164 putridas
1666 2109 1678 2147 :
1705 2093 1750 2147 si
1770 2093 1927 2148 enim

284 2183 455 2254 prius
480 2183 732 2238 infirmas
772 2190 1049 2257 tangeret,
1083 2187 1313 2241 forsitan
1353 2203 1505 2257 aeger
1533 2187 1654 2257 ejus
1693 2187 1924 2242 medici-

285 2292 430 2330 nam
459 2283 770 2349 respueret.
803 2279 892 2333 Sic
915 2279 1212 2350 Apostolus
1242 2280 1398 2351 prius
1423 2280 1613 2351 tetigit
1645 2281 1751 2334 hoc
1775 2281 1926 2352 quod

287 2387 502 2424 sanum
554 2375 673 2426 erat
713 2371 774 2426 in
819 2373 1143 2443 Corinthiis,
1189 2390 1320 2427 cum
1357 2375 1522 2429 laude
1577 2374 1861 2429 inchoavit
1907 2391 1920 2428 :

285 2464 558 2532 Fauens,
591 2481 814 2520 GRATIAS
852 2482 958 2520 aco
999 2467 1111 2522 Deo
1151 2483 1256 2520 uso
1289 2482 1498 2522 sauren
1535 2483 1635 2521 pao
1673 2483 1826 2522 voms
1867 2483 1925 2522 IN

287 2573 490 2612 GRATIA
531 2559 650 2628 DEI,
679 2575 798 2620 ova
836 2575 972 2614 DATA
1013 2575 1108 2615 nsr
1147 2576 1301 2615 voms
1330 2577 1386 2615 IN
1410 2561 1640 2615 Cnmsro
1667 2561 1814 2616 Jssu.
1841 2562 1924 2616 Ad

282 2651 520 2721 putrida
550 2651 806 2722 pervenit
827 2668 960 2705 cum
981 2651 1060 2707 ait
1087 2669 1100 2706 :
1133 2653 1452 2708 Audiuntur
1477 2656 1620 2708 inter
1642 2669 1734 2708 vos
1751 2656 1924 2720 forni-

285 2749 516 2798 catores.
565 2743 620 2798 Si
656 2744 808 2799 enim
862 2745 922 2798 in
968 2746 1152 2815 primo
1195 2746 1374 2817 capite
1419 2746 1919 2817 redarguerentur,

283 2835 527 2890 forsitan
564 2853 678 2890 non
717 2838 1038 2908 reciperent
1081 2839 1201 2909 ejus
1243 2839 1582 2894 doctrinam.
1616 2838 1708 2894 Ait
1731 2854 1868 2910 ergo
1900 2855 1914 2892 :

2028 2108 2139 2163 que
2165 2108 2258 2146 eos
2289 2091 2497 2160 docuit,
2525 2091 2670 2146 sicut
2699 2091 2830 2146 alibi
2868 2091 3000 2146 dicit
3035 2107 3050 2145 :
3089 2092 3322 2146 Tradidi
3353 2094 3494 2145 enim
3511 2093 3659 2146 vobis

2025 2188 2086 2239 in
2110 2187 2308 2256 primis
2333 2185 2478 2254 quod
2496 2189 2546 2239 et
2571 2188 2751 2254 accepi
2767 2204 2784 2252 ;
2799 2187 2878 2239 ita
2904 2190 2964 2238 ut
2985 2185 3126 2239 nihil
3139 2186 3286 2239 vobis
3309 2185 3448 2240 desit
3463 2187 3521 2238 in
3540 2186 3660 2239 ulla

2026 2281 2229 2348 gratia.
2264 2279 2400 2332 Huic
2427 2277 2612 2332 simile
2643 2282 2747 2345 est,
2781 2278 2932 2350 quod
2957 2278 3037 2333 ait
3062 2279 3362 2333 Salomon:
3383 2281 3660 2334 Venerunt

2024 2373 2160 2427 mihi
2182 2374 2364 2426 omnia
2393 2373 2531 2428 bona
2549 2375 2764 2441 pariter
2791 2389 2910 2426 cum
2928 2373 3048 2426 illa.
3081 2373 3548 2428 EXSPECTANTIBUS
3571 2387 3658 2427 RE-

2023 2481 2364 2522 veunoneu
2381 2467 2584 2521 Donum
2610 2481 2802 2522 Nosrm
2823 2467 2951 2521 lusu
2971 2468 3214 2522 CHRISTI.
3246 2465 3340 2520 Ille
3369 2465 3470 2536 qui
3505 2465 3658 2520 dives

2024 2564 2107 2614 est
2129 2560 2190 2613 in
2215 2559 2372 2614 omni
2403 2560 2571 2614 verbo
2599 2564 2656 2614 et
2683 2560 2741 2614 in
2765 2559 2923 2614 omni
2949 2559 3198 2627 scientia,
3227 2559 3371 2613 nihil
3391 2559 3442 2614 ei
3462 2563 3652 2626 restat,

2021 2652 2130 2706 nisi
2165 2657 2228 2706 ut
2267 2657 2549 2724 exspectet
2590 2653 2992 2708 revelationem
3029 2653 3275 2722 Domini,
3307 2652 3451 2707 sicut
3472 2652 3656 2707 Domi-

2021 2762 2130 2800 nus
2157 2745 2236 2800 ait
2267 2765 2280 2800 :
2311 2750 2492 2801 Estote
2510 2749 2724 2816 parati,
2752 2748 2952 2802 similes
2974 2747 3277 2800 hominibus
3299 2747 3655 2814 exspectanti-

2024 2839 2119 2893 bus
2144 2840 2422 2894 dominum
2443 2856 2597 2894 suum
2617 2841 2838 2909 quando
2856 2844 3162 2894 revertatur
3181 2857 3215 2893 a
3238 2842 3465 2908 nuptiis.
3493 2837 3653 2901 Quod

285 2931 514 2985 Gratias
553 2947 653 2999 ago
692 2934 796 2985 Deo
826 2947 936 2986 meo
967 2947 1174 3002 semper
1205 2949 1308 3002 pro
1343 2933 1510 2987 vobis.
1540 2935 1615 2986 Ac
1650 2933 1695 2986 si
1721 2932 1872 2986 dicat
1903 2917 1994 2992 :C
2019 2931 2319 3003 dupliciter
2354 2931 2592 3002 intelligi
2627 2937 2828 3003 potest,
2859 2937 2916 2986 et
2950 2931 3281 3003 specialiter,
3314 2935 3371 2985 et
3411 2946 3649 3001 genera-

284 3023 514 3077 Gratias
551 3023 782 3094 quidem
822 3041 930 3095 ago
967 3025 1097 3094 Deo,
1130 3025 1227 3096 qui
1267 3026 1436 3080 habet
1475 3025 1765 3080 scientiam
1799 3042 1916 3080 ma-
2018 3025 2169 3080 liter.
2213 3025 2542 3096 Specialiter
2582 3025 2807 3096 quando
2847 3025 3292 3096 uniuscujusque
3329 3023 3519 3078 anima
3545 3023 3653 3078 viri

281 3121 440 3170 trem
477 3117 778 3185 virtutum;
825 3119 922 3172 sed
957 3119 1082 3172 volo
1120 3135 1214 3172 vos
1253 3118 1392 3173 scire
1421 3136 1548 3189 quae
1576 3119 1674 3172 illa
1693 3119 1765 3174 sit
1792 3136 1921 3173 vera
2020 3119 2255 3189 perfecti
2292 3136 2325 3172 a
2362 3135 2594 3190 corpore
2635 3117 2932 3190 egrediens
2969 3119 3178 3190 migrat
3215 3119 3288 3172 ad
3327 3118 3648 3185 Dominum,

282 3209 544 3279 scientia,
577 3210 676 3264 ubi
719 3227 902 3265 mores
938 3229 1067 3266 cum
1101 3212 1213 3266 vita
1243 3213 1615 3276 concordant;
1649 3228 1763 3266 non
1789 3229 1918 3283 quae
2021 3213 2146 3283 ipso
2169 3213 2386 3267 dicente
2416 3229 2429 3267 :
2465 3214 2618 3272 Volo,
2651 3215 2832 3275 Pater,
2864 3218 2925 3267 ut
2967 3213 3060 3266 ubi
3096 3229 3188 3282 ego
3223 3228 3360 3274 sum,
3398 3212 3478 3265 ibi
3501 3214 3573 3266 sit
3601 3216 3652 3264 et

282 3303 469 3371 inﬂat,
502 3303 598 3358 sed
628 3320 754 3374 quae
783 3303 1039 3359 aediﬁcat.
1073 3305 1316 3360 Scientia
1345 3305 1498 3358 enim
1525 3304 1704 3372 inﬂat,
1732 3305 1916 3359 chari-
2019 3308 2263 3361 minister
2281 3322 2445 3360 meus.
2471 3307 2823 3361 Generaliter
2841 3323 2971 3360 vero
2997 3305 3055 3359 in
3078 3305 3166 3360 die
3179 3305 3402 3375 judicii,
3425 3303 3652 3374 quando

281 3403 374 3451 tas
409 3403 598 3451 autem
643 3397 897 3452 aedificat.
945 3398 1086 3462 Qum
1132 3415 1188 3452 IN
1239 3415 1471 3454 omnes
1520 3414 1726 3453 DIVITES
1766 3413 1919 3454 FACTl
2019 3416 2196 3454 omnes
2236 3400 2532 3454 astabimus
2573 3404 2698 3454 ante
2742 3400 2990 3454 tribunal
3027 3401 3144 3452 Dei.
3184 3398 3339 3452 Unde
3383 3401 3438 3452 et
3472 3396 3600 3450 alibi
3634 3413 3647 3449 :

283 3507 438 3545 usus
482 3507 540 3544 1N
588 3507 724 3559 ILLO,
767 3508 823 3547 1N
867 3507 1000 3547 05m
1035 3507 1224 3560 vanno,
1267 3508 1331 3546 ΕΤ
1381 3508 1436 3546 IN
1477 3509 1610 3546 cum
1655 3507 1914 3546 SCIENTIA.
2019 3494 2195 3552 Nolite
2215 3498 2342 3546 ante
2369 3497 2577 3561 tempus
2592 3493 2870 3560 judicare,
2893 3491 3246 3560 quoadusque
3269 3493 3452 3544 veniat
3472 3491 3651 3544 Domi—

281 3585 546 3640 Ostendit
569 3584 626 3638 in
654 3585 807 3638 omni
834 3585 980 3638 bono
1007 3602 1100 3639 eos
1117 3585 1338 3653 ditatos,
1362 3584 1633 3656 quoniam
1659 3585 1728 3638 ad
1747 3583 1916 3639 ﬁdem
2018 3601 2140 3639 nus.
2184 3585 2579 3656 Unusquisque
2616 3585 2769 3638 enim
2815 3583 2995 3638 ﬁdelis
3035 3584 3113 3638 sic
3159 3583 3344 3637 vivere
3371 3583 3556 3651 debet,
3585 3587 3649 3637 ut

278 3678 494 3734 Christi
523 3683 830 3746 venerunt;
872 3679 1083 3734 scilicet
1113 3679 1170 3732 in
1215 3679 1480 3732 omnibus
1509 3678 1828 3746 virtutibus,
1856 3679 1916 3732 in
2016 3677 2192 3750 possit
2226 3683 2552 3749 exspectare
2593 3677 2994 3732 revelationem
3025 3677 3282 3745 Domini;
3321 3676 3533 3730 scilicet
3557 3692 3649 3730 cu-

283 3773 448 3826 omni
475 3773 672 3841 verbo,
713 3779 771 3828 et
804 3773 863 3827 in
894 3773 1052 3827 omni
1089 3771 1339 3840 scientia,
1371 3772 1430 3824 in
1457 3777 1698 3844 utroque
1727 3773 1913 3826 Testa-

285 3871 504 3935 mento,
537 3867 716 3922 Veteri
747 3872 803 3920 et
825 3868 994 3922 Novo.
1029 3869 1090 3922 ln
1119 3866 1276 3920 omni
1305 3865 1474 3920 verbo
1501 3866 1653 3936 dicit,
1683 3866 1741 3920 in
1767 3866 1912 3937 lege,

282 3959 346 4013 in
374 3959 624 4028 scientia,
677 3959 733 4013 in
773 3959 1091 4030 Evangelia.
1135 3959 1230 4014 Ille
1275 3959 1432 4014 enim
1473 3959 1625 4014 dives
1670 3959 1731 4013 in
1760 3960 1916 4014 omni

281 4052 480 4120 verbo,
511 4057 566 4106 et
593 4053 651 4106 in
678 4053 835 4107 omni
864 4053 1114 4121 scientia,
1144 4052 1242 4124 qui
1269 4070 1466 4108 omnes
1491 4069 1636 4124 pene
1662 4053 1912 4124 Scriptu-

281 4163 377 4200 ras
401 4146 548 4199 valet
576 4145 810 4213 discere,
841 4151 896 4200 et
924 4147 1062 4200 alios
1103 4147 1348 4202 erudire.
1391 4147 1487 4202 llle
1531 4149 1616 4200 est
1642 4146 1916 4200 veraciter

2016 3772 2134 3844 piat
2161 3773 2400 3834 dissolvi,
2429 3777 2480 3826 et
2509 3786 2616 3825 esse
2654 3788 2772 3826 cum
2814 3773 3043 3834 Christo,
3076 3775 3310 3842 propter
3332 3769 3468 3824 illud
3495 3769 3647 3841 quod

2016 3869 2292 3922 Dominus
2317 3866 2454 3920 dicit
2481 3883 2494 3920 :
2522 3869 2674 3922 Beati
2696 3869 2839 3922 servi
2858 3867 2963 3929 illi,
2994 3883 3124 3937 quos
3153 3883 3274 3921 eum
3308 3868 3511 3921 venerit
3540 3868 3645 3920 Do-

2015 3965 2192 4015 minus
2220 3962 2482 4014 invenerit
2509 3961 2814 4027 vigilantes.

2088 4053 2192 4118 QUI
2223 4069 2588 4108 CONFIRMAVIT
2620 4069 2724 4109 VOS
2763 4070 2936 4118 USQUE
2964 4071 3018 4111 ΙΝ
3059 4070 3219 4109 FINEM
3251 4069 3370 4110 SINE
3403 4069 3644 4110 CRIMINE.

2013 4147 2357 4218 Exspectant
2384 4145 2536 4201 enim
2573 4147 2754 4202 sancti
2786 4147 3196 4202 revelationem
3230 4147 3481 4214 Domini,
3511 4147 3646 4216 quia

279 4238 507 4309 sapiens
535 4239 592 4292 in
619 4239 776 4293 omni
805 4239 973 4294 verbo
1000 4245 1056 4295 et
1083 4240 1144 4294 in
1170 4241 1326 4294 omni
1371 4239 1620 4308 scientia,
1669 4239 1769 4310 qui
1807 4239 1914 4311 hoc
1933 4287 1988 4311 η
2017 4257 2168 4294 nunc
2197 4243 2312 4296 vita
2343 4244 2539 4295 nostra
2581 4241 2898 4296 abscondita
2921 4257 3042 4294 cum
3069 4241 3278 4296 Christo
3305 4243 3362 4294 in
3388 4243 3509 4294 Deo.
3545 4239 3668 4291 Re-.

278 4332 434 4403 quod
455 4332 593 4403 legit
621 4337 676 4386 et
698 4332 982 4403 intelligit,
1009 4333 1132 4386 aliis
1159 4333 1454 4404 praedicat;
1487 4330 1532 4384 si
1557 4331 1722 4402 prius
1746 4347 1913 4403 opere

277 4425 500 4494 implet,
529 4441 600 4479 ne
629 4425 750 4478 aliis
788 4425 1103 4496 praedicans
1143 4426 1262 4496 ipse
1312 4420 1584 4494 reprobus
1613 4424 1906 4480 efficiatur.

279 4518 548 4572 Nonnulli
596 4523 728 4572 sunt
769 4518 969 4573 divites
1010 4519 1067 4572 in
1111 4517 1266 4594 omni
1310 4517 1500 4584 verbo,
1544 4517 1641 4572 sed
1694 4534 1810 4571 non
1851 4517 1912 4572 in

277 4612 440 4664 omni
465 4611 729 4679 scientia;
763 4611 906 4665 sicut
929 4611 1108 4665 Judaei
1135 4614 1366 4681 putant,
1394 4610 1493 4682 qui
1517 4613 1734 4664 tantum
1762 4610 1909 4664 litte-

278 4721 403 4758 ram
451 4704 593 4774 legis
641 4704 981 4773 custodiunt,
1030 4704 1394 4775 Evangelium
1433 4720 1563 4759 vero
1611 4710 1906 4775 respuunt.

279 4797 422 4852 Sunt
445 4797 536 4851 alii
564 4796 762 4852 divites
791 4796 849 4850 in
897 4789 1175 4862 scientia,
1201 4797 1298 4851 sed
1347 4813 1460 4851 non
1505 4797 1562 4850 in
1588 4797 1778 4864 verbo,
1812 4798 1907 4869 qui

279 4891 649 4962 Evangelium
676 4895 969 4962 respuunt,
988 4891 1131 4945 sicut
1156 4890 1469 4945 Manichaei.
1489 4891 1548 4944 In
1573 4891 1728 4945 omni
1741 4891 1907 4946 verbo

279 4984 414 5039 dicit
441 4984 500 5038 in
528 4983 840 5055 superﬁcie,
862 4984 917 5038 in
945 4984 1197 5052 scientia,
1222 4983 1278 5037 in
1302 4984 1587 5040 intellectu
1605 4985 1902 5056 spirituali.

277 5078 343 5132 Et
382 5078 492 5132 hoc
528 5077 759 5132 forsitan
786 5078 912 5132 ideo
951 5077 1104 5146 dicit,
1145 5077 1477 5148 quiaerant
1517 5077 1574 5131 in
1601 5077 1906 5132 Corinthiis

276 5171 372 5242 qui
424 5175 729 5242 utrumque
770 5173 1192 5226 Testamentum
1225 5172 1477 5242 recipere
1513 5170 1795 5225 nolebant.
1841 5172 1905 5226 Et

273 5264 399 5318 ideo
426 5265 568 5320 sicut
602 5264 870 5333 magister
912 5265 1272 5336 imperfectos
1297 5265 1597 5336 discipulos
1624 5263 1901 5319 laudendo

274 5358 343 5412 ad
383 5359 618 5412 meliora
661 5363 944 5430 provocat.
983 5358 1070 5414 Sic
1111 5359 1266 5414 enim
1313 5361 1368 5412 et
1408 5357 1477 5412 ad
1515 5358 1731 5412 Galatas
1773 5358 1852 5412 ait
1885 5376 1896 5412 :

278 5453 384 5506 Vos
417 5454 514 5521 qui
555 5453 868 5520 spirituales
894 5454 1037 5516 estis,
1076 5452 1394 5520 hujusmodi
1414 5452 1664 5506 instruite
1701 5453 1758 5505 in
1793 5454 1899 5520 spi-

274 5547 384 5599 ritu
431 5546 690 5602 lenitatis.

345 5638 502 5694 SICUT
548 5655 909 5695 resrmomnn
970 5641 1188 5695 CHRISTI
1243 5652 1620 5693 communem
1689 5655 1780 5694 esr
1844 5656 1894 5693 IN

275 5749 440 5800 voms,
484 5749 569 5788 l'l'A
609 5749 678 5789 ur
717 5749 864 5789 xum.
902 5749 1048 5788 voms
1087 5747 1233 5786 nesn
1274 5747 1324 5786 IN
1364 5746 1498 5785 ULLA
1537 5747 1746 5786 unum.
1791 5734 1894 5786 Te-

276 5827 600 5884 stimonium
617 5826 820 5884 Christi
834 5832 1136 5902 utrumque
1149 5825 1278 5882 dicit
1292 5827 1727 5894 Testamentum,
1744 5827 1895 5898 quod

1931 4287 1992 4359 D

2011 4334 2295 4388 velabitur
2323 4351 2478 4401 vero,
2507 4333 2641 4404 quia
2671 4350 2789 4388 cum
2820 4334 3063 4388 Christus
3082 4335 3402 4404 apparuerit
3424 4334 3539 4386 vita
3562 4347 3646 4386 ve-

2013 4431 2149 4490 stra,
2183 4431 2306 4481 tunc
2331 4431 2383 4481 et
2405 4442 2496 4480 vos
2523 4426 2856 4496 apparebitis
2879 4441 2998 4480 cum
3027 4429 3142 4496 ipso
3168 4429 3226 4480 in
3253 4427 3447 4495 gloria.
3487 4426 3645 4481 Nunc

2014 4518 2170 4571 enim
2193 4519 2298 4586 ﬁlii
2321 4521 2415 4572 Dei
2441 4533 2647 4580 sumus,
2679 4522 2729 4572 et
2755 4518 2991 4572 nondum
3018 4523 3246 4589 apparet
3269 4518 3642 4589 quoderimus.

2012 4609 2372 4664 Revelabitur
2386 4626 2518 4665 vero
2551 4610 2706 4681 quod
2735 4615 3146 4682 exspectamus,
3177 4611 3310 4684 quia
3329 4627 3449 4666 cum
3474 4627 3642 4682 appa-

2008 4706 2207 4769 ruerit,
2235 4704 2436 4758 similes
2463 4705 2512 4758 ei
2539 4706 2755 4769 erimus,
2801 4708 2860 4759 ct
2888 4705 3186 4762 videbimus
3216 4722 3333 4760 eum
3361 4707 3524 4761 sicuti
3546 4711 3639 4760 est.

2009 4797 2115 4863 Qui
2141 4803 2190 4853 et
2215 4799 2570 4867 conﬁrmavit,
2601 4801 2697 4868 qui
2724 4799 2788 4854 de
2815 4801 3045 4854 tenebris
3083 4815 3174 4855 vos
3202 4801 3411 4854 vocavit
3440 4801 3500 4853 in
3535 4799 3638 4854 ad-

2007 4891 2254 4946 mirabile
2286 4891 2464 4946 lumen
2493 4907 2672 4947 suum.
2700 4892 3046 4948 llluminavit
3071 4892 3226 4947 enim
3257 4894 3340 4947 his
3363 4894 3460 4962 qui
3482 4895 3541 4946 in
3571 4896 3644 4948 te-

2007 4985 2208 5047 nebris,
2235 4990 2283 5039 et
2309 4988 2365 5040 in
2391 4987 2583 5041 umbra
2613 4989 2798 5041 mortis
2821 4990 3006 5041 erant.
3040 4987 3106 5040 Et
3131 4986 3240 5041 hoc
3265 4989 3350 5039 est
3375 4984 3532 5056 quod
3561 4985 3643 5040 di-

2006 5077 2100 5143 cit,
2120 5081 2216 5146 qui
2245 5083 2295 5132 et
2315 5081 2650 5148 conﬁrmavit
2669 5096 2782 5134 vos.
2812 5083 2984 5149 Usque
3011 5081 3070 5134 in
3097 5083 3257 5149 ﬁnem
3271 5079 3427 5146 dicit,
3452 5078 3510 5133 id
3531 5083 3636 5145 est,

2006 5173 2274 5238 mortem,
2307 5173 2394 5226 vel
2424 5173 2481 5226 in
2511 5173 2663 5227 diem
2688 5172 2910 5243 judicii.
2935 5174 3004 5226 Et
3029 5175 3168 5228 nota
3187 5173 3323 5244 quia
3354 5189 3470 5228 non
3502 5173 3640 5228 dicit

2005 5263 2126 5318 sine
2160 5269 2414 5336 peccato,
2451 5266 2550 5320 sed
2579 5268 2692 5320 sine
2721 5268 2960 5320 crimine.
2993 5268 3104 5321 Nec
3129 5267 3450 5322 contrarius
3479 5266 3634 5321 vide-

2002 5365 2096 5415 tur
2139 5363 2345 5418 Joanni
2387 5363 2482 5434 qui
2525 5363 2704 5418 dicit:
2750 5365 2811 5420 Si
2851 5365 3149 5420 dixerimus
3195 5369 3327 5436 quia
3358 5370 3635 5437 peccatum

1999 5471 2106 5512 non
2131 5457 2402 5518 habemus,
2429 5473 2522 5511 nos
2549 5459 2694 5527 ipsos
2735 5458 3060 5522 seducimus,
3093 5464 3144 5515 et
3171 5463 3369 5516 veritas
3397 5462 3452 5514 in
3483 5459 3634 5512 nobis

2000 5565 2107 5603 non
2134 5554 2231 5604 est.
2261 5549 2428 5604 Aliud
2457 5554 2542 5604 est
2559 5555 2878 5622 peccatum,
2908 5552 3063 5608 aliud
3091 5558 3177 5608 est
3201 5551 3632 5608 crimen.Dante

2000 5641 2118 5696 Deo
2144 5643 2266 5696 sine
2299 5643 2539 5700 crimine
2563 5649 2751 5716 potest
2776 5663 2896 5702 esse
2925 5648 3119 5714 homo,
3155 5646 3365 5701 scilicet
3387 5643 3510 5697 sine
3540 5660 3628 5698 sa-

1998 5735 2255 5806 crilegio,
2285 5737 2406 5792 sine
2437 5739 2740 5809 adulterio,
2775 5741 2897 5794 sine
2928 5740 3102 5805 furto,
3150 5739 3234 5792 vel
3275 5735 3484 5804 majori
3523 5737 3628 5792 cri-

1998 5829 2184 5886 mine:
2215 5829 2337 5887 sine
2377 5838 2610 5907 peccato
2640 5851 2772 5890 vero
2799 5832 3003 5887 nullus.
3029 5830 3175 5897 Quia
3199 5846 3318 5886 non
3349 5833 3434 5886 est
3458 5830 3630 5889 homo
