4054 6186
437 284 540 342 827

1927 287 2324 345 LUCULENTII

3709 291 3837 349 828

435 409 609 467 super
623 393 842 452 terram
868 391 963 466 qui
992 393 1128 451 facit
1145 393 1386 462 bonum,
1408 398 1466 450 et
1479 409 1597 450 non
1618 396 2146 486 peccet.lnmul-.A
2168 400 2226 464 et
2249 396 2376 468 piis,
2409 395 2616 468 quibus
2648 395 2871 452 dicetur
2895 414 2932 452 a
2959 394 3205 454 Domino
3237 414 3251 454 :
3289 399 3496 464 Venite,
3547 400 3842 458 benedicti

414 493 507 545 iis
528 487 684 544 enim
704 488 1022 567 offendimus
1053 503 1250 542 omnes.
1278 487 1347 542 Et
1369 486 1500 543 ideo
1536 504 1654 544 non
1674 488 1756 544 ait
1781 487 1900 544 sine
1931 505 2061 560 pec~

437 586 586 650 cato,
609 581 710 637 sed
729 583 842 637 sine
861 583 1101 635 crimine.
1124 583 1182 635 ΙΝ
1215 597 1304 637 DIE
1327 597 1609 638 ADVENTUS
1639 583 1845 638 DouINI
1874 597 2066 639 nosrm

434 677 564 732 Jasu
597 676 840 740 CHRISTI,
873 674 960 728 vel
999 673 1058 728 in
1097 673 1252 728 diem
1290 675 1514 744 mortis,
1553 675 1784 746 quando
1825 675 1900 730 ad
1936 691 2067 730 suos

437 768 630 824 venire
659 767 948 838 dignatur.
975 767 1138 822 Unde
1165 770 1222 822 et
1246 767 1387 822 dicit
1413 785 1424 822 :
1457 769 1545 826 Sic
1566 785 1684 824 eum
1711 769 1828 824 volo
1855 783 2069 824 manere

436 863 601 919 donec
625 863 856 915 veniam.
878 861 976 914 Vel
1007 859 1065 914 in
1095 861 1249 915 diem
1273 861 1496 932 judicii,
1528 851 1760 933 quando
1810 867 2068 917 ventums

437 959 516 1010 est
529 954 788 1023 judicare
813 957 962 1008 vivos
985 959 1036 1009 et
1061 959 1320 1009 mortuos.
1351 955 1502 1009 Bene
1536 955 1742 1010 dicitur
1765 957 1822 1010 in
1847 955 1936 1009 die
1960 955 2063 1010 ad-

436 1052 624 1102 ventus
651 1049 866 1102 Domini
885 1050 1057 1102 nostri
1079 1050 1200 1103 Jesu
1220 1047 1438 1103 Christi.
1471 1048 1628 1103 Unde
1653 1051 1709 1102 et
1734 1048 2030 1104 Matthaaus
2053 1065 2067 1102 :

438 1140 570 1195 Cum
592 1140 792 1196 sederit
814 1157 912 1195 rea:
936 1145 994 1196 in
1017 1143 1150 1196 solio
1177 1143 1331 1210 regni
1347 1143 1453 1205 sui,
1485 1147 1534 1196 et
1565 1144 1780 1212 cmperit
1794 1142 2067 1210 judicare.

440 1233 578 1299 Quae
608 1232 730 1289 dies
761 1251 961 1290 amara
990 1235 1100 1290 erit
1125 1235 1370 1306 injustis,
1392 1235 1608 1291 blanda
1636 1238 1695 1290 et
1722 1234 1880 1290 mitis
1897 1234 2069 1306 justis

2165 493 2347 546 Patris
2364 493 2486 554 mei,
2511 492 2776 562 percipite
2795 506 3040 561 regnum,
3072 493 3215 563 quod
3256 494 3404 550 vobis
3433 500 3706 566 paratum
3741 501 3834 550 est

2165 585 2234 638 ab
2259 585 2464 654 origine
2485 584 2696 639 mundi.
2727 583 3004 655 Reprobis
3031 588 3226 641 autem
3251 603 3264 640 :
3291 589 3387 650 Ite,
3413 590 3722 652 maledicti,
3758 591 3828 642 in

2165 679 2340 744 ignem
2357 680 2633 739 aeternum,
2647 677 2899 746 quivobis
2912 683 3148 747 paratus
3168 684 3264 734 est.
3289 671 3656 744 Quem'diem
3674 696 3820 752 pro-

2165 769 2342 842 pheta
2365 768 2716 841 prospiciens
2747 769 2885 824 dicit
2915 786 2928 825 :
2957 773 3077 826 Dies
3101 773 3198 826 ire
3218 772 3332 828 dies
3348 773 3469 836 illa,
3498 774 3614 829 dies
3643 775 3824 829 tribu—

2169 864 2384 917 lationis
2408 867 2458 916 et
2483 865 2768 932 angustiae,
2799 865 2913 918 dies
2937 865 3267 920 calamitatis
3313 870 3364 920 et
3400 869 3653 930 miseria,
3693 868 3821 923 dies

2167 955 2376 1010 nebulae
2406 959 2456 1009 et
2491 956 2744 1022 turbinis,
2767 957 2884 1010 dies
2911 958 3068 1012 nubis
3095 963 3144 1012 et
3171 959 3458 1028 clangoris.
3489 960 3566 1014 De
3599 977 3718 1032 qua
3755 965 3818 1016 et

2169 1049 2312 1102 alius
2343 1049 2627 1119 propheta
2659 1065 2672 1102 :
2701 1049 2899 1106 Beatus
2913 1052 3016 1120 qui
3040 1051 3298 1121 intelligit
3320 1067 3483 1122 super
3507 1069 3740 1121 egenum
3763 1059 3818 1108 et

2164 1157 2480 1213 pauperem,
2506 1144 2565 1196 in
2590 1141 2677 1197 die
2701 1143 2845 1198 malo
2875 1143 3123 1201 liberabit
3150 1160 3271 1200 eum
3297 1148 3564 1202 Dominus.

1972 1570 2295 1693 VIII.

499 1759 710 1825 Lectio
741 1760 1462 1846 Epistolae_beati_Pauli
1487 1762 1763 1846 apostoli
1796 1762 1880 1846 ad
1905 1761 2220 1846 Ephesios
2251 1762 2362 1842 (III,
2398 1762 2496 1842 l3)
2531 1783 2546 1824 :
2581 1763 2866 1846 Eratres,
2898 1762 3155 1825 obsecra
3185 1779 3297 1825 vos
3325 1780 3405 1826 ne
3435 1761 3759 1846 deﬁciatis

1048 1841 1115 1904 in
1149 1841 1678 1905 tribulationibus
1704 1842 1865 1906 meis
1881 1841 2004 1925 prb
2035 1841 2237 1920 vobis,
2266 1841 2414 1924 quae
2441 1850 2536 1905 est
2557 1843 2776 1924 gloria
2802 1850 3041 1920 vestra,
3075 1846 3195 1905 etc.
3681 1843 3690 1852 ’

1726 1976 2072 2032 EXPOSITIO
2109 1976 2528 2032 LUCULENTII.

513 2084 753 2138 Videbat
802 2084 1008 2137 Paulus
1063 2085 1355 2154 apostolus
1403 2083 1791 2138 consummari
1849 2097 2153 2168 cursumB
2177 2087 2369 2155 patres
2396 2082 2764 2138 nominamus
2793 2081 3148 2154 patriarchas
3186 2085 3244 2138 et
3281 2083 3592 2154 prophetas
3636 2084 3718 2139 sic
3759 2089 3825 2139 et

448 2175 618 2248 [Cod.,
655 2177 774 2248 cor]
809 2193 995 2245 suum,
1026 2179 1084 2230 et
1115 2177 1421 2232 simulacra
1443 2177 1686 2232 deorum
1719 2177 1794 2232 ad
1824 2176 2069 2232 nihilum

442 2269 648 2340 redigi,
682 2269 1001 2340 principem
1027 2269 1227 2324 mundi
1255 2271 1411 2325 foras
1440 2269 1663 2341 projici,
1698 2270 1978 2341 pullulare
2005 2271 2070 2322 li-

443 2362 578 2416 dem
603 2362 983 2429 credentium,
1007 2363 1276 2418 aedificari
1293 2363 1602 2418 Ecclesiam
1627 2367 1684 2418 et
1709 2379 1982 2430 crescere,
2013 2379 2072 2417 se

444 2459 640 2509 autem
671 2457 942 2510 atrociter
959 2457 1225 2528 persequi
1247 2461 1482 2528 propter
1500 2457 1835 2512 instantiam
1863 2456 2074 2511 laboris

445 2551 502 2602 et
527 2549 950 2619 praedicationis
970 2549 1187 2620 accepti
1209 2550 1384 2606 ofﬁcii
1404 2551 1477 2604 ad
1498 2550 1944 2606 construendam
1973 2551 2074 2604 Ec-

443 2641 698 2696 clesium.
728 2642 1064 2714 Discipulos,
1099 2661 1243 2715 quos
1267 2647 1400 2698 ante
1432 2644 1842 2714 praadicaverat
1866 2643 2071 2711 verbis,

366 2805 369 2809 .
443 2736 621 2790 voluit
653 2735 934 2790 instruere
963 2737 1259 2808 exemplis,
1293 2755 1423 2792 cum
1448 2737 1564 2791 ait:
1600 2737 1852 2793 Oesacao
1877 2753 1982 2792 vos
2012 2753 2077 2792 NE

449 2844 748 2885 DEFICIATIS
797 2847 850 2885 1N
901 2847 1384 2887 TRIBITLA‘IIONIBL'S
1431 2847 1591 2898 MEIS;
1642 2847 1707 2886 ac
1762 2831 1806 2886 si
1875 2830 2072 2886 dicat:

443 2924 648 2978 Totum
677 2924 832 2995 quod
861 2925 1069 2996 patior,
1099 2941 1212 2996 quo
1244 2929 1453 2992 arctor,
1496 2942 1610 2998 quo
1652 2924 1914 2992 tribulor,
1945 2941 2077 2980 mea

445 3015 738 3070 tribulatio
769 3020 956 3072 vestra
978 3021 1064 3071 est
1093 3019 1383 3088 gloriatio,
1417 3018 1550 3089 quia
1571 3022 1707 3073 tunc
1737 3018 1796 3071 in
1822 3018 1936 3072 fide
1958 3017 2075 3072 dis-

447 3107 619 3180 cipuli
647 3109 984 3178 solidantur,
1017 3127 1148 3164 cum
1177 3115 1414 3182 propter
1442 3128 1540 3166 eos
1567 3111 1840 3183 magister
1863 3111 2080 3181 patitur

446 3204 506 3256 et
526 3201 906 3270 angustiatur.
938 3204 1131 3257 Potest
1162 3207 1219 3258 et
1244 3203 1410 3258 aliter
1440 3204 1684 3275 intelligi
1709 3204 1864 3276 quod
1895 3203 2031 3258 dicit
2062 3221 2075 3260 :

445 3295 666 3350 Obsecro
692 3310 781 3350 vos
795 3311 861 3350 ne
881 3296 1142 3366 deﬁciatis
1161 3300 1217 3351 in
1239 3298 1678 3353 tribulationibus
1705 3301 1834 3354 meis
1853 3314 1958 3368 pro
1983 3314 2075 3353 υο-

446 3390 554 3453 bis;
579 3405 644 3444 ac
674 3388 719 3443 si
747 3388 969 3444 dicatur
999 3407 1012 3445 :
1047 3391 1201 3446 Sicut
1233 3407 1342 3462 ego
1374 3391 1526 3446 inter
1554 3393 1833 3463 procellas
1874 3391 2077 3446 mundi

441 3483 605 3537 istius
625 3486 684 3537 et
699 3484 1129 3554 persecutiones
1150 3502 1266 3540 non
1287 3485 1490 3554 titubo,
1525 3486 1604 3540 ita
1623 3490 1681 3541 et
1697 3503 1795 3540 vos
1815 3485 2076 3557 apposita
2095 3465 2151 3540 Ο

443 3577 739 3650 supplicia,
769 3578 815 3632 si
845 3579 1170 3650 contigerit,
1199 3597 1304 3652 pro
1353 3580 1562 3635 Christi
1599 3581 1834 3635 nomine
1873 3581 2074 3636 formi-

444 3670 581 3726 dare
615 3671 810 3725 nolite.
843 3671 994 3726 Bene
1027 3673 1180 3742 dicit,
1215 3690 1337 3737 QU.E
1370 3689 1465 3729 EST
1497 3689 1696 3730 GLORIA
1720 3689 1942 3730 VESTRA.
1975 3673 2076 3729 Cui

446 3763 630 3817 simile
659 3767 772 3818 est:
798 3764 857 3819 Si
878 3765 1018 3835 quid
1043 3766 1308 3836 patimini
1339 3771 1576 3838 propter
1593 3766 2077 3839 justitiam,beati

444 3855 620 3910 eritis.
645 3858 820 3912 HUJUS
841 3875 925 3912 REI
959 3875 1152 3915 ctum
1181 3877 1382 3916 ηερΤο
1418 3877 1591 3917 casm
1623 3877 1727 3916 una
1760 3879 1841 3938 AD.
1868 3877 2076 3917 urnam

444 3952 646 4005 DOMINI
673 3965 866 4005 NOSTRI
889 3953 1020 4007 JESU
1049 3955 1293 4008 CHRISTI.
1322 3955 1391 4008 Et
1435 3954 1528 4008 hic
1573 3955 1841 4010 convenit
1879 3971 2077 4010 sensus

446 4043 756 4114 superioris
773 4059 976 4113 causae,
1007 4047 1162 4116 quod
1181 4049 1485 4118 Apostolus
1501 4051 1669 4118 rogat
1680 4065 1784 4120 pro
1796 4048 2075 4119 Ephesiis,

447 4154 519 4192 ne
549 4137 821 4192 deficiant
842 4137 898 4192 in
923 4139 1404 4208 tribulationibus,
1437 4158 1568 4195 cum
1591 4141 1764 4196 dicit:
1796 4143 1976 4210 Hujus
1999 4145 2081 4196 rei

442 4234 627 4302 gratia
649 4234 799 4300 flecto
830 4249 1004 4302 genua
1027 4249 1144 4288 mea
1171 4233 1246 4288 ad
1269 4235 1488 4290 Patrem
1523 4237 1736 4293 Domini
1762 4237 1934 4290 nostri
1953 4237 2079 4290 Jesu

443 4326 660 4381 Christi.
707 4325 866 4381 Sicut
907 4327 1062 4382 enim
1107 4330 1240 4382 sunt
1265 4343 1456 4399 genua
1482 4328 1776 4384 exterioris
1804 4327 2074 4396 hominis,

442 4419 521 4474 sic
565 4423 697 4474 sunt
734 4424 792 4474 et
829 4420 1136 4477 interioris.
1179 4423 1310 4477 Tale
1339 4422 1476 4494 quid
1506 4427 1564 4478 et
1588 4423 1662 4478 ad
1685 4423 2076 4494 Philippenses

443 4513 600 4567 idem
631 4516 924 4585 apostolus
972 4515 1092 4571 ait:
1135 4519 1202 4573 Ut
1243 4519 1303 4572 in
1334 4520 1544 4573 nomine
1586 4520 1713 4572 Iesu
1749 4533 1899 4572 omne
1937 4533 2078 4586 genu

443 4610 694 4675 ﬂectatur
730 4609 1042 4674 cwlestium,
1077 4614 1414 4666 terrestrium
1441 4616 1494 4666 et
1525 4614 1882 4680 infernorum.
1911 4611 2076 4676 Quod

444 4699 641 4770 utique
674 4717 791 4756 non
818 4701 891 4756 ad
922 4703 1107 4758 solam
1138 4703 1391 4776 corporis
1422 4704 1673 4775 pertinet
1693 4703 2078 4775 genuculatio-

443 4809 602 4850 nem.
628 4794 784 4849 Multi
806 4794 962 4849 enim
974 4795 1240 4852 videntur
1257 4801 1446 4852 erecta
1468 4797 1686 4852 cervice
1707 4814 1892 4866 orare,
1921 4797 2076 4870 apud

444 4888 628 4943 Deum
649 4905 784 4944 vero
810 4888 1106 4944 humiliter
1120 4890 1334 4962 poplite
1345 4891 1673 4947 ﬂectuntur.
1695 4892 1764 4946 Et
1783 4909 1815 4947 e
1835 4891 2074 4962 regione

446 4983 708 5037 nonnulli
725 4982 944 5054 prolixe
959 4985 1210 5052 orantes,
1233 4983 1512 5056 p0plitem
1536 4985 1721 5056 figunt
1740 4989 1874 5040 ante
1895 4985 2077 5040 homi-

447 5091 549 5127 nes
565 5075 877 5144 humiliter,
901 5077 1054 5148 apud
1071 5079 1254 5132 Deum
1275 5081 1529 5133 erectam
1548 5078 1826 5133 cervicem
1838 5079 2072 5135 habent.

445 5167 653 5221 Paulus
669 5185 803 5226 vero
825 5187 940 5226 non
960 5173 1187 5227 tantum
1203 5189 1358 5244 genu
1377 5171 1546 5242 ﬂexo,
1570 5175 1852 5244 quantum
1870 5173 2078 5228 affectu

445 5260 678 5327 mentis,
717 5263 921 5319 orabat
948 5282 1077 5320 cum
1123 5267 1344 5322 diceret
1371 5283 1382 5324 :
1415 5267 1596 5336 Hujus
1621 5269 1701 5322 rei
1723 5268 1906 5335 gratia
1929 5269 2078 5336 [tecto

359 5402 362 5404 γ
445 5370 622 5425 genua
648 5370 768 5409 mea
803 5357 876 5410 ad
911 5359 1124 5414 Patrem
1158 5364 1374 5416 Domini
1399 5363 1572 5416 nostri
1603 5363 1730 5417 Iesu
1757 5361 1978 5424 Christi,
2012 5377 2078 5415 ex

446 5466 554 5512 οιό
582 5465 750 5505 0|!le
783 5465 1106 5508 PATERNITAS
1139 5471 1190 5508 1N
1223 5471 1401 5512 COELIS
1432 5473 1496 5512 ET
1529 5472 1582 5512 IN
1624 5471 1796 5511 TERRA
1842 5469 2073 5510 NOMINA-

445 5561 567 5600 run.
593 5543 961 5598 Paternitatis
977 5544 1259 5602 honorem
1278 5548 1414 5602 dicit
1439 5549 1729 5620 apostolus
1747 5548 1953 5603 Paulus
1974 5563 2076 5602 no-

447 5637 654 5693 minari
689 5638 745 5693 in
769 5637 922 5694 caelis
940 5641 996 5692 et
1025 5638 1082 5693 in
1099 5642 1272 5695 terra.
1305 5643 1368 5695 ln
1391 5642 1564 5708 caelis,
1596 5641 1879 5696 scilicetin
1907 5659 2080 5713 ange-

449 5732 566 5786 licis
589 5733 988 5803 potestatibus,
1017 5733 1151 5804 quia
1182 5734 1327 5788 sicut
1375 5751 1476 5788 nos
1527 5735 1586 5788 in
1632 5735 1797 5790 terris
1849 5739 2082 5806 propter

447 5826 852 5897 reverentiam,
880 5827 1266 5885 venerationis
1293 5843 1483 5896 causa,
1515 5827 1830 5882 anteriores
1857 5833 2082 5884 nostros

2177 2176 2473 2248 digniores
2495 2179 2806 2249 potestates
2824 2176 2881 2230 in
2903 2176 3649 2248 coelestibuspaternitatem
3667 2177 3826 2232 obti-

2173 2274 2334 2325 nent.
2349 2270 2622 2324 Dicuntur
2639 2269 2795 2324 enim
2811 2269 3004 2340 angeli
3019 2269 3260 2324 minoris
3281 2269 3517 2325 ordinis.
3541 2269 3809 2324 Archan-

2175 2362 2306 2434 geli,
2341 2362 2554 2430 throni,
2584 2362 3030 2431 dominationes,
3072 2362 3424 2434 principatus
3453 2367 3512 2417 et
3550 2367 3816 2434 potesta-

2173 2461 2260 2510 tes
2311 2456 2721 2528 paternitatem
2769 2455 3004 2510 habent.
3056 2457 3126 2510 Et
3171 2456 3301 2512 ideo
3333 2456 3470 2512 dicit
3515 2457 3821 2528 apostolus

2173 2550 2380 2604 Paulus
2405 2567 2417 2604 :
2459 2553 2545 2606 Er
2583 2565 2686 2620 quo
2715 2552 2882 2605 omnis
2909 2552 3216 2620 paternitas
3245 2551 3302 2604 in
3326 2551 3468 2605 caelis
3493 2556 3545 2604 et
3573 2552 3633 2604 in
3665 2554 3821 2605 terra

2174 2646 2514 2698 nominatur.
2545 2644 2614 2696 Et
2643 2646 2779 2698 nota
2813 2642 2948 2714 quia
2975 2659 3092 2697 non
3125 2642 3266 2697 dixit
3295 2660 3362 2697 ex
3389 2660 3503 2715 quo
3541 2647 3681 2698 nata
3705 2647 3816 2706 est,

2177 2737 2277 2790 sed
2302 2753 2368 2791 ea:
2397 2752 2502 2806 quo
2529 2739 2872 2802 nominatur;
2907 2753 2972 2790 ac
3011 2735 3056 2790 si
3085 2735 3257 2803 dicat,
3307 2753 3376 2790 ex
3419 2736 3668 2791 Domino
3713 2737 3819 2808 qui

2177 2831 2502 2902 exemplum
2528 2829 2760 2902 reliquit
2785 2829 2994 2884 sanctis
3023 2829 3106 2884 ita
3133 2829 3401 2885 faciendi.

2248 2926 2326 2981 UT
2350 2941 2449 2981 DET
2491 2939 2651 2980 VOBIS
2694 2939 2978 2980 SECUNDUM
3021 2940 3256 2980 DlVlTlAS
3291 2939 3502 2980 (Η.οῆῐῶ
3539 2939 3659 2981 SUAE
3692 2941 3817 2981 VIB-

2175 3035 2311 3076 rure
2341 3033 2721 3075 connosomm
2752 3034 2852 3074 rea
2879 3017 3142 3074 Srnurun
3177 3033 3320 3074 ειυς.
3371 3017 3596 3073 Divitiae
3635 3018 3818 3090 ipsius

2177 3116 2329 3180 sunt,
2385 3115 2582 3184 utpote
2631 3112 2782 3167 dona
2827 3111 3258 3178 charismatum,
3309 3110 3462 3166 dona
3511 3111 3814 3180 virtutum,

2149 3223 2304 3278 qua:
2329 3206 2540 3261 sanctis
2566 3205 2827 3277 largitur,
2867 3205 3013 3260 sicut
3034 3222 3180 3260 unus
3210 3221 3278 3259 ex
3307 3204 3389 3260 eis
3424 3205 3524 3276 qui
3571 3221 3814 3278 accepe-

2175 3304 2267 3354 rat
2295 3299 2522 3355 dicebat
2553 3317 2567 3355 :
2603 3301 2712 3357 Nos
2752 3301 2818 3354 de
2851 3299 3201 3370 plenitudine
3226 3298 3339 3369 ejus
3365 3301 3670 3369 accepimus
3690 3315 3816 3367 gra-

2176 3395 2309 3448 tiam
2351 3409 2456 3464 pro
2499 3395 2700 3463 gratia.
2751 3393 2890 3447 Orat
2941 3381 3231 3464 apostolos
3274 3407 3378 3464 pro
3423 3391 3685 3464 Ephesiis
3721 3391 3808 3445 di-

2177 3503 2348 3542 cens:
2409 3489 2477 3542 Ut
2537 3487 2626 3541 det
2659 3488 2811 3542 vobis
2853 3486 3149 3542 secundum
3193 3486 3416 3540 divitias
3469 3487 3658 3556 gloriae
3701 3501 3810 3540 sua

2175 3584 2374 3636 uirtute
2415 3581 2750 3636 corroborari
2784 3595 2886 3651 per
2922 3581 3187 3650 Spiritum
3225 3579 3340 3648 ejus
3362 3620 3374 3634 .
3405 3580 3484 3634 Ac
3523 3579 3572 3632 si
3611 3577 3766 3633 dicat
3795 3596 3809 3632 :

2177 3673 2370 3729 Tantis
2394 3673 2522 3728 fulti
2550 3673 2672 3728 sitis
2693 3673 2859 3728 donis
2885 3673 3180 3741 virtutum,
3200 3676 3264 3726 ut
3291 3672 3447 3727 inter
3463 3672 3814 3744 persecutio-

2179 3785 2281 3822 nes
2310 3768 2487 3822 fortes
2510 3767 2814 3834 maneatis,
2837 3767 2994 3837 quod
3019 3767 3208 3820 nullus
3236 3766 3431 3837 utique
3461 3766 3652 3820 facere
3684 3771 3812 3837 pot-

2179 3862 2306 3930 erit,
2340 3861 2446 3915 nisi
2476 3860 2662 3932 gratia
2691 3859 2873 3915 sancti
2903 3859 3144 3931 Spiritus
3176 3859 3350 3914 fuerit
3379 3859 3660 3914 imbutus.
3693 3859 3810 3914 Sic-

2179 3971 2290 4026 que
2321 3954 2458 4010 dicit
2485 3953 2691 4008 virtute
2714 3953 3075 4010 corroborari
3098 3969 3202 4025 per
3227 3952 3502 4024 Spiritum
3529 3953 3690 4023 ejus;
3718 3953 3812 4026 qui

2180 4049 2336 4103 enim
2363 4047 2643 4120 Spiritum
2667 4047 2764 4104 Dei
2795 4047 2854 4101 in
2883 4063 2942 4100 se
2984 4046 3344 4102 habitantem
3373 4045 3661 4115 habuerit,
3706 4047 3816 4100 erit

2179 4142 2358 4209 fortis,
2395 4146 2454 4196 et
2507 4141 2746 4196 habebit
2781 4140 3036 4196 virtutes.
3083 4141 3140 4196 IN
3183 4155 3510 4196 INTERIOREM
3559 4155 3812 4196 HOMINE!
3863 4161 3871 4173 -

2177 4253 2443 4293 HABITARE
2485 4236 2768 4291 CHRISTUM
2813 4251 2914 4289 PER
2954 4249 3116 4290 FIDEM
3159 4250 3211 4290 IN
3263 4249 3525 4290 CORDIBUS
3566 4248 3812 4289 VESTRIS.

2178 4333 2240 4384 In
2271 4331 2381 4386 hoc
2406 4330 2525 4384 vult
2549 4327 2856 4383 ostendere
2879 4327 3023 4382 duos
3047 4325 3315 4382 homines
3330 4343 3454 4381 esse
3481 4325 3542 4380 in
3569 4343 3688 4382 uno
3714 4328 3812 4382 ho-

2177 4425 2356 4494 mine,
2380 4422 2725 4479 exteriorem
2753 4421 3020 4476 videlicet
3040 4424 3098 4475 et
3114 4421 3214 4492 qui
3237 4421 3649 4492 corrumpitur,
3671 4420 3816 4475 inte-

2176 4518 2391 4575 riorem
2416 4517 2514 4589 qui
2543 4517 2854 4571 renovatur
2879 4514 2950 4569 de
2983 4513 3076 4568 die
3103 4513 3164 4568 in
3192 4513 3368 4582 diem,
3401 4513 3548 4569 sicut
3591 4514 3720 4586 ipse
3755 4514 3811 4568 in

2178 4610 2290 4666 alio
2315 4611 2441 4666 loco
2474 4609 2612 4665 dicit
2639 4626 2652 4664 :
2687 4609 2749 4664 Si
2781 4609 3013 4664 exterior
3037 4608 3189 4662 homo
3219 4611 3399 4662 noster
3421 4611 3810 4678 corrumpitur,

2177 4708 2236 4759 in
2259 4709 2436 4760 tamen
2454 4705 2551 4774 qui
2573 4688 2719 4758 intus
2736 4706 2816 4758 est
2836 4705 3127 4757 renouatur
3151 4701 3216 4756 de
3242 4700 3330 4756 die
3359 4702 3421 4755 in
3449 4700 3611 4756 diem.
3643 4700 3810 4755 Habi-

2177 4800 2262 4853 tat
2286 4797 2444 4853 enim
2467 4797 2722 4854 Christus
2747 4795 2809 4851 in
2847 4794 3187 4850 interiorem
3235 4792 3557 4862 hominem,
3602 4797 3660 4849 et
3708 4794 3812 4848 hoc

2176 4908 2295 4948 non
2327 4891 2435 4946 nisi
2461 4907 2566 4962 per
2589 4889 2786 4946 ﬁdem.
2810 4888 2936 4946 Sine
2963 4888 3068 4958 ﬁde
3085 4889 3226 4944 enim
3250 4887 3580 4959 impossibile
3605 4892 3686 4944 est
3694 4888 3815 4959 pla-

2175 5001 2288 5041 cere
2313 4989 2450 5041 Deo:
2483 4988 2544 5038 et
2567 4987 2787 5051 contra,
2815 4985 3002 5038 Justus
3046 4998 3113 5037 ea:
3154 4981 3260 5052 ﬁde
3306 4982 3461 5037 vivit.
3502 4979 3615 5046 Qui
3653 4981 3812 5036 enim

2175 5078 2490 5152 perfectam
2507 5077 2684 5132 habet
2710 5075 2907 5141 fidem,
2936 5074 3112 5129 habet
3135 5073 3424 5130 Christum
3448 5072 3810 5129 habitantem

2175 5173 2236 5227 in
2283 5189 2362 5227 se.
2405 5171 2610 5242 Utique
2657 5174 2714 5224 et
2759 5170 2928 5224 Pater
2971 5167 3244 5241 loquitur,
3292 5171 3360 5224 Et
3401 5168 3723 5224 inhabitabo
3757 5170 3813 5222 in

2175 5267 2308 5330 illis,
2331 5270 2382 5321 et
2407 5263 2776 5320 inambulabo.

2251 5363 2305 5416 IN
2325 5374 2622 5416 CHARITATB
2633 5373 2881 5414 RADICATI
2896 5373 2957 5412 ET
2972 5372 3223 5424 FUNDATI,
3240 5371 3306 5412 UT
3319 5370 3562 5412 POSSITIS
3575 5371 3814 5413 CONPRE-

2123 5513 2128 5518 ε
2178 5469 2425 5510 BENDERE
2455 5468 2565 5508 CUM
2598 5467 2834 5507 OMNIBUS
2867 5466 3088 5507 SANCTIS
3117 5466 3237 5514 QUE
3262 5465 3346 5506 SIT
3374 5465 3667 5519 LATITUDO,
3689 5465 3817 5505 ιοκο

2179 5561 2749 5614 GlTUDO,SUBLIMlTAS,
2767 5561 2828 5600 ET
2846 5560 3192 5600 morosum.
3218 5545 3312 5598 Ille
3334 5543 3392 5598 in
3425 5543 3708 5599 charitate
3735 5559 3819 5598 ra-

2180 5642 2398 5697 dicatus
2416 5639 2744 5712 pariterque
2757 5642 2814 5692 et
2830 5637 3102 5693 fundatus
3115 5640 3398 5708 est,quem
3415 5654 3524 5692 nec
3536 5653 3814 5708 prospera

2182 5737 2406 5790 elevant
2417 5751 2522 5788 nec
2536 5733 2774 5788 adversa
2785 5730 3410 5804 perturbant.Sicutille
3423 5733 3546 5786 erat
3558 5731 3659 5803 qui
3673 5729 3814 5785 dice-

2181 5830 2298 5886 bat:
2322 5828 2452 5897 Quis
2466 5843 2560 5884 nos
2574 5827 2850 5902 separabit
2861 5843 2897 5882 a
2913 5826 3177 5886 charitate
3185 5827 3284 5882 Dei
3292 5827 3321 5881 ?
3335 5823 3677 5882 subauditur
3688 5825 3814 5880 nul-
