3996 6188
232 250 326 310 829

1469 251 1539 309 IN
1584 253 1730 309 CAP.
1770 253 1836 308 IV
1873 254 1960 308 AD
1996 253 2329 311 EPHESKB.

3473 253 3575 311 830

227 361 328 419 lus.
351 357 634 416 Ceterum
651 358 815 415 multi
824 358 1452 417 videnturincharitate
1470 359 1725 430 radicati,
1748 361 1846 417 sed
1869 373 1928 448 Α
1947 365 2196 418 tientiam
2241 365 2630 434 easpcctamus.
2682 357 2845 426 Quod
2883 359 2961 418 illi
2989 365 3223 434 possunt
3259 359 3444 417 dicere
3468 362 3567 434 qui

228 471 336 511 non
359 458 493 508 sunt
502 453 744 523 fundati,
765 471 905 526 quos
918 471 1192 526 prospera
1211 455 1448 525 elevant,
1467 455 1702 511 adversa
1719 471 1848 528 per-

229 549 490 618 turbant;
520 548 622 620 qui
647 552 900 620 tempore
929 547 1082 620 pacis
1107 548 1336 604 credere
1364 548 1629 605 videntur
1657 565 1670 615 ;
1699 552 1846 604 tem-

228 659 358 718 pore
388 641 743 697 adversitatis
783 647 1030 713 negant;
1062 642 1205 697 sicut
1232 643 1302 698 de
1325 642 1460 698 false
1487 642 1848 698 credentibus

232 737 356 792 dicit
381 736 654 791 Dominus
679 753 694 790 :
744 739 864 795 Non
911 737 1080 791 omnis
1106 739 1202 806 qui
1227 735 1360 791 dicit
1386 737 1522 791 mihi
1546 754 1564 791 :
1604 737 1844 799 Domine,

230 832 458 893 Domine,
487 831 722 885 intrabit
742 832 801 884 in
828 846 1055 900 regnum
1079 831 1348 884 calorum.
1377 831 1444 885 Et
1467 830 1670 885 Paulus
1702 846 1716 885 :
1746 831 1852 897 Qui

232 927 542 994 conﬁtentur
565 939 620 980 se
645 939 796 979 nosse
821 928 1009 988 Deum,
1037 926 1200 992 factis
1231 929 1407 979 autem
1455 929 1674 993 negant.
1715 923 1850 980 Orat

231 1017 416 1073 beatus
459 1018 670 1072 Paulus
700 1018 984 1089 apostolus
1024 1034 1130 1090 pro
1158 1017 1432 1089 Ephesiis,
1461 1021 1526 1072 ut
1577 1021 1762 1072 essent
1789 1015 1848 1070 in

233 1111 491 1166 charitate
518 1111 756 1166 radicati
781 1114 837 1166 et
851 1111 1090 1181 fundati,
1115 1115 1170 1166 et
1196 1127 1329 1166 cum
1359 1110 1621 1165 omnibus
1645 1109 1850 1164 sanctis

233 1205 705 1276 comprehendere
730 1206 1046 1276 potuissent
1071 1221 1198 1277 quae
1228 1204 1300 1260 sit
1315 1205 1570 1274 latitudo,
1599 1203 1852 1258 sublimi-

234 1303 331 1368 tas,
359 1303 413 1353 et
438 1298 789 1370 profundum
811 1317 828 1368 ;
886 1315 999 1353 non
1029 1299 1331 1354 mundanae
1376 1297 1690 1370 sapientiae,
1720 1313 1850 1368 quae

234 1395 454 1448 stultitia
502 1398 584 1448 est
615 1393 766 1463 apud
793 1397 981 1457 Deum,
1012 1393 1105 1448 sed
1151 1392 1476 1463 spiritualis,
1525 1407 1652 1463 quae
1676 1393 1853 1446 amica

234 1492 302 1542 est
324 1489 434 1542 Dei.
466 1485 759 1558 Sapientes
789 1487 945 1540 enim
970 1487 1141 1557 hujus
1155 1485 1355 1540 mundi
1371 1485 1850 1557 comprehendere

236 1581 406 1636 solent
429 1580 615 1651 spatia
655 1584 956 1646 terrarum,
985 1580 1343 1635 latitudinem
1369 1579 1577 1634 scilicet
1601 1580 1671 1634 ab
1696 1579 1853 1652 aqui-

233 1678 349 1733 lone
376 1695 558 1750 usque
584 1679 655 1732 ad
681 1678 998 1742 meridiem,
1019 1678 1442 1750 longitudinem
1459 1682 1650 1732 autem
1674 1679 1744 1732 ab
1764 1695 1851 1733 or-

233 1776 288 1825 tu
311 1772 439 1826 solis
463 1788 648 1844 usque
667 1771 738 1826 ad
756 1788 1039 1839 occasum,
1055 1772 1466 1827 sublimitatem
1483 1788 1615 1826 vero
1643 1789 1675 1826 a
1699 1777 1851 1826 terra
1869 1747 1925 1819 B

231 1881 399 1936 usque
424 1866 494 1920 ad
516 1866 746 1935 coelum,
771 1866 1212 1936 profunditatem
1247 1881 1424 1938 usque
1448 1865 1519 1920 ad
1545 1866 1846 1937 abyssum;

231 1965 590 2014 numerantes
629 1959 796 2014 etiam
826 1963 1012 2030 guttas
1042 1960 1220 2014 maris
1268 1959 1492 2028 Oceani,
1544 1975 1850 2014 numerum

233 2065 526 2103 arenarum
560 2049 814 2119 ejusdem
848 2048 1038 2118 maris,
1063 2048 1255 2103 stellas
1281 2049 1424 2119 coeli,
1455 2053 1512 2104 et
1539 2049 1664 2103 haec
1689 2048 1852 2103 fatui-

232 2147 308 2195 tas
331 2147 432 2197 est.
463 2143 580 2196 Nos
611 2146 802 2196 autem
839 2159 967 2196 cum
994 2142 1242 2214 apostolo
1267 2142 1441 2197 Paulo
1469 2143 1850 2213 spiritualibus

232 2236 534 2306 spiritualia
563 2241 959 2305 comparantes,
992 2235 1540 2306 comprehendamus
1566 2252 1698 2290 cum
1724 2251 1847 2289 om-

233 2329 385 2384 nibus
410 2330 642 2398 sanctis,
688 2345 815 2400 quaa
858 2329 927 2383 sit
949 2329 1210 2397 latitudo,
1238 2329 1558 2400 longitudo,
1587 2329 1847 2384 sublimi-

233 2427 326 2492 tas,
359 2428 413 2477 et
441 2423 815 2494 profundum.
845 2422 1032 2478 Primo
1056 2439 1283 2478 crucem
1308 2424 1482 2477 nostri
1513 2423 1853 2494 Redempto-

233 2517 302 2570 ris
341 2517 760 2571 considerantes
781 2515 840 2570 in
867 2534 977 2588 qua
1004 2517 1276 2588 mysteria
1324 2516 1642 2587 significata
1693 2521 1844 2570 sunt.

235 2604 303 2658 lbi
330 2622 584 2676 namque
609 2606 716 2660 fuit
762 2605 1022 2674 latitudo,
1062 2605 1380 2675 longitudo,
1415 2609 1470 2658 et
1496 2605 1852 2676 profunditas

235 2703 428 2774 primo,
449 2706 507 2757 et
521 2719 640 2758 non
653 2703 845 2758 statim
866 2702 1182 2758 sublimitas
1199 2721 1212 2757 :
1229 2703 1467 2758 latitudo
1494 2703 1602 2758 fuit
1625 2703 1851 2774 lignum

235 2797 373 2868 quod
418 2797 478 2851 in
507 2801 898 2851 transversum
929 2796 1126 2867 jacuit,
1157 2797 1254 2851 ubi
1283 2813 1484 2851 manus
1513 2796 1694 2850 nostri
1740 2797 1850 2851 Re-

236 2891 534 2962 demptoris
557 2889 684 2944 ﬁxa:
705 2891 936 2945 fuerunt
959 2907 972 2945 :
993 2889 1290 2961 longitudo
1309 2889 1533 2961 lignum
1552 2889 1690 2944 illud
1703 2891 1854 2960 quod

239 2985 300 3038 ab
323 3001 386 3040 eo
411 2985 472 3040 in
501 2990 660 3040 terra
703 2983 1000 3055 ﬁgebatur,
1030 2999 1208 3055 usque
1233 2984 1301 3037 ad
1349 2983 1706 3038 latitudinem
1733 2999 1855 3054 per-

235 3078 470 3150 tingens,
505 3079 571 3133 in
600 3095 712 3149 quo
755 3094 956 3148 corpus
985 3077 1164 3132 nostri
1194 3077 1587 3148 Redemptoris
1629 3081 1853 3132 tensum

235 3172 366 3241 fuit;
409 3173 760 3244 profundum
792 3171 928 3225 illud
957 3171 1108 3242 quod
1137 3171 1196 3224 in
1221 3175 1375 3225 terra
1403 3171 1580 3224 fixum
1605 3171 1730 3237 fuit,
1753 3171 1854 3224 ubi

237 3269 500 3322 steterunt
527 3265 702 3336 pedes
723 3265 864 3335 ejus.
890 3265 1079 3318 Primo
1123 3280 1370 3336 namque
1397 3281 1536 3318 crux
1565 3264 1624 3318 in
1652 3263 1850 3319 simili-

235 3360 481 3416 tudinem
522 3365 621 3413 tau
645 3358 848 3413 litterae
895 3358 1039 3412 facta
1076 3358 1203 3425 fuit,
1243 3358 1339 3411 sed
1369 3363 1562 3428 postea
1599 3357 1856 3412 additum

235 3452 333 3509 fuit
358 3453 434 3508 ibi
459 3453 711 3525 lignum,
741 3451 837 3506 ubi
863 3468 1028 3506 causa
1056 3451 1232 3524 ipsius
1262 3451 1471 3522 scripta
1493 3450 1601 3505 fuit
1637 3467 1650 3504 :
1681 3455 1738 3505 et
1756 3467 1858 3504 nu-

235 3551 292 3600 tu
328 3547 426 3602 Dei
451 3548 565 3602 hoc
593 3551 782 3601 actum
807 3545 933 3611 fuit,
985 3549 1044 3599 ut
1069 3545 1307 3616 plenum
1355 3544 1689 3615 mysterium
1715 3544 1774 3598 in
1800 3561 1858 3599 se

239 3643 565 3708 contineret,
593 3645 659 3695 ut
685 3643 876 3694 sancto
890 3639 1053 3710 signo
1079 3639 1260 3692 crucis
1275 3637 1502 3706 muniti,
1525 3637 1632 3692 tuti
1661 3653 1856 3693 mane-

239 3741 354 3790 rent
373 3735 440 3788 ab
460 3735 626 3789 hoste
655 3733 912 3804 antiquo.
943 3733 1069 3786 Hzec
1091 3732 1162 3786 ad
1186 3731 1452 3786 litteram.

304 3827 678 3900 Spiritualiter
697 3827 818 3881 vult
841 3825 1123 3898 apostolus
1149 3825 1356 3880 Paulus
1384 3823 1704 3895 intelligere
1735 3841 1862 3896 quze

241 3921 303 3976 sit
326 3921 592 3986 latitudo,
620 3924 676 3974 et
699 3919 1014 3991 longitudo.
1044 3918 1302 3974 Latitudo
1329 3922 1414 3972 est
1441 3918 1704 3986 cher-itas,
1733 3934 1861 3989 quae

245 4031 345 4068 non
374 4015 558 4068 solum
588 4012 798 4068 amicos
821 4013 882 4066 in
901 4013 1100 4079 Deum,
1128 4028 1326 4066 verum
1351 4011 1610 4064 inimicos
1633 4015 1863 4082 prOpter

241 4108 406 4162 Deum
443 4107 684 4178 diligere
737 4105 1040 4171 consuevit,
1071 4105 1140 4160 de
1167 4121 1280 4177 qua
1307 4105 1577 4175 scriptum
1607 4108 1724 4158 est:
1755 4107 1859 4160 La-

243 4206 344 4255 tum
381 4201 704 4256 mandatum
732 4205 882 4254 tuum
911 4201 1092 4253 nimis.
1139 4198 1456 4270 Longitudo
1486 4200 1568 4253 est
1601 4214 1861 4268 perseve-

243 4295 416 4348 rantia
433 4293 572 4348 boni
599 4291 803 4364 cperis,
837 4292 904 4346 de
935 4309 1049 4362 qua
1079 4291 1352 4346 Dominus
1379 4290 1522 4346 dixit
1550 4309 1565 4344 :
1597 4290 1704 4356 Qui
1735 4307 1860 4361 per-

243 4389 560 4442 severaverit
588 4402 758 4456 usque
773 4389 831 4440 in
856 4388 1034 4454 ﬁnem,
1053 4386 1136 4440 hic
1167 4387 1350 4440 salvus
1366 4387 1490 4440 erit.
1519 4383 1861 4452 Sublimitas,

246 4485 321 4535 est
353 4498 499 4552 spes.
537 4481 692 4548 Quod
717 4479 870 4533 enim
901 4495 1008 4533 non
1040 4480 1283 4534 videmus
1309 4493 1608 4548 speramus,
1633 4493 1736 4547 per
1754 4493 1862 4548 pa-

1946 460 2138 512 mente
2164 457 2227 512 in
2257 455 2574 512 celestibus
2597 455 2874 525 habitant,
2905 455 3054 510 sicut
3075 455 3171 511 ille
3197 455 3293 527 qui
3323 455 3570 512 dicebat:

1949 551 2291 608 Conversatio
2323 553 2503 604 autem
2539 554 2726 605 nostra
2750 551 2809 604 in
2835 551 2980 606 caelis
3005 554 3102 604 est.
3124 548 3475 606 Profundum
3487 554 3573 606 est

1947 643 2104 714 ﬁdes,
2132 643 2540 716 sperandarum
2566 643 2879 698 substantia
2925 659 3140 712 rerum,
3169 651 3574 715 argumentum

1948 754 2062 793 non
2089 740 2483 809 apparentum.
2511 737 2728 808 Aliquis
2751 735 2906 792 enim
2935 737 3104 808 «epit
3127 736 3363 808 diligere
3387 737 3576 808 proxi-

1949 848 2132 901 mum,
2163 831 2220 887 id
2245 834 2330 886 est
2357 847 2588 886 omnem
2631 829 2942 900 hominem,
2972 834 3030 886 et
3067 845 3362 902 nunquam
3403 830 3574 886 etiam

1947 942 2053 980 nec
2079 924 2138 980 in
2163 924 2555 997 persecutione
2582 924 2814 979 cessavit
2837 923 2907 978 ab
2939 925 3060 996 ejus
3080 923 3376 979 dilectione
3403 939 3420 992 ;
3449 922 3574 978 haec

1948 1018 2190 1074 latitudo
2218 1021 2322 1074 est.
2360 1016 2512 1073 Facit
2534 1017 2641 1073 hoc
2677 1021 2863 1073 totum
2893 1022 3124 1090 propter
3152 1017 3574 1089 adipiscendam

1948 1112 2120 1167 vitam
2143 1116 2417 1168 aeternam
2441 1129 2458 1182 ;
2491 1117 2548 1168 et
2570 1111 2677 1166 hoc
2703 1111 3012 1167 sublimitas
3033 1116 3136 1166 est.
3165 1111 3418 1166 Pendent
3452 1111 3575 1166 haec

1950 1206 2142 1262 omnia
2180 1221 2250 1260 ex
2297 1205 2515 1260 occulta
2549 1205 2740 1260 divina
2769 1205 3157 1260 misericordia
3183 1220 3311 1276 quae
3336 1204 3575 1260 interius

1951 1316 2178 1372 semper
2201 1299 2494 1354 hominem
2512 1300 2756 1370 protegit
2776 1317 2792 1368 ;
2814 1299 2998 1354 ethoc
3020 1299 3370 1370 profundum
3389 1303 3490 1353 est.
3514 1297 3570 1354 Si

1949 1400 2139 1450 autem
2155 1393 2421 1466 quislibet
2445 1392 2771 1464 ingeniosus
2795 1393 2972 1448 altero
2993 1408 3159 1447 sensu
3179 1392 3448 1463 indagare
3468 1396 3576 1446 sat-

1950 1489 2151 1560 egerit,
2167 1487 2341 1542 intelli
2349 1491 2444 1558 gat
2454 1487 2512 1542 id
2537 1487 2688 1558 quod
2707 1486 2994 1558 sequitur:
3021 1486 3181 1542 Some
3205 1503 3365 1542 arum
3383 1501 3575 1542 scren-

1950 1602 2256 1642 EMINENTEM
2287 1601 2573 1642 SCIENTIAM
2617 1601 2955 1641 CHARITATEM
2984 1585 3228 1652 CHRISTI,
3260 1601 3327 1640 UT
3358 1599 3576 1640 IMPLEA-

1949 1696 2065 1736 MINI
2094 1696 2148 1735 IN
2192 1695 2378 1735 OMNEM
2419 1695 2814 1735 PLENITUDINEM
2855 1680 2971 1733 DEI.
3005 1672 3466 1749 Supereminens'
3494 1680 3578 1732 est

1950 1774 2102 1830 enim
2130 1773 2372 1828 charitas
2397 1773 2600 1827 Christi
2627 1777 2683 1826 et
2709 1773 3032 1843 prmcellens
3052 1772 3239 1826 omnia
3257 1771 3385 1825 ista.
3417 1771 3576 1836 Quod

1949 1867 2204 1939 sequitur
2232 1883 2246 1920 :
2279 1867 2340 1921 EI
2364 1882 2540 1922 AUTEM
2572 1882 2665 1929 QUI
2700 1881 2904 1922 rorans
2936 1881 3030 1920 nsr
3055 1880 3262 1921 FACERE
3288 1880 3458 1920 OMNIA
3490 1880 3578 1920 su-

1951 1976 2402 2018 PERABUNDANTER
2457 1976 2602 2024 QUOD
2647 1975 2873 2016 PETIMUS
2914 1975 3017 2015 AL"!
3063 1973 3458 2026 INTELLIGIMUS,
3494 1973 3577 2013 SE—

1952 2071 2171 2111 (ΣυΝοοΜ
2195 2070 2460 2110 vmrursm
2482 2069 2602 2117 oua:
2633 2070 2914 2110 oramruu
2929 2070 2982 2108 IN
3015 2068 3195 2108 NOBIS.
3212 2052 3406 2106 Nullus
3421 2051 3576 2106 enim

1949 2153 2173 2205 tantum
2204 2153 2395 2220 petere
2420 2151 2605 2219 potest
2629 2147 3014 2219 etintelligere
3034 2145 3189 2218 quod
3213 2149 3386 2216 petat,
3401 2161 3578 2216 quan-

1950 2247 2074 2296 tum
2102 2242 2220 2313 ipse
2245 2245 2428 2312 potest
2450 2241 2678 2312 largire,
2705 2240 2804 2312 qui
2835 2241 2928 2296 dat
2956 2244 3018 2296 ut
3032 2243 3314 2310 petamus,
3347 2238 3448 2310 qui
3475 2254 3578 2308 per

1950 2335 2286 2408 prophetam
2315 2335 2568 2406 loquitur
2591 2335 2780 2390 dicens
2804 2351 2818 2389 :
2850 2335 3163 2404 Antequam
3191 2349 3273 2388 mc
3299 2334 3576 2394 invocatis,

1952 2447 2046 2498 ego
2077 2431 2387 2484 exaudiam.
2417 2430 2486 2484 Et
2507 2445 2609 2500 per
2637 2429 3004 2501 semetipsum
3033 2427 3167 2484 dicit
3194 2444 3208 2482 :
3238 2429 3366 2485 Sine
3389 2441 3470 2482 me
3500 2428 3580 2481 ni-

1952 2525 2031 2578 hil
2049 2525 2272 2593 potestis
2299 2525 2499 2590 facere.

2021 2618 2129 2671 IPSI
2162 2631 2376 2686 GLORIA,
2396 2633 2459 2672 ET
2487 2633 2540 2672 IN
2559 2617 2826 2672 ECCLESIA
2844 2633 2898 2673 IN
2914 2619 3153 2674 CHRISTO
3173 2617 3302 2671 Jssu
3331 2631 3384 2670 ns
3407 2630 3581 2670 omnes

1953 2725 2354 2767 arumnosas
2385 2725 2588 2765 sacrm
2619 2726 2973 2766 sacuouuu.
2997 2713 3173 2765 AMEN.
3205 2711 3340 2778 Ipsi,
3372 2707 3584 2762 scilicet

1953 2805 2065 2858 Deo
2091 2803 2272 2867 Patri;
2302 2805 2362 2856 in
2391 2805 2650 2866 Ecclesia,
2681 2803 2786 2858 hoc
2811 2808 2894 2858 est
2913 2803 2972 2857 in
3000 2801 3442 2874 congregatione
3463 2801 3595 2871 jus-.

1953 2902 2142 2951 torum
2169 2896 2440 2966 fidelium,
2491 2897 2590 2967 qui
2621 2913 2753 2951 eum
2800 2899 2918 2952 sine
2945 2898 3340 2951 intermissione
3369 2894 3580 2966 gloriﬁ-

1955 2993 2101 3059 cant,
2125 2994 2334 3058 gratias
2361 2995 2593 3060 agentes
2621 2993 2746 3053 Deo,
2765 2995 2822 3044 et
2849 2991 2957 3044 hoc
2979 3007 3083 3062 per
3105 2989 3411 3044 Christum.
3441 2987 3582 3044 Cum

1954 3085 2088 3139 dicit
2114 3084 2174 3138 in
2207 3083 2426 3139 Christo
2454 3085 2585 3139 Jesu
2619 3084 2680 3138 in
2705 3099 2906 3138 omnes
2932 3081 3344 3155 generationes,
3371 3098 3474 3154 per
3500 3082 3584 3136 Fi-

1953 3179 2093 3232 lium
2125 3178 2245 3249 ejus
2273 3177 2538 3232 laudatur
2581 3179 2744 3232 Pater
2767 3179 2826 3233 in
2851 3178 3036 3233 terris.
3070 3179 3136 3233 Et
3168 3178 3311 3232 bene
3357 3176 3498 3231 dixit
3526 3179 3584 3229 in

1959 3287 2134 3327 omnes
2145 3274 2510 3339 generationes
2525 3274 2708 3326 saeculi
2720 3273 3056 3327 saeculorum.
3070 3272 3411 3326 Amen.Ante
3433 3269 3586 3324 enim

1959 3377 2132 3432 quam
2157 3360 2253 3415 Dei
2273 3359 2444 3414 Filius
2464 3361 2702 3414 venisset
2725 3361 2784 3414 in
2829 3361 3129 3423 mundum,
3158 3377 3330 3414 unam
3361 3358 3585 3430 plebem

1959 3453 2181 3504 tantum
2211 3453 2567 3520 cognoverat,
2588 3450 2754 3520 juxta
2779 3449 2930 3520 quod
2959 3449 3232 3520 scriptum
3259 3453 3343 3504 est
3369 3467 3382 3502 :
3414 3451 3584 3506 Notus

1959 3545 2019 3596 in
2042 3543 2232 3597 Judwa
2265 3546 2423 3609 Deus,
2451 3545 2511 3596 in
2539 3544 2711 3598 Israel
2737 3559 2995 3612 magnum
3032 3557 3223 3598 nomen
3255 3543 3392 3611 ejus.
3438 3542 3588 3595 Post-

1961 3652 2130 3708 quam
2151 3651 2281 3690 vero
2301 3635 2400 3690 Dei
2429 3635 2596 3689 Filius
2617 3635 2768 3690 venit
2791 3636 2849 3690 in
2869 3635 3056 3705 terris,
3082 3636 3130 3707 ej
3141 3652 3206 3690 us
3217 3635 3469 3690 doctrina
3484 3651 3588 3706 per

1961 3729 2287 3784 universum
2313 3730 2593 3784 mundum
2617 3729 2836 3784 claruit.
2855 3731 2978 3784 lam
2997 3746 3149 3784 nunc
3161 3729 3364 3784 dicitur
3386 3746 3400 3784 :
3423 3731 3592 3784 Errat-

1963 3829 2078 3878 tare
2097 3839 2261 3894 super
2277 3825 2454 3886 'ca’los,
2486 3827 2645 3886 Deus,
2670 3829 2720 3878 et
2743 3827 2802 3878 in
2822 3837 3030 3879 omnem
3053 3829 3252 3879 terram
3270 3825 3447 3894 gloria
3470 3829 3586 3878 tua.

1964 3919 2075 3971 Hoc
2105 3921 2188 3972 est
2217 3917 2366 3988 quod
2396 3917 2528 3972 dicit
2554 3918 2854 3989 Apostolus
2883 3935 2896 3972 :
2927 3921 2988 3973 In
3015 3935 3195 3973 omnes
3224 3919 3591 3986 generationes

1964 4011 2149 4065 swculi
2177 4012 2511 4066 saeculorum.
2543 4012 2734 4066 Amen.
2765 4012 2906 4066 Cum
2935 4027 3066 4066 vero
3092 4012 3230 4066 dicit
3252 4013 3454 4074 saeculi,
3482 4011 3594 4066 for-

1965 4120 2116 4159 mam
2141 4104 2386 4159 ostendit
2413 4105 2708 4176 prarsentis
2727 4105 2996 4177 temporis
3027 4123 3044 4174 ;
3089 4122 3220 4161 cum
3242 4111 3432 4160 autem
3464 4105 3592 4158 sub-

1957 4198 2154 4268 jungit
2199 4199 2531 4260 swaulorum,
2580 4199 2700 4253 sine
2745 4198 2857 4252 ﬁne
2883 4199 3129 4253 ostendit
3156 4198 3384 4252 laudare
3414 4199 3592 4252 Deum

1965 4291 2025 4345 in
2055 4291 2281 4346 sanctis.
2312 4293 2380 4346 Et
2405 4291 2532 4346 ideo
2553 4291 2672 4345 sine
2689 4291 3104 4346 intermissione
3131 4291 3213 4344 illi
3243 4290 3448 4360 gratias
3463 4304 3594 4362 age-

1967 4400 2028 4438 re
2053 4385 2345 4454 debemus,
2366 4385 2465 4455 qui
2493 4384 2667 4438 talem
2693 4385 2858 4438 nobis
2881 4384 3036 4438 dedit
3059 4383 3393 4452 doctrinam,
3429 4387 3491 4436 ut
3516 4383 3593 4436 sic

1969 4493 2100 4532 eum
2130 4493 2465 4550 cognoscere
2491 4477 2792 4548 possimus.

1814 4799 2053 4922 IX.’

244 5007 448 5074 Lectio
487 5010 786 5092 Epistolas
830 5011 1004 5074 beati
1045 5009 1230 5073 Pauli
1270 5010 1550 5092 apostoli
1588 5011 1670 5092 ad
1700 5009 2016 5092 Ephesios
2048 5010 2158 5090 (iv,
2195 5012 2252 5091 1)
2287 5030 2300 5072 :
2345 5012 2628 5090 Fratres,
2664 5013 2919 5076 obsecro
2947 5029 3060 5074 vos
3089 5028 3206 5092 ego
3245 5010 3500 5072 vinctus
3531 5008 3598 5071 in

861 5092 1165 5169 Domino,
1197 5099 1272 5154 ut
1297 5091 1494 5173 digne
1522 5091 1866 5154 ambuletis
1893 5093 2231 5155 vocatione
2259 5110 2393 5174 qua
2416 5095 2634 5156 vocati
2657 5094 2827 5170 estis,
2855 5097 2976 5155 etc.

1475 5227 1892 5283 COMMENTUM
1930 5228 2350 5282 LUCULENTII.

314 5332 376 5384 In
428 5331 530 5386 hac
572 5333 847 5388 sententia
895 5333 1103 5405 duplex
1150 5333 1518 5406 intelligenda
1569 5337 1652 5388 est
1701 5332 1864 5389 ratio.
1887 5349 1946 5421 D
1972 5335 2188 5390 vinctus
2207 5333 2267 5387 in
2296 5335 2536 5390 Domino
2562 5341 2687 5390 erat
2709 5335 2935 5391 vinculo
2957 5335 3243 5392 charitatis
3263 5351 3394 5390 cum
3418 5333 3600 5404 Ephe-

248 5423 522 5486 Quantum
566 5424 719 5480 enim
763 5426 832 5481 ad
875 5426 1122 5482 litteram
1154 5428 1374 5497 attinet,
1407 5427 1626 5481 vinctus
1656 5433 1776 5482 erat
1809 5427 1870 5482 in

248 5516 498 5586 Domino,
529 5519 584 5574 id
617 5523 701 5575 est
724 5525 962 5592 pr0pter
988 5521 1312 5591 Dominum,
1341 5521 1475 5593 quia
1503 5521 1674 5575 tidem
1702 5519 1866 5577 Chri-

251 5609 312 5664 sti
339 5613 668 5683 praadicans,
713 5630 747 5669 a
776 5615 930 5669 nullo
959 5617 1313 5685 persecutore
1355 5614 1545 5669 obsisti
1573 5614 1756 5686 potuit
1784 5615 1870 5670 vel

253 5704 466 5774 elevari,
495 5712 550 5762 et
573 5707 644 5762 ob
677 5707 826 5762 hanc
855 5725 1078 5763 causam
1110 5710 1167 5762 in
1195 5725 1413 5763 carcere
1439 5713 1626 5763 trusus
1657 5709 1780 5774 fuit,
1813 5711 1870 5763 et

253 5796 352 5851 hoc
381 5804 462 5854 est
504 5802 656 5874 quod
697 5801 775 5858 ait
807 5819 819 5859 :
856 5804 968 5859 Eoo
1026 5819 1247 5860 vmcrcs
1293 5820 1342 5860 IN
1403 5804 1643 5878 DQMINO.
1695 5803 1868 5862 Aliter

1969 5429 2061 5482 siis
2088 5447 2104 5497 ;
2159 5429 2226 5482 de
2255 5445 2366 5500 quo
2392 5428 2451 5482 in
2493 5429 2602 5484 alio
2630 5429 2751 5484 loco
2777 5431 2912 5486 dicit
2943 5447 2956 5485 :
3008 5433 3184 5503 Super
3209 5432 3392 5484 omnia
3419 5431 3599 5480 autem

1971 5524 2077 5576 haec
2103 5521 2421 5576 charitatem
2451 5523 2720 5587 habentes,
2755 5541 2875 5596 quae
2899 5530 2978 5580 est
3011 5525 3286 5579 vinculum
3307 5520 3595 5590 perfectio-

1970 5618 2075 5668 nis.
2091 5613 2178 5668 Sic
2192 5615 2365 5668 sancti
2383 5619 2681 5690 postquam
2697 5618 2754 5673 in
2770 5618 3040 5675 charitate
3052 5613 3500 5688 agglutinantur,
3519 5627 3601 5665 se-

1970 5707 2153 5779 parari
2173 5724 2287 5762 non
2308 5718 2543 5780 queunt.
2560 5713 2646 5768 Sic
2661 5713 2730 5768 de
2750 5711 2923 5766 David
2946 5713 3002 5764 et
3013 5706 3290 5763 Jonathan
3315 5701 3558 5774 legimus
3581 5719 3596 5757 :

1971 5804 2358 5876 Conglutinata
2379 5811 2458 5864 est
2486 5809 2670 5862 anima
2695 5805 2939 5862 Jonach
2959 5817 3078 5860 cum
3104 5801 3289 5856 anima
3309 5797 3504 5855 David.
3534 5799 3600 5855 Et
