4054 6186
491 279 584 343 Bal

1969 283 2365 345 LUCULENTII

3751 281 3880 349 832

487 397 616 454 ideo
644 413 766 470 prae
781 396 938 454 tanta
957 393 1250 453 dilectione
1267 410 1398 451 cum
1415 395 1726 468 Euphrasiis
1742 396 1975 467 junctus
1990 402 2114 452 erat
2135 407 2190 482 Α
2211 395 2530 452 nimitatem
2559 393 2824 464 ostendit,
2854 411 3026 468 quam
3053 410 3248 454 omnes
3274 393 3465 454 ﬁdeles
3500 393 3710 454 habere
3751 397 3876 454 de-

487 493 710 562 Paulus,
739 493 814 547 ita
841 497 904 546 ut
919 508 1033 546 non
1061 491 1243 545 solum
1259 495 1514 561 tempore
1527 491 1700 562 pacis,
1717 507 1918 546 verum
1939 491 2112 546 etiam

484 603 591 643 nec
610 587 669 642 in
692 585 1078 658 persecutione
1103 584 1172 639 ab
1199 583 1280 638 eis
1305 601 1420 639 non
1439 585 1694 651 recedat;
1726 585 1856 640 licet
1881 601 2114 657 corpore

486 681 686 736 absens
715 680 932 746 fuisset,
961 678 1164 750 spiritu
1193 695 1324 733 cum
1343 678 1454 734 illis
1478 682 1618 734 erat.
1645 679 1921 734 Exorabat
1943 679 2114 735 etiam

485 780 550 830 ut
573 775 743 830 ﬁdem
773 789 946 844 quam
976 777 1307 844 acceperant
1354 772 1742 828 inconcussam
1771 777 2063 828 servarent
2093 792 2107 828 :

485 867 743 930 UTDIGNE
762 878 1058 919 AMBULETIS
1079 876 1384 919 vocamus
1405 879 1510 926 om
1532 879 1728 919 VOCATI
1756 879 1924 920 esus.
1945 861 2112 928 Quasi

482 960 712 1025 diceret,
745 974 880 1013 eum
921 960 1018 1028 qui
1047 958 1113 1011 de
1141 958 1370 1013 tenebris
1417 973 1510 1012 vos
1539 960 1751 1012 vocavit
1776 960 1836 1012 in
1865 958 2106 1012 admira-

485 1055 588 1108 bile
613 1069 771 1108 suum
802 1054 1000 1120 lumen,
1035 1051 1206 1123 digne
1235 1051 1542 1122 sequimini
1573 1051 1806 1122 vestigia
1833 1051 1975 1122 ejus,
2008 1051 2112 1106 hu-

479 1146 733 1213 militate,
762 1145 1051 1218 patientia,
1073 1145 1410 1212 obedientia,
1432 1146 1760 1217 exterisque
1788 1145 2105 1199 virtutibus.

477 1243 639 1307 Quod
666 1241 774 1296 iter
798 1240 1080 1312 quomodo
1106 1239 1514 1294 ambulandum
1545 1245 1625 1294 est
1647 1241 1674 1294 Τ
1705 1239 1966 1294 videlicet
1994 1255 2110 1293 non

480 1353 676 1408 gressu
697 1335 928 1407 pedum,
958 1334 1052 1388 sed
1079 1333 1282 1388 affectu
1311 1334 1536 1388 mentis.
1570 1334 1664 1388 Ille
1685 1333 1897 1388 etenim
1935 1332 2108 1404 digne

476 1430 729 1485 ambulat
753 1428 1042 1482 vocatione
1069 1445 1180 1500 qua
1208 1431 1436 1482 vocatus
1466 1432 1570 1496 est,
1603 1427 1702 1499 qui
1728 1443 1831 1481 nec
1861 1427 1918 1481 in
1947 1443 2103 1498 pros-

431 1581 436 1585 ,
474 1525 626 1595 peris
657 1523 916 1593 erigitur,
942 1539 1046 1576 nec
1071 1522 1129 1576 in
1155 1523 1400 1576 adversis
1426 1521 1708 1592 dejicitur,
1733 1537 1836 1576 nec
1863 1521 2108 1575 declinat

475 1619 546 1672 ad
573 1618 828 1672 dextram
845 1616 958 1670 sive
979 1616 1047 1670 ad
1075 1616 1380 1684 sinistram,
1405 1616 1636 1670 audiens
1655 1616 1997 1686 prOphetam
2027 1615 2104 1669 di-

2213 489 2368 556 hent,
2407 489 2574 560 juxta
2622 491 2773 562 quod
2811 490 3087 562 scriptum
3112 495 3236 546 est:
3270 491 3376 559 Qui
3427 492 3677 548 habitare
3705 495 3878 562 facit

2215 585 2498 638 unanimes
2523 586 2581 638 in
2618 585 2794 640 domo.
2823 585 3021 639 Petrus
3057 601 3284 656 quoque
3311 585 3578 641 admonet
3608 586 3826 642 dicens
3851 603 3866 640 :

2214 675 2402 734 Omnes
2428 680 2712 734 unanimes
2735 681 2795 733 in
2821 681 3062 734 oratione
3087 683 3247 734 estote
3289 682 3686 749 compatientcs.
3735 681 3873 736 Ali-

2212 774 2318 840 ter,
2348 787 2528 825 unum
2553 770 2817 843 spiritum
2861 771 3016 841 dicit,
3045 772 3104 826 id
3133 777 3218 827 est
3254 772 3529 844 Spiritum
3557 779 3861 840 sanctum,

2212 864 2311 935 qui
2339 864 2608 919 dividitur
2633 865 2693 920 in
2718 865 3074 938 septiformes
3098 865 3326 936 gratias,
3341 883 3457 938 quo
3485 883 3680 924 omnes
3703 868 3864 924 ﬁde-

2211 958 2290 1012 les
2337 957 2673 1014 innuuntur.
2705 959 2831 1014 Ideo
2857 976 3004 1014 unus
3029 959 3257 1031 spiritus
3301 960 3630 1016 Trinitatem
3659 967 3852 1018 tenet.

2211 1051 2372 1108 SICUT
2414 1069 2612 1108 V'OCATI
2657 1068 2806 1109 ESTIS
2845 1069 2898 1109 IN
2939 1069 3041 1108 UNA
3090 1068 3188 1110 SPB
3234 1069 3558 1111 VOCATIONIS
3595 1072 3853 1112 γεετιιε.

2211 1147 2390 1200 L'nam
2417 1163 2575 1217 spem
2612 1147 2920 1202 vocationis
2961 1151 3164 1202 vestras
3192 1147 3328 1203 dicit
3352 1149 3632 1204 caelestem
3655 1149 3854 1204 beati-

2211 1239 2488 1306 tudinem,
2521 1240 2590 1296 ad
2617 1257 2791 1312 quam
2818 1241 3055 1296 tendent
3081 1257 3281 1296 omnes
3305 1242 3482 1296 electi.
3535 1242 3644 1298 Sed
3677 1243 3855 1298 valde

2209 1334 2488 1388 contraria
2515 1333 2735 1388 videtur
2759 1351 2878 1390 esse
2913 1335 3192 1390 sententia
3223 1335 3454 1406 apostoli
3481 1336 3637 1390 Pauli
3661 1337 3854 1392 verbo

2208 1426 2432 1481 Domini
2456 1427 2555 1481 ubi
2584 1427 2662 1482 ait
2692 1444 2706 1481 :
2735 1431 2796 1483 In
2821 1429 2976 1484 domo
3005 1431 3186 1485 Patris
3211 1431 3316 1484 mei
3343 1433 3640 1485 mansiones
3687 1432 3854 1484 mul-

2208 1525 2271 1574 tae
2295 1526 2440 1575 sunt.
2471 1522 2536 1575 Et
2562 1521 2855 1592 Apostolus
2889 1522 3004 1577 ait:
3053 1524 3119 1576 In
3144 1539 3256 1577 una
3283 1539 3375 1593 spe
3402 1526 3700 1578 vocationis
3747 1541 3852 1579 ve-

2203 1618 2624 1669 strx:attamen
2643 1614 2689 1668 si
2716 1619 2865 1670 recte
2893 1616 3230 1684 consideres,
3260 1620 3316 1671 et
3341 1617 3609 1670 Dominus
3637 1633 3856 1672 verum

473 1714 694 1766 centeni
721 1729 734 1765 :
758 1714 882 1766 Haec
909 1713 1018 1771 via,
1045 1711 1318 1763 ambulate
1353 1711 1408 1762 in
1439 1726 1521 1771 ea,
1554 1725 1723 1778 neque
1751 1709 1826 1762 ad
1855 1711 2104 1763 dextram
2203 1709 2356 1776 dicit,
2379 1713 2434 1763 et
2461 1709 2742 1779 apostolus
2769 1710 2975 1764 Paulus
3001 1726 3186 1763 verus.
3214 1713 3277 1765 In
3308 1711 3482 1772 domo,
3511 1711 3698 1781 inquit
3731 1712 3850 1766 Do-

472 1821 644 1875 neque
693 1805 770 1859 ad
809 1806 1104 1859 sinistram.
1153 1803 1292 1856 Nam
1335 1803 1575 1873 qualiter
1599 1803 1890 1856 ambulare
1939 1802 2106 1856 debet
2124 1781 2180 1851 Β
2205 1803 2414 1870 minus,
2445 1805 2624 1856 Patris
2649 1805 2754 1856 mei
2774 1806 3074 1858 mansiones
3103 1805 3286 1858 multa:
3315 1809 3479 1869 sunt;
3509 1803 3655 1858 sicut
3683 1804 3854 1858 idem

469 1897 856 1968 unusquisque
881 1896 1082 1964 ﬁdelis,
1107 1895 1266 1966 quasi
1295 1911 1583 1966 exponens
1602 1895 1900 1966 Apostolus
1914 1894 2102 1949 statim

471 1991 709 2061 subjecit
736 2007 866 2044 cum
892 1990 970 2044 ait
999 2007 1013 2044 :
1041 1990 1158 2045 CUM
1187 2006 1320 2044 OMNI
1341 2005 1685 2055 HUMILITATE,
1711 2006 1773 2044 ET
1797 2004 2102 2045 MANSUETU-

469 2102 611 2151 DINE,
645 2101 752 2140 cru
803 2101 1102 2140 rsrmxru.
1151 2085 1318 2138 Recte
1349 2083 1534 2154 primo
1579 2083 1740 2152 dixit,
1791 2100 1911 2138 cum
1956 2085 2102 2136 omni

468 2181 793 2240 humilitate,
817 2179 950 2249 quia
977 2177 1075 2249 qui
1102 2177 1221 2231 sine
1247 2177 1570 2231 humilitate
1601 2177 1831 2230 virtutes
1858 2193 2095 2247 congre-

471 2276 587 2343 gat,
617 2271 776 2342 quasi
817 2272 912 2342 qui
950 2271 1009 2325 in
1047 2276 1279 2324 ventum
1322 2271 1612 2340 pulverem
1659 2275 1862 2342 portat.
1893 2271 1969 2324 De
1997 2269 2100 2323 hu-

469 2366 708 2420 militate
735 2364 1010 2419 Dominus
1037 2364 1171 2418 dicit
1204 2381 1217 2418 :
1248 2367 1421 2434 Super
1464 2381 1620 2434 quem
1644 2366 1995 2433 requiescam,
2017 2365 2099 2418 ni-

465 2463 513 2514 si
552 2475 714 2528 super
739 2460 1011 2521 humilem,
1039 2464 1088 2512 et
1115 2461 1376 2526 quietum,
1421 2464 1469 2512 et
1496 2463 1808 2512 trementem
1831 2473 2096 2512 sermones

463 2569 605 2607 meos
629 2556 656 2607 ?
685 2552 820 2606 Hinc
847 2556 930 2607 est
959 2551 1110 2605 enim
1149 2551 1303 2622 quod
1341 2553 1539 2605 Petrus
1565 2551 1644 2604 ait
1676 2567 1690 2605 :
1717 2551 2098 2606 Humiliamini

463 2647 561 2700 sub
582 2649 792 2716 potenti
811 2662 976 2699 manu
999 2648 1111 2707 Dei,
1135 2650 1195 2699 ut
1219 2661 1311 2699 vos
1334 2646 1531 2698 exultet
1559 2647 1616 2698 in
1643 2651 1874 2713 tempore
1902 2647 2094 2698 visita-

465 2741 644 2794 tionis.
673 2739 808 2792 llinc
838 2739 1044 2792 iterum
1064 2739 1180 2809 ipse
1211 2738 1486 2793 Dominus
1512 2738 1646 2792 dicit
1674 2757 1687 2792 :
1715 2740 1898 2794 Omnis
1929 2741 2029 2807 qui
2043 2754 2097 2792 se

461 2834 670 2887 exultat
690 2833 1087 2886 humiliabitur.
1113 2835 1180 2888 Et
1207 2833 1620 2886 numsuetudine
1642 2851 1658 2897 ;
1685 2849 1858 2904 quam
1877 2832 1976 2904 qui
2001 2832 2096 2886 ha-

459 2926 555 2981 bet
581 2943 695 2980 non
729 2927 911 2980 solum
941 2925 1280 2994 domesticis,
1325 2942 1526 2980 verum
1556 2926 1729 2980 etiam
1757 2927 2090 2997 agrestibus,

459 3020 718 3074 semitam
747 3019 1043 3088 praebebit,
1088 3019 1319 3072 imitans
1348 3020 1524 3073 Deum
1553 3019 1652 3090 qui
1675 3020 1755 3074 ait
1787 3036 1800 3073 :
1835 3022 2030 3075 Discite
2059 3037 2093 3074 a

458 3129 542 3166 me
571 3114 704 3181 quia
723 3113 868 3165 mitis
899 3127 1018 3164 sum
1043 3117 1092 3166 et
1121 3113 1340 3170 humilis
1370 3113 1544 3166 corde.
1583 3114 1650 3166 Et
1679 3112 1888 3170 iterum
1909 3129 1922 3167 :
1943 3117 2094 3169 Beati

458 3207 632 3267 mites,
661 3206 917 3274 quoniam
944 3207 1052 3274 ipsi
1078 3209 1242 3260 Deum
1285 3207 1560 3260 videbunt.
1609 3205 1739 3261 Cum
1780 3209 2086 3276 patientia:

459 3294 735 3366 quidquid
765 3294 1024 3348 ﬁdelibus
1077 3295 1326 3348 evenerit
1375 3295 1744 3364 adversitatis,
1781 3297 1969 3350 omnia
1997 3314 2090 3368 pa-

455 3389 662 3444 tienter
679 3388 956 3454 tolerant;
979 3387 1120 3441 sicut
1147 3388 1297 3442 idem
1327 3389 1612 3458 apostolus
1638 3389 1747 3443 alio
1775 3389 1896 3444 loco
1921 3390 2083 3446 dicit:

455 3480 516 3532 In
543 3479 716 3532 multa
755 3479 1046 3548 patientia.
1078 3478 1144 3530 Et
1183 3482 1414 3548 propter
1439 3477 1575 3531 illud
1606 3494 1620 3531 :
1660 3481 1810 3534 Beati
1849 3482 2084 3549 pacifici,

455 3575 712 3640 quoniam
752 3573 856 3639 ﬁlii
884 3573 980 3626 Dei
1008 3572 1360 3625 vocabuntur.
1401 3571 1548 3625 Alibi
1577 3587 1801 3643 quoque
1832 3573 2038 3627 dicitur
2068 3591 2081 3628 :

451 3667 513 3719 In
533 3667 804 3734 patientia
834 3669 1015 3718 vestra
1049 3665 1395 3733 possidebitis
1428 3667 1640 3719 animas
1667 3670 1898 3721 vestras.
1934 3668 2085 3722 Hanc

452 3757 720 3810 virtutem
743 3756 1012 3810 Dominus
1034 3757 1104 3810 ad
1124 3757 1440 3827 passionem
1463 3774 1706 3828 pergens
1731 3759 2085 3814 commenda-

453 3849 531 3902 vit
556 3849 844 3919 discipulis
873 3849 989 3902 suis
1019 3849 1210 3903 dicens
1239 3866 1252 3904 :
1291 3853 1477 3905 Pacem
1496 3853 1743 3920 relinquo
1767 3854 1934 3915 vobis,
1973 3871 2078 3923 pa-

451 3957 560 3994 cem
587 3957 758 3996 meam
778 3943 846 3996 do
871 3943 1038 3996 vobis.

517 4033 937 4090 SL'PPORTANTBS
977 4050 1197 4090 [NVICEM
1235 4053 1286 4090 IN
1327 4052 1643 4092 CHARITATE.
1676 4039 1830 4092 Hanc
1860 4044 2080 4096 senten-

446 4128 584 4183 tiam
633 4128 693 4182 in
723 4128 969 4200 Epistola
993 4129 1064 4183 ad
1101 4127 1318 4182 Galatas
1364 4130 1771 4186 edisseruimus
1791 4149 1813 4177 ιι
1845 4132 1903 4186 in
1957 4134 2078 4188 loco

443 4239 556 4293 quo
585 4221 809 4292 dicitur,
853 4223 1013 4276 Alter
1039 4223 1267 4278 alterius
1311 4238 1475 4278 onera
1500 4229 1736 4294 portate,
1783 4231 1832 4281 et
1860 4228 1936 4280 sic
1974 4229 2072 4282 ad-

443 4317 736 4387 implebitis
788 4317 954 4384 legem
999 4318 1218 4374 Christi.
1273 4317 1384 4372 [.ex
1426 4317 1632 4373 Christi
1684 4324 1767 4374 est
1819 4319 2072 4391 dilectio,

440 4410 586 4465 sicut
610 4409 729 4481 ipse
759 4409 928 4465 dicit:
960 4413 1024 4465 In
1051 4411 1146 4465 hoc
1168 4417 1484 4479 cognoscent
1509 4428 1688 4468 omnes
1713 4416 1843 4483 quia
1872 4418 1977 4470 mei
1999 4431 2075 4471 es-

2204 1896 2635 1964 subjecitLalius
2661 1900 2842 1951 autem
2865 1899 2963 1960 sic,
2991 1899 3134 1952 alius
3153 1913 3278 1951 vero
3306 1899 3400 1952 sic.
3433 1899 3498 1961 Et
3529 1897 3634 1952 hoc
3663 1913 3848 1968 prop-

2205 1993 2288 2043 ter
2313 1989 2664 2044 diversorum
2694 1989 2915 2058 merita,
2940 1990 3072 2060 qnia
3091 1991 3480 2061 unusquisque
3507 1996 3848 2046 sanctorum

2200 2085 2370 2154 prout
2395 2087 2667 2149 meretur,
2697 2083 2777 2137 ita
2802 2087 2858 2138 et
2883 2083 3088 2154 accipit
3133 2083 3459 2154 praemium.
3491 2084 3638 2138 Dicit
3679 2084 3844 2139 enim

2199 2177 2317 2246 ipse
2347 2175 2618 2230 Dominus
2645 2177 2714 2231 de
2742 2193 2800 2232 se
2832 2193 2845 2230 :
2875 2177 3175 2244 Fulgebunt
3206 2178 3353 2245 justi
3381 2181 3522 2232 sicut
3552 2179 3634 2231 sol
3665 2180 3725 2232 in
3759 2194 3848 2232 re-

2197 2285 2302 2337 gno
2321 2273 2502 2324 Patris
2548 2285 2772 2334 eorum;
2805 2273 3054 2324 attamen
3101 2287 3216 2324 non
3260 2287 3456 2324 omnes
3504 2271 3839 2342 aequaliter;

2199 2363 2316 2430 sed,
2345 2363 2490 2416 sicut
2515 2362 2593 2416 ait
2621 2363 2928 2434 Scriptura,
2959 2363 3117 2417 stella
3155 2363 3338 2432 differt
3367 2367 3426 2417 in
3455 2364 3728 2425 claritate,
3759 2367 3842 2419 sic

2199 2459 2298 2510 erit
2328 2458 2386 2509 in
2411 2459 2798 2510 resurrectione
2823 2457 3114 2510 multorum
3169 2455 3563 2528 [mortuorum].
3591 2458 3724 2511 Alia
3755 2465 3839 2512 est

2197 2551 2336 2602 enim
2383 2549 2604 2602 claritas
2635 2549 2780 2611 solis,
2826 2549 2940 2602 alia
2987 2549 3210 2602 claritas
3253 2550 3416 2610 lunae,
3444 2550 3562 2603 alia
3606 2551 3841 2604 claritas

2195 2643 2495 2703 stellarum,
2514 2644 2591 2696 sic
2607 2643 2709 2696 erit
2725 2647 2774 2696 et
2788 2645 2848 2695 in
2863 2644 3304 2697 resurrectionem
3319 2647 3680 2704 mortuorum,
3702 2644 3836 2712 jux-

2196 2739 2251 2788 ta
2276 2735 2570 2804 praefatam
2618 2735 2916 2789 rationem.
2959 2735 3096 2789 Hinc
3125 2735 3362 2805 angelus
3390 2735 3462 2788 ad
3487 2735 3836 2806 prophetam

2196 2828 2486 2883 Dauiclcm
2510 2828 2621 2882 ait:
2646 2831 2798 2883 Docti
2821 2829 3113 2897 fulgebunt
3131 2835 3190 2883 ut
3208 2829 3439 2899 spendor
3462 2832 3832 2898 ﬁrmamenti;

2195 2928 2246 2978 et
2274 2926 2370 2992 qui
2397 2923 2474 2976 ad
2489 2923 2769 2991 justitiam
2799 2923 3056 2978 erudiunt
3072 2924 3361 2992 plurimos,
3392 2926 3556 2992 quasi
3579 2924 3751 2978 stella
3775 2927 3835 2977 in

2189 3021 2478 3087 perpetuas
2504 3018 2853 3071 xternitates.
2870 3018 3132 3071 Attamen
3150 3033 3262 3070 una
3278 3031 3404 3088 spes
3415 3016 3680 3070 omnium
3694 3016 3834 3072 elec-

2194 3115 2402 3179 torum,
2430 3110 2650 3164 cceleste
2676 3109 2888 3164 scilicet
2913 3125 3178 3181 regnum,
3194 3109 3293 3164 ubi
3319 3115 3497 3165 semet
3515 3110 3830 3182 jungentes

2191 3209 2484 3274 nequeunt
2512 3203 2784 3275 separari.

2263 3299 2408 3353 Usus
2428 3299 2700 3366 DOMINL'S,
2731 3313 2836 3352 UNA
2861 3312 3037 3366 FIDES,
3069 3312 3219 3352 UNL’M
3247 3312 3539 3367 nsrnsm,
3572 3300 3828 3354 cxvsDo-

2190 3407 2354 3447 MINUS
2386 3407 2448 3446 ΕΤ
2493 3393 2672 3446 PATER
2715 3406 2950 3459 OMNIUM,
2983 3407 3075 3454 QUI
3105 3405 3201 3446 EST
3234 3407 3405 3446 SUPER
3446 3407 3645 3458 OMNES,
3677 3409 3740 3448 ΕΤ
3767 3409 3824 3448 IN

2189 3502 2378 3542 ouum.
2415 3488 2561 3540 Unus
2588 3491 2664 3540 est
2690 3487 2966 3551 Dominus,
2995 3484 3053 3539 id
3081 3489 3165 3539 est
3191 3484 3467 3538 Dominus
3490 3487 3645 3540 Jesus
3663 3486 3822 3542 Chri-

2187 3583 2325 3648 stus,
2354 3579 2452 3650 qui
2479 3595 2592 3632 non
2621 3577 2884 3648 partitur,
2925 3577 3021 3632 sed
3049 3578 3108 3632 in
3135 3577 3353 3632 unitate
3380 3593 3608 3650 semper
3634 3580 3819 3634 consi-

2185 3673 2297 3726 stit.
2330 3673 2396 3726 Et
2421 3687 2531 3725 una
2557 3672 2687 3740 ﬁdes
2711 3671 3086 3740 credentium,
3104 3670 3316 3742 pariter
3342 3675 3399 3725 et
3423 3688 3596 3727 unum
3624 3673 3823 3743 baptis-

2182 3783 2292 3828 ma,
2322 3765 2468 3819 sicut
2493 3765 2612 3836 ipse
2642 3764 2914 3819 Dominus
2947 3764 3082 3818 dicit
3109 3781 3123 3818 :
3153 3767 3250 3827 Ite,
3281 3765 3459 3819 docete
3481 3781 3662 3820 omnes
3685 3783 3820 3834 gen-

2184 3865 2278 3921 tes,
2313 3859 2650 3928 baptizantes
2675 3874 2759 3913 eos
2783 3861 2841 3912 in
2862 3861 3073 3913 nomine
3089 3860 3295 3921 Patris,
3317 3864 3368 3914 et
3394 3861 3543 3920 Filii,
3565 3865 3618 3914 et
3639 3862 3818 3931 Spiri-

2184 3957 2269 4008 tus
2297 3955 2492 4007 sancti.
2526 3952 2694 4006 Valde
2719 3951 3070 4024 pensandum
3094 3954 3178 4006 est
3197 3968 3372 4023 quare
3399 3953 3551 4007 dicat
3575 3955 3816 4024 Aposto-

2181 4045 2270 4100 lus
2311 4061 2477 4100 unum
2509 4045 2798 4115 baptisma.
2840 4045 2927 4100 Sic
2956 4050 3012 4100 et
3035 4045 3212 4098 Lucas
3238 4043 3298 4098 in
3321 4045 3554 4100 Actibus
3587 4051 3816 4118 aposto-

2179 4139 2370 4194 lorum
2395 4143 2635 4194 testatur
2647 4155 2776 4192 cum
2787 4138 2923 4192 dicit
2943 4154 2955 4192 :
2975 4139 3309 4209 Baptismum
3325 4139 3469 4208 quod
3481 4140 3766 4208 praedicas
3774 4145 3820 4195 it

2176 4236 2426 4295 Joannes,
2481 4236 2660 4288 Iesum
2685 4249 2721 4286 a
2770 4233 3046 4288 Nazareth
3075 4231 3334 4301 quomodo
3369 4234 3529 4286 unxit
3555 4249 3679 4288 eum
3707 4238 3811 4289 Do-

2175 4328 2352 4381 minus
2399 4327 2612 4397 Spiritu
2652 4330 2834 4381 sancto
2859 4329 2909 4380 et
2945 4327 3162 4380 virtute.
3208 4328 3380 4381 Unum
3407 4329 3493 4380 est
3526 4326 3686 4381 enim
3716 4329 3812 4381 ba-

2171 4423 2449 4491 ptismum,
2478 4419 2628 4491 quod
2661 4419 2721 4474 in
2757 4417 3030 4474 Trinitate
3059 4418 3184 4473 dari
3212 4422 3483 4486 testatur;
3516 4419 3668 4475 sicut
3693 4421 3810 4492 ipse

438 4506 506 4558 tis
535 4504 810 4574 discipuli,
841 4506 890 4558 si
927 4505 1264 4559 dilectionem
1301 4506 1602 4561 habueritis
1633 4510 1692 4562 in
1730 4511 1976 4565 invicem.
2004 4511 2072 4566 Et
2090 4521 2150 4593 D
2174 4513 2441 4568 Dominus
2480 4513 2537 4568 in
2567 4512 2676 4567 alio
2701 4513 2822 4567 loco
2853 4512 2992 4567 dicit
3018 4528 3032 4566 :
3059 4515 3290 4568 Joannes
3315 4513 3531 4582 quidem
3558 4515 3805 4584 baptiza-

436 4595 568 4650 ideo
593 4612 722 4650 cum
742 4596 1014 4667 patientia
1040 4614 1141 4652 nos
1168 4603 1501 4670 supportare
1522 4600 1791 4656 debemus
1809 4603 1877 4662 in
1921 4604 2070 4658 invi-

438 4704 582 4755 cem,
613 4688 690 4742 sic
719 4694 784 4743 ut
808 4689 905 4760 qui
930 4690 1135 4746 viderit
1181 4698 1488 4764 errantem,
1517 4695 1587 4750 ad
1624 4695 1776 4751 viam
1824 4698 2072 4754 veritatis

436 4786 677 4852 revocet,
709 4782 1043 4838 irascentem
1067 4784 1137 4838 ad
1166 4789 1546 4858 concordiam,
1577 4789 1799 4861 lapsum
1826 4792 2065 4866 erigere,

435 4876 722 4932 dolentem
748 4877 1061 4944 consolare,
1087 4878 1354 4934 esurienti
1380 4881 1594 4949 cibum,
1613 4883 1823 4940 sitienti
1839 4891 2065 4957 potum,

434 4971 645 5040 algenti
671 4970 1068 5026 vestimentum
1089 4971 1358 5028 tribuere.
1393 4975 1590 5046 Sicque
1615 4977 1676 5032 ﬁt
1706 4982 1768 5032 ut
1791 4981 1946 5034 omni
1975 4998 2068 5036 ne-

431 5062 700 5118 neccitate
731 5064 976 5120 fraterna
1006 5067 1343 5122 consolando
1369 5085 1499 5123 cum
1520 5070 1790 5140 patientia
1819 5091 2063 5146 suppor-

433 5159 635 5209 temus.
667 5158 824 5213 UNUM
851 5175 1082 5216 conpes.
1107 5162 1292 5216 Unum
1318 5179 1521 5234 corpus
1547 5163 1685 5218 dicit
1724 5171 1929 5222 sancta:
1971 5170 2065 5225 Ec—

433 5247 636 5316 clesiae,
670 5249 810 5305 sicut
857 5252 914 5306 in
963 5254 1072 5308 alio
1103 5255 1226 5310 loco
1267 5256 1418 5326 dicit,
1461 5258 1591 5329 quia
1637 5275 1803 5314 unum
1851 5277 2060 5333 corpus,

433 5345 484 5394 et
513 5356 652 5395 unus
675 5345 837 5410 panis
867 5360 1048 5401 sumus
1086 5351 1146 5402 in
1173 5351 1402 5407 Christo.
1457 5351 1594 5406 Nam
1625 5369 1952 5426 quanquam
2002 5357 2062 5412 in

318 5484 323 5491 _
431 5429 704 5486 membris
748 5430 925 5487 divisa
953 5435 1026 5488 sit
1055 5441 1242 5491 sancta
1286 5440 1544 5510 Ecclesia,
1595 5446 1784 5498 tamen
1826 5443 1886 5498 in
1927 5447 2057 5501 uni-

425 5529 544 5579 tate
589 5523 723 5580 ﬁdei
766 5525 1092 5594 consistens,
1145 5546 1324 5586 unum
1355 5538 1439 5588 est
1484 5551 1706 5607 corpus,
1737 5537 1879 5593 sicut
1909 5539 2058 5596 idem

425 5619 710 5689 apostolus
759 5618 893 5673 dicit
945 5619 1076 5674 alibi
1113 5637 1125 5674 :
1185 5625 1288 5678 Vos
1332 5630 1457 5681 estis
1507 5644 1699 5700 corpus
1747 5633 1966 5697 Christi,
2009 5642 2060 5690 et

427 5713 665 5768 membra
694 5714 759 5766 de
789 5714 1039 5768 membris
1071 5733 1088 5778 ;
1127 5714 1340 5771 addidit
1369 5735 1382 5772 :
1415 5719 1562 5776 Usus
1594 5738 1858 5782 sruurrs.
1907 5730 2054 5784 Una-

2169 4610 2251 4662 vit
2277 4624 2444 4676 aqua,
2482 4623 2574 4662 vos
2600 4611 2780 4661 autem
2813 4607 3228 4676 baptizabimini
3267 4607 3479 4676 Spiritu
3503 4613 3717 4662 sancto.
3745 4609 3808 4662 Et

2170 4701 2298 4755 ideo
2325 4716 2463 4755 unus
2507 4702 2762 4755 Dominus
2802 4701 2900 4763 est,
2932 4715 3046 4754 una
3094 4699 3247 4768 ﬁdes,
3289 4715 3458 4754 unum
3506 4700 3803 4771 baptisma,

2169 4809 2310 4849 unus
2340 4797 2475 4849 Deus
2503 4798 2553 4849 et
2579 4796 2742 4849 Pater
2788 4796 3045 4856 omnium,
3085 4795 3182 4862 qui
3209 4798 3286 4848 est
3313 4808 3474 4864 super
3518 4811 3724 4860 omnes,
3759 4803 3805 4851 et

2168 4904 2264 4958 per
2289 4890 2488 4951 omnia,
2542 4904 2604 4942 ετ
2632 4905 2684 4942 IN
2738 4903 2976 4943 OMNIBUS
3022 4901 3201 4942 NOBIS.
3232 4887 3381 4942 Deus
3410 4891 3574 4960 pater
3603 4889 3808 4944 dicitur

2167 4998 2316 5036 unus
2343 4997 2460 5036 esse
2483 4998 2495 5035 :
2517 4985 2572 5035 et
2585 4981 2730 5036 bene
2757 4981 3336 5045 dicitPateromnium,
3358 4982 3492 5053 quia
3510 4983 3678 5038 Pater
3691 4999 3806 5038 om—

2166 5075 2328 5130 nium
2372 5080 2781 5141 creaturarum,
2826 5075 2994 5146 juxta
3043 5077 3195 5148 quod
3223 5075 3494 5146 scriptum
3542 5081 3629 5130 est
3662 5093 3678 5130 :
3707 5077 3806 5143 Qui

2164 5174 2345 5224 manet
2370 5171 2428 5223 in
2453 5174 2714 5224 xternum
2741 5174 2932 5225 cuncta
2961 5172 3166 5225 creavit
3193 5169 3376 5225 simul.

2234 5263 2373 5327 Quia
2418 5262 2510 5318 hic
2552 5263 2621 5318 de
2648 5264 2919 5318 Trinitate
2947 5262 3163 5318 mentio
3195 5263 3341 5317 facta
3385 5267 3489 5332 est,
3521 5267 3703 5318 restat
3743 5270 3804 5318 ut

2162 5357 2292 5412 inde
2319 5357 2628 5412 restrictius
2643 5357 2858 5429 aliquid
2885 5357 3210 5428 loquamur.
3240 5355 3392 5410 Dixit
3405 5357 3563 5412 enim
3593 5358 3802 5429 primo,

2161 5467 2302 5506 unus
2340 5452 2611 5522 Spiritus;
2651 5450 2856 5506 deinde
2907 5466 3046 5506 unus
3096 5452 3394 5516 Dominus;
3445 5450 3616 5504 tertio
3665 5467 3802 5506 unus

2165 5546 2302 5599 Deus
2331 5550 2380 5599 et
2405 5547 2564 5599 Pater
2590 5546 2847 5599 omnium.
2883 5544 3138 5598 Primum
3159 5541 3345 5615 posuit
3369 5542 3644 5614 Spiritum
3672 5561 3799 5598 san-

2161 5642 2338 5706 ctum,
2371 5637 2573 5692 deinde
2621 5637 2844 5709 Filium,
2877 5638 3040 5694 tertio
3079 5639 3322 5692 Patrem.
3365 5635 3552 5691 Utitur
3579 5637 3685 5692 hoc
3714 5643 3795 5692 te-

2160 5730 2424 5785 stimonio
2453 5736 2644 5785 contra
2694 5731 2912 5799 Arium,
2945 5747 3186 5808 suosque
3233 5729 3463 5800 similes,
3509 5730 3610 5804 qui
3637 5729 3796 5786 dixe-

471 5829 524 5878 ."
551 5832 698 5904 Ergo
713 5833 984 5892 nosterin
1010 5834 1316 5910 Epistulam
1344 5852 1576 5913 quoque
1593 5843 1662 5899 ad
1687 5844 1902 5905 Galatas
1917 5850 2351 5912 commentarios
2375 5851 2700 5928 scripserat.
