4054 6186
223 290 329 356 833
1475 287 1542 350 1N
1581 293 1726 350 CAP.
1770 286 1832 348 ιγ
1871 277 1960 348 AD
2000 288 2339 351 EPHESIOS.
3491 286 3592 349 stu

223 412 357 462 rant
389 423 404 460 :
443 405 604 460 Pater
643 401 842 476 major,
889 401 1056 459 Filius
1085 401 1290 472 minor,
1339 403 1579 474 Spiritus
1635 407 1859 457 sanctus
1884 415 1941 486 Α
1961 406 2060 464 tui,
2091 404 2312 459 Patrem
2344 403 2544 474 utique
2569 367 2840 457 insinuat.
2871 403 2938 456 Et
2964 402 3096 457 nota
3117 401 3266 472 quod
3294 397 3427 455 dicit
3455 403 3598 456 Pau-

221 501 524 572 perminor
543 500 705 554 Patre
732 503 788 554 et
811 497 966 553 Filio.
985 499 1161 563 Quem
1183 496 1338 551 enim
1360 496 1450 551 ille
1477 497 1859 568 perminorem
1959 499 2048 553 lus
2072 514 2086 551 :
2117 499 2223 565 Qui
2253 501 2330 553 est
2352 513 2514 568 super
2537 499 2720 552 omnia
2745 499 2885 551 Deus
2937 496 3241 550 benedictus
3268 498 3327 550 in
3355 496 3550 550 saecula
3573 515 3591 562 ;

221 593 470 662 dicebat,
502 592 798 665 Apostolus
846 592 1098 664 primum
1139 590 1328 663 posuit
1369 607 1501 645 cum
1537 589 1691 657 dicit,
1723 605 1862 644 unus
1957 607 2072 646 non
2100 591 2200 662 qui
2225 595 2358 646 sunt
2385 591 2481 660 dii,
2509 591 2607 644 sed
2649 590 2746 662 qui
2784 593 2869 644 est
2895 591 3058 644 Deus.
3089 589 3402 644 Prudenter
3423 605 3592 643 nam-

221 687 489 758 Spiritus.
517 687 877 758 Rursumque
901 701 1071 757 quem
1099 685 1195 739 ille
1211 683 1494 740 minorem
1519 684 1739 738 dicebat
1765 685 1861 738 Pa-

221 782 316 850 tri,
353 781 418 836 in
443 780 686 836 secundo
735 780 856 834 loco
899 779 1088 851 posuit
1131 795 1260 832 cum
1285 777 1449 848 dixit,
1477 793 1615 832 unus
1645 782 1780 833 Deus
1810 781 1860 832 et

221 877 396 930 Pater
421 877 678 936 omnium,
701 876 798 944 qui
820 878 896 928 est
925 889 1085 943 super
1110 887 1285 937 omnes
1310 877 1360 926 et
1377 887 1478 942 per
1508 873 1709 926 omnia.
1738 871 1858 925 Non

219 969 413 1023 solum
439 971 630 1022 autem
657 967 886 1036 Paulus,
915 983 1115 1022 verum
1140 965 1311 1021 etiam
1336 971 1392 1020 et
1416 969 1640 1020 sanctus
1665 965 1855 1034 David,

221 1066 277 1117 et
307 1061 586 1133 Spiritum
614 1065 874 1116 sanctum
900 1059 1284 1132 praemuniens
1313 1059 1486 1129 [Cod.,
1514 1055 1851 1130 praevidens]

219 1155 518 1228 fidemque
571 1159 778 1210 sanctae
803 1154 1091 1210 Trinitatis
1118 1159 1174 1210 et
1193 1154 1474 1210 honorem
1497 1153 1566 1208 ab
1592 1151 1858 1208 hmretica

218 1251 524 1323 pravitate,
561 1249 643 1304 ita
667 1248 1008 1320 distinguit:
1041 1251 1140 1306 Cor
1188 1249 1450 1304 mundum
1498 1263 1622 1302 crea
1649 1249 1709 1301 in
1755 1262 1856 1309 me,

217 1349 385 1407 Deus,
415 1349 469 1398 et
487 1346 741 1414 spiritum
767 1348 968 1398 rectum
998 1345 1193 1398 innova
1217 1346 1274 1398 in
1302 1343 1592 1398 visceribus
1607 1343 1755 1396 meis.
1774 1340 1860 1394 Di-

222 1454 359 1492 cens
383 1439 638 1508 spiritum
667 1442 888 1500 rectum,
921 1436 1164 1491 ostendit
1190 1435 1463 1507 Spiritum
1493 1439 1770 1489 sanctum.
1794 1424 1860 1488 Et

222 1548 360 1586 cum
389 1530 718 1602 subjungit:
751 1533 828 1586 Ne
854 1531 1120 1600 proficias
1146 1546 1228 1584 me
1251 1547 1286 1584 a
1307 1531 1449 1597 facie
1478 1533 1595 1591 tua,
1625 1529 1694 1582 de
1717 1527 1856 1580 Filio

223 1623 383 1679 dicit.
414 1625 555 1679 Cum
574 1640 705 1678 vero
726 1623 898 1677 infert
921 1639 934 1676 :
968 1623 1148 1680 Redde
1175 1625 1310 1677 mihi
1329 1624 1574 1677 latitiam
1598 1621 1858 1677 salutaris

1959 701 2072 757 que
2097 684 2428 740 Trinitatem
2457 683 2732 751 distinxit,
2761 683 2858 738 sed
2883 683 3125 738 ﬁdeliter
3154 681 3336 736 univit
3363 698 3491 736 cum
3517 681 3596 736 di-

1958 779 2073 834 xit:
2105 781 2203 849 qui
2223 795 2383 848 super
2406 794 2604 840 omnes,
2627 777 2683 832 id
2710 782 2810 844 est,
2840 779 2984 832 Deus
3009 777 3173 830 Pater
3195 793 3210 842 ;
3233 779 3284 830 et
3305 791 3465 845 super
3490 791 3597 830 om-

1956 875 2072 939 nia,
2092 873 2238 926 Deus
2256 873 2447 927 Filius.
2479 876 2541 928 In
2565 875 2687 942 ipsa
2707 874 2868 934 enim,
2897 871 2976 924 ait
2995 869 3308 940 Apostolus,
3338 871 3590 931 vivimus,

1957 981 2246 1028 movemur,
2280 971 2331 1021 et
2354 980 2556 1021 sumus.
2584 967 2657 1020 Et
2682 968 2742 1020 in
2765 965 3027 1026 omnibus,
3070 961 3312 1033 Spiritus
3341 964 3589 1028 sanctus,

1958 1059 2055 1131 qui
2075 1059 2284 1114 vadens
2313 1058 2702 1131 circuiensque
2728 1059 2907 1130 replet
2930 1057 3098 1112 corda
3125 1055 3398 1123 ﬁdelium,
3424 1055 3594 1126 juxta

1957 1153 2113 1225 quod
2145 1152 2418 1224 scriptum
2447 1157 2564 1207 est:
2595 1155 2756 1210 Scitis
2783 1154 2916 1222 quia
2945 1151 3199 1219 templum
3215 1151 3314 1205 Dei
3331 1151 3454 1204 estis
3479 1164 3590 1216 vos,

1957 1251 2010 1302 et
2036 1248 2274 1317 Spiritus
2298 1250 2514 1302 sanctus
2542 1247 2756 1301 habitat
2783 1249 2842 1300 in
2868 1245 3037 1312 vobis,
3065 1246 3163 1312 qui
3187 1247 3263 1297 est
3293 1243 3594 1296 benedictus

1956 1342 2016 1394 in
2038 1341 2266 1400 saecula:
2305 1341 2365 1394 in
2413 1339 2570 1394 omni
2615 1344 2890 1404 creatura,
2919 1338 2980 1392 in
3017 1337 3219 1410 quibus
3245 1336 3510 1392 laudatur
3537 1341 3595 1391 et

1956 1431 2310 1487 benedicitur
2333 1433 2499 1500 Deus,
2517 1433 2662 1486 sicut
2679 1432 2942 1486 scribitur
2957 1431 3016 1486 in
3031 1431 3246 1502 hymno
3263 1429 3438 1484 trium
3459 1446 3594 1500 pue-

1955 1543 2149 1580 rorum
2183 1545 2196 1580 :
2227 1527 2547 1588 Benedicite,
2591 1528 2771 1580 omnia
2795 1541 2956 1596 opera
2987 1526 3217 1587 Domini,
3263 1526 3544 1578 Dominum
3573 1543 3590 1589 ς

1959 1621 2186 1675 laudate
2217 1624 2268 1674 et
2295 1621 2697 1690 superemaltate
2719 1635 2837 1674 eum
2863 1621 2922 1674 in
2949 1619 3162 1674 saecula.

1843 1826 1988 1950 X.

223 1997 446 2064 Lectio
473 1997 779 2082 Epistolae
816 2001 989 2066 beati
1021 1997 1206 2066 Pauli
1232 2002 1509 2085 apostoli
1539 2001 1620 2066 ad
1655 1999 1972 2144 Ephetsios
2017 2001 2123 2142 (ἓν,
2158 2001 2259 2082 23)
2297 2020 2309 2063 :
2345 1999 2630 2075 Fratres,
2653 1996 3070 2063 renovamini
3093 1997 3331 2080 spiritu
3359 1999 3592 2061 mentis

1711 2101 1820 2144 ves
1850 2100 1962 2144 rae.
1995 2099 2031 2144 e
2063 2101 2116 2144 c.

1711 2099 1962 2158 vestrae,
1995 2099 2116 2144 etc.

1510 2191 1862 2248 EXPOSITIO
1901 2191 2318 2248 LUCULENTll.

295 2279 580 2334 Renovari
596 2281 865 2352 praecepit
889 2282 1182 2352 Apostolus
1199 2281 1398 2352 spiritu
1414 2281 1622 2336 mentis
1638 2286 1856 2350 vestrm,
1879 2294 1937 2366 B
1961 2281 2126 2346 Quasi
2163 2285 2381 2336 creatus
2407 2281 2630 2352 dicitur,
2672 2279 2958 2352 quomodo
2999 2278 3268 2333 mundus.
3305 2277 3410 2342 Qui
3436 2277 3588 2332 enim

222 2371 291 2426 de
312 2389 432 2443 quo
459 2373 595 2426 alibi
628 2390 641 2428 :
673 2375 732 2430 Si
757 2377 988 2430 exterior
1013 2376 1165 2430 homo
1194 2379 1374 2430 noster
1402 2378 1784 2445 corrumpitur,
1815 2377 1862 2430 is

223 2469 322 2535 qui
349 2467 498 2520 intus
543 2471 619 2521 est
664 2473 985 2522 renovatur.‘
1025 2469 1093 2523 Et
1122 2473 1270 2524 recte
1306 2468 1440 2523 dicit
1471 2487 1484 2522 :
1516 2469 1860 2524 HENOVAMINI

224 2573 444 2615 SPIRITU
474 2576 663 2615 MENTIS
693 2576 908 2616 vssrnza
925 2579 940 2630 ;
975 2561 1107 2632 quia
1135 2578 1240 2616 nec
1265 2561 1324 2615 in
1352 2578 1516 2616 sensu
1544 2562 1663 2617 sine
1693 2561 1856 2632 spiri-

225 2655 306 2718 tu,
333 2669 442 2707 nec
468 2653 526 2706 in
553 2654 752 2724 spiritu
781 2655 901 2709 sine
932 2671 1100 2710 sensu
1136 2672 1494 2710 renovamur.
1529 2655 1682 2710 Sicut
1708 2655 1859 2709 enim

222 2747 521 2818 psallimus
547 2747 768 2818 spiritu,
800 2749 1106 2819 psallamus
1142 2754 1198 2814 et
1225 2755 1412 2804 mente
1443 2765 1456 2816 ;
1490 2765 1717 2803 oramus
1742 2748 1856 2820 spi-

227 2840 359 2911 ritu,
395 2846 451 2895 et
480 2847 665 2896 mente
693 2859 918 2897 oremus
948 2861 964 2912 ;
991 2843 1068 2898 ita
1088 2843 1343 2898 renovari
1374 2843 1644 2898 debemus
1666 2860 1855 2913 sensu,

224 2939 285 2989 ut
309 2951 449 2989 cum
489 2935 606 3006 ipse
634 2937 879 2991 mundus
929 2937 1099 2991 fuerit
1125 2941 1295 3009 atque
1319 2941 1618 3008 purgatus,
1651 2936 1854 3008 adjun-

226 3035 398 3101 gatur
423 3029 473 3083 ei
501 3035 555 3084 et
580 3036 880 3084 renovatus
901 3030 1150 3102 spiritus.
1173 3031 1336 3098 Quod
1361 3031 1460 3102 qui
1493 3030 1713 3095 fecerit,
1735 3030 1858 3101 jam

225 3138 338 3176 non
362 3122 603 3193 simplex
629 3123 749 3194 ejus
779 3123 1006 3194 spiritus
1032 3124 1256 3187 dicitur,
1288 3125 1385 3179 sed
1402 3123 1634 3195 spiritus
1659 3141 1858 3179 sensus

225 3215 434 3270 dicitur
463 3232 597 3270 esse.
633 3217 705 3271 Er
734 3233 950 3272 INDUITE
979 3233 1163 3273 novum
1189 3233 1435 3273 noumsu
1463 3234 1555 3281 QUI
1573 3233 1856 3274 SECUNDUM

228 3303 384 3362 DECM
411 3319 649 3361 caurus
682 3321 794 3360 EST.
828 3307 886 3359 Id
912 3306 1100 3377 ipsum
1128 3306 1266 3360 mibi
1293 3307 1514 3362 videtur
1543 3323 1662 3362 esse
1709 3307 1856 3379 quod

225 3397 362 3453 dicit
387 3403 444 3453 et
493 3399 623 3453 alibi
654 3416 667 3453 :
715 3400 1018 3454 Induimiui
1051 3417 1142 3454 vos
1174 3403 1445 3459 Christum
1479 3404 1680 3471 Jesum,
1715 3419 1856 3473 quo-

225 3492 385 3546 niam
415 3508 611 3546 omnes
637 3493 827 3547 ﬁdeles
857 3493 1147 3549 Christum
1173 3495 1436 3561 induunt,
1462 3499 1517 3549 et
1543 3495 1751 3550 dicitur
1780 3496 1859 3550 eis

225 3585 290 3640 ab
316 3587 588 3656 Apostolo
614 3603 626 3639 :
655 3588 1263 3658 Quotquotcredidistis.
1289 3591 1561 3647 Christum
1585 3590 1855 3644 induistis.

1959 2381 2088 2430 ante
2116 2375 2322 2430 saecula
2345 2375 2491 2429 Deus
2515 2391 2628 2429 una
2649 2391 2779 2428 cum
2804 2375 2969 2428 Patre
2996 2372 3234 2438 exstitit,
3256 2371 3399 2426 sicut
3417 2371 3592 2426 habes

1959 2468 2020 2522 in
2051 2468 2375 2540 Sapientia:
2414 2471 2668 2524 Dominus
2705 2468 2945 2538 possedit
2969 2483 3052 2521 me
3087 2469 3146 2520 in
3192 2467 3349 2519 initio
3376 2467 3589 2519 viarum

1957 2578 2179 2617 suarum
2209 2582 2226 2628 ;
2257 2563 2317 2616 in
2341 2561 2455 2616 ﬁne
2482 2562 2818 2616 saeculorum
2849 2577 3049 2627 novus,
3079 2575 3256 2613 novus
3301 2558 3472 2612 homo
3501 2575 3588 2612 se—

1959 2656 2210 2710 cundum
2255 2657 2431 2710 Deum
2459 2661 2678 2710 creatus
2709 2660 2808 2710 est.
2857 2654 2961 2710 Sed
2994 2651 3344 2707 contrarium
3371 2651 3592 2706 videtur

1959 2750 2088 2804 fidei
2117 2753 2343 2818 nostrm,
2373 2766 2544 2821 quam
2569 2749 2905 2803 confitemur
2929 2748 3175 2802 dicentes
3203 2763 3217 2800 :
3245 2747 3415 2801 Filius
3434 2762 3469 2799 a
3488 2747 3591 2800 Pa-

1959 2848 2040 2899 tre
2063 2845 2173 2899 solo
2203 2849 2299 2907 est,
2326 2860 2434 2898 non
2477 2846 2680 2910 factus,
2706 2858 2812 2897 non
2855 2845 3062 2896 creatus
3098 2840 3194 2895 sed
3223 2842 3450 2910 genitus.
3484 2839 3589 2894 Sed

1958 2959 2200 3014 semper,
2232 2945 2298 2997 ut
2321 2958 2470 3014 saape
2496 2941 2710 2996 dictum
2735 2943 2836 3010 est,
2865 2939 3003 2994 duas
3031 2943 3261 2992 naturas
3280 2937 3340 2992 in
3365 2936 3466 2991 Dei
3497 2937 3582 2989 Fi-

1958 3040 2032 3095 lio
2063 3040 2380 3112 intelligere
2411 3039 2700 3107 debemus,
2749 3037 2998 3092 divinam
3025 3036 3238 3092 scilicet
3279 3040 3451 3106 atque
3476 3034 3588 3089 hu-

1957 3151 2188 3190 manam
2219 3153 2235 3204 ;
2277 3133 2547 3201 divinam,
2574 3133 2632 3187 in
2670 3149 2782 3204 qua
2811 3130 3044 3203 aequalis
3067 3134 3152 3185 est
3179 3129 3349 3199 Patri,
3380 3127 3440 3183 in
3477 3144 3590 3200 qua

1959 3246 2061 3284 nec
2086 3229 2265 3284 factus
2293 3245 2396 3282 nec
2423 3232 2644 3282 creatus
2668 3231 2753 3282 est
2781 3243 2794 3292 ;
2827 3227 3136 3292 humanam,
3160 3227 3219 3280 in
3238 3240 3347 3294 qua
3371 3224 3437 3279 de
3460 3239 3580 3279 ma-

1959 3329 2039 3380 tre
2065 3327 2226 3378 natus
2249 3327 2325 3378 est
2352 3322 2544 3376 homo.
2576 3321 2842 3376 Ordinem
2867 3319 3100 3390 exponit
3126 3318 3410 3388 quomodo
3432 3333 3489 3372 IN
3508 3333 3592 3372 JU-

1960 3433 2130 3473 srmx
2161 3433 2224 3471 ET
2270 3430 2594 3472 SANCTITATE
2620 3430 2683 3468 ET
2730 3428 3008 3468 VERITATE.
3059 3413 3218 3465 Jesus
3251 3426 3391 3481 ergo
3420 3409 3590 3464 Filius

1961 3511 2058 3565 Dei
2096 3511 2156 3563 in
2202 3508 2424 3583 justitia
2449 3512 2504 3562 et
2552 3507 2844 3561 sanctitate
2886 3509 3106 3559 creatus
3153 3509 3257 3572 est,
3286 3503 3419 3574 quia
3445 3503 3589 3557 Deus

1958 3605 2076 3658 veri
2101 3604 2201 3658 Dei
2227 3601 2396 3656 Filius
2423 3605 2523 3656 est.
2561 3601 2625 3654 Et
2654 3603 2785 3653 nota
2813 3615 2826 3652 :
2870 3597 3070 3669 religio
3095 3600 3264 3668 atque
3281 3596 3504 3668 justitia
3530 3596 3591 3650 in

227 3683 369 3738 Nam
388 3689 445 3737 et
470 3684 646 3737 sancti
673 3684 1077 3740 indumentum
1105 3685 1325 3740 Domini
1355 3685 1641 3741 interdum
1668 3687 1861 3742 dicun-
1881 3667 1935 3742 C
1959 3697 2054 3752 1110
2080 3714 2209 3751 cum
2235 3695 2465 3750 veritate
2483 3693 2760 3764 completa
2785 3694 2900 3760 est;
2951 3667 3004 3746 et
3031 3691 3156 3746 ideo
3172 3667 3323 3745 bene
3349 3690 3408 3744 in
3429 3689 3593 3761 justi.

227 3781 342 3845 tur,
365 3777 511 3832 sicut
535 3778 670 3832 alibi
700 3778 836 3833 dicit
867 3799 880 3834 :
919 3781 1052 3834 Viro
1096 3796 1209 3850 ego,
1237 3780 1374 3834 dicit
1415 3783 1689 3844 Dominus,
1731 3783 1860 3851 quia

1958 3791 2056 3857 tia,
2086 3790 2219 3861 quia
2247 3788 2528 3844 maculam
2563 3785 2774 3858 peccati
2802 3801 2918 3839 non
2949 3784 3149 3838 habuit
3185 3801 3198 3851 ;
3223 3784 3430 3856 justus,
3459 3783 3592 3855 quia

227 3871 472 3927 omnibus
493 3873 576 3927 his
603 3873 752 3928 velut
771 3879 1143 3928 ornamentum
1173 3876 1404 3929 vestiris.
1439 3873 1625 3928 Sancti
1670 3878 1858 3928 autem
1951 3883 2232 3956 justi-tiam
2285 3881 2511 3954 diligit;
2542 3884 2786 3946 sanctus,
2831 3879 2976 3933 sicut
3020 3878 3141 3950 ipse
3191 3878 3358 3933 dicit:
3403 3879 3591 3935 Sancti

229 3963 477 4020 induunt
515 3967 839 4033 Dominum,
879 3967 1016 4022 dum
1043 3973 1317 4023 renovant
1350 3967 1617 4039 spiritum
1660 3968 1862 4022 mentis

231 4075 366 4114 suae.
383 4059 449 4114 Et
466 4065 613 4114 recte
627 4076 838 4114 novum
859 4061 1154 4116 hominem
1174 4061 1308 4116 dicit
1326 4061 1629 4116 Dominum
1647 4062 1856 4132 Jesum,

234 4153 370 4223 quia
394 4169 574 4207 novus
599 4153 772 4208 homo
809 4155 964 4210 venit
995 4155 1053 4209 in
1083 4155 1384 4224 mundum,
1415 4173 1560 4211 nova
1585 4161 1862 4228 prmcepta

232 4245 388 4301 dedit
414 4247 650 4302 mundo.
681 4249 833 4303 Nova
847 4249 1058 4304 etenim
1072 4249 1177 4304 fuit
1197 4250 1511 4323 conceptio,
1531 4255 1745 4322 partus,
1769 4267 1862 4304 na-

232 4340 435 4409 tivitas,
480 4341 847 4414 baptismum,
877 4343 1148 4412 doctrina,
1179 4344 1380 4416 passio,
1416 4361 1588 4414 mors,
1619 4360 1863 4398 resurre-

237 4435 365 4504 ctio,
395 4438 452 4488 et
469 4436 530 4489 in
551 4436 704 4490 coelis
725 4437 994 4492 ascensio.
1022 4438 1304 4509 Quidquid
1322 4438 1379 4492 in
1400 4437 1497 4491 illo
1522 4437 1859 4506 consideres,

233 4527 289 4581 in
317 4533 608 4599 assumpto
643 4530 874 4584 homine
903 4536 1122 4586 tantum
1149 4532 1366 4586 novitas
1390 4530 1516 4585 fuit.
1557 4530 1666 4594 Qui
1711 4531 1863 4584 enim

237 4618 290 4675 in
329 4638 429 4676 sua
449 4622 597 4676 Deus
619 4627 748 4677 ante
777 4623 980 4678 smcula
1004 4625 1234 4693 exstitit,
1252 4625 1314 4678 in
1339 4625 1450 4679 ﬁne
1476 4623 1644 4679 seculi
1671 4623 1728 4678 in
1742 4640 1864 4678 nos-

235 4719 316 4770 tra
344 4732 526 4771 novus
575 4716 748 4772 homo
775 4719 1056 4790 apparuit.
1105 4719 1281 4783 Quem
1311 4735 1526 4774 novum
1569 4718 1864 4774 hominem

233 4809 359 4864 novi
409 4810 670 4866 homines
699 4810 862 4867 indui
905 4813 1131 4880 debent,
1166 4829 1298 4868 eum
1339 4813 1632 4882 imitando,
1661 4817 1728 4868 ut
1753 4815 1866 4870 sint

236 4905 535 4976 mansueti,
564 4906 750 4976 mites,
774 4907 1037 4975 humiles,
1058 4907 1467 4976 misericordes,
1489 4925 1605 4963 non
1631 4909 1866 4964 redden-

237 5002 314 5053 tes
343 4999 556 5054 malum
584 5017 688 5071 pro
717 5001 888 5068 malo,
911 5001 998 5056 vel
1023 5001 1385 5057 maledictum
1413 5019 1518 5074 pro
1541 5003 1858 5072 maledicto,

234 5096 287 5147 et
313 5091 402 5146 his
419 5092 626 5147 similia
653 5110 762 5165 que
787 5093 906 5166 ipse
918 5094 1083 5165 jubet
1107 5095 1419 5167 implendo.
1463 5096 1618 5162 Quod
1655 5097 1754 5168 qui
1786 5098 1864 5152 fe-

236 5190 436 5256 cerint,
458 5190 778 5246 induuntur
801 5207 1014 5247 novum
1039 5192 1332 5249 hominem
1354 5194 1662 5263 Christum,
1689 5200 1747 5251 et
1773 5213 1862 5250 va-

234 5279 352 5336 lent
371 5281 560 5336 dicere
581 5297 595 5334 :
633 5285 769 5340 Vivo
793 5286 974 5338 autem
987 5282 1114 5352 jam
1131 5299 1238 5338 non
1255 5299 1370 5353 ego,
1396 5285 1534 5338 vivit
1555 5300 1679 5340 vero
1696 5286 1755 5339 in
1780 5301 1862 5340 me

238 5376 495 5440 Christus,
528 5392 620 5439 QUI
651 5391 934 5433 SECUNDUM
965 5378 1119 5433 DEUM
1149 5392 1385 5434 cunnus
1414 5392 1529 5433 EST.

303 5469 442 5525 Nota
465 5471 600 5542 quia
626 5469 689 5525 in
714 5470 1016 5542 Scripturis
1045 5471 1212 5525 sacris
1238 5487 1352 5526 non
1378 5471 1446 5526 de
1461 5469 1735 5542 minimis,
1763 5472 1862 5528 sed

238 5562 302 5618 de
343 5564 586 5620 summis
613 5567 671 5620 et
706 5563 1012 5637 praecipuis
1038 5563 1411 5620 ueationibus
1438 5564 1726 5620 invenitur
1754 5581 1857 5621 no-

239 5673 384 5714 men.
411 5659 576 5715 Verbi
598 5659 779 5732 gratia
802 5675 816 5712 :
844 5662 1066 5715 creatus
1085 5661 1168 5714 est
1193 5658 1460 5730 mundus,
1487 5658 1758 5716 aediﬁcata
1777 5663 1862 5716 est

241 5749 437 5810 domus
461 5797 474 5824 ,
509 5752 736 5812 condita
779 5759 865 5811 est
907 5754 1067 5811 urbs.
1121 5751 1421 5810 Considera
1471 5753 1750 5826 ordinem,
1804 5758 1862 5811 et

241 5845 358 5904 vide
407 5847 862 5926 magnitudinem
916 5854 1266 5924 assumptum
1310 5847 1609 5907 hominem
1658 5850 1855 5908 Deum.

1959 3983 2141 4041 estote,
2173 3979 2304 4048 quia
2347 3981 2397 4031 ct
2421 3991 2512 4046 ego
2541 3979 2758 4030 sanctus
2799 3989 2917 4028 sum
2945 3975 3199 4028 Dominus
3229 3975 3366 4028 Deus
3399 3977 3586 4028 vester.

1962 4075 2027 4128 Et
2047 4073 2268 4142 veritas,
2303 4088 2432 4126 cum
2453 4070 2619 4126 dicit:
2650 4072 2761 4139 Ego
2787 4085 2906 4124 sum
2926 4070 3037 4131 via,
3063 4069 3262 4122 veritas
3290 4071 3342 4121 et
3368 4069 3504 4122 vita.

2032 4169 2282 4224 PROPTER
2328 4183 2472 4230 QUOD
2524 4179 2867 4219 DEPONENTES
2916 4177 3252 4223 MENDACIUM,
3309 4173 3590 4222 LOQUlMlNl

1963 4277 2258 4317 VERITATEM
2287 4273 2662 4321 L‘NIISQL'ISQL'E
2704 4273 2812 4312 CUM
2845 4271 3088 4311 PROXIMO
3127 4270 3251 4310 SUO.
3291 4255 3592 4324 Propterea

1963 4354 2096 4426 quia
2119 4369 2328 4407 novum
2367 4351 2657 4406 hominem
2685 4349 2844 4403 indui
2871 4347 3104 4414 debetis,
3133 4347 3317 4418 primo
3353 4346 3586 4401 menda.

1963 4447 2113 4502 cium
2131 4446 2412 4517 deponere
2441 4443 2672 4512 debetis,
2703 4447 2756 4496 et
2775 4441 3073 4496 veritatem
3099 4440 3270 4512 loqui.
3294 4440 3484 4496 Simile
3507 4445 3592 4495 est

1963 4539 2113 4611 quod
2138 4539 2419 4611 peccatori
2447 4537 2582 4592 dicit
2611 4540 2835 4590 sanctus
2875 4533 3042 4588 David
3074 4551 3087 4588 :
3124 4534 3340 4589 Declina
3361 4551 3395 4586 a
3423 4534 3587 4596 malo,

1962 4639 2012 4689 et
2034 4635 2127 4702 fac
2151 4634 2364 4688 bonum.
2396 4633 2461 4686 Et
2487 4630 2637 4686 idem
2667 4629 2948 4700 apostolus
2974 4628 3046 4684 ad
3069 4628 3260 4683 Titum
3289 4645 3302 4684 :
3339 4629 3406 4684 Ut
3427 4629 3586 4685 abne-

1962 4733 2146 4796 gantes
2186 4728 2516 4795 impietatem
2556 4728 2606 4779 et
2653 4723 2939 4778 saecularia
2977 4723 3263 4778 desideria.
3296 4723 3492 4778 Petrus
3516 4722 3588 4779 ad

1964 4837 2182 4893 Sparsos
2215 4821 2406 4890 (Epist.
2434 4821 2478 4882 I,
2506 4833 2589 4881 IlI,
2623 4818 2708 4888 10)
2743 4834 2756 4872 :
2797 4819 2900 4886 Qui
2926 4817 3046 4872 vult
3071 4819 3242 4872 vitam
3287 4816 3511 4886 diligere
3539 4822 3591 4872 et
3646 4883 3653 4890 .

1963 4915 2144 4970 videre
2172 4915 2284 4969 dies
2311 4914 2487 4977 bonos,
2523 4917 2758 4968 coerceat
2783 4913 3027 4982 linguam
3053 4925 3208 4965 suam
3233 4925 3268 4964 a
3292 4910 3456 4964 malo.
3501 4909 3591 4965 Sic

1965 5015 2020 5064 et
2046 5008 2139 5064 hic
2161 5008 2506 5080 deponentes
2531 5006 2907 5064 mendacium.
2936 5003 3280 5060 Mendacium
3308 5008 3394 5059 est
3419 5019 3590 5060 omne.

1960 5103 2196 5158 verbum
2217 5101 2492 5157 dolosum.
2520 5100 2865 5174 Augustinus
2883 5097 3018 5154 dicit
3035 5114 3203 5154 omne
3228 5097 3591 5155 mendacium

1961 5199 2254 5269 peccatum
2281 5210 2422 5250 esse.
2461 5193 2607 5250 Audi
2633 5197 2688 5248 et
2709 5192 2862 5247 aliud
2892 5208 2904 5247 :
2956 5192 3135 5250 Odisti
3155 5207 3331 5247 omnes
3351 5195 3447 5264 qui
3468 5207 3589 5263 ope«

1958 5295 2157 5346 rantur
2192 5291 2556 5362 iniquitatem.
2588 5285 2920 5344 Proximum
2958 5285 3064 5341 hoc
3112 5285 3174 5340 in
3202 5286 3324 5342 loco
3348 5303 3590 5343 causan-

1963 5385 2256 5457 guineum,
2290 5383 2377 5438 vel
2404 5379 2810 5453 propinquum,
2839 5384 2938 5436 aut
2970 5379 3219 5436 vicinum
3258 5386 3480 5436 tantum
3508 5377 3591 5434 in.

1959 5473 2214 5550 telligere
2234 5492 2348 5530 non
2377 5474 2649 5530 debemus
2679 5489 2693 5542 ;
2725 5474 2824 5530 sed
2851 5489 3083 5530 omnem
3103 5475 3434 5542 hominem;
3455 5471 3586 5527 alio-

1961 5571 2099 5644 quin
2123 5569 2219 5642 qui
2233 5568 2530 5640 proximus
2554 5584 2667 5623 non
2682 5572 2768 5624 est
2781 5567 2948 5624 debet
2967 5568 3326 5624 mendacium
3347 5564 3544 5620 audire
3556 5564 3585 5622 ῗ

1959 5681 2074 5720 non
2100 5663 2315 5736 utique.
2349 5663 2406 5720 Si
2443 5662 2596 5718 enim
2638 5662 2964 5736 proximum
2999 5659 3483 5730 consanguineum
3521 5663 3589 5716 ut

1959 5754 2346 5828 propinquum
2364 5751 2678 5827 intelligere
2703 5755 2926 5808 tantum
2953 5749 3244 5813 debemus,
3269 5745 3404 5820 quid
3422 5745 3586 5804 facie-

1959 5866 2087 5908 mus
2104 5849 2173 5905 de
2198 5863 2311 5922 quo
2339 5847 2474 5906 alibi
2498 5847 2712 5907 dictum
2731 5849 2830 5916 est,
2853 5845 2974 5902 Non
3001 5841 3338 5901 adulter-abis
3364 5857 3585 5907 umorem
