4054 6186
443 296 546 354 835

1919 286 2320 352 LUCULENTII

3695 291 3832 349 836

438 410 677 478 proximi
704 409 787 462 tui
811 411 840 461 Ρ
869 405 926 462 Si
953 400 1276 476 proximum
1291 372 1779 475 consanguineum
1792 405 2066 478 intelligis
2087 421 2146 493 Α
2166 423 2340 478 quem
2367 405 2568 476 Aquila
2594 405 2913 476 apostatam
2944 398 3232 458 transtulit
3265 419 3278 458 :
3313 402 3404 458 cui
3430 402 3621 458 locum
3663 403 3830 458 dare

443 502 818 570 solummodo,
853 499 1070 554 videtur
1099 497 1232 552 dare
1285 497 1366 552 illi
1398 498 1684 554 licentiam
1727 515 1858 554 cum
1888 504 2068 555 extra-

443 596 563 650 neis
574 594 902 650 mulieribus
923 591 1353 646 concumbendi.
1371 593 1582 648 Etvere
1605 609 1800 648 omnes
1821 593 2068 650 adulteri

441 691 511 744 ad
540 704 763 760 poenam
791 686 1003 740 vadunt
1034 701 1046 738 :
1077 691 1133 738 et
1160 688 1514 750 fornicatores
1540 692 1591 742 et
1616 688 1893 742 adulteros
1911 687 2065 756 judi-

441 783 584 836 cabit
611 785 766 836 Deus.
799 780 945 849 Ergo
975 778 1301 848 proximum
1331 795 1560 834 omnem
1590 779 1881 834 hominem
1901 780 2066 834 intel-

442 875 542 944 ligi
571 873 754 940 debet,
783 888 913 925 cum
945 887 1079 942 quo,
1113 871 1306 926 relicto
1333 873 1648 941 mendacio,
1667 873 1963 928 veritatem
1984 875 2064 927 lo-

441 966 535 1038 qui
567 981 792 1020 necesse
814 969 917 1019 est.
950 965 1202 1028 Quonun
1232 981 1406 1020 suuus
1447 983 1668 1022 INVICEM
1698 982 1938 1022 uenena.
1973 967 2069 1021 Hic

440 1059 704 1114 distantia
749 1059 894 1112 facta
939 1064 1044 1125 est,
1075 1063 1140 1112 ut
1169 1059 1499 1129 proximum
1531 1060 1812 1131 intelligas
1841 1076 2068 1115 omnem

441 1153 754 1207 hominem.
777 1151 1092 1206 Membrum
1107 1157 1296 1207 autem
1314 1169 1429 1207 non
1450 1157 1635 1224 potest
1653 1171 1793 1222 esse,
1813 1154 1919 1208 nisi
1938 1154 2070 1208 fide-

438 1247 508 1300 lis
539 1245 708 1300 tideli.
727 1247 853 1313 Quae
877 1248 1020 1300 enim
1049 1248 1270 1300 societas
1301 1248 1409 1301 luci
1433 1249 1506 1301 ad
1536 1249 1822 1302 tenebras?
1847 1253 2072 1317 autquae

435 1355 568 1411 pars
591 1339 741 1408 ﬁdeli
766 1355 885 1393 cum
905 1339 1115 1408 inﬁdeli
1139 1341 1168 1392 ?
1195 1339 1729 1394 subauditurNulla.
1759 1342 1840 1394 Ita
1861 1357 1963 1394 nec
1981 1357 2070 1411 pa-

443 1449 626 1504 ganus
654 1431 970 1488 Christiano
995 1432 1320 1487 membrum
1340 1449 1460 1487 esse
1484 1438 1685 1504 potest,
1705 1433 1808 1486 nisi
1833 1433 1911 1487 illi
1939 1433 2066 1504 qui-

440 1527 547 1581 bus
577 1525 877 1596 Apostolus
897 1525 1066 1580 dicit:
1103 1529 1205 1581 Vos
1232 1529 1356 1582 estis
1375 1542 1568 1597 corpus
1593 1529 1812 1590 Christi,
1831 1532 1881 1581 et
1905 1544 2068 1581 mem-

443 1620 540 1673 bra
567 1619 633 1674 de
651 1619 921 1673 membris.

513 1714 834 1781 lnxscnnm,
871 1729 930 1766 ET
978 1727 1167 1767 some
1198 1727 1457 1766 euocans.
1491 1713 1703 1783 Duplex
1735 1729 1852 1768 non
1883 1712 2069 1768 solum

443 1807 596 1878 apud
649 1822 771 1870 nos,
807 1821 1000 1858 verum
1049 1804 1218 1858 etiam
1263 1805 1414 1874 apud
1443 1805 1805 1876 philosophos
1834 1811 1916 1860 est
1962 1806 2067 1861 ira.
2091 1783 2146 1855 Β

442 1901 537 1954 Est
565 1898 716 1953 enim
747 1899 850 1967 ira,
882 1914 1010 1968 quae
1041 1897 1375 1952 naturaliter
1394 1898 1595 1953 accidit
1612 1899 1850 1968 homini,
1881 1900 2069 1953 conci-

440 1998 554 2048 tato
603 1992 792 2046 furore
823 1991 1046 2058 mentis,
1081 1991 1149 2046 de
1179 2007 1291 2061 qua
1321 1991 1599 2062 propheta
1631 2009 1644 2046 :
1685 1994 1953 2048 Turbatus
1995 1998 2074 2048 est

441 2103 476 2140 a
496 2088 682 2153 furore
711 2086 892 2140 oculus
919 2100 1082 2139 meus.
1117 2085 1294 2148 Quam
1324 2084 1577 2140 funditus
1608 2089 1793 2140 vetare
1826 2103 1938 2142 non
1968 2103 2066 2157 po-

441 2179 569 2248 tuit,
603 2184 660 2234 et
701 2179 827 2233 ideo
853 2177 973 2232 ait:
1023 2181 1350 2239 Irascimini,
1397 2185 1445 2232 et
1487 2180 1650 2233 nolite
1693 2168 1932 2250 pecbare.
1975 2181 2070 2234 Est

443 2272 596 2327 enim
625 2277 682 2327 et
710 2272 818 2325 alia
843 2271 930 2325 ira
958 2287 1087 2342 quae
1109 2287 1178 2324 ex
1205 2271 1381 2325 livore
1412 2271 1636 2326 invidia:
1663 2272 1966 2339 descendit,
2000 2273 2068 2328 de

441 2385 554 2439 qua
584 2367 832 2422 nascitur
882 2367 1024 2434 rixa,
1056 2368 1113 2420 et
1141 2365 1354 2434 odium,
1389 2383 1560 2436 quam
1597 2367 1656 2420 in
1703 2368 1956 2438 catalogo
1983 2368 2065 2421 vi-

439 2461 650 2516 tiorum
701 2477 1042 2516 enumerans
1095 2459 1275 2514 dicit:
1331 2463 1454 2524 Ira,
1508 2464 1646 2516 mirae
1697 2463 2066 2525 dissensiones,

440 2561 614 2618 sectae,
645 2556 884 2618 invidiae,
937 2554 1248 2616 homicidia,
1307 2555 1607 2618 ebrietates,
1649 2559 2064 2612 comessationes.

441 2651 547 2704 Sor.
577 2665 680 2704 NON
709 2664 938 2704 occmxr
967 2663 1136 2703 SUPER
1164 2663 1497 2704 IRACUNDIAM
1527 2665 1792 2704 vssraxm.
1828 2649 1886 2704 Si
1928 2649 2064 2704 sim-

439 2743 662 2814 pliciter
685 2743 840 2796 hunc
871 2741 1046 2796 solem
1077 2740 1472 2812 intelligimus,
1526 2759 1698 2814 quem
1743 2743 1915 2798 oculis
1942 2760 2065 2798 cor-

439 2836 628 2908 poreis
655 2835 957 2904 cernimus,
979 2835 1200 2890 videtur
1218 2835 1378 2890 nobis
1395 2835 1619 2890 licentia
1639 2837 1765 2891 data
1792 2854 1894 2908 per
1915 2837 2068 2892 diem

439 2929 737 2984 irascendi.
770 2931 835 2984 Et
864 2928 1002 3000 quid
1031 2928 1306 2984 faciemus
1331 2929 1358 2984 ?
1386 2929 1517 3000 quia
1547 2935 1730 3001 potest
1757 2932 1929 2986 homo
1952 2947 2069 2986 una

440 3018 530 3072 die
549 3033 779 3088 peccare
801 3021 1080 3089 quantum
1109 3035 1224 3072 non
1255 3021 1440 3088 potest
1469 3035 1750 3073 annorum
1778 3021 2068 3075 curriculis

441 3109 735 3182 poenitere.
768 3111 916 3180 Ergo
943 3127 1060 3165 non
1093 3111 1162 3165 de
1189 3109 1295 3164 isto
1319 3111 1454 3177 sole,
1473 3111 1567 3166 sed
1594 3113 1662 3166 de
1690 3113 1803 3168 sole
1823 3114 2066 3181 Christo,

442 3203 541 3275 qui
570 3202 774 3258 occidit
803 3203 985 3272 malis,
998 3205 1164 3274 juxta
1183 3203 1337 3275 quod
1359 3204 1428 3259 de
1457 3204 1962 3277 pseudOprophetis
1981 3207 2064 3261 di-

441 3297 618 3352 citur:
651 3297 858 3354 Occidit
881 3299 956 3353 eis
981 3299 1062 3352 sol
1088 3301 1146 3352 in
1170 3297 1432 3364 meridie;
1467 3297 1649 3353 oritur
1677 3315 1810 3354 vero
1842 3301 2066 3367 sanctis,

431 3392 596 3463 juxta
629 3391 782 3463 quod
811 3391 1020 3446 dicitur
1051 3408 1064 3446 :
1106 3393 1265 3450 Vobis
1295 3393 1601 3447 timentibus
1629 3409 1816 3448 nomen
1854 3397 2072 3450 Domini

440 3488 644 3542 orietur
666 3487 746 3540 sol
759 3485 1013 3555 justitiae.
1042 3487 1108 3540 Et
1137 3485 1243 3539 hoc
1281 3488 1366 3540 est
1393 3487 1544 3558 quod
1565 3486 1774 3540 dicitur
1803 3503 1816 3541 :
1847 3489 1940 3545 Sol
1964 3504 2069 3542 non

439 3581 645 3636 occidat
673 3596 834 3650 super
855 3580 1198 3634 iracundiam
1221 3585 1470 3634 vestram.
1499 3583 1574 3634 Ac
1605 3580 1650 3634 si
1681 3581 1846 3650 dicat,
1879 3581 1923 3638 si
1941 3599 2070 3637 con-

439 3673 609 3729 citata
659 3677 846 3728 mente
895 3673 981 3727 ira
1009 3673 1374 3744 subrepserit,
1407 3673 1516 3728 cito
1556 3674 1627 3728 ad
1675 3675 2068 3746 poenitentiam

439 3765 848 3832 convertimini,
881 3781 952 3819 ne
983 3765 1167 3820 subito
1199 3771 1356 3837 rapta
1398 3767 1592 3820 anima
1644 3767 2064 3840 obtencbretur,

438 3859 526 3914 vel
557 3859 638 3914 sol
663 3858 916 3928 justitise,
945 3858 1034 3912 vel
1064 3857 1374 3930 principale
1400 3860 1584 3915 cordis
1615 3861 1862 3916 tenebris
1881 3862 2066 3920 obvol-

441 3957 622 4007 vatur.
657 3952 840 4006 Potest
870 3941 1054 4006 adhuc
1077 3955 1134 4005 et
1162 3952 1494 4024 simpliciter
1521 3954 1589 4008 de
1621 3955 1726 4008 hoc
1756 3957 1872 4010 sole
1897 3957 2063 4011 intel-

439 4045 540 4117 ligi
562 4044 796 4112 dictum,
817 4045 980 4116 juxta
1003 4045 1154 4116 quod
1183 4044 1242 4098 in
1262 4049 1466 4117 quarto
1487 4047 1702 4117 psalmo
1721 4048 1858 4103 dicit
1875 4050 2063 4118 David,

439 4138 592 4194 unde
623 4143 913 4210 sumptum
944 4137 1165 4193 videtur
1193 4155 1206 4193 :
1238 4140 1366 4205 Quae
1389 4139 1570 4194 dicitis
1597 4143 1652 4194 in
1703 4143 1949 4197 cordibus
1975 4159 2063 4198 ee-

435 4235 584 4300 stris,
603 4238 653 4288 et
675 4235 732 4288 in
758 4233 1021 4288 cubilibus
1040 4234 1230 4287 vestris
1247 4235 1668 4304 compungimini
1687 4251 1703 4303 ;
1733 4235 1789 4290 id
1819 4241 1900 4290 est
1919 4253 2068 4309 quae-

441 4343 664 4399 cunque
686 4326 744 4380 in
760 4325 849 4382 die
861 4323 1220 4397 cogitatione,
1255 4324 1358 4394 ira,
1380 4327 1468 4381 vel
1489 4343 1683 4399 opera,
1717 4327 2088 4401 delinquitis,.

437 4421 497 4476 in
528 4419 807 4476 cubilibus
837 4419 1033 4476 vestris
1068 4420 1540 4492 compungimini.
1573 4423 1714 4477 Ante
1741 4423 1871 4477 solis
1904 4441 2062 4478 occa-

2089 3153 2143 3227 C

2167 516 2283 554 non
2313 499 2584 554 debemus
2609 497 2914 570 peccando,
2943 497 3236 552 irascendo
3261 515 3275 564 ;
3303 497 3456 552 locus
3488 496 3641 551 enim
3672 495 3825 550 dia-

2167 589 2284 643 boli
2339 591 2636 660 peccatum
2691 589 2795 642 est.
2857 587 3066 640 Locum
3116 585 3370 657 quotidie
3429 584 3634 656 quaerit
3685 585 3824 638 cir-

2168 682 2488 752 cumiendo,
2517 682 2736 736 dicente
2766 683 2933 735 Petro
2961 679 3216 752 apostolo
3247 696 3262 734 :
3289 679 3651 735 Adversarius
3673 692 3824 733 ves-

2171 781 2250 830 ter
2299 777 2546 830 diabolus
2598 779 2858 844 tanquam
2915 775 2991 828 leo
3043 775 3259 841 rugiens
3314 775 3504 828 circuit
3553 787 3820 842 quarens

2170 885 2325 939 quem
2347 870 2578 924 devoret.
2613 870 2678 922 Et
2703 869 2810 922 hoc
2841 867 2992 934 ideo,
3026 867 3159 938 quia
3189 866 3402 921 invidet
3432 867 3587 920 omni
3617 866 3812 920 bono.

2171 963 2386 1018 Invidia
2435 965 2574 1017 enim
2619 962 2826 1017 diaboli
2871 976 3010 1015 mors
3053 963 3298 1015 introivit
3351 964 3410 1014 in
3461 961 3633 1014 orbem
3684 965 3808 1012 (er-

2168 1073 2374 1111 rarum.

2239 1151 2337 1214 QUI
2364 1165 2696 1218 FURABATL‘R,
2727 1165 2828 1204 1AM
2855 1163 2960 1204 sou
2989 1163 3249 1204 erasnm.
3279 1148 3510 1201 Furtum
3535 1147 3820 1206 nominat.

2169 1244 2456 1314 apostolus
2482 1243 2684 1296 Paulus
2717 1259 2887 1297 omne
2905 1247 3307 1296 nocumentum
3336 1240 3572 1312 proximi
3605 1257 3818 1309 gama-

2169 1328 2321 1390 tores
2350 1336 2503 1390 enim
2535 1337 2724 1390 smeuli
2745 1336 2914 1404 hujus
2942 1335 3231 1390 facultates
3253 1334 3544 1404 praesentis
3567 1339 3817 1404 tempo-

2169 1430 2246 1484 ris
2275 1429 2694 1500 amplectendo,
2738 1427 3011 1500 proximis
3055 1427 3326 1493 invident,
3360 1427 3410 1480 vi
3443 1426 3688 1498 rapiunt,
3709 1426 3814 1480 vel

2169 1523 2228 1577 in
2257 1523 2502 1592 negotiis
2529 1519 3002 1590 circumveniunt,
3035 1525 3092 1576 et
3118 1522 3413 1590 auferunt;
3447 1520 3571 1574 ideo
3605 1521 3819 1574 admo-

2169 1620 2267 1671 net
2294 1615 2559 1688 Ephesios
2587 1632 2658 1670 ne
2683 1615 2743 1670 in
2771 1615 3062 1670 occasione
3090 1614 3540 1693 lucri‘incurrant
3567 1613 3815 1668 crimen

2170 1709 2328 1764 furti.
2356 1709 2492 1763 Hinc
2517 1709 2640 1763 aliis
2665 1709 2950 1780 discipulis
2994 1708 3129 1762 dicit
3158 1727 3171 1762 :
3207 1710 3387 1776 Neque
3417 1709 3815 1762 circum-veniat

2171 1819 2370 1857 avarus
2396 1805 2452 1856 in
2495 1805 2704 1872 negotio
2730 1804 2961 1870 fratrem
2989 1817 3164 1858 suum.
3195 1803 3382 1855 Potest
3413 1804 3469 1854 et
3511 1801 3678 1854 altius
3708 1801 3813 1854 in-

2170 1897 2358 1966 tellegi
2387 1896 2539 1966 quod
2565 1897 2718 1964 dicit,
2743 1899 2840 1966 qui
2853 1897 3152 1963 furabatur
3153 1895 3276 1964 jam
3291 1909 3397 1948 non
3415 1897 3672 1962 furetur;
3699 1894 3816 1947 sci-

2171 1990 2300 2044 licet
2327 1990 2470 2044 sicut
2495 1990 2563 2044 de
2594 1989 3103 2060 pseudoprophetis
3132 1988 3348 2042 dictum
3380 1992 3482 2056 est,
3515 1988 3650 2057 quia
3680 2004 3810 2041 ser-

2170 2099 2369 2138 mones
2422 2083 2717 2137 furabatur
2761 2082 3145 2152 unusquisque
3190 2098 3224 2134 a
3265 2080 3523 2152 proximo
3555 2097 3700 2134 suo:
3750 2085 3814 2134 et

2169 2181 2428 2246 quotquot
2451 2180 2729 2237 venerunt,
2760 2178 2910 2242 fures
2936 2177 3158 2242 fuerunt
3203 2180 3254 2228 et
3283 2175 3535 2228 latrones.
3564 2173 3629 2226 Hi
3661 2173 3814 2227 tales

2169 2287 2364 2324 omnes
2402 2271 2668 2325 furantur
2694 2269 2927 2324 verbum
2949 2267 3066 2336 Dei,
3094 2269 3410 2338 loquuntur
3435 2267 3811 2321 mendacium

2169 2380 2301 2418 cum
2327 2364 2588 2436 proximo
2617 2379 2738 2418 suo.
2769 2364 2835 2416 Et
2863 2363 2969 2417 hos
2997 2361 3136 2415 tales
3174 2361 3438 2432 prohibet
3465 2361 3687 2415 furtum
3712 2360 3811 2414 fa—

2171 2473 2316 2526 cere,
2340 2458 2504 2529 juxta
2533 2457 2685 2529 quod
2709 2461 2764 2511 et
2792 2456 3051 2526 superius
3076 2454 3219 2508 dixit
3252 2473 3264 2508 :
3301 2459 3621 2524 Deponentes
3647 2471 3810 2509 men-

2167 2553 2404 2616 dacium,
2435 2553 2720 2621 loquimini
2742 2553 3022 2604 veritatem
3037 2551 3400 2626 unusquisque
3418 2565 3538 2602 cum
3549 2551 3810 2618 proximo

2166 2661 2280 2701 suo.
2328 2647 2502 2701 MAGIS
2559 2661 2736 2700 AUTEM
2781 2659 3020 2699 LABORET
3073 2657 3358 2697 OPERANDO
3393 2657 3631 2696 MANIBL’S
3683 2657 3810 2697 Sl’lS

2170 2755 2315 2802 ouon
2331 2755 2517 2796 sonum
2544 2755 2659 2794 ssr.
2689 2737 2880 2793 Simile
2909 2742 2991 2791 est
3015 2736 3164 2808 quod
3183 2737 3302 2806 jam
3325 2736 3538 2790 dictum
3561 2740 3679 2789 est:
3709 2739 3812 2790 De-

2168 2834 2312 2887 clina
2335 2850 2369 2888 a
2389 2834 2550 2895 malo,
2575 2838 2626 2887 et
2641 2834 2735 2899 fac
2758 2832 2969 2886 bonum.
2992 2832 3057 2885 Et
3082 2833 3233 2884 recte
3251 2829 3382 2883 dicit
3401 2829 3674 2899 operando
3692 2845 3813 2883 ma-

2166 2927 2342 2988 nibus,
2371 2927 2515 2996 quod
2541 2927 2734 2979 bonum
2759 2929 2854 2988 est,
2882 2926 2947 2978 ut
2975 2923 3070 2994 qui
3097 2929 3264 2977 antea
3279 2938 3368 2976 res
3395 2921 3632 2976 alterius
3651 2922 3810 2976 furto

2168 3019 2440 3090 rapiebat,
2471 3019 2702 3089 incipiat
2730 3017 2958 3089 propria
2975 3016 3190 3087 largiri.
3224 3015 3492 3071 Similiter
3521 3023 3580 3070 et
3607 3016 3676 3070 de
3699 3033 3811 3070 caeo

2169 3113 2302 3169 teris
2358 3113 2526 3168 rebus
2565 3111 3004 3183 intelligendum
3058 3115 3160 3165 est.
3207 3111 3272 3165 Et
3315 3115 3446 3165 nota
3477 3126 3598 3164 non
3641 3110 3806 3180 dixit,

2169 3208 2301 3278 quia
2337 3209 2558 3263 laboret
2588 3205 2872 3277 operando
2921 3205 3186 3260 manibus
3236 3203 3350 3257 suis
3397 3203 3551 3274 quod
3581 3203 3804 3258 bonum

2171 3305 2273 3368 est,
2298 3308 2359 3357 ut
2377 3301 2582 3357 habeat
2599 3301 2830 3368 victum,
2858 3303 2913 3354 et
2933 3316 3046 3353 non
3067 3298 3342 3368 indigeat,
3365 3297 3608 3352 velnulli
3631 3297 3804 3352 mole-

2170 3396 2334 3450 stiam
2371 3395 2541 3450 faciat
2569 3412 2585 3464 ;
2619 3394 2717 3448 sed
2757 3393 2996 3461 laboret,
3041 3392 3249 3464 inquit,
3294 3407 3362 3446 ur
3409 3407 3620 3447 manu
3658 3407 3799 3446 mox

2169 3506 2394 3546 rmauxr
2445 3503 2837 3544 NECESSITATEM
2889 3502 3152 3543 PATIENTI.
3181 3485 3286 3549 Qui
3317 3484 3473 3540 enim
3502 3485 3610 3539 sibi
3633 3485 3792 3539 labo-

2169 3589 2274 3650 rat,
2308 3589 2370 3637 ut
2413 3599 2526 3637 non
2573 3580 2828 3653 indigeat
2855 3581 2997 3652 ipse,
3028 3580 3272 3636 necdum
3299 3578 3554 3650 Apostoli
3579 3595 3797 3651 praece-

2169 3682 2332 3748 ptum
2360 3677 2580 3747 implet.
2616 3677 2762 3746 Ergo
2793 3675 2995 3729 laboret
3035 3673 3304 3744 operando
3354 3674 3609 3728 man-ibus
3644 3675 3798 3740 suis;

2168 3770 2302 3842 quia
2351 3770 2497 3824 sicut
2527 3785 2680 3841 saepe
2730 3767 2945 3823 dictum
2987 3773 3088 3836 est,
3120 3767 3357 3839 quilibet
3399 3767 3574 3820 homo
3622 3783 3802 3838 quam

2167 3867 2466 3936 promptus
2504 3865 2651 3918 esset
2673 3862 2745 3916 ad
2773 3862 2987 3916 bonum
3015 3861 3359 3915 faciendum.
3393 3860 3448 3916 Si
3474 3862 3802 3932 promptior

2167 3974 2283 4012 non
2310 3961 2513 4029 potest,
2544 3957 2735 4012 saltim
2763 3957 2923 4028 quasi
2952 3971 3221 4009 mensura
3258 3953 3362 4026 [Ita
3389 3970 3442 4009 se
3467 3956 3630 4010 habet
3659 3957 3802 4010 locus

2167 4054 2224 4105 in
2254 4051 2430 4124 Cod.],
2460 4052 2605 4106 sicut
2628 4051 2758 4106 alibi
2787 4051 2933 4106 idem
2959 4049 3248 4121 apostolus
3269 4048 3404 4103 dicit
3431 4066 3444 4103 ε
3479 4049 3634 4104 Sicut
3661 4051 3801 4104 enim

2166 4146 2482 4201 exhibuistis
2509 4146 2745 4200 membra
2773 4150 2950 4200 vestra
2995 4145 3192 4198 servire
3230 4143 3590 4197 immunditiav
3613 4148 3664 4196 et
3690 4145 3797 4197 ini-

2166 4242 2369 4308 quitati
2387 4241 2462 4294 ad
2488 4241 2850 4308 iniquitatem,
2877 4241 2958 4293 ita
2981 4254 3122 4293 nunc
3144 4237 3383 4292 enhibete
3411 4237 3657 4290 membra
3683 4251 3794 4292 ves-

2167 4338 2254 4388 tra
2277 4335 2336 4388 in
2380 4335 2816 4403 sanctiﬁcatione.
2859 4334 2940 4388 Ex
2969 4331 3201 4404 proprio
3228 4331 3419 4384 labore
3447 4329 3637 4384 cibare
3666 4347 3796 4385 esu-

2164 4425 2395 4495 rientes,
2425 4428 2508 4482 vel
2537 4432 2728 4498 potare
2755 4426 3027 4491 sitientes,
3058 4432 3114 4480 et
3148 4426 3208 4479 in
3239 4425 3457 4480 caeteris
3488 4441 3621 4496 qua:
3646 4424 3796 4479 indi-

438 4531 566 4570 sum
593 4514 653 4568 in
684 4531 819 4587 pace
842 4513 1213 4582 revertimini,
1242 4515 1328 4570 vel
1356 4514 1416 4570 in
1436 4515 1742 4570 crastinum
1765 4534 1880 4572 non
1904 4518 2064 4574 ditl'e-
2085 4525 2144 4596 Ι)
2169 4537 2301 4592 gere
2337 4521 2690 4592 prospexerit
2731 4520 3046 4575 subvenire.
3082 4519 3177 4574 Vel
3205 4519 3528 4591 specialiter
3564 4534 3798 4590 operare

436 4607 594 4662 ratis.
647 4607 852 4664 Nomrs
901 4624 1082 4688 κρεῖοΜ
1133 4625 1271 4664 DARE
1323 4625 1578 4665 DIABOLO.
1613 4610 1876 4666 Diabolus
1906 4629 2062 4684 ergo,

439 4716 571 4755 cum
602 4717 808 4756 nomen
841 4707 942 4770 est,
993 4699 1189 4756 Latine
1220 4701 1549 4758 criminator
1592 4703 1797 4759 dicitur
1825 4721 1838 4772 ;
1872 4705 2066 4778 lingua

436 4794 706 4850 Hebraica
734 4795 922 4861 Satan,
945 4795 1298 4850 adversarius
1329 4797 1668 4868 appellatur,
1703 4797 1816 4853 sive
1848 4803 2068 4854 contra-

359 4874 367 4882 ’
436 4887 555 4944 rius
586 4904 600 4943 :
643 4888 714 4946 ab
744 4889 1010 4962 Apostolo
1038 4888 1211 4944 Belial
1251 4889 1604 4962 nominatur,
1630 4879 1693 4947 id
1723 4896 1808 4948 est
1855 4893 2064 4966 absque

429 4980 594 5054 jugo,
640 4999 708 5038 eo
761 4983 911 5054 quod
943 4982 1012 5039 de
1062 4982 1208 5038 collo
1256 4999 1358 5037 suo
1395 4983 1662 5055 abjecerit
1715 4987 2063 5057 servitutem,

2163 4614 2224 4668 in
2253 4631 2390 4686 agro
2417 4615 2624 4669 anima:
2655 4631 2789 4684 suae,
2821 4618 2882 4668 ut
2911 4612 3252 4684 spiritalibus
3281 4613 3526 4686 panibus
3556 4613 3795 4684 implea-

2164 4712 2276 4775 tur,
2327 4712 2381 4763 et
2411 4709 2542 4764 dare
2575 4709 2749 4780 possit
2777 4707 2989 4762 cibaria
3017 4707 3078 4762 in
3105 4713 3358 4778 tempore
3387 4723 3489 4762 suo
3515 4707 3798 4762 conservis

2164 4802 2280 4857 suis
2305 4805 2537 4874 propter
2565 4801 2707 4857 illud
2731 4818 2744 4856 :
2785 4803 2912 4870 Quis
2943 4805 3110 4872 putas
3136 4806 3212 4856 est
3233 4802 3409 4871 ﬁdelis
3435 4802 3796 4873 dispensator,

2165 4901 2214 4951 et
2233 4897 2499 4966 prudens,
2529 4913 2683 4966 quem
2725 4897 2999 4951 constituit
3049 4895 3295 4951 dominus
3335 4911 3498 4968 super
3521 4897 3798 4965 familiam

2162 5005 2338 5055 suam,
2368 4995 2429 5045 ut
2457 4991 2548 5046 det
2570 4991 2683 5046 illis
2707 4990 2883 5045 cibum
2904 4991 2962 5044 in
2982 4993 3212 5061 tempore
3241 4993 3269 5044 Σ)

452 5131 3789 5158 ww

2002 5259 2207 5392 ΧΙ.

438 5451 654 5520 Lectio
687 5444 988 5537 Epistolas
1039 5445 1212 5556 beati
1258 5447 1462 5556 Pauli,
1485 5447 1767 5556 apostoli
1813 5457 1896 5524 ad
1930 5457 2245 5556 Ephesios
2295 5463 2380 5556 (_v,
2427 5463 2524 5546 15)
2549 5484 2576 5556 _:
2619 5455 2906 5556 Fratres,
2936 5459 3157 5556 _videt_e
3193 5461 3414 5545 itaque
3465 5459 3793 5545 quomodo

1023 5545 1208 5602 caute
1233 5541 1598 5620 ambuletis,
1625 5560 1756 5604 non
1781 5543 1976 5627 quasi
1983 5541 2004 5544 “
2020 5541 2414 5626 insipientes,
2449 5541 2566 5608 sed
2591 5553 2664 5609 ut
2688 5541 3009 5628 sapientes
3025 5592 3046 5624 ,
3080 5549 3201 5608 etc.

1683 5661 1957 5718 COMMEN
1961 5663 2097 5719 TUM
2135 5663 2554 5720 LUCULENTII.

511 5743 672 5819 Seps
697 5741 912 5800 dictum
943 5746 1044 5816 est,
1077 5742 1213 5820 quia
1242 5742 1386 5802 sicut
1417 5751 1552 5803 sunt
1578 5749 1884 5806 exteriores
1915 5751 2062 5809 oculi

369 5895 388 5911 ο
442 5837 712 5909 corporis,
745 5854 875 5894 cum
905 5838 1111 5911 quibus
1132 5839 1279 5898 hanc
1305 5839 1494 5894 lucem
1525 5839 1800 5914 videmus,
1832 5845 1908 5900 sic
1933 5852 2065 5904 sunt

2163 5755 2220 5808 et
2243 5751 2546 5812 interiores
2593 5754 2794 5826 cordis,
2828 5771 2959 5812 cum
3001 5754 3206 5830 quibus
3251 5752 3396 5810 Deus
3440 5752 3692 5821 videtur,
3728 5750 3795 5808 de

2164 5847 2370 5918 quibus
2411 5849 2530 5921 ipse
2563 5849 2700 5909 dicit
2733 5867 2745 5908 :
2771 5853 2928 5909 Beati
2952 5849 3150 5908 mundo
3178 5848 3353 5914 corde,
3395 5849 3654 5920 quoniam
3691 5850 3798 5920 ipsi
