  <div class='ocr_page' id='page_1' title='image "/cluster/home/n/w/nwhite01/storage/ocr_20150623/72/hvd.32044054758768/424.png"; bbox 0 0 4054 6186; ppageno 0'>
   <div class='ocr_carea' id='block_1_1' title="bbox 219 287 318 352">
    <p class='ocr_par' dir='ltr' id='par_1_1' title="bbox 219 287 318 352">
     <span class='ocr_line' id='line_1_1' title="bbox 219 287 318 352; baseline -0.03 0"><span class='ocrx_word' id='word_1_1' title='bbox 219 287 318 352; x_wconf 83' lang='lat'>837</span> 
     </span>
    </p>
   </div>
   <div class='ocr_carea' id='block_1_2' title="bbox 1477 285 2308 349">
    <p class='ocr_par' dir='ltr' id='par_1_2' title="bbox 1477 285 2308 349">
     <span class='ocr_line' id='line_1_2' title="bbox 1477 285 2308 349; baseline -0.002 -1"><span class='ocrx_word' id='word_1_2' title='bbox 1477 285 1544 348; x_wconf 75' lang='grc' dir='ltr'>ΙΝ</span> <span class='ocrx_word' id='word_1_3' title='bbox 1582 293 1726 349; x_wconf 87' lang='lat' dir='ltr'>CAP.</span> <span class='ocrx_word' id='word_1_4' title='bbox 1769 291 1810 347; x_wconf 87' lang='lat' dir='ltr'>V</span> <span class='ocrx_word' id='word_1_5' title='bbox 1845 291 1932 348; x_wconf 77' lang='lat' dir='ltr'>AD</span> <span class='ocrx_word' id='word_1_6' title='bbox 1969 291 2308 349; x_wconf 84' lang='lat' dir='ltr'>EPHESIOS.</span> 
     </span>
    </p>
   </div>
   <div class='ocr_carea' id='block_1_3' title="bbox 3471 285 3571 348">
    <p class='ocr_par' dir='ltr' id='par_1_3' title="bbox 3471 285 3571 348">
     <span class='ocr_line' id='line_1_3' title="bbox 3471 285 3571 348; baseline 0 0"><span class='ocrx_word' id='word_1_7' title='bbox 3471 285 3571 348; x_wconf 76' lang='lat'>838</span> 
     </span>
    </p>
   </div>
   <div class='ocr_carea' id='block_1_4' title="bbox 210 390 3572 486">
    <p class='ocr_par' dir='ltr' id='par_1_4' title="bbox 210 390 3572 486">
     <span class='ocr_line' id='line_1_4' title="bbox 210 390 3572 486; baseline -0.002 -26"><span class='ocrx_word' id='word_1_8' title='bbox 210 407 375 460; x_wconf 84' lang='lat' dir='ltr'>Deum</span> <span class='ocrx_word' id='word_1_9' title='bbox 399 400 674 458; x_wconf 84' lang='lat' dir='ltr'>videbunt.</span> <span class='ocrx_word' id='word_1_10' title='bbox 707 401 776 456; x_wconf 89' lang='lat' dir='ltr'>Et</span> <span class='ocrx_word' id='word_1_11' title='bbox 794 399 938 456; x_wconf 88' lang='lat' dir='ltr'>sicut</span> <span class='ocrx_word' id='word_1_12' title='bbox 967 399 1099 454; x_wconf 90' lang='lat' dir='ltr'>sunt</span> <span class='ocrx_word' id='word_1_13' title='bbox 1117 401 1428 456; x_wconf 81' lang='lat' dir='ltr'>exteriores</span> <span class='ocrx_word' id='word_1_14' title='bbox 1457 390 1684 472; x_wconf 76' lang='lat' dir='ltr'>gressus</span> <span class='ocrx_word' id='word_1_15' title='bbox 1713 416 1839 456; x_wconf 90' lang='lat' dir='ltr'>cor-</span> <span class='ocrx_word' id='word_1_16' title='bbox 1862 413 1921 486; x_wconf 74' lang='grc' dir='ltr'><strong>Α</strong></span> <span class='ocrx_word' id='word_1_17' title='bbox 1941 406 2024 456; x_wconf 88' lang='lat' dir='ltr'>est</span> <span class='ocrx_word' id='word_1_18' title='bbox 2051 401 2147 472; x_wconf 86' lang='lat' dir='ltr'>qui</span> <span class='ocrx_word' id='word_1_19' title='bbox 2174 417 2290 456; x_wconf 91' lang='lat' dir='ltr'>non</span> <span class='ocrx_word' id='word_1_20' title='bbox 2319 398 2588 471; x_wconf 79' lang='lat' dir='ltr'>intelligit</span> <span class='ocrx_word' id='word_1_21' title='bbox 2613 415 2734 462; x_wconf 62' lang='lat' dir='ltr'>qua</span> <span class='ocrx_word' id='word_1_22' title='bbox 2773 413 2857 454; x_wconf 84' lang='lat' dir='ltr'>SIT</span> <span class='ocrx_word' id='word_1_23' title='bbox 2888 413 3166 456; x_wconf 72' lang='lat' dir='ltr'>VOLUNTAS</span> <span class='ocrx_word' id='word_1_24' title='bbox 3217 415 3304 455; x_wconf 75' lang='lat' dir='ltr'>om</span> <span class='ocrx_word' id='word_1_25' title='bbox 3338 400 3493 463; x_wconf 86' lang='lat' dir='ltr'>bona,</span> <span class='ocrx_word' id='word_1_26' title='bbox 3523 407 3572 454; x_wconf 91' lang='lat' dir='ltr'>et</span> 
     </span>
    </p>
   </div>
   <div class='ocr_carea' id='block_1_5' title="bbox 210 493 1838 569">
    <p class='ocr_par' dir='ltr' id='par_1_5' title="bbox 210 493 1838 569">
     <span class='ocr_line' id='line_1_5' title="bbox 210 493 1838 569; baseline -0.002 -18"><span class='ocrx_word' id='word_1_27' title='bbox 210 495 382 569; x_wconf 89' lang='lat' dir='ltr'>poris,</span> <span class='ocrx_word' id='word_1_28' title='bbox 409 493 488 550; x_wconf 91' lang='lat' dir='ltr'>sic</span> <span class='ocrx_word' id='word_1_29' title='bbox 513 497 647 550; x_wconf 89' lang='lat' dir='ltr'>sunt</span> <span class='ocrx_word' id='word_1_30' title='bbox 675 497 734 549; x_wconf 91' lang='lat' dir='ltr'>et</span> <span class='ocrx_word' id='word_1_31' title='bbox 753 493 1058 550; x_wconf 86' lang='lat' dir='ltr'>interiores</span> <span class='ocrx_word' id='word_1_32' title='bbox 1085 493 1314 562; x_wconf 89' lang='lat' dir='ltr'>mentis,</span> <span class='ocrx_word' id='word_1_33' title='bbox 1343 495 1415 550; x_wconf 91' lang='lat' dir='ltr'>de</span> <span class='ocrx_word' id='word_1_34' title='bbox 1457 493 1664 565; x_wconf 84' lang='lat' dir='ltr'>quibus</span> <span class='ocrx_word' id='word_1_35' title='bbox 1705 493 1838 548; x_wconf 92' lang='lat' dir='ltr'>scri-</span> 
     </span>
    </p>
   </div>
   <div class='ocr_carea' id='block_1_6' title="bbox 212 587 1839 662">
    <p class='ocr_par' dir='ltr' id='par_1_6' title="bbox 212 587 1839 662">
     <span class='ocr_line' id='line_1_6' title="bbox 212 587 1839 662; baseline -0.003 -16"><span class='ocrx_word' id='word_1_36' title='bbox 212 596 374 662; x_wconf 88' lang='lat' dir='ltr'>ptum</span> <span class='ocrx_word' id='word_1_37' title='bbox 428 591 559 644; x_wconf 89' lang='lat' dir='ltr'>est:</span> <span class='ocrx_word' id='word_1_38' title='bbox 609 588 660 644; x_wconf 84' lang='lat' dir='ltr'><strong><em>A</em></strong></span> <span class='ocrx_word' id='word_1_39' title='bbox 707 590 926 644; x_wconf 87' lang='lat' dir='ltr'>Domino</span> <span class='ocrx_word' id='word_1_40' title='bbox 969 602 1179 657; x_wconf 76' lang='lat' dir='ltr'>gressus</span> <span class='ocrx_word' id='word_1_41' title='bbox 1234 589 1464 644; x_wconf 85' lang='lat' dir='ltr'>hominis</span> <span class='ocrx_word' id='word_1_42' title='bbox 1509 587 1839 657; x_wconf 85' lang='lat' dir='ltr'>diriguntur.</span> 
     </span>
    </p>
   </div>
   <div class='ocr_carea' id='block_1_7' title="bbox 213 680 1844 748">
    <p class='ocr_par' dir='ltr' id='par_1_7' title="bbox 213 680 1844 748">
     <span class='ocr_line' id='line_1_7' title="bbox 213 680 1844 748; baseline -0.001 -12"><span class='ocrx_word' id='word_1_43' title='bbox 213 682 377 748; x_wconf 83' lang='lat' dir='ltr'>Quod</span> <span class='ocrx_word' id='word_1_44' title='bbox 401 698 537 737; x_wconf 85' lang='lat' dir='ltr'>vero</span> <span class='ocrx_word' id='word_1_45' title='bbox 568 680 659 736; x_wconf 92' lang='lat' dir='ltr'>hic</span> <span class='ocrx_word' id='word_1_46' title='bbox 683 680 856 736; x_wconf 82' lang='lat' dir='ltr'>dicit:</span> <span class='ocrx_word' id='word_1_47' title='bbox 901 682 1102 737; x_wconf 78' lang='lat' dir='ltr'>VIDETE</span> <span class='ocrx_word' id='word_1_48' title='bbox 1129 697 1324 745; x_wconf 77' lang='lat' dir='ltr'>ITAQUE</span> <span class='ocrx_word' id='word_1_49' title='bbox 1369 696 1632 746; x_wconf 74' lang='lat' dir='ltr'>ououooo</span> <span class='ocrx_word' id='word_1_50' title='bbox 1675 696 1844 735; x_wconf 79' lang='lat' dir='ltr'><strong>CAUTE</strong></span> 
     </span>
    </p>
   </div>
   <div class='ocr_carea' id='block_1_8' title="bbox 213 773 1844 846">
    <p class='ocr_par' dir='ltr' id='par_1_8' title="bbox 213 773 1844 846">
     <span class='ocr_line' id='line_1_8' title="bbox 213 773 1844 846; baseline -0.003 -13"><span class='ocrx_word' id='word_1_51' title='bbox 213 790 510 833; x_wconf 56' lang='lat' dir='ltr'>annuens</span> <span class='ocrx_word' id='word_1_52' title='bbox 526 792 540 842; x_wconf 90' lang='lat'><strong>;</strong></span> <span class='ocrx_word' id='word_1_53' title='bbox 558 773 673 830; x_wconf 87' lang='lat' dir='ltr'>tale</span> <span class='ocrx_word' id='word_1_54' title='bbox 699 777 787 830; x_wconf 90' lang='lat' dir='ltr'>est</span> <span class='ocrx_word' id='word_1_55' title='bbox 807 775 960 846; x_wconf 91' lang='lat' dir='ltr'>quod</span> <span class='ocrx_word' id='word_1_56' title='bbox 985 775 1063 829; x_wconf 90' lang='lat' dir='ltr'>ait</span> <span class='ocrx_word' id='word_1_57' title='bbox 1088 775 1378 830; x_wconf 83' lang='lat' dir='ltr'>Salvator:</span> <span class='ocrx_word' id='word_1_58' title='bbox 1403 774 1696 835; x_wconf 86' lang='lat' dir='ltr'>Ambulatc</span> <span class='ocrx_word' id='word_1_59' title='bbox 1711 775 1844 828; x_wconf 89' lang='lat' dir='ltr'>dum</span> 
     </span>
    </p>
   </div>
   <div class='ocr_carea' id='block_1_9' title="bbox 215 866 1840 944">
    <p class='ocr_par' dir='ltr' id='par_1_9' title="bbox 215 866 1840 944">
     <span class='ocr_line' id='line_1_9' title="bbox 215 866 1840 944; baseline -0.001 -20"><span class='ocrx_word' id='word_1_60' title='bbox 215 871 380 925; x_wconf 88' lang='lat' dir='ltr'>lucem</span> <span class='ocrx_word' id='word_1_61' title='bbox 407 869 630 924; x_wconf 76' lang='lat' dir='ltr'>habetis.</span> <span class='ocrx_word' id='word_1_62' title='bbox 665 867 818 944; x_wconf 87' lang='lat' dir='ltr'>Sicut</span> <span class='ocrx_word' id='word_1_63' title='bbox 857 866 1031 936; x_wconf 90' lang='lat' dir='ltr'>enim,</span> <span class='ocrx_word' id='word_1_64' title='bbox 1062 867 1220 922; x_wconf 87' lang='lat' dir='ltr'>verbi</span> <span class='ocrx_word' id='word_1_65' title='bbox 1259 868 1441 940; x_wconf 84' lang='lat' dir='ltr'>gratia</span> <span class='ocrx_word' id='word_1_66' title='bbox 1485 867 1692 935; x_wconf 89' lang='lat' dir='ltr'>dicam,</span> <span class='ocrx_word' id='word_1_67' title='bbox 1739 867 1840 922; x_wconf 90' lang='lat' dir='ltr'>ali-</span> 
     </span>
    </p>
   </div>
   <div class='ocr_carea' id='block_1_10' title="bbox 215 961 1847 1036">
    <p class='ocr_par' dir='ltr' id='par_1_10' title="bbox 215 961 1847 1036">
     <span class='ocr_line' id='line_1_10' title="bbox 215 961 1847 1036; baseline -0.002 -19"><span class='ocrx_word' id='word_1_68' title='bbox 215 961 341 1036; x_wconf 85' lang='lat' dir='ltr'>quis</span> <span class='ocrx_word' id='word_1_69' title='bbox 365 963 539 1018; x_wconf 89' lang='lat' dir='ltr'>homo</span> <span class='ocrx_word' id='word_1_70' title='bbox 569 961 681 1016; x_wconf 90' lang='lat' dir='ltr'>iter</span> <span class='ocrx_word' id='word_1_71' title='bbox 723 961 940 1016; x_wconf 83' lang='lat' dir='ltr'>faciens</span> <span class='ocrx_word' id='word_1_72' title='bbox 985 961 1257 1034; x_wconf 82' lang='lat' dir='ltr'>prospicit</span> <span class='ocrx_word' id='word_1_73' title='bbox 1300 961 1398 1016; x_wconf 90' lang='lat' dir='ltr'>ubi</span> <span class='ocrx_word' id='word_1_74' title='bbox 1441 977 1666 1032; x_wconf 83' lang='lat' dir='ltr'>gressus</span> <span class='ocrx_word' id='word_1_75' title='bbox 1703 961 1847 1031; x_wconf 84' lang='lat' dir='ltr'>figat</span> 
     </span>
    </p>
   </div>
   <div class='ocr_carea' id='block_1_11' title="bbox 213 1053 1842 1127">
    <p class='ocr_par' dir='ltr' id='par_1_11' title="bbox 213 1053 1842 1127">
     <span class='ocr_line' id='line_1_11' title="bbox 213 1053 1842 1127; baseline -0.002 -17"><span class='ocrx_word' id='word_1_76' title='bbox 213 1055 394 1127; x_wconf 90' lang='lat' dir='ltr'>pedis,</span> <span class='ocrx_word' id='word_1_77' title='bbox 426 1054 505 1110; x_wconf 90' lang='lat' dir='ltr'>sic</span> <span class='ocrx_word' id='word_1_78' title='bbox 535 1055 632 1126; x_wconf 86' lang='lat' dir='ltr'>qui</span> <span class='ocrx_word' id='word_1_79' title='bbox 657 1053 990 1126; x_wconf 77' lang='lat' dir='ltr'>spiritaliter</span> <span class='ocrx_word' id='word_1_80' title='bbox 1016 1054 1315 1110; x_wconf 90' lang='lat' dir='ltr'>ambulare</span> <span class='ocrx_word' id='word_1_81' title='bbox 1361 1054 1670 1121; x_wconf 85' lang='lat' dir='ltr'>desiderat,</span> <span class='ocrx_word' id='word_1_82' title='bbox 1709 1068 1842 1124; x_wconf 89' lang='lat' dir='ltr'>pro-</span> 
     </span>
    </p>
   </div>
   <div class='ocr_carea' id='block_1_12' title="bbox 212 1147 1840 1222">
    <p class='ocr_par' dir='ltr' id='par_1_12' title="bbox 212 1147 1840 1222">
     <span class='ocr_line' id='line_1_12' title="bbox 212 1147 1840 1222; baseline -0.002 -18"><span class='ocrx_word' id='word_1_83' title='bbox 212 1150 432 1222; x_wconf 89' lang='lat' dir='ltr'>spicere</span> <span class='ocrx_word' id='word_1_84' title='bbox 455 1147 627 1204; x_wconf 87' lang='lat' dir='ltr'>debet</span> <span class='ocrx_word' id='word_1_85' title='bbox 643 1149 744 1203; x_wconf 90' lang='lat' dir='ltr'>ubi</span> <span class='ocrx_word' id='word_1_86' title='bbox 765 1165 1026 1220; x_wconf 79' lang='lat' dir='ltr'>gressum</span> <span class='ocrx_word' id='word_1_87' title='bbox 1051 1148 1264 1204; x_wconf 90' lang='lat' dir='ltr'>mentis</span> <span class='ocrx_word' id='word_1_88' title='bbox 1292 1148 1454 1219; x_wconf 90' lang='lat' dir='ltr'>ﬁgat,</span> <span class='ocrx_word' id='word_1_89' title='bbox 1489 1164 1562 1202; x_wconf 90' lang='lat' dir='ltr'>ne</span> <span class='ocrx_word' id='word_1_90' title='bbox 1594 1149 1840 1202; x_wconf 86' lang='lat' dir='ltr'>corruat.</span> 
     </span>
    </p>
   </div>
   <div class='ocr_carea' id='block_1_13' title="bbox 210 1239 1841 1315">
    <p class='ocr_par' dir='ltr' id='par_1_13' title="bbox 210 1239 1841 1315">
     <span class='ocr_line' id='line_1_13' title="bbox 210 1239 1841 1315; baseline -0.003 -17"><span class='ocrx_word' id='word_1_91' title='bbox 210 1244 362 1315; x_wconf 88' lang='lat' dir='ltr'>Ergo</span> <span class='ocrx_word' id='word_1_92' title='bbox 390 1242 781 1314; x_wconf 86' lang='lat' dir='ltr'>unusquisque</span> <span class='ocrx_word' id='word_1_93' title='bbox 813 1246 978 1297; x_wconf 88' lang='lat' dir='ltr'>caute</span> <span class='ocrx_word' id='word_1_94' title='bbox 1007 1243 1303 1298; x_wconf 88' lang='lat' dir='ltr'>ambulare</span> <span class='ocrx_word' id='word_1_95' title='bbox 1332 1241 1524 1310; x_wconf 90' lang='lat' dir='ltr'>debet,</span> <span class='ocrx_word' id='word_1_96' title='bbox 1559 1258 1634 1296; x_wconf 91' lang='lat' dir='ltr'>ne</span> <span class='ocrx_word' id='word_1_97' title='bbox 1656 1239 1841 1308; x_wconf 88' lang='lat' dir='ltr'>cedat,</span> 
     </span>
    </p>
   </div>
   <div class='ocr_carea' id='block_1_14' title="bbox 212 1334 1848 1405">
    <p class='ocr_par' dir='ltr' id='par_1_14' title="bbox 212 1334 1848 1405">
     <span class='ocr_line' id='line_1_14' title="bbox 212 1334 1848 1405; baseline -0.003 -13"><span class='ocrx_word' id='word_1_98' title='bbox 212 1354 317 1392; x_wconf 90' lang='lat' dir='ltr'>nec</span> <span class='ocrx_word' id='word_1_99' title='bbox 339 1335 587 1392; x_wconf 87' lang='lat' dir='ltr'>declinet</span> <span class='ocrx_word' id='word_1_100' title='bbox 606 1336 680 1390; x_wconf 89' lang='lat' dir='ltr'>ad</span> <span class='ocrx_word' id='word_1_101' title='bbox 701 1335 1020 1404; x_wconf 88' lang='lat' dir='ltr'>dexteram,</span> <span class='ocrx_word' id='word_1_102' title='bbox 1039 1336 1155 1389; x_wconf 89' lang='lat' dir='ltr'>sive</span> <span class='ocrx_word' id='word_1_103' title='bbox 1172 1335 1245 1390; x_wconf 92' lang='lat' dir='ltr'>ad</span> <span class='ocrx_word' id='word_1_104' title='bbox 1263 1335 1584 1402; x_wconf 86' lang='lat' dir='ltr'>sinistram;</span> <span class='ocrx_word' id='word_1_105' title='bbox 1615 1334 1716 1388; x_wconf 90' lang='lat' dir='ltr'>sed</span> <span class='ocrx_word' id='word_1_106' title='bbox 1743 1350 1848 1405; x_wconf 90' lang='lat' dir='ltr'>per</span> 
     </span>
    </p>
   </div>
   <div class='ocr_carea' id='block_1_15' title="bbox 213 1428 1844 1501">
    <p class='ocr_par' dir='ltr' id='par_1_15' title="bbox 213 1428 1844 1501">
     <span class='ocr_line' id='line_1_15' title="bbox 213 1428 1844 1501; baseline -0.002 -17"><span class='ocrx_word' id='word_1_107' title='bbox 213 1446 378 1484; x_wconf 90' lang='lat' dir='ltr'>arma</span> <span class='ocrx_word' id='word_1_108' title='bbox 397 1429 632 1501; x_wconf 76' lang='lat' dir='ltr'>justitize</span> <span class='ocrx_word' id='word_1_109' title='bbox 657 1432 812 1484; x_wconf 90' lang='lat' dir='ltr'>tutus</span> <span class='ocrx_word' id='word_1_110' title='bbox 841 1428 1092 1497; x_wconf 89' lang='lat' dir='ltr'>incedat,</span> <span class='ocrx_word' id='word_1_111' title='bbox 1122 1429 1362 1484; x_wconf 90' lang='lat' dir='ltr'>audiens</span> <span class='ocrx_word' id='word_1_112' title='bbox 1393 1429 1689 1500; x_wconf 61' lang='lat' dir='ltr'>prophetae</span> <span class='ocrx_word' id='word_1_113' title='bbox 1719 1443 1844 1481; x_wconf 86' lang='lat' dir='ltr'>mo-</span> 
     </span>
    </p>
   </div>
   <div class='ocr_carea' id='block_1_16' title="bbox 216 1520 1848 1593">
    <p class='ocr_par' dir='ltr' id='par_1_16' title="bbox 216 1520 1848 1593">
     <span class='ocr_line' id='line_1_16' title="bbox 216 1520 1848 1593; baseline -0.002 -16"><span class='ocrx_word' id='word_1_114' title='bbox 216 1525 336 1578; x_wconf 89' lang='lat' dir='ltr'>nita</span> <span class='ocrx_word' id='word_1_115' title='bbox 359 1539 373 1578; x_wconf 90' lang='lat'>:</span> <span class='ocrx_word' id='word_1_116' title='bbox 405 1527 530 1579; x_wconf 58' lang='lat' dir='ltr'>Hec</span> <span class='ocrx_word' id='word_1_117' title='bbox 551 1525 663 1586; x_wconf 96' lang='lat' dir='ltr'>via,</span> <span class='ocrx_word' id='word_1_118' title='bbox 689 1524 965 1578; x_wconf 85' lang='lat' dir='ltr'>ambulate</span> <span class='ocrx_word' id='word_1_119' title='bbox 990 1525 1048 1577; x_wconf 89' lang='lat' dir='ltr'>in</span> <span class='ocrx_word' id='word_1_120' title='bbox 1073 1539 1154 1578; x_wconf 91' lang='lat' dir='ltr'>ea.</span> <span class='ocrx_word' id='word_1_121' title='bbox 1190 1522 1355 1587; x_wconf 90' lang='lat' dir='ltr'>Quod</span> <span class='ocrx_word' id='word_1_122' title='bbox 1389 1521 1486 1593; x_wconf 92' lang='lat' dir='ltr'>qui</span> <span class='ocrx_word' id='word_1_123' title='bbox 1515 1520 1735 1588; x_wconf 88' lang='lat' dir='ltr'>fecerit,</span> <span class='ocrx_word' id='word_1_124' title='bbox 1757 1537 1848 1574; x_wconf 83' lang='lat' dir='ltr'>va-</span> 
     </span>
    </p>
   </div>
   <div class='ocr_carea' id='block_1_17' title="bbox 213 1619 1848 1692">
    <p class='ocr_par' dir='ltr' id='par_1_17' title="bbox 213 1619 1848 1692">
     <span class='ocr_line' id='line_1_17' title="bbox 213 1619 1848 1692; baseline -0.001 -17"><span class='ocrx_word' id='word_1_125' title='bbox 213 1621 353 1676; x_wconf 89' lang='lat' dir='ltr'>lebit</span> <span class='ocrx_word' id='word_1_126' title='bbox 385 1621 607 1676; x_wconf 87' lang='lat' dir='ltr'>dicere:</span> <span class='ocrx_word' id='word_1_127' title='bbox 641 1624 882 1677; x_wconf 84' lang='lat' dir='ltr'>Lucerna</span> <span class='ocrx_word' id='word_1_128' title='bbox 895 1621 1123 1692; x_wconf 84' lang='lat' dir='ltr'>pedibus</span> <span class='ocrx_word' id='word_1_129' title='bbox 1148 1623 1277 1676; x_wconf 91' lang='lat' dir='ltr'>meis</span> <span class='ocrx_word' id='word_1_130' title='bbox 1302 1619 1521 1674; x_wconf 80' lang='lat' dir='ltr'>verbum</span> <span class='ocrx_word' id='word_1_131' title='bbox 1547 1623 1718 1682; x_wconf 90' lang='lat' dir='ltr'>tuum,</span> <span class='ocrx_word' id='word_1_132' title='bbox 1752 1621 1848 1674; x_wconf 89' lang='lat' dir='ltr'>Do-</span> 
     </span>
    </p>
   </div>
   <div class='ocr_carea' id='block_1_18' title="bbox 216 1715 1846 1779">
    <p class='ocr_par' dir='ltr' id='par_1_18' title="bbox 216 1715 1846 1779">
     <span class='ocr_line' id='line_1_18' title="bbox 216 1715 1846 1779; baseline -0.001 -11"><span class='ocrx_word' id='word_1_133' title='bbox 216 1716 373 1777; x_wconf 85' lang='lat' dir='ltr'>mine,</span> <span class='ocrx_word' id='word_1_134' title='bbox 403 1719 454 1769; x_wconf 89' lang='lat' dir='ltr'>et</span> <span class='ocrx_word' id='word_1_135' title='bbox 485 1715 663 1769; x_wconf 85' lang='lat' dir='ltr'>lumen</span> <span class='ocrx_word' id='word_1_136' title='bbox 689 1717 891 1768; x_wconf 76' lang='lat' dir='ltr'>semitis</span> <span class='ocrx_word' id='word_1_137' title='bbox 917 1717 1064 1769; x_wconf 88' lang='lat' dir='ltr'>meis.</span> <span class='ocrx_word' id='word_1_138' title='bbox 1099 1715 1443 1768; x_wconf 72' lang='lat' dir='ltr'>REDIMENTES</span> <span class='ocrx_word' id='word_1_139' title='bbox 1469 1729 1698 1779; x_wconf 71' lang='lat' dir='ltr'>TEHPUS,</span> <span class='ocrx_word' id='word_1_140' title='bbox 1720 1729 1846 1776; x_wconf 78' lang='lat' dir='ltr'>QUIA</span> 
     </span>
    </p>
   </div>
   <div class='ocr_carea' id='block_1_19' title="bbox 1943 493 3566 564">
    <p class='ocr_par' dir='ltr' id='par_1_19' title="bbox 1943 493 3566 564">
     <span class='ocr_line' id='line_1_19' title="bbox 1943 493 3566 564; baseline -0.001 -16"><span class='ocrx_word' id='word_1_141' title='bbox 1943 495 2067 550; x_wconf 84' lang='lat' dir='ltr'>bene</span> <span class='ocrx_word' id='word_1_142' title='bbox 2087 496 2326 564; x_wconf 86' lang='lat' dir='ltr'>placens,</span> <span class='ocrx_word' id='word_1_143' title='bbox 2355 499 2407 548; x_wconf 89' lang='lat' dir='ltr'>et</span> <span class='ocrx_word' id='word_1_144' title='bbox 2423 495 2688 564; x_wconf 83' lang='lat' dir='ltr'>perfecta.</span> <span class='ocrx_word' id='word_1_145' title='bbox 2721 495 2789 558; x_wconf 82' lang='lat' dir='ltr'>Et</span> <span class='ocrx_word' id='word_1_146' title='bbox 2811 493 2939 547; x_wconf 92' lang='lat' dir='ltr'>ideo</span> <span class='ocrx_word' id='word_1_147' title='bbox 2965 493 3134 548; x_wconf 88' lang='lat' dir='ltr'>dicit:</span> <span class='ocrx_word' id='word_1_148' title='bbox 3165 496 3456 564; x_wconf 76' lang='lat' dir='ltr'>Propterea</span> <span class='ocrx_word' id='word_1_149' title='bbox 3474 508 3566 548; x_wconf 86' lang='lat' dir='ltr'>no-</span> 
     </span>
    </p>
   </div>
   <div class='ocr_carea' id='block_1_20' title="bbox 1944 586 3572 658">
    <p class='ocr_par' dir='ltr' id='par_1_20' title="bbox 1944 586 3572 658">
     <span class='ocr_line' id='line_1_20' title="bbox 1944 586 3572 658; baseline -0.001 -16"><span class='ocrx_word' id='word_1_150' title='bbox 1944 590 2038 643; x_wconf 90' lang='lat' dir='ltr'>lite</span> <span class='ocrx_word' id='word_1_151' title='bbox 2063 591 2184 658; x_wconf 78' lang='lat' dir='ltr'>ﬁeri</span> <span class='ocrx_word' id='word_1_152' title='bbox 2206 588 2588 658; x_wconf 67' lang='lat' dir='ltr'>imprudentes.</span> <span class='ocrx_word' id='word_1_153' title='bbox 2633 587 2903 641; x_wconf 88' lang='lat' dir='ltr'>Voluntas</span> <span class='ocrx_word' id='word_1_154' title='bbox 2939 587 3038 642; x_wconf 89' lang='lat' dir='ltr'>Dei</span> <span class='ocrx_word' id='word_1_155' title='bbox 3065 591 3151 642; x_wconf 88' lang='lat' dir='ltr'>est</span> <span class='ocrx_word' id='word_1_156' title='bbox 3180 590 3244 640; x_wconf 88' lang='lat' dir='ltr'>ut</span> <span class='ocrx_word' id='word_1_157' title='bbox 3273 586 3515 642; x_wconf 88' lang='lat' dir='ltr'>declinet</span> <span class='ocrx_word' id='word_1_158' title='bbox 3538 604 3572 640; x_wconf 87' lang='lat' dir='ltr'>a</span> 
     </span>
    </p>
   </div>
   <div class='ocr_carea' id='block_1_21' title="bbox 1941 680 3571 752">
    <p class='ocr_par' dir='ltr' id='par_1_21' title="bbox 1941 680 3571 752">
     <span class='ocr_line' id='line_1_21' title="bbox 1941 680 3571 752; baseline -0.001 -16"><span class='ocrx_word' id='word_1_159' title='bbox 1941 682 2114 750; x_wconf 89' lang='lat' dir='ltr'>malo,</span> <span class='ocrx_word' id='word_1_160' title='bbox 2157 685 2213 736; x_wconf 91' lang='lat' dir='ltr'>et</span> <span class='ocrx_word' id='word_1_161' title='bbox 2240 681 2407 736; x_wconf 87' lang='lat' dir='ltr'>faciat</span> <span class='ocrx_word' id='word_1_162' title='bbox 2450 681 2692 735; x_wconf 90' lang='lat' dir='ltr'>bonum.</span> <span class='ocrx_word' id='word_1_163' title='bbox 2725 680 2864 734; x_wconf 88' lang='lat' dir='ltr'>Dicit</span> <span class='ocrx_word' id='word_1_164' title='bbox 2891 680 3044 735; x_wconf 91' lang='lat' dir='ltr'>enim</span> <span class='ocrx_word' id='word_1_165' title='bbox 3085 680 3404 752; x_wconf 88' lang='lat' dir='ltr'>propheta:</span> <span class='ocrx_word' id='word_1_166' title='bbox 3436 681 3571 738; x_wconf 90' lang='lat' dir='ltr'>Nolo</span> 
     </span>
    </p>
   </div>
   <div class='ocr_carea' id='block_1_22' title="bbox 1942 773 3568 846">
    <p class='ocr_par' dir='ltr' id='par_1_22' title="bbox 1942 773 3568 846">
     <span class='ocr_line' id='line_1_22' title="bbox 1942 773 3568 846; baseline -0.001 -16"><span class='ocrx_word' id='word_1_167' title='bbox 1942 780 2162 830; x_wconf 87' lang='lat' dir='ltr'>mortem</span> <span class='ocrx_word' id='word_1_168' title='bbox 2181 777 2498 846; x_wconf 87' lang='lat' dir='ltr'>peccatoris,</span> <span class='ocrx_word' id='word_1_169' title='bbox 2523 778 2604 829; x_wconf 89' lang='lat' dir='ltr'>set</span> <span class='ocrx_word' id='word_1_170' title='bbox 2628 779 2690 828; x_wconf 91' lang='lat' dir='ltr'>ut</span> <span class='ocrx_word' id='word_1_171' title='bbox 2715 779 3058 829; x_wconf 80' lang='lat' dir='ltr'>convertatur</span> <span class='ocrx_word' id='word_1_172' title='bbox 3085 779 3136 829; x_wconf 88' lang='lat' dir='ltr'>et</span> <span class='ocrx_word' id='word_1_173' title='bbox 3161 776 3334 828; x_wconf 90' lang='lat' dir='ltr'>vivat.</span> <span class='ocrx_word' id='word_1_174' title='bbox 3357 775 3425 828; x_wconf 85' lang='lat' dir='ltr'>Et</span> <span class='ocrx_word' id='word_1_175' title='bbox 3460 773 3568 828; x_wconf 86' lang='lat' dir='ltr'>ite-</span> 
     </span>
    </p>
   </div>
   <div class='ocr_carea' id='block_1_23' title="bbox 1941 867 3574 936">
    <p class='ocr_par' dir='ltr' id='par_1_23' title="bbox 1941 867 3574 936">
     <span class='ocr_line' id='line_1_23' title="bbox 1941 867 3574 936; baseline -0.001 -12"><span class='ocrx_word' id='word_1_176' title='bbox 1941 885 2071 924; x_wconf 89' lang='lat' dir='ltr'>rum</span> <span class='ocrx_word' id='word_1_177' title='bbox 2103 888 2120 924; x_wconf 90' lang='lat'>:</span> <span class='ocrx_word' id='word_1_178' title='bbox 2150 870 2373 925; x_wconf 75' lang='lat' dir='ltr'>Declina</span> <span class='ocrx_word' id='word_1_179' title='bbox 2399 885 2435 923; x_wconf 90' lang='lat' dir='ltr'>a</span> <span class='ocrx_word' id='word_1_180' title='bbox 2462 869 2607 922; x_wconf 89' lang='lat' dir='ltr'>malo</span> <span class='ocrx_word' id='word_1_181' title='bbox 2638 872 2689 924; x_wconf 91' lang='lat' dir='ltr'>et</span> <span class='ocrx_word' id='word_1_182' title='bbox 2711 870 2803 936; x_wconf 82' lang='lat' dir='ltr'>fac</span> <span class='ocrx_word' id='word_1_183' title='bbox 2831 868 3040 922; x_wconf 83' lang='lat' dir='ltr'>bonum.</span> <span class='ocrx_word' id='word_1_184' title='bbox 3071 868 3339 922; x_wconf 87' lang='lat' dir='ltr'>Voluntas</span> <span class='ocrx_word' id='word_1_185' title='bbox 3370 867 3466 922; x_wconf 89' lang='lat' dir='ltr'>Dei</span> <span class='ocrx_word' id='word_1_186' title='bbox 3491 873 3574 923; x_wconf 89' lang='lat' dir='ltr'>est</span> 
     </span>
    </p>
   </div>
   <div class='ocr_carea' id='block_1_24' title="bbox 1942 960 3572 1034">
    <p class='ocr_par' dir='ltr' id='par_1_24' title="bbox 1942 960 3572 1034">
     <span class='ocr_line' id='line_1_24' title="bbox 1942 960 3572 1034; baseline -0.001 -18"><span class='ocrx_word' id='word_1_187' title='bbox 1942 966 2009 1017; x_wconf 90' lang='lat' dir='ltr'>ut</span> <span class='ocrx_word' id='word_1_188' title='bbox 2045 961 2350 1034; x_wconf 84' lang='lat' dir='ltr'>diligamus</span> <span class='ocrx_word' id='word_1_189' title='bbox 2377 960 2640 1016; x_wconf 85' lang='lat' dir='ltr'>invicem.</span> <span class='ocrx_word' id='word_1_190' title='bbox 2672 963 2739 1015; x_wconf 90' lang='lat' dir='ltr'>In</span> <span class='ocrx_word' id='word_1_191' title='bbox 2765 961 2861 1016; x_wconf 86' lang='lat' dir='ltr'>hoc</span> <span class='ocrx_word' id='word_1_192' title='bbox 2885 965 3191 1031; x_wconf 82' lang='lat' dir='ltr'>cognoscent</span> <span class='ocrx_word' id='word_1_193' title='bbox 3216 975 3410 1024; x_wconf 89' lang='lat' dir='ltr'>omnes,</span> <span class='ocrx_word' id='word_1_194' title='bbox 3439 963 3572 1030; x_wconf 87' lang='lat' dir='ltr'>quia</span> 
     </span>
    </p>
   </div>
   <div class='ocr_carea' id='block_1_25' title="bbox 1942 1055 3570 1127">
    <p class='ocr_par' dir='ltr' id='par_1_25' title="bbox 1942 1055 3570 1127">
     <span class='ocr_line' id='line_1_25' title="bbox 1942 1055 3570 1127; baseline -0.001 -16"><span class='ocrx_word' id='word_1_195' title='bbox 1942 1057 2047 1111; x_wconf 89' lang='lat' dir='ltr'>mei</span> <span class='ocrx_word' id='word_1_196' title='bbox 2091 1058 2214 1111; x_wconf 84' lang='lat' dir='ltr'>estis</span> <span class='ocrx_word' id='word_1_197' title='bbox 2255 1057 2532 1127; x_wconf 72' lang='lat' dir='ltr'>discipuli,</span> <span class='ocrx_word' id='word_1_198' title='bbox 2557 1057 2608 1110; x_wconf 91' lang='lat' dir='ltr'>si</span> <span class='ocrx_word' id='word_1_199' title='bbox 2637 1055 2970 1118; x_wconf 82' lang='lat' dir='ltr'>dilectionem</span> <span class='ocrx_word' id='word_1_200' title='bbox 3017 1055 3314 1110; x_wconf 85' lang='lat' dir='ltr'>habueritis</span> <span class='ocrx_word' id='word_1_201' title='bbox 3342 1057 3402 1109; x_wconf 86' lang='lat' dir='ltr'>in</span> <span class='ocrx_word' id='word_1_202' title='bbox 3425 1056 3570 1110; x_wconf 88' lang='lat' dir='ltr'>invi-</span> 
     </span>
    </p>
   </div>
   <div class='ocr_carea' id='block_1_26' title="bbox 1944 1147 3574 1218">
    <p class='ocr_par' dir='ltr' id='par_1_26' title="bbox 1944 1147 3574 1218">
     <span class='ocr_line' id='line_1_26' title="bbox 1944 1147 3574 1218; baseline -0.001 -14"><span class='ocrx_word' id='word_1_203' title='bbox 1944 1165 2073 1204; x_wconf 88' lang='lat' dir='ltr'>cem.</span> <span class='ocrx_word' id='word_1_204' title='bbox 2100 1149 2366 1204; x_wconf 87' lang='lat' dir='ltr'>Voluntas</span> <span class='ocrx_word' id='word_1_205' title='bbox 2409 1149 2508 1204; x_wconf 88' lang='lat' dir='ltr'>Dei</span> <span class='ocrx_word' id='word_1_206' title='bbox 2525 1151 2637 1218; x_wconf 66' lang='lat' dir='ltr'>&quot;est,</span> <span class='ocrx_word' id='word_1_207' title='bbox 2664 1151 2730 1203; x_wconf 89' lang='lat' dir='ltr'>ut</span> <span class='ocrx_word' id='word_1_208' title='bbox 2769 1164 2968 1203; x_wconf 87' lang='lat' dir='ltr'>omnes</span> <span class='ocrx_word' id='word_1_209' title='bbox 2997 1147 3175 1202; x_wconf 89' lang='lat' dir='ltr'>sancti</span> <span class='ocrx_word' id='word_1_210' title='bbox 3204 1147 3398 1216; x_wconf 89' lang='lat' dir='ltr'>simus,</span> <span class='ocrx_word' id='word_1_211' title='bbox 3431 1147 3574 1202; x_wconf 88' lang='lat' dir='ltr'>sicut</span> 
     </span>
    </p>
   </div>
   <div class='ocr_carea' id='block_1_27' title="bbox 1943 1243 3571 1316">
    <p class='ocr_par' dir='ltr' id='par_1_27' title="bbox 1943 1243 3571 1316">
     <span class='ocr_line' id='line_1_27' title="bbox 1943 1243 3571 1316; baseline -0.001 -18"><span class='ocrx_word' id='word_1_212' title='bbox 1943 1244 2062 1316; x_wconf 91' lang='lat' dir='ltr'>ipse</span> <span class='ocrx_word' id='word_1_213' title='bbox 2113 1243 2247 1298; x_wconf 92' lang='lat' dir='ltr'>dicit</span> <span class='ocrx_word' id='word_1_214' title='bbox 2278 1260 2292 1298; x_wconf 89' lang='lat'>:</span> <span class='ocrx_word' id='word_1_215' title='bbox 2327 1243 2519 1298; x_wconf 81' lang='lat' dir='ltr'>Sancti</span> <span class='ocrx_word' id='word_1_216' title='bbox 2544 1247 2724 1306; x_wconf 87' lang='lat' dir='ltr'>estote,</span> <span class='ocrx_word' id='word_1_217' title='bbox 2767 1245 2900 1312; x_wconf 83' lang='lat' dir='ltr'>quia</span> <span class='ocrx_word' id='word_1_218' title='bbox 2929 1258 3022 1312; x_wconf 88' lang='lat' dir='ltr'>ego</span> <span class='ocrx_word' id='word_1_219' title='bbox 3070 1247 3290 1297; x_wconf 84' lang='lat' dir='ltr'>sanctus</span> <span class='ocrx_word' id='word_1_220' title='bbox 3326 1258 3462 1296; x_wconf 87' lang='lat' dir='ltr'>sum.</span> <span class='ocrx_word' id='word_1_221' title='bbox 3496 1245 3571 1298; x_wconf 84' lang='lat' dir='ltr'>Er</span> 
     </span>
    </p>
   </div>
   <div class='ocr_carea' id='block_1_28' title="bbox 1947 1335 3573 1404">
    <p class='ocr_par' dir='ltr' id='par_1_28' title="bbox 1947 1335 3573 1404">
     <span class='ocr_line' id='line_1_28' title="bbox 1947 1335 3573 1404; baseline -0.002 -10"><span class='ocrx_word' id='word_1_222' title='bbox 1947 1353 2137 1394; x_wconf 64' lang='lat' dir='ltr'>mourn</span> <span class='ocrx_word' id='word_1_223' title='bbox 2187 1352 2460 1392; x_wconf 76' lang='lat' dir='ltr'>INEBRIABI</span> <span class='ocrx_word' id='word_1_224' title='bbox 2507 1352 2657 1404; x_wconf 74' lang='lat' dir='ltr'>vmo,</span> <span class='ocrx_word' id='word_1_225' title='bbox 2703 1352 2760 1390; x_wconf 87' lang='lat' dir='ltr'>IN</span> <span class='ocrx_word' id='word_1_226' title='bbox 2822 1352 2930 1398; x_wconf 83' lang='lat' dir='ltr'>ouo</span> <span class='ocrx_word' id='word_1_227' title='bbox 2971 1351 3066 1390; x_wconf 85' lang='lat' dir='ltr'>EST</span> <span class='ocrx_word' id='word_1_228' title='bbox 3115 1352 3366 1391; x_wconf 71' lang='lat' dir='ltr'>vaunu.</span> <span class='ocrx_word' id='word_1_229' title='bbox 3419 1335 3573 1391; x_wconf 90' lang='lat' dir='ltr'>Sicut</span> 
     </span>
    </p>
   </div>
   <div class='ocr_carea' id='block_1_29' title="bbox 1947 1428 3574 1500">
    <p class='ocr_par' dir='ltr' id='par_1_29' title="bbox 1947 1428 3574 1500">
     <span class='ocr_line' id='line_1_29' title="bbox 1947 1428 3574 1500; baseline -0.001 -15"><span class='ocrx_word' id='word_1_230' title='bbox 1947 1432 2104 1486; x_wconf 92' lang='lat' dir='ltr'>enim</span> <span class='ocrx_word' id='word_1_231' title='bbox 2128 1431 2306 1485; x_wconf 91' lang='lat' dir='ltr'>homo</span> <span class='ocrx_word' id='word_1_232' title='bbox 2333 1446 2451 1484; x_wconf 90' lang='lat' dir='ltr'>non</span> <span class='ocrx_word' id='word_1_233' title='bbox 2476 1433 2663 1500; x_wconf 90' lang='lat' dir='ltr'>potest</span> <span class='ocrx_word' id='word_1_234' title='bbox 2683 1429 2907 1483; x_wconf 90' lang='lat' dir='ltr'>duobus</span> <span class='ocrx_word' id='word_1_235' title='bbox 2931 1428 3175 1483; x_wconf 91' lang='lat' dir='ltr'>dominis</span> <span class='ocrx_word' id='word_1_236' title='bbox 3201 1429 3430 1495; x_wconf 87' lang='lat' dir='ltr'>servire,</span> <span class='ocrx_word' id='word_1_237' title='bbox 3462 1431 3574 1485; x_wconf 92' lang='lat' dir='ltr'>Deo</span> 
     </span>
    </p>
   </div>
   <div class='ocr_carea' id='block_1_30' title="bbox 1946 1521 3575 1593">
    <p class='ocr_par' dir='ltr' id='par_1_30' title="bbox 1946 1521 3575 1593">
     <span class='ocr_line' id='line_1_30' title="bbox 1946 1521 3575 1593; baseline -0.001 -14"><span class='ocrx_word' id='word_1_238' title='bbox 1946 1525 2154 1580; x_wconf 89' lang='lat' dir='ltr'>scilicet</span> <span class='ocrx_word' id='word_1_239' title='bbox 2182 1529 2238 1579; x_wconf 87' lang='lat' dir='ltr'>et</span> <span class='ocrx_word' id='word_1_240' title='bbox 2265 1539 2627 1589; x_wconf 75' lang='lat' dir='ltr'>mammonae,</span> <span class='ocrx_word' id='word_1_241' title='bbox 2659 1521 2737 1576; x_wconf 90' lang='lat' dir='ltr'>ita</span> <span class='ocrx_word' id='word_1_242' title='bbox 2765 1523 2953 1576; x_wconf 89' lang='lat' dir='ltr'>nullus</span> <span class='ocrx_word' id='word_1_243' title='bbox 2984 1525 3171 1593; x_wconf 83' lang='lat' dir='ltr'>potest</span> <span class='ocrx_word' id='word_1_244' title='bbox 3195 1522 3468 1577; x_wconf 87' lang='lat' dir='ltr'>inebriari</span> <span class='ocrx_word' id='word_1_245' title='bbox 3496 1524 3575 1578; x_wconf 86' lang='lat' dir='ltr'>vi-</span> 
     </span>
    </p>
   </div>
   <div class='ocr_carea' id='block_1_31' title="bbox 1944 1615 3576 1688">
    <p class='ocr_par' dir='ltr' id='par_1_31' title="bbox 1944 1615 3576 1688">
     <span class='ocr_line' id='line_1_31' title="bbox 1944 1615 3576 1688; baseline -0.002 -16"><span class='ocrx_word' id='word_1_246' title='bbox 1944 1634 2020 1672; x_wconf 92' lang='lat' dir='ltr'>no</span> <span class='ocrx_word' id='word_1_247' title='bbox 2047 1617 2261 1688; x_wconf 89' lang='lat' dir='ltr'>pariter</span> <span class='ocrx_word' id='word_1_248' title='bbox 2286 1621 2342 1672; x_wconf 90' lang='lat' dir='ltr'>et</span> <span class='ocrx_word' id='word_1_249' title='bbox 2367 1617 2584 1672; x_wconf 80' lang='lat' dir='ltr'>SPIRITU</span> <span class='ocrx_word' id='word_1_250' title='bbox 2609 1631 2811 1672; x_wconf 61' lang='lat' dir='ltr'>emero</span> <span class='ocrx_word' id='word_1_251' title='bbox 2841 1615 3073 1686; x_wconf 90' lang='lat' dir='ltr'>repleri.</span> <span class='ocrx_word' id='word_1_252' title='bbox 3090 1615 3423 1686; x_wconf 6' lang='lat' dir='ltr'>Quivspiritu</span> <span class='ocrx_word' id='word_1_253' title='bbox 3449 1631 3576 1670; x_wconf 90' lang='lat' dir='ltr'>san-</span> 
     </span>
    </p>
   </div>
   <div class='ocr_carea' id='block_1_32' title="bbox 1946 1709 3572 1781">
    <p class='ocr_par' dir='ltr' id='par_1_32' title="bbox 1946 1709 3572 1781">
     <span class='ocr_line' id='line_1_32' title="bbox 1946 1709 3572 1781; baseline -0.001 -15"><span class='ocrx_word' id='word_1_254' title='bbox 1946 1716 2034 1766; x_wconf 88' lang='lat' dir='ltr'>cto</span> <span class='ocrx_word' id='word_1_255' title='bbox 2058 1711 2304 1781; x_wconf 87' lang='lat' dir='ltr'>repletus</span> <span class='ocrx_word' id='word_1_256' title='bbox 2329 1710 2504 1764; x_wconf 90' lang='lat' dir='ltr'>fuerit</span> <span class='ocrx_word' id='word_1_257' title='bbox 2531 1709 2765 1764; x_wconf 88' lang='lat' dir='ltr'>habebit</span> <span class='ocrx_word' id='word_1_258' title='bbox 2811 1709 3194 1780; x_wconf 89' lang='lat' dir='ltr'>prudentiam,</span> <span class='ocrx_word' id='word_1_259' title='bbox 3241 1709 3572 1777; x_wconf 85' lang='lat' dir='ltr'>castitatem,</span> 
     </span>
    </p>
   </div>
   <div class='ocr_carea' id='block_1_33' title="bbox 213 1797 3577 1878">
    <p class='ocr_par' dir='ltr' id='par_1_33' title="bbox 213 1797 3577 1878">
     <span class='ocr_line' id='line_1_33' title="bbox 213 1797 3577 1878; baseline -0.002 -16"><span class='ocrx_word' id='word_1_260' title='bbox 213 1824 311 1863; x_wconf 69' lang='lat' dir='ltr'><strong><em>IAM</em></strong></span> <span class='ocrx_word' id='word_1_261' title='bbox 339 1825 459 1863; x_wconf 84' lang='lat' dir='ltr'>DIES</span> <span class='ocrx_word' id='word_1_262' title='bbox 478 1825 604 1864; x_wconf 69' lang='lat' dir='ltr'>sum</span> <span class='ocrx_word' id='word_1_263' title='bbox 630 1823 784 1864; x_wconf 67' lang='lat' dir='ltr'>sum.</span> <span class='ocrx_word' id='word_1_264' title='bbox 813 1806 957 1861; x_wconf 91' lang='lat' dir='ltr'>lllud</span> <span class='ocrx_word' id='word_1_265' title='bbox 983 1805 1120 1861; x_wconf 90' lang='lat' dir='ltr'>dicit</span> <span class='ocrx_word' id='word_1_266' title='bbox 1139 1809 1366 1878; x_wconf 90' lang='lat' dir='ltr'>tempus</span> <span class='ocrx_word' id='word_1_267' title='bbox 1387 1806 1542 1878; x_wconf 92' lang='lat' dir='ltr'>quod</span> <span class='ocrx_word' id='word_1_268' title='bbox 1574 1806 1632 1860; x_wconf 93' lang='lat' dir='ltr'>in</span> <span class='ocrx_word' id='word_1_269' title='bbox 1661 1805 1846 1860; x_wconf 81' lang='lat' dir='ltr'>Adam</span> <span class='ocrx_word' id='word_1_270' title='bbox 1865 1797 1923 1868; x_wconf 89' lang='lat' dir='ltr'><strong>B</strong></span> <span class='ocrx_word' id='word_1_271' title='bbox 1947 1804 2308 1872; x_wconf 87' lang='lat' dir='ltr'>munditiam,</span> <span class='ocrx_word' id='word_1_272' title='bbox 2359 1802 2715 1874; x_wconf 88' lang='lat' dir='ltr'>pudicitiam,</span> <span class='ocrx_word' id='word_1_273' title='bbox 2761 1801 3280 1870; x_wconf 60' lang='lat' dir='ltr'>mansuetudinem,</span> <span class='ocrx_word' id='word_1_274' title='bbox 3308 1817 3577 1856; x_wconf 88' lang='lat' dir='ltr'>verecun-</span> 
     </span>
    </p>
   </div>
   <div class='ocr_carea' id='block_1_34' title="bbox 215 1900 1846 1972">
    <p class='ocr_par' dir='ltr' id='par_1_34' title="bbox 215 1900 1846 1972">
     <span class='ocr_line' id='line_1_34' title="bbox 215 1900 1846 1972; baseline -0.002 -16"><span class='ocrx_word' id='word_1_275' title='bbox 215 1917 420 1956; x_wconf 89' lang='lat' dir='ltr'>omnes</span> <span class='ocrx_word' id='word_1_276' title='bbox 445 1900 820 1972; x_wconf 90' lang='lat' dir='ltr'>perdidimus,</span> <span class='ocrx_word' id='word_1_277' title='bbox 849 1901 1063 1956; x_wconf 88' lang='lat' dir='ltr'>scilicet</span> <span class='ocrx_word' id='word_1_278' title='bbox 1089 1901 1610 1967; x_wconf 83' lang='lat' dir='ltr'>immortalitatem,</span> <span class='ocrx_word' id='word_1_279' title='bbox 1649 1902 1707 1953; x_wconf 90' lang='lat' dir='ltr'>et</span> <span class='ocrx_word' id='word_1_280' title='bbox 1743 1916 1846 1970; x_wconf 92' lang='lat' dir='ltr'>pa-</span> 
     </span>
    </p>
   </div>
   <div class='ocr_carea' id='block_1_35' title="bbox 213 1993 1851 2063">
    <p class='ocr_par' dir='ltr' id='par_1_35' title="bbox 213 1993 1851 2063">
     <span class='ocr_line' id='line_1_35' title="bbox 213 1993 1851 2063; baseline -0.001 -14"><span class='ocrx_word' id='word_1_281' title='bbox 213 1995 558 2050; x_wconf 87' lang='lat' dir='ltr'>radisiacam</span> <span class='ocrx_word' id='word_1_282' title='bbox 588 1993 1026 2049; x_wconf 86' lang='lat' dir='ltr'>beatitudinem.</span> <span class='ocrx_word' id='word_1_283' title='bbox 1061 1993 1373 2050; x_wconf 90' lang='lat' dir='ltr'>Sciendum</span> <span class='ocrx_word' id='word_1_284' title='bbox 1401 1993 1558 2048; x_wconf 89' lang='lat' dir='ltr'>enim</span> <span class='ocrx_word' id='word_1_285' title='bbox 1598 1996 1684 2047; x_wconf 89' lang='lat' dir='ltr'>est</span> <span class='ocrx_word' id='word_1_286' title='bbox 1715 1993 1851 2063; x_wconf 83' lang='lat' dir='ltr'>quia</span> 
     </span>
    </p>
   </div>
   <div class='ocr_carea' id='block_1_36' title="bbox 211 2087 1846 2158">
    <p class='ocr_par' dir='ltr' id='par_1_36' title="bbox 211 2087 1846 2158">
     <span class='ocr_line' id='line_1_36' title="bbox 211 2087 1846 2158; baseline -0.002 -15"><span class='ocrx_word' id='word_1_287' title='bbox 211 2105 244 2143; x_wconf 85' lang='lat' dir='ltr'>a</span> <span class='ocrx_word' id='word_1_288' title='bbox 272 2090 393 2143; x_wconf 91' lang='lat' dir='ltr'>Deo</span> <span class='ocrx_word' id='word_1_289' title='bbox 420 2088 764 2143; x_wconf 86' lang='lat' dir='ltr'>immortalis</span> <span class='ocrx_word' id='word_1_290' title='bbox 797 2088 1060 2143; x_wconf 89' lang='lat' dir='ltr'>conditus</span> <span class='ocrx_word' id='word_1_291' title='bbox 1089 2088 1294 2156; x_wconf 83' lang='lat' dir='ltr'>fuerat,</span> <span class='ocrx_word' id='word_1_292' title='bbox 1323 2087 1368 2141; x_wconf 88' lang='lat' dir='ltr'>si</span> <span class='ocrx_word' id='word_1_293' title='bbox 1393 2103 1510 2141; x_wconf 91' lang='lat' dir='ltr'>non</span> <span class='ocrx_word' id='word_1_294' title='bbox 1541 2090 1846 2158; x_wconf 89' lang='lat' dir='ltr'>peccasset.</span> 
     </span>
    </p>
   </div>
   <div class='ocr_carea' id='block_1_37' title="bbox 212 2179 1851 2252">
    <p class='ocr_par' dir='ltr' id='par_1_37' title="bbox 212 2179 1851 2252">
     <span class='ocr_line' id='line_1_37' title="bbox 212 2179 1851 2252; baseline -0.002 -16"><span class='ocrx_word' id='word_1_295' title='bbox 212 2183 335 2236; x_wconf 84' lang='lat' dir='ltr'>Non</span> <span class='ocrx_word' id='word_1_296' title='bbox 383 2181 582 2236; x_wconf 85' lang='lat' dir='ltr'>fuisset</span> <span class='ocrx_word' id='word_1_297' title='bbox 619 2197 850 2236; x_wconf 90' lang='lat' dir='ltr'>necesse</span> <span class='ocrx_word' id='word_1_298' title='bbox 895 2181 1180 2236; x_wconf 89' lang='lat' dir='ltr'>redimere</span> <span class='ocrx_word' id='word_1_299' title='bbox 1229 2185 1490 2252; x_wconf 89' lang='lat' dir='ltr'>tempus,</span> <span class='ocrx_word' id='word_1_300' title='bbox 1540 2180 1675 2250; x_wconf 90' lang='lat' dir='ltr'>quia</span> <span class='ocrx_word' id='word_1_301' title='bbox 1725 2179 1851 2234; x_wconf 81' lang='lat' dir='ltr'>cceli</span> 
     </span>
    </p>
   </div>
   <div class='ocr_carea' id='block_1_38' title="bbox 211 2273 1847 2344">
    <p class='ocr_par' dir='ltr' id='par_1_38' title="bbox 211 2273 1847 2344">
     <span class='ocr_line' id='line_1_38' title="bbox 211 2273 1847 2344; baseline -0.001 -16"><span class='ocrx_word' id='word_1_302' title='bbox 211 2275 362 2329; x_wconf 85' lang='lat' dir='ltr'>cives</span> <span class='ocrx_word' id='word_1_303' title='bbox 393 2274 603 2342; x_wconf 78' lang='lat' dir='ltr'>effecti,</span> <span class='ocrx_word' id='word_1_304' title='bbox 633 2277 813 2329; x_wconf 90' lang='lat' dir='ltr'>Deum</span> <span class='ocrx_word' id='word_1_305' title='bbox 844 2275 987 2329; x_wconf 90' lang='lat' dir='ltr'>facie</span> <span class='ocrx_word' id='word_1_306' title='bbox 1017 2274 1090 2328; x_wconf 88' lang='lat' dir='ltr'>ad</span> <span class='ocrx_word' id='word_1_307' title='bbox 1118 2273 1329 2328; x_wconf 88' lang='lat' dir='ltr'>faciem</span> <span class='ocrx_word' id='word_1_308' title='bbox 1367 2273 1847 2344; x_wconf 88' lang='lat' dir='ltr'>conspiceremus,</span> 
     </span>
    </p>
   </div>
   <div class='ocr_carea' id='block_1_39' title="bbox 216 2365 1851 2439">
    <p class='ocr_par' dir='ltr' id='par_1_39' title="bbox 216 2365 1851 2439">
     <span class='ocr_line' id='line_1_39' title="bbox 216 2365 1851 2439; baseline -0.001 -18"><span class='ocrx_word' id='word_1_309' title='bbox 216 2367 361 2423; x_wconf 87' lang='lat' dir='ltr'>sicut</span> <span class='ocrx_word' id='word_1_310' title='bbox 407 2367 528 2439; x_wconf 90' lang='lat' dir='ltr'>ipse</span> <span class='ocrx_word' id='word_1_311' title='bbox 565 2367 832 2435; x_wconf 82' lang='lat' dir='ltr'>faciebat,</span> <span class='ocrx_word' id='word_1_312' title='bbox 883 2370 1196 2438; x_wconf 89' lang='lat' dir='ltr'>antequam</span> <span class='ocrx_word' id='word_1_313' title='bbox 1236 2370 1548 2439; x_wconf 89' lang='lat' dir='ltr'>peccasset.</span> <span class='ocrx_word' id='word_1_314' title='bbox 1593 2365 1757 2430; x_wconf 89' lang='lat' dir='ltr'>Quod</span> <span class='ocrx_word' id='word_1_315' title='bbox 1802 2365 1851 2420; x_wconf 91' lang='lat' dir='ltr'>si</span> 
     </span>
    </p>
   </div>
   <div class='ocr_carea' id='block_1_40' title="bbox 217 2457 1898 2532">
    <p class='ocr_par' dir='ltr' id='par_1_40' title="bbox 217 2457 1898 2532">
     <span class='ocr_line' id='line_1_40' title="bbox 217 2457 1898 2532; baseline -0.002 -17"><span class='ocrx_word' id='word_1_316' title='bbox 217 2464 446 2532; x_wconf 86' lang='lat' dir='ltr'>tempus</span> <span class='ocrx_word' id='word_1_317' title='bbox 463 2457 729 2532; x_wconf 54' lang='lat' dir='ltr'>quis&#39;vult</span> <span class='ocrx_word' id='word_1_318' title='bbox 743 2459 1051 2528; x_wconf 89' lang='lat' dir='ltr'>redimere,</span> <span class='ocrx_word' id='word_1_319' title='bbox 1075 2459 1376 2514; x_wconf 90' lang='lat' dir='ltr'>consilium</span> <span class='ocrx_word' id='word_1_320' title='bbox 1399 2458 1627 2514; x_wconf 91' lang='lat' dir='ltr'>Domini</span> <span class='ocrx_word' id='word_1_321' title='bbox 1655 2458 1852 2512; x_wconf 90' lang='lat' dir='ltr'>audiat</span> <span class='ocrx_word' id='word_1_322' title='bbox 1891 2507 1898 2513; x_wconf 92' lang='lat'>.</span> 
     </span>
    </p>
   </div>
   <div class='ocr_carea' id='block_1_41' title="bbox 215 2553 1848 2632">
    <p class='ocr_par' dir='ltr' id='par_1_41' title="bbox 215 2553 1848 2632">
     <span class='ocr_line' id='line_1_41' title="bbox 215 2553 1848 2632; baseline -0.002 -24"><span class='ocrx_word' id='word_1_323' title='bbox 215 2553 461 2608; x_wconf 86' lang='lat' dir='ltr'>dicentis</span> <span class='ocrx_word' id='word_1_324' title='bbox 484 2570 497 2608; x_wconf 96' lang='lat'>:</span> <span class='ocrx_word' id='word_1_325' title='bbox 527 2555 588 2610; x_wconf 91' lang='lat' dir='ltr'>Si</span> <span class='ocrx_word' id='word_1_326' title='bbox 617 2556 738 2623; x_wconf 88' lang='lat' dir='ltr'>quis</span> <span class='ocrx_word' id='word_1_327' title='bbox 761 2558 810 2608; x_wconf 93' lang='lat' dir='ltr'>te</span> <span class='ocrx_word' id='word_1_328' title='bbox 822 2555 1148 2632; x_wconf 70' lang='lat' dir='ltr'>percusserit</span> <span class='ocrx_word' id='word_1_329' title='bbox 1165 2555 1223 2608; x_wconf 90' lang='lat' dir='ltr'>in</span> <span class='ocrx_word' id='word_1_330' title='bbox 1247 2554 1523 2608; x_wconf 60' lang='lat' dir='ltr'>dexteram</span> <span class='ocrx_word' id='word_1_331' title='bbox 1541 2553 1848 2614; x_wconf 65' lang='lat' dir='ltr'>maxillam,</span> 
     </span>
    </p>
   </div>
   <div class='ocr_carea' id='block_1_42' title="bbox 212 2645 1852 2718">
    <p class='ocr_par' dir='ltr' id='par_1_42' title="bbox 212 2645 1852 2718">
     <span class='ocr_line' id='line_1_42' title="bbox 212 2645 1852 2718; baseline -0.002 -15"><span class='ocrx_word' id='word_1_332' title='bbox 212 2648 392 2718; x_wconf 71' lang='lat' dir='ltr'>praebe</span> <span class='ocrx_word' id='word_1_333' title='bbox 435 2649 486 2702; x_wconf 91' lang='lat' dir='ltr'>ei</span> <span class='ocrx_word' id='word_1_334' title='bbox 533 2651 584 2702; x_wconf 89' lang='lat' dir='ltr'>et</span> <span class='ocrx_word' id='word_1_335' title='bbox 625 2649 872 2702; x_wconf 82' lang='lat' dir='ltr'>alteram.</span> <span class='ocrx_word' id='word_1_336' title='bbox 917 2647 984 2700; x_wconf 89' lang='lat' dir='ltr'>Et</span> <span class='ocrx_word' id='word_1_337' title='bbox 1023 2645 1232 2701; x_wconf 88' lang='lat' dir='ltr'>iterum</span> <span class='ocrx_word' id='word_1_338' title='bbox 1266 2664 1278 2701; x_wconf 89' lang='lat'>:</span> <span class='ocrx_word' id='word_1_339' title='bbox 1331 2645 1492 2701; x_wconf 86' lang='lat' dir='ltr'>Orate</span> <span class='ocrx_word' id='word_1_340' title='bbox 1531 2662 1635 2716; x_wconf 88' lang='lat' dir='ltr'>pro</span> <span class='ocrx_word' id='word_1_341' title='bbox 1671 2661 1852 2718; x_wconf 59' lang='lat' dir='ltr'>perseo</span> 
     </span>
    </p>
   </div>
   <div class='ocr_carea' id='block_1_43' title="bbox 205 2737 1851 2812">
    <p class='ocr_par' dir='ltr' id='par_1_43' title="bbox 205 2737 1851 2812">
     <span class='ocr_line' id='line_1_43' title="bbox 205 2737 1851 2812; baseline -0.002 -16"><span class='ocrx_word' id='word_1_342' title='bbox 205 2741 499 2812; x_wconf 76' lang='lat' dir='ltr'>quentibus</span> <span class='ocrx_word' id='word_1_343' title='bbox 535 2746 587 2796; x_wconf 90' lang='lat' dir='ltr'>et</span> <span class='ocrx_word' id='word_1_344' title='bbox 614 2740 1070 2795; x_wconf 86' lang='lat' dir='ltr'>calumniantibus</span> <span class='ocrx_word' id='word_1_345' title='bbox 1093 2741 1258 2795; x_wconf 85' lang='lat' dir='ltr'>vobis.</span> <span class='ocrx_word' id='word_1_346' title='bbox 1295 2740 1364 2794; x_wconf 88' lang='lat' dir='ltr'>Et</span> <span class='ocrx_word' id='word_1_347' title='bbox 1407 2739 1518 2795; x_wconf 92' lang='lat' dir='ltr'>hoc</span> <span class='ocrx_word' id='word_1_348' title='bbox 1561 2743 1646 2794; x_wconf 91' lang='lat' dir='ltr'>est</span> <span class='ocrx_word' id='word_1_349' title='bbox 1693 2737 1851 2810; x_wconf 90' lang='lat' dir='ltr'>quod</span> 
     </span>
    </p>
   </div>
   <div class='ocr_carea' id='block_1_44' title="bbox 216 2834 1848 2904">
    <p class='ocr_par' dir='ltr' id='par_1_44' title="bbox 216 2834 1848 2904">
     <span class='ocr_line' id='line_1_44' title="bbox 216 2834 1848 2904; baseline -0.001 -15"><span class='ocrx_word' id='word_1_350' title='bbox 216 2835 340 2890; x_wconf 88' lang='lat' dir='ltr'>ait:</span> <span class='ocrx_word' id='word_1_351' title='bbox 400 2835 731 2891; x_wconf 80' lang='lat' dir='ltr'>Redimentcs</span> <span class='ocrx_word' id='word_1_352' title='bbox 783 2838 1010 2904; x_wconf 85' lang='lat' dir='ltr'>tempus,</span> <span class='ocrx_word' id='word_1_353' title='bbox 1063 2835 1317 2904; x_wconf 87' lang='lat' dir='ltr'>quoniam</span> <span class='ocrx_word' id='word_1_354' title='bbox 1362 2834 1477 2889; x_wconf 84' lang='lat' dir='ltr'>dies</span> <span class='ocrx_word' id='word_1_355' title='bbox 1521 2834 1658 2888; x_wconf 89' lang='lat' dir='ltr'>mali</span> <span class='ocrx_word' id='word_1_356' title='bbox 1701 2837 1848 2888; x_wconf 90' lang='lat' dir='ltr'>sunt.</span> 
     </span>
    </p>
   </div>
   <div class='ocr_carea' id='block_1_45' title="bbox 213 2925 1852 2999">
    <p class='ocr_par' dir='ltr' id='par_1_45' title="bbox 213 2925 1852 2999">
     <span class='ocr_line' id='line_1_45' title="bbox 213 2925 1852 2999; baseline -0.001 -17"><span class='ocrx_word' id='word_1_357' title='bbox 213 2929 467 2999; x_wconf 88' lang='lat' dir='ltr'>Tempus</span> <span class='ocrx_word' id='word_1_358' title='bbox 486 2927 700 2999; x_wconf 91' lang='lat' dir='ltr'>quippe</span> <span class='ocrx_word' id='word_1_359' title='bbox 723 2928 1058 2982; x_wconf 89' lang='lat' dir='ltr'>redimimus</span> <span class='ocrx_word' id='word_1_360' title='bbox 1081 2926 1312 2997; x_wconf 88' lang='lat' dir='ltr'>quando</span> <span class='ocrx_word' id='word_1_361' title='bbox 1329 2928 1654 2981; x_wconf 87' lang='lat' dir='ltr'>anteactam</span> <span class='ocrx_word' id='word_1_362' title='bbox 1674 2925 1852 2981; x_wconf 90' lang='lat' dir='ltr'>vitam</span> 
     </span>
    </p>
   </div>
   <div class='ocr_carea' id='block_1_46' title="bbox 216 3018 1854 3090">
    <p class='ocr_par' dir='ltr' id='par_1_46' title="bbox 216 3018 1854 3090">
     <span class='ocr_line' id='line_1_46' title="bbox 216 3018 1854 3090; baseline -0.002 -14"><span class='ocrx_word' id='word_1_363' title='bbox 216 3020 288 3076; x_wconf 90' lang='lat' dir='ltr'>ad</span> <span class='ocrx_word' id='word_1_364' title='bbox 339 3019 688 3076; x_wconf 90' lang='lat' dir='ltr'>memoriam</span> <span class='ocrx_word' id='word_1_365' title='bbox 723 3019 1074 3088; x_wconf 90' lang='lat' dir='ltr'>reducimus,</span> <span class='ocrx_word' id='word_1_366' title='bbox 1109 3023 1166 3074; x_wconf 92' lang='lat' dir='ltr'>et</span> <span class='ocrx_word' id='word_1_367' title='bbox 1221 3036 1287 3074; x_wconf 88' lang='lat' dir='ltr'>ea</span> <span class='ocrx_word' id='word_1_368' title='bbox 1322 3035 1448 3090; x_wconf 60' lang='lat' dir='ltr'>quae</span> <span class='ocrx_word' id='word_1_369' title='bbox 1485 3018 1854 3090; x_wconf 85' lang='lat' dir='ltr'>negligenter</span> 
     </span>
    </p>
   </div>
   <div class='ocr_carea' id='block_1_47' title="bbox 215 3111 1848 3185">
    <p class='ocr_par' dir='ltr' id='par_1_47' title="bbox 215 3111 1848 3185">
     <span class='ocr_line' id='line_1_47' title="bbox 215 3111 1848 3185; baseline -0.002 -16"><span class='ocrx_word' id='word_1_370' title='bbox 215 3114 632 3180; x_wconf 88' lang='lat' dir='ltr'>commisimus,</span> <span class='ocrx_word' id='word_1_371' title='bbox 665 3113 857 3168; x_wconf 89' lang='lat' dir='ltr'>ﬂendo</span> <span class='ocrx_word' id='word_1_372' title='bbox 888 3113 1177 3185; x_wconf 89' lang='lat' dir='ltr'>punimus,</span> <span class='ocrx_word' id='word_1_373' title='bbox 1211 3111 1362 3185; x_wconf 89' lang='lat' dir='ltr'>quod</span> <span class='ocrx_word' id='word_1_374' title='bbox 1393 3111 1577 3184; x_wconf 89' lang='lat' dir='ltr'>iniqui</span> <span class='ocrx_word' id='word_1_375' title='bbox 1607 3129 1678 3167; x_wconf 93' lang='lat' dir='ltr'>ne</span> <span class='ocrx_word' id='word_1_376' title='bbox 1710 3129 1848 3184; x_wconf 87' lang='lat' dir='ltr'>qua-</span> 
     </span>
    </p>
   </div>
   <div class='ocr_carea' id='block_1_48' title="bbox 1949 1895 3622 1968">
    <p class='ocr_par' dir='ltr' id='par_1_48' title="bbox 1949 1895 3622 1968">
     <span class='ocr_line' id='line_1_48' title="bbox 1949 1895 3622 1968; baseline -0.005 -14"><span class='ocrx_word' id='word_1_377' title='bbox 1949 1899 2125 1954; x_wconf 89' lang='lat' dir='ltr'>diam.</span> <span class='ocrx_word' id='word_1_378' title='bbox 2155 1899 2196 1954; x_wconf 87' lang='lat' dir='ltr'>E</span> <span class='ocrx_word' id='word_1_379' title='bbox 2225 1897 2462 1968; x_wconf 90' lang='lat' dir='ltr'>regione</span> <span class='ocrx_word' id='word_1_380' title='bbox 2489 1897 2588 1968; x_wconf 91' lang='lat' dir='ltr'>qui</span> <span class='ocrx_word' id='word_1_381' title='bbox 2617 1897 2748 1952; x_wconf 88' lang='lat' dir='ltr'>vino</span> <span class='ocrx_word' id='word_1_382' title='bbox 2772 1895 3106 1964; x_wconf 87' lang='lat' dir='ltr'>inebriatur,</span> <span class='ocrx_word' id='word_1_383' title='bbox 3125 1895 3354 1950; x_wconf 87' lang='lat' dir='ltr'>habebit</span> <span class='ocrx_word' id='word_1_384' title='bbox 3379 1912 3579 1966; x_wconf 89' lang='lat' dir='ltr'>proca-</span> <span class='ocrx_word' id='word_1_385' title='bbox 3611 1939 3622 1946; x_wconf 91' lang='lat'>.</span> 
     </span>
    </p>
   </div>
   <div class='ocr_carea' id='block_1_49' title="bbox 1948 1989 3576 2062">
    <p class='ocr_par' dir='ltr' id='par_1_49' title="bbox 1948 1989 3576 2062">
     <span class='ocr_line' id='line_1_49' title="bbox 1948 1989 3576 2062; baseline -0.002 -15"><span class='ocrx_word' id='word_1_386' title='bbox 1948 1991 2195 2061; x_wconf 87' lang='lat' dir='ltr'>citatem,</span> <span class='ocrx_word' id='word_1_387' title='bbox 2243 1989 2650 2062; x_wconf 88' lang='lat' dir='ltr'>insipientiam,</span> <span class='ocrx_word' id='word_1_388' title='bbox 2704 1989 3021 2058; x_wconf 84' lang='lat' dir='ltr'>audaciam,</span> <span class='ocrx_word' id='word_1_389' title='bbox 3067 1989 3342 2056; x_wconf 88' lang='lat' dir='ltr'>furorem,</span> <span class='ocrx_word' id='word_1_390' title='bbox 3391 1989 3576 2044; x_wconf 91' lang='lat' dir='ltr'>libidi-</span> 
     </span>
    </p>
   </div>
   <div class='ocr_carea' id='block_1_50' title="bbox 1948 2083 3573 2155">
    <p class='ocr_par' dir='ltr' id='par_1_50' title="bbox 1948 2083 3573 2155">
     <span class='ocr_line' id='line_1_50' title="bbox 1948 2083 3573 2155; baseline -0.001 -15"><span class='ocrx_word' id='word_1_391' title='bbox 1948 2102 2105 2140; x_wconf 91' lang='lat' dir='ltr'>nem.</span> <span class='ocrx_word' id='word_1_392' title='bbox 2125 2086 2190 2140; x_wconf 91' lang='lat' dir='ltr'>Et.</span> <span class='ocrx_word' id='word_1_393' title='bbox 2219 2084 2347 2139; x_wconf 91' lang='lat' dir='ltr'>ideo</span> <span class='ocrx_word' id='word_1_394' title='bbox 2376 2083 2632 2155; x_wconf 67' lang='lat' dir='ltr'>praecipit</span> <span class='ocrx_word' id='word_1_395' title='bbox 2658 2083 2970 2153; x_wconf 79' lang='lat' dir='ltr'>Apostolus,</span> <span class='ocrx_word' id='word_1_396' title='bbox 3000 2099 3115 2136; x_wconf 90' lang='lat' dir='ltr'>non</span> <span class='ocrx_word' id='word_1_397' title='bbox 3145 2083 3350 2138; x_wconf 89' lang='lat' dir='ltr'>debere</span> <span class='ocrx_word' id='word_1_398' title='bbox 3369 2083 3573 2138; x_wconf 86' lang='lat' dir='ltr'>inebri-</span> 
     </span>
    </p>
   </div>
   <div class='ocr_carea' id='block_1_51' title="bbox 1949 2175 3572 2247">
    <p class='ocr_par' dir='ltr' id='par_1_51' title="bbox 1949 2175 3572 2247">
     <span class='ocr_line' id='line_1_51' title="bbox 1949 2175 3572 2247; baseline -0.002 -13"><span class='ocrx_word' id='word_1_399' title='bbox 1949 2181 2038 2234; x_wconf 88' lang='lat' dir='ltr'>ari</span> <span class='ocrx_word' id='word_1_400' title='bbox 2057 2181 2204 2242; x_wconf 86' lang='lat' dir='ltr'>vino,</span> <span class='ocrx_word' id='word_1_401' title='bbox 2234 2181 2293 2232; x_wconf 91' lang='lat' dir='ltr'>in</span> <span class='ocrx_word' id='word_1_402' title='bbox 2333 2194 2438 2247; x_wconf 91' lang='lat' dir='ltr'>quo</span> <span class='ocrx_word' id='word_1_403' title='bbox 2461 2183 2538 2233; x_wconf 90' lang='lat' dir='ltr'>est</span> <span class='ocrx_word' id='word_1_404' title='bbox 2564 2178 2806 2232; x_wconf 62' lang='lat' dir='ltr'>luxuria.</span> <span class='ocrx_word' id='word_1_405' title='bbox 2834 2175 2992 2230; x_wconf 90' lang='lat' dir='ltr'>Unde</span> <span class='ocrx_word' id='word_1_406' title='bbox 3023 2175 3160 2230; x_wconf 88' lang='lat' dir='ltr'>dicit</span> <span class='ocrx_word' id='word_1_407' title='bbox 3184 2181 3240 2231; x_wconf 90' lang='lat' dir='ltr'>et</span> <span class='ocrx_word' id='word_1_408' title='bbox 3267 2177 3528 2230; x_wconf 89' lang='lat' dir='ltr'>Salomon</span> <span class='ocrx_word' id='word_1_409' title='bbox 3559 2193 3572 2231; x_wconf 93' lang='lat'>:</span> 
     </span>
    </p>
   </div>
   <div class='ocr_carea' id='block_1_52' title="bbox 1949 2270 3575 2344">
    <p class='ocr_par' dir='ltr' id='par_1_52' title="bbox 1949 2270 3575 2344">
     <span class='ocr_line' id='line_1_52' title="bbox 1949 2270 3575 2344; baseline -0.004 -12"><span class='ocrx_word' id='word_1_410' title='bbox 1949 2276 2028 2332; x_wconf 89' lang='lat' dir='ltr'>Ne</span> <span class='ocrx_word' id='word_1_411' title='bbox 2051 2275 2284 2344; x_wconf 86' lang='lat' dir='ltr'>aspicias</span> <span class='ocrx_word' id='word_1_412' title='bbox 2313 2275 2500 2328; x_wconf 87' lang='lat' dir='ltr'>vinum</span> <span class='ocrx_word' id='word_1_413' title='bbox 2527 2287 2646 2325; x_wconf 87' lang='lat' dir='ltr'>cum</span> <span class='ocrx_word' id='word_1_414' title='bbox 2686 2272 2924 2339; x_wconf 82' lang='lat' dir='ltr'>ﬂavescit</span> <span class='ocrx_word' id='word_1_415' title='bbox 2947 2271 3006 2324; x_wconf 86' lang='lat' dir='ltr'>in</span> <span class='ocrx_word' id='word_1_416' title='bbox 3043 2270 3222 2335; x_wconf 88' lang='lat' dir='ltr'>vitro;</span> <span class='ocrx_word' id='word_1_417' title='bbox 3253 2271 3396 2324; x_wconf 89' lang='lat' dir='ltr'>color</span> <span class='ocrx_word' id='word_1_418' title='bbox 3433 2271 3575 2325; x_wconf 89' lang='lat' dir='ltr'>enim</span> 
     </span>
    </p>
   </div>
   <div class='ocr_carea' id='block_1_53' title="bbox 1952 2363 3576 2437">
    <p class='ocr_par' dir='ltr' id='par_1_53' title="bbox 1952 2363 3576 2437">
     <span class='ocr_line' id='line_1_53' title="bbox 1952 2363 3576 2437; baseline -0.002 -17"><span class='ocrx_word' id='word_1_419' title='bbox 1952 2367 2146 2421; x_wconf 79' lang='lat' dir='ltr'>blande</span> <span class='ocrx_word' id='word_1_420' title='bbox 2181 2364 2355 2437; x_wconf 89' lang='lat' dir='ltr'>[Cod.,</span> <span class='ocrx_word' id='word_1_421' title='bbox 2386 2363 2618 2436; x_wconf 85' lang='lat' dir='ltr'>blandis]</span> <span class='ocrx_word' id='word_1_422' title='bbox 2643 2365 2967 2433; x_wconf 86' lang='lat' dir='ltr'>ingreditur,</span> <span class='ocrx_word' id='word_1_423' title='bbox 2998 2363 3092 2418; x_wconf 86' lang='lat' dir='ltr'>sed</span> <span class='ocrx_word' id='word_1_424' title='bbox 3114 2363 3320 2418; x_wconf 88' lang='lat' dir='ltr'>mordet</span> <span class='ocrx_word' id='word_1_425' title='bbox 3341 2368 3402 2416; x_wconf 89' lang='lat' dir='ltr'>ut</span> <span class='ocrx_word' id='word_1_426' title='bbox 3428 2364 3576 2418; x_wconf 88' lang='lat' dir='ltr'>colu-</span> 
     </span>
    </p>
   </div>
   <div class='ocr_carea' id='block_1_54' title="bbox 1951 2455 3576 2528">
    <p class='ocr_par' dir='ltr' id='par_1_54' title="bbox 1951 2455 3576 2528">
     <span class='ocr_line' id='line_1_54' title="bbox 1951 2455 3576 2528; baseline -0.002 -13"><span class='ocrx_word' id='word_1_427' title='bbox 1951 2460 2060 2515; x_wconf 90' lang='lat' dir='ltr'>ber.</span> <span class='ocrx_word' id='word_1_428' title='bbox 2089 2461 2275 2515; x_wconf 86' lang='lat' dir='ltr'>Potest</span> <span class='ocrx_word' id='word_1_429' title='bbox 2301 2463 2358 2514; x_wconf 92' lang='lat' dir='ltr'>et</span> <span class='ocrx_word' id='word_1_430' title='bbox 2383 2459 2545 2514; x_wconf 88' lang='lat' dir='ltr'>aliter</span> <span class='ocrx_word' id='word_1_431' title='bbox 2569 2457 2809 2528; x_wconf 88' lang='lat' dir='ltr'>intelligi</span> <span class='ocrx_word' id='word_1_432' title='bbox 2837 2457 2990 2528; x_wconf 92' lang='lat' dir='ltr'>quod</span> <span class='ocrx_word' id='word_1_433' title='bbox 3015 2455 3152 2510; x_wconf 90' lang='lat' dir='ltr'>dicit</span> <span class='ocrx_word' id='word_1_434' title='bbox 3183 2474 3196 2510; x_wconf 94' lang='lat'>:</span> <span class='ocrx_word' id='word_1_435' title='bbox 3236 2457 3414 2513; x_wconf 87' lang='lat' dir='ltr'>Nolite</span> <span class='ocrx_word' id='word_1_436' title='bbox 3457 2458 3576 2511; x_wconf 84' lang='lat' dir='ltr'>ine-</span> 
     </span>
    </p>
   </div>
   <div class='ocr_carea' id='block_1_55' title="bbox 1951 2549 3576 2623">
    <p class='ocr_par' dir='ltr' id='par_1_55' title="bbox 1951 2549 3576 2623">
     <span class='ocr_line' id='line_1_55' title="bbox 1951 2549 3576 2623; baseline -0.001 -15"><span class='ocrx_word' id='word_1_437' title='bbox 1951 2555 2124 2608; x_wconf 84' lang='lat' dir='ltr'>briari</span> <span class='ocrx_word' id='word_1_438' title='bbox 2149 2556 2292 2617; x_wconf 87' lang='lat' dir='ltr'>vino,</span> <span class='ocrx_word' id='word_1_439' title='bbox 2323 2552 2385 2606; x_wconf 91' lang='lat' dir='ltr'>id</span> <span class='ocrx_word' id='word_1_440' title='bbox 2431 2555 2515 2606; x_wconf 91' lang='lat' dir='ltr'>est</span> <span class='ocrx_word' id='word_1_441' title='bbox 2543 2551 2673 2606; x_wconf 87' lang='lat' dir='ltr'>vino</span> <span class='ocrx_word' id='word_1_442' title='bbox 2705 2550 2955 2618; x_wconf 67' lang='lat' dir='ltr'>malitiae,</span> <span class='ocrx_word' id='word_1_443' title='bbox 2999 2549 3069 2604; x_wconf 92' lang='lat' dir='ltr'>de</span> <span class='ocrx_word' id='word_1_444' title='bbox 3116 2565 3228 2620; x_wconf 92' lang='lat' dir='ltr'>quo</span> <span class='ocrx_word' id='word_1_445' title='bbox 3277 2549 3490 2623; x_wconf 84' lang='lat' dir='ltr'>Moyses</span> <span class='ocrx_word' id='word_1_446' title='bbox 3515 2550 3576 2606; x_wconf 91' lang='lat' dir='ltr'>in</span> 
     </span>
    </p>
   </div>
   <div class='ocr_carea' id='block_1_56' title="bbox 1951 2643 3578 2706">
    <p class='ocr_par' dir='ltr' id='par_1_56' title="bbox 1951 2643 3578 2706">
     <span class='ocr_line' id='line_1_56' title="bbox 1951 2643 3578 2706; baseline 0 -6"><span class='ocrx_word' id='word_1_447' title='bbox 1951 2645 2168 2702; x_wconf 88' lang='lat' dir='ltr'>cantico</span> <span class='ocrx_word' id='word_1_448' title='bbox 2197 2645 2632 2703; x_wconf 90' lang='lat' dir='ltr'>Deuteronomio</span> <span class='ocrx_word' id='word_1_449' title='bbox 2660 2661 2673 2698; x_wconf 90' lang='lat'>:</span> <span class='ocrx_word' id='word_1_450' title='bbox 2720 2647 2795 2698; x_wconf 91' lang='lat' dir='ltr'>De</span> <span class='ocrx_word' id='word_1_451' title='bbox 2821 2645 2980 2698; x_wconf 87' lang='lat' dir='ltr'>vinea</span> <span class='ocrx_word' id='word_1_452' title='bbox 3015 2643 3383 2706; x_wconf 86' lang='lat' dir='ltr'>Sodomorum,</span> <span class='ocrx_word' id='word_1_453' title='bbox 3419 2646 3578 2700; x_wconf 87' lang='lat' dir='ltr'>vinea</span> 
     </span>
    </p>
   </div>
   <div class='ocr_carea' id='block_1_57' title="bbox 1951 2736 3571 2806">
    <p class='ocr_par' dir='ltr' id='par_1_57' title="bbox 1951 2736 3571 2806">
     <span class='ocr_line' id='line_1_57' title="bbox 1951 2736 3571 2806; baseline -0.004 -10"><span class='ocrx_word' id='word_1_454' title='bbox 1951 2755 2153 2796; x_wconf 87' lang='lat' dir='ltr'>eorum.</span> <span class='ocrx_word' id='word_1_455' title='bbox 2182 2741 2304 2806; x_wconf 79' lang='lat' dir='ltr'>Hoc</span> <span class='ocrx_word' id='word_1_456' title='bbox 2326 2739 2459 2793; x_wconf 85' lang='lat' dir='ltr'>vino</span> <span class='ocrx_word' id='word_1_457' title='bbox 2491 2736 2845 2792; x_wconf 86' lang='lat' dir='ltr'>inebriantur</span> <span class='ocrx_word' id='word_1_458' title='bbox 2869 2752 3068 2791; x_wconf 90' lang='lat' dir='ltr'>omnes</span> <span class='ocrx_word' id='word_1_459' title='bbox 3094 2740 3376 2791; x_wconf 85' lang='lat' dir='ltr'>amatores</span> <span class='ocrx_word' id='word_1_460' title='bbox 3403 2753 3571 2790; x_wconf 87' lang='lat' dir='ltr'>mun-</span> 
     </span>
    </p>
   </div>
   <div class='ocr_carea' id='block_1_58' title="bbox 1951 2830 3574 2904">
    <p class='ocr_par' dir='ltr' id='par_1_58' title="bbox 1951 2830 3574 2904">
     <span class='ocr_line' id='line_1_58' title="bbox 1951 2830 3574 2904; baseline -0.002 -15"><span class='ocrx_word' id='word_1_461' title='bbox 1951 2833 2028 2890; x_wconf 92' lang='lat' dir='ltr'>di.</span> <span class='ocrx_word' id='word_1_462' title='bbox 2061 2835 2136 2889; x_wconf 91' lang='lat' dir='ltr'>De</span> <span class='ocrx_word' id='word_1_463' title='bbox 2162 2833 2366 2904; x_wconf 89' lang='lat' dir='ltr'>quibus</span> <span class='ocrx_word' id='word_1_464' title='bbox 2390 2831 2526 2887; x_wconf 90' lang='lat' dir='ltr'>dicit</span> <span class='ocrx_word' id='word_1_465' title='bbox 2544 2830 2874 2902; x_wconf 89' lang='lat' dir='ltr'>Apostolus:</span> <span class='ocrx_word' id='word_1_466' title='bbox 2899 2831 3132 2897; x_wconf 84' lang='lat' dir='ltr'>Quorum</span> <span class='ocrx_word' id='word_1_467' title='bbox 3157 2832 3279 2900; x_wconf 79' lang='lat' dir='ltr'>ﬁnis</span> <span class='ocrx_word' id='word_1_468' title='bbox 3303 2832 3574 2893; x_wconf 79' lang='lat' dir='ltr'>interitus,</span> 
     </span>
    </p>
   </div>
   <div class='ocr_carea' id='block_1_59' title="bbox 1950 2923 3571 2998">
    <p class='ocr_par' dir='ltr' id='par_1_59' title="bbox 1950 2923 3571 2998">
     <span class='ocr_line' id='line_1_59' title="bbox 1950 2923 3571 2998; baseline -0.002 -16"><span class='ocrx_word' id='word_1_469' title='bbox 1950 2942 2177 2998; x_wconf 84' lang='lat' dir='ltr'>quorum</span> <span class='ocrx_word' id='word_1_470' title='bbox 2204 2930 2342 2982; x_wconf 87' lang='lat' dir='ltr'>Deus</span> <span class='ocrx_word' id='word_1_471' title='bbox 2381 2929 2564 2980; x_wconf 87' lang='lat' dir='ltr'>venter</span> <span class='ocrx_word' id='word_1_472' title='bbox 2587 2927 2684 2988; x_wconf 83' lang='lat' dir='ltr'>est,</span> <span class='ocrx_word' id='word_1_473' title='bbox 2714 2928 2765 2979; x_wconf 87' lang='lat' dir='ltr'>et</span> <span class='ocrx_word' id='word_1_474' title='bbox 2793 2923 2970 2994; x_wconf 87' lang='lat' dir='ltr'>gloria</span> <span class='ocrx_word' id='word_1_475' title='bbox 2992 2925 3054 2978; x_wconf 87' lang='lat' dir='ltr'>in</span> <span class='ocrx_word' id='word_1_476' title='bbox 3081 2925 3392 2991; x_wconf 87' lang='lat' dir='ltr'>confusione</span> <span class='ocrx_word' id='word_1_477' title='bbox 3431 2927 3571 2996; x_wconf 88' lang='lat' dir='ltr'>ipso-</span> 
     </span>
    </p>
   </div>
   <div class='ocr_carea' id='block_1_60' title="bbox 1949 3021 2699 3092">
    <p class='ocr_par' dir='ltr' id='par_1_60' title="bbox 1949 3021 2699 3092">
     <span class='ocr_line' id='line_1_60' title="bbox 1949 3021 2699 3092; baseline -0.005 -15"><span class='ocrx_word' id='word_1_478' title='bbox 1949 3037 2072 3077; x_wconf 89' lang='lat' dir='ltr'>rum</span> <span class='ocrx_word' id='word_1_479' title='bbox 2099 3022 2197 3092; x_wconf 85' lang='lat' dir='ltr'>qui</span> <span class='ocrx_word' id='word_1_480' title='bbox 2223 3025 2433 3076; x_wconf 83' lang='lat' dir='ltr'>terrena</span> <span class='ocrx_word' id='word_1_481' title='bbox 2457 3021 2699 3090; x_wconf 87' lang='lat' dir='ltr'>sapiunt.</span> 
     </span>
    </p>
   </div>
   <div class='ocr_carea' id='block_1_61' title="bbox 215 3171 3578 3287">
    <p class='ocr_par' dir='ltr' id='par_1_61' title="bbox 215 3171 3578 3287">
     <span class='ocr_line' id='line_1_61' title="bbox 215 3171 3578 3287; baseline 0.001 -25"><span class='ocrx_word' id='word_1_482' title='bbox 215 3224 396 3279; x_wconf 88' lang='lat' dir='ltr'>quam</span> <span class='ocrx_word' id='word_1_483' title='bbox 422 3207 663 3275; x_wconf 84' lang='lat' dir='ltr'>faciunt,</span> <span class='ocrx_word' id='word_1_484' title='bbox 689 3207 917 3262; x_wconf 89' lang='lat' dir='ltr'>dicente</span> <span class='ocrx_word' id='word_1_485' title='bbox 944 3207 1226 3278; x_wconf 87' lang='lat' dir='ltr'>propheta</span> <span class='ocrx_word' id='word_1_486' title='bbox 1259 3224 1272 3262; x_wconf 87' lang='lat'>:</span> <span class='ocrx_word' id='word_1_487' title='bbox 1311 3209 1436 3265; x_wconf 85' lang='lat' dir='ltr'>Viri</span> <span class='ocrx_word' id='word_1_488' title='bbox 1457 3209 1785 3278; x_wconf 84' lang='lat' dir='ltr'>sanguinum</span> <span class='ocrx_word' id='word_1_489' title='bbox 1802 3171 1926 3262; x_wconf 79' lang='lat' dir='ltr'>etC</span> <span class='ocrx_word' id='word_1_490' title='bbox 2020 3207 2338 3273; x_wconf 69' lang='lat' dir='ltr'>Looussres</span> <span class='ocrx_word' id='word_1_491' title='bbox 2391 3222 2801 3264; x_wconf 80' lang='lat' dir='ltr'>VOBISMETIPSIS</span> <span class='ocrx_word' id='word_1_492' title='bbox 2847 3220 3094 3277; x_wconf 76' lang='lat' dir='ltr'>PSALMIS,</span> <span class='ocrx_word' id='word_1_493' title='bbox 3139 3221 3202 3262; x_wconf 75' lang='lat' dir='ltr'>ar</span> <span class='ocrx_word' id='word_1_494' title='bbox 3254 3222 3480 3287; x_wconf 64' lang='lat' dir='ltr'>HYMNlS,</span> <span class='ocrx_word' id='word_1_495' title='bbox 3514 3221 3578 3265; x_wconf 74' lang='lat' dir='ltr'>er</span> 
     </span>
    </p>
   </div>
   <div class='ocr_carea' id='block_1_62' title="bbox 215 3300 1854 3368">
    <p class='ocr_par' dir='ltr' id='par_1_62' title="bbox 215 3300 1854 3368">
     <span class='ocr_line' id='line_1_62' title="bbox 215 3300 1854 3368; baseline -0.001 -12"><span class='ocrx_word' id='word_1_496' title='bbox 215 3301 396 3356; x_wconf 86' lang='lat' dir='ltr'>dolosi</span> <span class='ocrx_word' id='word_1_497' title='bbox 415 3316 522 3356; x_wconf 88' lang='lat' dir='ltr'>non</span> <span class='ocrx_word' id='word_1_498' title='bbox 542 3300 910 3356; x_wconf 87' lang='lat' dir='ltr'>dimidiabunt</span> <span class='ocrx_word' id='word_1_499' title='bbox 935 3301 1048 3357; x_wconf 90' lang='lat' dir='ltr'>dies</span> <span class='ocrx_word' id='word_1_500' title='bbox 1091 3315 1237 3356; x_wconf 90' lang='lat' dir='ltr'>suos.</span> <span class='ocrx_word' id='word_1_501' title='bbox 1269 3301 1531 3368; x_wconf 87' lang='lat' dir='ltr'>Quoniam</span> <span class='ocrx_word' id='word_1_502' title='bbox 1575 3302 1689 3356; x_wconf 86' lang='lat' dir='ltr'>dies</span> <span class='ocrx_word' id='word_1_503' title='bbox 1719 3301 1854 3356; x_wconf 88' lang='lat' dir='ltr'>mali</span> 
     </span>
    </p>
   </div>
   <div class='ocr_carea' id='block_1_63' title="bbox 213 3395 1853 3466">
    <p class='ocr_par' dir='ltr' id='par_1_63' title="bbox 213 3395 1853 3466">
     <span class='ocr_line' id='line_1_63' title="bbox 213 3395 1853 3466; baseline -0.001 -16"><span class='ocrx_word' id='word_1_504' title='bbox 213 3401 364 3450; x_wconf 86' lang='lat' dir='ltr'>sunt.</span> <span class='ocrx_word' id='word_1_505' title='bbox 389 3395 681 3460; x_wconf 85' lang='lat' dir='ltr'>Quantum</span> <span class='ocrx_word' id='word_1_506' title='bbox 699 3395 772 3449; x_wconf 87' lang='lat' dir='ltr'>ad</span> <span class='ocrx_word' id='word_1_507' title='bbox 794 3395 1100 3462; x_wconf 90' lang='lat' dir='ltr'>rationem,</span> <span class='ocrx_word' id='word_1_508' title='bbox 1121 3397 1179 3449; x_wconf 92' lang='lat' dir='ltr'>et</span> <span class='ocrx_word' id='word_1_509' title='bbox 1195 3395 1510 3466; x_wconf 86' lang='lat' dir='ltr'>spiritalem</span> <span class='ocrx_word' id='word_1_510' title='bbox 1533 3395 1853 3465; x_wconf 89' lang='lat' dir='ltr'>intelligen-</span> 
     </span>
    </p>
   </div>
   <div class='ocr_carea' id='block_1_64' title="bbox 216 3487 1855 3560">
    <p class='ocr_par' dir='ltr' id='par_1_64' title="bbox 216 3487 1855 3560">
     <span class='ocr_line' id='line_1_64' title="bbox 216 3487 1855 3560; baseline -0.002 -18"><span class='ocrx_word' id='word_1_511' title='bbox 216 3489 361 3544; x_wconf 89' lang='lat' dir='ltr'>tiam</span> <span class='ocrx_word' id='word_1_512' title='bbox 385 3489 658 3560; x_wconf 87' lang='lat' dir='ltr'>pertinet,</span> <span class='ocrx_word' id='word_1_513' title='bbox 683 3487 804 3543; x_wconf 90' lang='lat' dir='ltr'>dies</span> <span class='ocrx_word' id='word_1_514' title='bbox 815 3488 950 3543; x_wconf 92' lang='lat' dir='ltr'>boni</span> <span class='ocrx_word' id='word_1_515' title='bbox 968 3487 1128 3542; x_wconf 88' lang='lat' dir='ltr'>aDeo</span> <span class='ocrx_word' id='word_1_516' title='bbox 1148 3488 1284 3543; x_wconf 89' lang='lat' dir='ltr'>facti</span> <span class='ocrx_word' id='word_1_517' title='bbox 1295 3491 1446 3554; x_wconf 88' lang='lat' dir='ltr'>sunt,</span> <span class='ocrx_word' id='word_1_518' title='bbox 1466 3488 1693 3542; x_wconf 91' lang='lat' dir='ltr'>dicente</span> <span class='ocrx_word' id='word_1_519' title='bbox 1714 3487 1855 3544; x_wconf 89' lang='lat' dir='ltr'>Scri-</span> 
     </span>
    </p>
   </div>
   <div class='ocr_carea' id='block_1_65' title="bbox 215 3581 1849 3655">
    <p class='ocr_par' dir='ltr' id='par_1_65' title="bbox 215 3581 1849 3655">
     <span class='ocr_line' id='line_1_65' title="bbox 215 3581 1849 3655; baseline -0.001 -19"><span class='ocrx_word' id='word_1_520' title='bbox 215 3585 389 3655; x_wconf 88' lang='lat' dir='ltr'>ptura</span> <span class='ocrx_word' id='word_1_521' title='bbox 407 3600 420 3637; x_wconf 89' lang='lat'>:</span> <span class='ocrx_word' id='word_1_522' title='bbox 446 3583 600 3638; x_wconf 88' lang='lat' dir='ltr'>Vidit</span> <span class='ocrx_word' id='word_1_523' title='bbox 611 3585 748 3638; x_wconf 89' lang='lat' dir='ltr'>Deus</span> <span class='ocrx_word' id='word_1_524' title='bbox 765 3586 955 3638; x_wconf 87' lang='lat' dir='ltr'>cuncta</span> <span class='ocrx_word' id='word_1_525' title='bbox 981 3599 1099 3652; x_wconf 59' lang='lat' dir='ltr'>qua</span> <span class='ocrx_word' id='word_1_526' title='bbox 1114 3583 1265 3650; x_wconf 85' lang='lat' dir='ltr'>fecit,</span> <span class='ocrx_word' id='word_1_527' title='bbox 1279 3587 1329 3637; x_wconf 89' lang='lat' dir='ltr'>et</span> <span class='ocrx_word' id='word_1_528' title='bbox 1341 3586 1495 3636; x_wconf 86' lang='lat' dir='ltr'>erant</span> <span class='ocrx_word' id='word_1_529' title='bbox 1512 3582 1671 3636; x_wconf 85' lang='lat' dir='ltr'>valde</span> <span class='ocrx_word' id='word_1_530' title='bbox 1692 3581 1849 3636; x_wconf 90' lang='lat' dir='ltr'>bona.</span> 
     </span>
    </p>
   </div>
   <div class='ocr_carea' id='block_1_66' title="bbox 216 3675 1854 3747">
    <p class='ocr_par' dir='ltr' id='par_1_66' title="bbox 216 3675 1854 3747">
     <span class='ocr_line' id='line_1_66' title="bbox 216 3675 1854 3747; baseline -0.001 -17"><span class='ocrx_word' id='word_1_531' title='bbox 216 3676 407 3732; x_wconf 82' lang='lat' dir='ltr'>Habes</span> <span class='ocrx_word' id='word_1_532' title='bbox 436 3675 495 3730; x_wconf 89' lang='lat' dir='ltr'>in</span> <span class='ocrx_word' id='word_1_533' title='bbox 522 3675 667 3732; x_wconf 89' lang='lat' dir='ltr'>libro</span> <span class='ocrx_word' id='word_1_534' title='bbox 695 3676 903 3732; x_wconf 88' lang='lat' dir='ltr'>Genesi</span> <span class='ocrx_word' id='word_1_535' title='bbox 931 3677 1226 3747; x_wconf 89' lang='lat' dir='ltr'>scriptum,</span> <span class='ocrx_word' id='word_1_536' title='bbox 1260 3675 1394 3746; x_wconf 91' lang='lat' dir='ltr'>quia</span> <span class='ocrx_word' id='word_1_537' title='bbox 1421 3691 1526 3746; x_wconf 92' lang='lat' dir='ltr'>per</span> <span class='ocrx_word' id='word_1_538' title='bbox 1554 3675 1854 3728; x_wconf 90' lang='lat' dir='ltr'>intervalla</span> 
     </span>
    </p>
   </div>
   <div class='ocr_carea' id='block_1_67' title="bbox 216 3767 1856 3825">
    <p class='ocr_par' dir='ltr' id='par_1_67' title="bbox 216 3767 1856 3825">
     <span class='ocr_line' id='line_1_67' title="bbox 216 3767 1856 3825; baseline -0.001 -1"><span class='ocrx_word' id='word_1_539' title='bbox 216 3768 461 3824; x_wconf 83' lang='lat' dir='ltr'>dierum&#39;</span> <span class='ocrx_word' id='word_1_540' title='bbox 487 3771 634 3825; x_wconf 89' lang='lat' dir='ltr'>Deus</span> <span class='ocrx_word' id='word_1_541' title='bbox 670 3774 875 3825; x_wconf 89' lang='lat' dir='ltr'>cuncta</span> <span class='ocrx_word' id='word_1_542' title='bbox 909 3769 1140 3824; x_wconf 90' lang='lat' dir='ltr'>creavit.</span> <span class='ocrx_word' id='word_1_543' title='bbox 1189 3769 1258 3823; x_wconf 91' lang='lat' dir='ltr'>Et</span> <span class='ocrx_word' id='word_1_544' title='bbox 1297 3767 1504 3822; x_wconf 90' lang='lat' dir='ltr'>dicitur</span> <span class='ocrx_word' id='word_1_545' title='bbox 1541 3767 1618 3822; x_wconf 90' lang='lat' dir='ltr'>ibi</span> <span class='ocrx_word' id='word_1_546' title='bbox 1649 3785 1662 3822; x_wconf 90' lang='lat'>:</span> <span class='ocrx_word' id='word_1_547' title='bbox 1704 3768 1856 3823; x_wconf 86' lang='lat' dir='ltr'>Vidit</span> 
     </span>
    </p>
   </div>
   <div class='ocr_carea' id='block_1_68' title="bbox 216 3861 1852 3933">
    <p class='ocr_par' dir='ltr' id='par_1_68' title="bbox 216 3861 1852 3933">
     <span class='ocr_line' id='line_1_68' title="bbox 216 3861 1852 3933; baseline -0.001 -15"><span class='ocrx_word' id='word_1_548' title='bbox 216 3866 359 3919; x_wconf 81' lang='lat' dir='ltr'>Deus</span> <span class='ocrx_word' id='word_1_549' title='bbox 385 3868 578 3918; x_wconf 88' lang='lat' dir='ltr'>cuncta</span> <span class='ocrx_word' id='word_1_550' title='bbox 602 3879 722 3933; x_wconf 73' lang='lat' dir='ltr'>quae</span> <span class='ocrx_word' id='word_1_551' title='bbox 749 3865 902 3931; x_wconf 86' lang='lat' dir='ltr'>fecit,</span> <span class='ocrx_word' id='word_1_552' title='bbox 931 3868 982 3919; x_wconf 85' lang='lat' dir='ltr'>et</span> <span class='ocrx_word' id='word_1_553' title='bbox 1030 3867 1188 3919; x_wconf 88' lang='lat' dir='ltr'>erant</span> <span class='ocrx_word' id='word_1_554' title='bbox 1220 3862 1380 3918; x_wconf 86' lang='lat' dir='ltr'>valde</span> <span class='ocrx_word' id='word_1_555' title='bbox 1415 3863 1572 3917; x_wconf 90' lang='lat' dir='ltr'>bona.</span> <span class='ocrx_word' id='word_1_556' title='bbox 1614 3861 1671 3918; x_wconf 90' lang='lat' dir='ltr'>Si</span> <span class='ocrx_word' id='word_1_557' title='bbox 1715 3877 1852 3932; x_wconf 91' lang='lat' dir='ltr'>ergo</span> 
     </span>
    </p>
   </div>
   <div class='ocr_carea' id='block_1_69' title="bbox 217 3955 1857 4027">
    <p class='ocr_par' dir='ltr' id='par_1_69' title="bbox 217 3955 1857 4027">
     <span class='ocr_line' id='line_1_69' title="bbox 217 3955 1857 4027; baseline -0.002 -15"><span class='ocrx_word' id='word_1_558' title='bbox 217 3961 428 4012; x_wconf 87' lang='lat' dir='ltr'>cuncta</span> <span class='ocrx_word' id='word_1_559' title='bbox 466 3973 594 4027; x_wconf 70' lang='lat' dir='ltr'>quas</span> <span class='ocrx_word' id='word_1_560' title='bbox 639 3956 777 4011; x_wconf 90' lang='lat' dir='ltr'>fecit</span> <span class='ocrx_word' id='word_1_561' title='bbox 811 3959 956 4012; x_wconf 90' lang='lat' dir='ltr'>Deus</span> <span class='ocrx_word' id='word_1_562' title='bbox 975 3957 1135 4011; x_wconf 85' lang='lat' dir='ltr'>valde</span> <span class='ocrx_word' id='word_1_563' title='bbox 1167 3957 1322 4012; x_wconf 89' lang='lat' dir='ltr'>bona</span> <span class='ocrx_word' id='word_1_564' title='bbox 1345 3955 1598 4024; x_wconf 87' lang='lat' dir='ltr'>fuerunt,</span> <span class='ocrx_word' id='word_1_565' title='bbox 1631 3971 1771 4027; x_wconf 88' lang='lat' dir='ltr'>ergo</span> <span class='ocrx_word' id='word_1_566' title='bbox 1799 3958 1857 4009; x_wconf 90' lang='lat' dir='ltr'>et</span> 
     </span>
    </p>
   </div>
   <div class='ocr_carea' id='block_1_70' title="bbox 221 4049 1856 4122">
    <p class='ocr_par' dir='ltr' id='par_1_70' title="bbox 221 4049 1856 4122">
     <span class='ocr_line' id='line_1_70' title="bbox 221 4049 1856 4122; baseline -0.001 -17"><span class='ocrx_word' id='word_1_567' title='bbox 221 4049 347 4106; x_wconf 90' lang='lat' dir='ltr'>dies</span> <span class='ocrx_word' id='word_1_568' title='bbox 384 4049 544 4105; x_wconf 90' lang='lat' dir='ltr'>boni.</span> <span class='ocrx_word' id='word_1_569' title='bbox 592 4049 705 4106; x_wconf 93' lang='lat' dir='ltr'>Sed</span> <span class='ocrx_word' id='word_1_570' title='bbox 744 4049 878 4106; x_wconf 87' lang='lat' dir='ltr'>vitio</span> <span class='ocrx_word' id='word_1_571' title='bbox 916 4049 1218 4106; x_wconf 90' lang='lat' dir='ltr'>hominum</span> <span class='ocrx_word' id='word_1_572' title='bbox 1261 4049 1554 4122; x_wconf 89' lang='lat' dir='ltr'>depravati</span> <span class='ocrx_word' id='word_1_573' title='bbox 1601 4052 1752 4118; x_wconf 90' lang='lat' dir='ltr'>sunt,</span> <span class='ocrx_word' id='word_1_574' title='bbox 1799 4053 1856 4104; x_wconf 90' lang='lat' dir='ltr'>et</span> 
     </span>
    </p>
   </div>
   <div class='ocr_carea' id='block_1_71' title="bbox 221 4143 1855 4216">
    <p class='ocr_par' dir='ltr' id='par_1_71' title="bbox 221 4143 1855 4216">
     <span class='ocr_line' id='line_1_71' title="bbox 221 4143 1855 4216; baseline -0.001 -16"><span class='ocrx_word' id='word_1_575' title='bbox 221 4144 358 4200; x_wconf 89' lang='lat' dir='ltr'>facti</span> <span class='ocrx_word' id='word_1_576' title='bbox 389 4148 522 4198; x_wconf 90' lang='lat' dir='ltr'>sunt</span> <span class='ocrx_word' id='word_1_577' title='bbox 552 4143 674 4199; x_wconf 87' lang='lat' dir='ltr'>dies</span> <span class='ocrx_word' id='word_1_578' title='bbox 705 4145 860 4200; x_wconf 91' lang='lat' dir='ltr'>mali.</span> <span class='ocrx_word' id='word_1_579' title='bbox 893 4145 962 4200; x_wconf 91' lang='lat' dir='ltr'>Et</span> <span class='ocrx_word' id='word_1_580' title='bbox 989 4145 1126 4216; x_wconf 92' lang='lat' dir='ltr'>quid</span> <span class='ocrx_word' id='word_1_581' title='bbox 1159 4143 1343 4200; x_wconf 90' lang='lat' dir='ltr'>dicam</span> <span class='ocrx_word' id='word_1_582' title='bbox 1366 4144 1395 4200; x_wconf 79' lang='lat' dir='ltr'>‘l</span> <span class='ocrx_word' id='word_1_583' title='bbox 1437 4162 1502 4199; x_wconf 85' lang='lat' dir='ltr'>ex</span> <span class='ocrx_word' id='word_1_584' title='bbox 1530 4161 1642 4216; x_wconf 93' lang='lat' dir='ltr'>quo</span> <span class='ocrx_word' id='word_1_585' title='bbox 1673 4143 1855 4200; x_wconf 82' lang='lat' dir='ltr'>Adam</span> 
     </span>
    </p>
   </div>
   <div class='ocr_carea' id='block_1_72' title="bbox 215 4237 1858 4311">
    <p class='ocr_par' dir='ltr' id='par_1_72' title="bbox 215 4237 1858 4311">
     <span class='ocr_line' id='line_1_72' title="bbox 215 4237 1858 4311; baseline -0.001 -18"><span class='ocrx_word' id='word_1_586' title='bbox 215 4237 277 4294; x_wconf 93' lang='lat' dir='ltr'>in</span> <span class='ocrx_word' id='word_1_587' title='bbox 329 4238 598 4311; x_wconf 81' lang='lat' dir='ltr'>paradiso</span> <span class='ocrx_word' id='word_1_588' title='bbox 639 4240 915 4310; x_wconf 89' lang='lat' dir='ltr'>peccavit,</span> <span class='ocrx_word' id='word_1_589' title='bbox 963 4255 1261 4311; x_wconf 90' lang='lat' dir='ltr'>nunquam</span> <span class='ocrx_word' id='word_1_590' title='bbox 1307 4237 1543 4294; x_wconf 86' lang='lat' dir='ltr'>fuerunt</span> <span class='ocrx_word' id='word_1_591' title='bbox 1581 4238 1701 4294; x_wconf 86' lang='lat' dir='ltr'>dies</span> <span class='ocrx_word' id='word_1_592' title='bbox 1749 4237 1858 4292; x_wconf 90' lang='lat' dir='ltr'>nisi</span> 
     </span>
    </p>
   </div>
   <div class='ocr_carea' id='block_1_73' title="bbox 215 4331 1856 4405">
    <p class='ocr_par' dir='ltr' id='par_1_73' title="bbox 215 4331 1856 4405">
     <span class='ocr_line' id='line_1_73' title="bbox 215 4331 1856 4405; baseline -0.001 -18"><span class='ocrx_word' id='word_1_593' title='bbox 215 4331 375 4387; x_wconf 89' lang='lat' dir='ltr'>mali.</span> <span class='ocrx_word' id='word_1_594' title='bbox 405 4333 725 4388; x_wconf 85' lang='lat' dir='ltr'>Nascuntur</span> <span class='ocrx_word' id='word_1_595' title='bbox 759 4333 941 4404; x_wconf 88' lang='lat' dir='ltr'>pueri,</span> <span class='ocrx_word' id='word_1_596' title='bbox 971 4350 1004 4388; x_wconf 91' lang='lat' dir='ltr'>a</span> <span class='ocrx_word' id='word_1_597' title='bbox 1024 4334 1253 4405; x_wconf 90' lang='lat' dir='ltr'>ploratu</span> <span class='ocrx_word' id='word_1_598' title='bbox 1279 4332 1564 4404; x_wconf 90' lang='lat' dir='ltr'>incipiunt</span> <span class='ocrx_word' id='word_1_599' title='bbox 1591 4335 1649 4387; x_wconf 88' lang='lat' dir='ltr'>et</span> <span class='ocrx_word' id='word_1_600' title='bbox 1677 4350 1711 4387; x_wconf 87' lang='lat' dir='ltr'>a</span> <span class='ocrx_word' id='word_1_601' title='bbox 1748 4331 1856 4386; x_wconf 85' lang='lat' dir='ltr'>mi-</span> 
     </span>
    </p>
   </div>
   <div class='ocr_carea' id='block_1_74' title="bbox 220 4425 1854 4496">
    <p class='ocr_par' dir='ltr' id='par_1_74' title="bbox 220 4425 1854 4496">
     <span class='ocr_line' id='line_1_74' title="bbox 220 4425 1854 4496; baseline -0.001 -15"><span class='ocrx_word' id='word_1_602' title='bbox 220 4425 393 4495; x_wconf 86' lang='lat' dir='ltr'>seria,</span> <span class='ocrx_word' id='word_1_603' title='bbox 429 4427 575 4480; x_wconf 86' lang='lat' dir='ltr'>ﬁunt</span> <span class='ocrx_word' id='word_1_604' title='bbox 603 4425 662 4480; x_wconf 93' lang='lat' dir='ltr'>hi</span> <span class='ocrx_word' id='word_1_605' title='bbox 686 4425 809 4480; x_wconf 90' lang='lat' dir='ltr'>dies</span> <span class='ocrx_word' id='word_1_606' title='bbox 831 4425 964 4481; x_wconf 90' lang='lat' dir='ltr'>mali</span> <span class='ocrx_word' id='word_1_607' title='bbox 992 4426 1330 4482; x_wconf 90' lang='lat' dir='ltr'>calamitatis</span> <span class='ocrx_word' id='word_1_608' title='bbox 1360 4442 1496 4480; x_wconf 61' lang='lat' dir='ltr'>suas.</span> <span class='ocrx_word' id='word_1_609' title='bbox 1534 4426 1664 4480; x_wconf 68' lang='lat' dir='ltr'>Haec</span> <span class='ocrx_word' id='word_1_610' title='bbox 1695 4427 1854 4496; x_wconf 89' lang='lat' dir='ltr'>luge-</span> 
     </span>
    </p>
   </div>
   <div class='ocr_carea' id='block_1_75' title="bbox 1951 3299 3582 3369">
    <p class='ocr_par' dir='ltr' id='par_1_75' title="bbox 1951 3299 3582 3369">
     <span class='ocr_line' id='line_1_75' title="bbox 1951 3299 3582 3369; baseline -0.001 -10"><span class='ocrx_word' id='word_1_611' title='bbox 1951 3318 2197 3359; x_wconf 65' lang='lat' dir='ltr'>cmnms</span> <span class='ocrx_word' id='word_1_612' title='bbox 2271 3317 2659 3358; x_wconf 64' lang='lat' dir='ltr'>sema/mnus.</span> <span class='ocrx_word' id='word_1_613' title='bbox 2720 3300 2825 3364; x_wconf 87' lang='lat' dir='ltr'>Qui</span> <span class='ocrx_word' id='word_1_614' title='bbox 2892 3299 3226 3355; x_wconf 88' lang='lat' dir='ltr'>abstinuerit</span> <span class='ocrx_word' id='word_1_615' title='bbox 3263 3301 3474 3369; x_wconf 87' lang='lat' dir='ltr'>avino,</span> <span class='ocrx_word' id='word_1_616' title='bbox 3525 3305 3582 3357; x_wconf 89' lang='lat' dir='ltr'>et</span> 
     </span>
    </p>
   </div>
   <div class='ocr_carea' id='block_1_76' title="bbox 1951 3391 3581 3467">
    <p class='ocr_par' dir='ltr' id='par_1_76' title="bbox 1951 3391 3581 3467">
     <span class='ocr_line' id='line_1_76' title="bbox 1951 3391 3581 3467; baseline 0 -17"><span class='ocrx_word' id='word_1_617' title='bbox 1951 3396 2162 3467; x_wconf 91' lang='lat' dir='ltr'>Spiritu</span> <span class='ocrx_word' id='word_1_618' title='bbox 2190 3401 2380 3450; x_wconf 87' lang='lat' dir='ltr'>sancto</span> <span class='ocrx_word' id='word_1_619' title='bbox 2405 3395 2651 3466; x_wconf 88' lang='lat' dir='ltr'>repletus</span> <span class='ocrx_word' id='word_1_620' title='bbox 2676 3393 2869 3460; x_wconf 89' lang='lat' dir='ltr'>fuerit,</span> <span class='ocrx_word' id='word_1_621' title='bbox 2897 3393 3087 3447; x_wconf 87' lang='lat' dir='ltr'>omnia</span> <span class='ocrx_word' id='word_1_622' title='bbox 3105 3393 3215 3447; x_wconf 88' lang='lat' dir='ltr'>ista</span> <span class='ocrx_word' id='word_1_623' title='bbox 3239 3395 3451 3464; x_wconf 84' lang='lat' dir='ltr'>repleta</span> <span class='ocrx_word' id='word_1_624' title='bbox 3475 3391 3581 3466; x_wconf 88' lang='lat' dir='ltr'>[Ita</span> 
     </span>
    </p>
   </div>
   <div class='ocr_carea' id='block_1_77' title="bbox 1953 3486 3579 3562">
    <p class='ocr_par' dir='ltr' id='par_1_77' title="bbox 1953 3486 3579 3562">
     <span class='ocr_line' id='line_1_77' title="bbox 1953 3486 3579 3562; baseline -0.002 -17"><span class='ocrx_word' id='word_1_625' title='bbox 1953 3489 2103 3562; x_wconf 67' lang='lat' dir='ltr'>Cod]</span> <span class='ocrx_word' id='word_1_626' title='bbox 2138 3489 2364 3560; x_wconf 90' lang='lat' dir='ltr'>impleri</span> <span class='ocrx_word' id='word_1_627' title='bbox 2393 3488 2617 3558; x_wconf 88' lang='lat' dir='ltr'>poterit.</span> <span class='ocrx_word' id='word_1_628' title='bbox 2664 3486 2895 3555; x_wconf 87' lang='lat' dir='ltr'>Psalmi,</span> <span class='ocrx_word' id='word_1_629' title='bbox 2928 3489 2985 3540; x_wconf 90' lang='lat' dir='ltr'>et</span> <span class='ocrx_word' id='word_1_630' title='bbox 3009 3486 3236 3556; x_wconf 86' lang='lat' dir='ltr'>hymni,</span> <span class='ocrx_word' id='word_1_631' title='bbox 3273 3491 3329 3541; x_wconf 91' lang='lat' dir='ltr'>et</span> <span class='ocrx_word' id='word_1_632' title='bbox 3357 3487 3579 3542; x_wconf 85' lang='lat' dir='ltr'>cantica</span> 
     </span>
    </p>
   </div>
   <div class='ocr_carea' id='block_1_78' title="bbox 1951 3578 3580 3654">
    <p class='ocr_par' dir='ltr' id='par_1_78' title="bbox 1951 3578 3580 3654">
     <span class='ocr_line' id='line_1_78' title="bbox 1951 3578 3580 3654; baseline 0 -19"><span class='ocrx_word' id='word_1_633' title='bbox 1951 3583 2011 3636; x_wconf 88' lang='lat' dir='ltr'>in</span> <span class='ocrx_word' id='word_1_634' title='bbox 2026 3582 2289 3654; x_wconf 87' lang='lat' dir='ltr'>psalterio</span> <span class='ocrx_word' id='word_1_635' title='bbox 2310 3581 2676 3652; x_wconf 90' lang='lat' dir='ltr'>reperiuntur</span> <span class='ocrx_word' id='word_1_636' title='bbox 2701 3597 2717 3649; x_wconf 88' lang='lat'><strong>;</strong></span> <span class='ocrx_word' id='word_1_637' title='bbox 2748 3579 2846 3634; x_wconf 90' lang='lat' dir='ltr'>sed</span> <span class='ocrx_word' id='word_1_638' title='bbox 2869 3578 3018 3634; x_wconf 88' lang='lat' dir='ltr'>inter</span> <span class='ocrx_word' id='word_1_639' title='bbox 3037 3579 3321 3650; x_wconf 88' lang='lat' dir='ltr'>psalmum</span> <span class='ocrx_word' id='word_1_640' title='bbox 3347 3583 3405 3634; x_wconf 89' lang='lat' dir='ltr'>et</span> <span class='ocrx_word' id='word_1_641' title='bbox 3419 3580 3580 3652; x_wconf 82' lang='lat' dir='ltr'>hym-</span> 
     </span>
    </p>
   </div>
   <div class='ocr_carea' id='block_1_79' title="bbox 1951 3672 3576 3746">
    <p class='ocr_par' dir='ltr' id='par_1_79' title="bbox 1951 3672 3576 3746">
     <span class='ocr_line' id='line_1_79' title="bbox 1951 3672 3576 3746; baseline -0.001 -16"><span class='ocrx_word' id='word_1_642' title='bbox 1951 3693 2093 3730; x_wconf 90' lang='lat' dir='ltr'>num</span> <span class='ocrx_word' id='word_1_643' title='bbox 2114 3676 2221 3731; x_wconf 88' lang='lat' dir='ltr'>hoc</span> <span class='ocrx_word' id='word_1_644' title='bbox 2245 3675 2500 3740; x_wconf 89' lang='lat' dir='ltr'>interest,</span> <span class='ocrx_word' id='word_1_645' title='bbox 2529 3673 2678 3745; x_wconf 91' lang='lat' dir='ltr'>quod</span> <span class='ocrx_word' id='word_1_646' title='bbox 2709 3674 2956 3744; x_wconf 86' lang='lat' dir='ltr'>psalmus</span> <span class='ocrx_word' id='word_1_647' title='bbox 2985 3672 3226 3744; x_wconf 89' lang='lat' dir='ltr'>pertinet</span> <span class='ocrx_word' id='word_1_648' title='bbox 3247 3673 3319 3728; x_wconf 87' lang='lat' dir='ltr'>ad</span> <span class='ocrx_word' id='word_1_649' title='bbox 3349 3690 3576 3746; x_wconf 88' lang='lat' dir='ltr'>corpus,</span> 
     </span>
    </p>
   </div>
   <div class='ocr_carea' id='block_1_80' title="bbox 1953 3765 3578 3842">
    <p class='ocr_par' dir='ltr' id='par_1_80' title="bbox 1953 3765 3578 3842">
     <span class='ocr_line' id='line_1_80' title="bbox 1953 3765 3578 3842; baseline 0 -18"><span class='ocrx_word' id='word_1_650' title='bbox 1953 3769 2088 3842; x_wconf 87' lang='lat' dir='ltr'>quia</span> <span class='ocrx_word' id='word_1_651' title='bbox 2115 3787 2220 3840; x_wconf 85' lang='lat' dir='ltr'>per</span> <span class='ocrx_word' id='word_1_652' title='bbox 2247 3785 2526 3841; x_wconf 82' lang='lat' dir='ltr'>organum</span> <span class='ocrx_word' id='word_1_653' title='bbox 2553 3766 2808 3838; x_wconf 87' lang='lat' dir='ltr'>corporis</span> <span class='ocrx_word' id='word_1_654' title='bbox 2835 3765 3070 3822; x_wconf 89' lang='lat' dir='ltr'>discitur</span> <span class='ocrx_word' id='word_1_655' title='bbox 3095 3765 3342 3838; x_wconf 84' lang='lat' dir='ltr'>qualiter</span> <span class='ocrx_word' id='word_1_656' title='bbox 3378 3784 3578 3840; x_wconf 86' lang='lat' dir='ltr'>perve-</span> 
     </span>
    </p>
   </div>
   <div class='ocr_carea' id='block_1_81' title="bbox 1957 3860 3582 3934">
    <p class='ocr_par' dir='ltr' id='par_1_81' title="bbox 1957 3860 3582 3934">
     <span class='ocr_line' id='line_1_81' title="bbox 1957 3860 3582 3934; baseline 0 -16"><span class='ocrx_word' id='word_1_657' title='bbox 1957 3863 2146 3918; x_wconf 86' lang='lat' dir='ltr'>niatur</span> <span class='ocrx_word' id='word_1_658' title='bbox 2171 3863 2243 3918; x_wconf 87' lang='lat' dir='ltr'>ad</span> <span class='ocrx_word' id='word_1_659' title='bbox 2268 3877 2551 3934; x_wconf 88' lang='lat' dir='ltr'>organum</span> <span class='ocrx_word' id='word_1_660' title='bbox 2582 3861 2792 3916; x_wconf 90' lang='lat' dir='ltr'>mentis</span> <span class='ocrx_word' id='word_1_661' title='bbox 2819 3878 2836 3930; x_wconf 88' lang='lat'><strong>;</strong></span> <span class='ocrx_word' id='word_1_662' title='bbox 2868 3860 3116 3932; x_wconf 86' lang='lat' dir='ltr'>hymnus</span> <span class='ocrx_word' id='word_1_663' title='bbox 3162 3877 3296 3916; x_wconf 89' lang='lat' dir='ltr'>vero</span> <span class='ocrx_word' id='word_1_664' title='bbox 3334 3862 3582 3932; x_wconf 86' lang='lat' dir='ltr'>pertinet</span> 
     </span>
    </p>
   </div>
   <div class='ocr_carea' id='block_1_82' title="bbox 1954 3954 3578 4026">
    <p class='ocr_par' dir='ltr' id='par_1_82' title="bbox 1954 3954 3578 4026">
     <span class='ocr_line' id='line_1_82' title="bbox 1954 3954 3578 4026; baseline 0 -14"><span class='ocrx_word' id='word_1_665' title='bbox 1954 3957 2025 4013; x_wconf 90' lang='lat' dir='ltr'>ad</span> <span class='ocrx_word' id='word_1_666' title='bbox 2048 3957 2366 4012; x_wconf 86' lang='lat' dir='ltr'>orationem</span> <span class='ocrx_word' id='word_1_667' title='bbox 2393 3973 2410 4026; x_wconf 82' lang='lat'><strong>;</strong></span> <span class='ocrx_word' id='word_1_668' title='bbox 2443 3955 2726 4010; x_wconf 89' lang='lat' dir='ltr'>canticum</span> <span class='ocrx_word' id='word_1_669' title='bbox 2753 3955 2829 4010; x_wconf 85' lang='lat' dir='ltr'>ad</span> <span class='ocrx_word' id='word_1_670' title='bbox 2853 3955 3080 4010; x_wconf 89' lang='lat' dir='ltr'>laudem</span> <span class='ocrx_word' id='word_1_671' title='bbox 3106 3954 3228 4010; x_wconf 91' lang='lat' dir='ltr'>Dei.</span> <span class='ocrx_word' id='word_1_672' title='bbox 3257 3955 3313 4011; x_wconf 92' lang='lat' dir='ltr'>Si</span> <span class='ocrx_word' id='word_1_673' title='bbox 3341 3971 3473 4011; x_wconf 87' lang='lat' dir='ltr'>vero</span> <span class='ocrx_word' id='word_1_674' title='bbox 3497 3957 3578 4012; x_wconf 86' lang='lat' dir='ltr'>al-</span> 
     </span>
    </p>
   </div>
   <div class='ocr_carea' id='block_1_83' title="bbox 1953 4043 3633 4122">
    <p class='ocr_par' dir='ltr' id='par_1_83' title="bbox 1953 4043 3633 4122">
     <span class='ocr_line' id='line_1_83' title="bbox 1953 4043 3633 4122; baseline 0.001 -17"><span class='ocrx_word' id='word_1_675' title='bbox 1953 4051 2065 4106; x_wconf 88' lang='lat' dir='ltr'>tius</span> <span class='ocrx_word' id='word_1_676' title='bbox 2082 4050 2399 4122; x_wconf 87' lang='lat' dir='ltr'>intelligere</span> <span class='ocrx_word' id='word_1_677' title='bbox 2426 4049 2689 4118; x_wconf 87' lang='lat' dir='ltr'>volueris,</span> <span class='ocrx_word' id='word_1_678' title='bbox 2713 4047 2963 4120; x_wconf 84' lang='lat' dir='ltr'>psalmus</span> <span class='ocrx_word' id='word_1_679' title='bbox 2987 4047 3236 4118; x_wconf 88' lang='lat' dir='ltr'>pertinet</span> <span class='ocrx_word' id='word_1_680' title='bbox 3259 4049 3328 4104; x_wconf 89' lang='lat' dir='ltr'>ad</span> <span class='ocrx_word' id='word_1_681' title='bbox 3355 4067 3580 4122; x_wconf 88' lang='lat' dir='ltr'>corpus,</span> <span class='ocrx_word' id='word_1_682' title='bbox 3624 4043 3633 4049; x_wconf 77' lang='grc'><strong>’</strong></span> 
     </span>
    </p>
   </div>
   <div class='ocr_carea' id='block_1_84' title="bbox 1955 4141 3582 4218">
    <p class='ocr_par' dir='ltr' id='par_1_84' title="bbox 1955 4141 3582 4218">
     <span class='ocr_line' id='line_1_84' title="bbox 1955 4141 3582 4218; baseline -0.001 -18"><span class='ocrx_word' id='word_1_683' title='bbox 1955 4145 2204 4218; x_wconf 86' lang='lat' dir='ltr'>hymnus</span> <span class='ocrx_word' id='word_1_684' title='bbox 2245 4143 2317 4198; x_wconf 89' lang='lat' dir='ltr'>ad</span> <span class='ocrx_word' id='word_1_685' title='bbox 2345 4144 2571 4199; x_wconf 86' lang='lat' dir='ltr'>laudem</span> <span class='ocrx_word' id='word_1_686' title='bbox 2619 4141 2735 4212; x_wconf 91' lang='lat' dir='ltr'>Dei,</span> <span class='ocrx_word' id='word_1_687' title='bbox 2779 4142 3062 4197; x_wconf 88' lang='lat' dir='ltr'>canticum</span> <span class='ocrx_word' id='word_1_688' title='bbox 3090 4142 3160 4196; x_wconf 87' lang='lat' dir='ltr'>ad</span> <span class='ocrx_word' id='word_1_689' title='bbox 3189 4142 3582 4198; x_wconf 86' lang='lat' dir='ltr'>fortitudinem</span> 
     </span>
    </p>
   </div>
   <div class='ocr_carea' id='block_1_85' title="bbox 1957 4233 3580 4307">
    <p class='ocr_par' dir='ltr' id='par_1_85' title="bbox 1957 4233 3580 4307">
     <span class='ocr_line' id='line_1_85' title="bbox 1957 4233 3580 4307; baseline -0.002 -13"><span class='ocrx_word' id='word_1_690' title='bbox 1957 4244 2016 4296; x_wconf 91' lang='lat' dir='ltr'>et</span> <span class='ocrx_word' id='word_1_691' title='bbox 2036 4239 2299 4294; x_wconf 87' lang='lat' dir='ltr'>virtutem</span> <span class='ocrx_word' id='word_1_692' title='bbox 2325 4237 2442 4292; x_wconf 91' lang='lat' dir='ltr'>Dei.</span> <span class='ocrx_word' id='word_1_693' title='bbox 2467 4239 2534 4292; x_wconf 88' lang='lat' dir='ltr'>Et</span> <span class='ocrx_word' id='word_1_694' title='bbox 2550 4242 2684 4292; x_wconf 91' lang='lat' dir='ltr'>nota</span> <span class='ocrx_word' id='word_1_695' title='bbox 2707 4235 2840 4307; x_wconf 87' lang='lat' dir='ltr'>quia</span> <span class='ocrx_word' id='word_1_696' title='bbox 2860 4251 2990 4290; x_wconf 90' lang='lat' dir='ltr'>cum</span> <span class='ocrx_word' id='word_1_697' title='bbox 3014 4233 3148 4289; x_wconf 88' lang='lat' dir='ltr'>dicit</span> <span class='ocrx_word' id='word_1_698' title='bbox 3159 4235 3406 4304; x_wconf 86' lang='lat' dir='ltr'>psalmis,</span> <span class='ocrx_word' id='word_1_699' title='bbox 3423 4237 3580 4305; x_wconf 79' lang='lat' dir='ltr'>hym-</span> 
     </span>
    </p>
   </div>
   <div class='ocr_carea' id='block_1_86' title="bbox 1955 4327 3584 4400">
    <p class='ocr_par' dir='ltr' id='par_1_86' title="bbox 1955 4327 3584 4400">
     <span class='ocr_line' id='line_1_86' title="bbox 1955 4327 3584 4400; baseline -0.003 -11"><span class='ocrx_word' id='word_1_700' title='bbox 1955 4336 2060 4397; x_wconf 86' lang='lat' dir='ltr'>nis,</span> <span class='ocrx_word' id='word_1_701' title='bbox 2087 4337 2139 4388; x_wconf 90' lang='lat' dir='ltr'>et</span> <span class='ocrx_word' id='word_1_702' title='bbox 2164 4333 2408 4394; x_wconf 87' lang='lat' dir='ltr'>canticis,</span> <span class='ocrx_word' id='word_1_703' title='bbox 2435 4329 2650 4385; x_wconf 89' lang='lat' dir='ltr'>addidit</span> <span class='ocrx_word' id='word_1_704' title='bbox 2674 4329 3032 4399; x_wconf 82' lang='lat' dir='ltr'>spiritalibus,</span> <span class='ocrx_word' id='word_1_705' title='bbox 3065 4327 3216 4398; x_wconf 92' lang='lat' dir='ltr'>quod</span> <span class='ocrx_word' id='word_1_706' title='bbox 3243 4327 3435 4400; x_wconf 84' lang='lat' dir='ltr'>utique</span> <span class='ocrx_word' id='word_1_707' title='bbox 3464 4344 3584 4384; x_wconf 89' lang='lat' dir='ltr'>non</span> 
     </span>
    </p>
   </div>
   <div class='ocr_carea' id='block_1_87' title="bbox 1957 4419 3582 4496">
    <p class='ocr_par' dir='ltr' id='par_1_87' title="bbox 1957 4419 3582 4496">
     <span class='ocr_line' id='line_1_87' title="bbox 1957 4419 3582 4496; baseline -0.003 -15"><span class='ocrx_word' id='word_1_708' title='bbox 1957 4427 2196 4496; x_wconf 86' lang='lat' dir='ltr'>fecisset,</span> <span class='ocrx_word' id='word_1_709' title='bbox 2225 4425 2335 4481; x_wconf 91' lang='lat' dir='ltr'>nisi</span> <span class='ocrx_word' id='word_1_710' title='bbox 2366 4425 2556 4478; x_wconf 89' lang='lat' dir='ltr'>essent</span> <span class='ocrx_word' id='word_1_711' title='bbox 2585 4420 2801 4476; x_wconf 88' lang='lat' dir='ltr'>cantica</span> <span class='ocrx_word' id='word_1_712' title='bbox 2828 4437 2957 4491; x_wconf 72' lang='lat' dir='ltr'>quae</span> <span class='ocrx_word' id='word_1_713' title='bbox 2985 4437 3100 4474; x_wconf 92' lang='lat' dir='ltr'>non</span> <span class='ocrx_word' id='word_1_714' title='bbox 3127 4423 3260 4474; x_wconf 90' lang='lat' dir='ltr'>sunt</span> <span class='ocrx_word' id='word_1_715' title='bbox 3286 4419 3582 4494; x_wconf 81' lang='lat' dir='ltr'>spiritalia,</span> 
     </span>
    </p>
   </div>
   <div class='ocr_carea' id='block_1_88' title="bbox 220 4512 3580 4612">
    <p class='ocr_par' dir='ltr' id='par_1_88' title="bbox 220 4512 3580 4612">
     <span class='ocr_line' id='line_1_88' title="bbox 220 4512 3580 4612; baseline -0.001 -38"><span class='ocrx_word' id='word_1_716' title='bbox 220 4519 324 4575; x_wconf 88' lang='lat' dir='ltr'>bat</span> <span class='ocrx_word' id='word_1_717' title='bbox 344 4519 634 4592; x_wconf 88' lang='lat' dir='ltr'>propheta</span> <span class='ocrx_word' id='word_1_718' title='bbox 659 4535 790 4574; x_wconf 92' lang='lat' dir='ltr'>cum</span> <span class='ocrx_word' id='word_1_719' title='bbox 819 4519 1070 4575; x_wconf 89' lang='lat' dir='ltr'>diceret:</span> <span class='ocrx_word' id='word_1_720' title='bbox 1107 4522 1225 4576; x_wconf 88' lang='lat' dir='ltr'>Heu</span> <span class='ocrx_word' id='word_1_721' title='bbox 1266 4521 1384 4575; x_wconf 88' lang='lat' dir='ltr'>me!</span> <span class='ocrx_word' id='word_1_722' title='bbox 1421 4520 1554 4590; x_wconf 88' lang='lat' dir='ltr'>quia</span> <span class='ocrx_word' id='word_1_723' title='bbox 1589 4519 1858 4573; x_wconf 83' lang='lat' dir='ltr'>incolatus</span> <span class='ocrx_word' id='word_1_724' title='bbox 1877 4541 1936 4612; x_wconf 72' lang='grc' dir='ltr'>Β</span> <span class='ocrx_word' id='word_1_725' title='bbox 1959 4520 2101 4574; x_wconf 91' lang='lat' dir='ltr'>sicut</span> <span class='ocrx_word' id='word_1_726' title='bbox 2124 4523 2256 4573; x_wconf 91' lang='lat' dir='ltr'>sunt</span> <span class='ocrx_word' id='word_1_727' title='bbox 2273 4515 2529 4572; x_wconf 86' lang='lat' dir='ltr'>carmina</span> <span class='ocrx_word' id='word_1_728' title='bbox 2555 4519 2873 4588; x_wconf 88' lang='lat' dir='ltr'>poetarum,</span> <span class='ocrx_word' id='word_1_729' title='bbox 2915 4512 3061 4568; x_wconf 88' lang='lat' dir='ltr'>dicta</span> <span class='ocrx_word' id='word_1_730' title='bbox 3089 4513 3580 4587; x_wconf 87' lang='lat' dir='ltr'>philosophorum,</span> 
     </span>
    </p>
   </div>
   <div class='ocr_carea' id='block_1_89' title="bbox 223 4612 1859 4685">
    <p class='ocr_par' dir='ltr' id='par_1_89' title="bbox 223 4612 1859 4685">
     <span class='ocr_line' id='line_1_89' title="bbox 223 4612 1859 4685; baseline -0.002 -15"><span class='ocrx_word' id='word_1_731' title='bbox 223 4629 371 4670; x_wconf 87' lang='lat' dir='ltr'>meus</span> <span class='ocrx_word' id='word_1_732' title='bbox 392 4615 752 4685; x_wconf 87' lang='lat' dir='ltr'>prolongatus</span> <span class='ocrx_word' id='word_1_733' title='bbox 777 4619 872 4669; x_wconf 89' lang='lat' dir='ltr'>est.</span> <span class='ocrx_word' id='word_1_734' title='bbox 912 4613 1068 4678; x_wconf 83' lang='lat' dir='ltr'>Quos</span> <span class='ocrx_word' id='word_1_735' title='bbox 1105 4613 1226 4668; x_wconf 89' lang='lat' dir='ltr'>dies</span> <span class='ocrx_word' id='word_1_736' title='bbox 1261 4613 1548 4668; x_wconf 91' lang='lat' dir='ltr'>redimere</span> <span class='ocrx_word' id='word_1_737' title='bbox 1581 4612 1859 4667; x_wconf 88' lang='lat' dir='ltr'>debemus</span> 
     </span>
    </p>
   </div>
   <div class='ocr_carea' id='block_1_90' title="bbox 225 4707 1861 4780">
    <p class='ocr_par' dir='ltr' id='par_1_90' title="bbox 225 4707 1861 4780">
     <span class='ocr_line' id='line_1_90' title="bbox 225 4707 1861 4780; baseline -0.001 -18"><span class='ocrx_word' id='word_1_738' title='bbox 225 4707 592 4776; x_wconf 78' lang='lat' dir='ltr'>abstinendo,</span> <span class='ocrx_word' id='word_1_739' title='bbox 609 4707 952 4780; x_wconf 89' lang='lat' dir='ltr'>jejunando,</span> <span class='ocrx_word' id='word_1_740' title='bbox 973 4707 1213 4775; x_wconf 90' lang='lat' dir='ltr'>orando,</span> <span class='ocrx_word' id='word_1_741' title='bbox 1234 4707 1548 4778; x_wconf 86' lang='lat' dir='ltr'>vigilando,</span> <span class='ocrx_word' id='word_1_742' title='bbox 1579 4709 1636 4761; x_wconf 91' lang='lat' dir='ltr'>et</span> <span class='ocrx_word' id='word_1_743' title='bbox 1655 4710 1861 4761; x_wconf 59' lang='lat' dir='ltr'>caetera</span> 
     </span>
    </p>
   </div>
   <div class='ocr_carea' id='block_1_91' title="bbox 226 4799 1858 4873">
    <p class='ocr_par' dir='ltr' id='par_1_91' title="bbox 226 4799 1858 4873">
     <span class='ocr_line' id='line_1_91' title="bbox 226 4799 1858 4873; baseline -0.001 -17"><span class='ocrx_word' id='word_1_744' title='bbox 226 4818 354 4872; x_wconf 69' lang='lat' dir='ltr'>quae</span> <span class='ocrx_word' id='word_1_745' title='bbox 377 4802 659 4857; x_wconf 89' lang='lat' dir='ltr'>Dominus</span> <span class='ocrx_word' id='word_1_746' title='bbox 671 4801 839 4872; x_wconf 87' lang='lat' dir='ltr'>jussit</span> <span class='ocrx_word' id='word_1_747' title='bbox 866 4801 1182 4873; x_wconf 88' lang='lat' dir='ltr'>implendo.</span> <span class='ocrx_word' id='word_1_748' title='bbox 1214 4800 1380 4866; x_wconf 83' lang='lat' dir='ltr'>Quod</span> <span class='ocrx_word' id='word_1_749' title='bbox 1405 4799 1502 4872; x_wconf 90' lang='lat' dir='ltr'>qui</span> <span class='ocrx_word' id='word_1_750' title='bbox 1523 4799 1678 4868; x_wconf 88' lang='lat' dir='ltr'>facit,</span> <span class='ocrx_word' id='word_1_751' title='bbox 1706 4800 1858 4854; x_wconf 89' lang='lat' dir='ltr'>redi-</span> 
     </span>
    </p>
   </div>
   <div class='ocr_carea' id='block_1_92' title="bbox 224 4893 1861 4967">
    <p class='ocr_par' dir='ltr' id='par_1_92' title="bbox 224 4893 1861 4967">
     <span class='ocr_line' id='line_1_92' title="bbox 224 4893 1861 4967; baseline -0.001 -17"><span class='ocrx_word' id='word_1_752' title='bbox 224 4896 331 4950; x_wconf 87' lang='lat' dir='ltr'>mit</span> <span class='ocrx_word' id='word_1_753' title='bbox 352 4895 474 4951; x_wconf 91' lang='lat' dir='ltr'>dies</span> <span class='ocrx_word' id='word_1_754' title='bbox 497 4897 698 4962; x_wconf 89' lang='lat' dir='ltr'>malos,</span> <span class='ocrx_word' id='word_1_755' title='bbox 724 4898 781 4949; x_wconf 89' lang='lat' dir='ltr'>et</span> <span class='ocrx_word' id='word_1_756' title='bbox 807 4895 946 4950; x_wconf 87' lang='lat' dir='ltr'>facit</span> <span class='ocrx_word' id='word_1_757' title='bbox 966 4911 1078 4950; x_wconf 91' lang='lat' dir='ltr'>non</span> <span class='ocrx_word' id='word_1_758' title='bbox 1107 4895 1406 4966; x_wconf 74' lang='lat' dir='ltr'>przesentis</span> <span class='ocrx_word' id='word_1_759' title='bbox 1435 4894 1731 4967; x_wconf 85' lang='lat' dir='ltr'>temporis,</span> <span class='ocrx_word' id='word_1_760' title='bbox 1760 4893 1861 4949; x_wconf 91' lang='lat' dir='ltr'>sed</span> 
     </span>
    </p>
   </div>
   <div class='ocr_carea' id='block_1_93' title="bbox 224 4987 1862 5061">
    <p class='ocr_par' dir='ltr' id='par_1_93' title="bbox 224 4987 1862 5061">
     <span class='ocr_line' id='line_1_93' title="bbox 224 4987 1862 5061; baseline -0.001 -17"><span class='ocrx_word' id='word_1_761' title='bbox 224 4988 426 5057; x_wconf 88' lang='lat' dir='ltr'>futuri,</span> <span class='ocrx_word' id='word_1_762' title='bbox 460 4987 581 5044; x_wconf 89' lang='lat' dir='ltr'>dies</span> <span class='ocrx_word' id='word_1_763' title='bbox 609 4989 812 5044; x_wconf 91' lang='lat' dir='ltr'>bonos.</span> <span class='ocrx_word' id='word_1_764' title='bbox 837 4991 900 5044; x_wconf 92' lang='lat' dir='ltr'>ln</span> <span class='ocrx_word' id='word_1_765' title='bbox 921 4991 1148 5044; x_wconf 90' lang='lat' dir='ltr'>tantum</span> <span class='ocrx_word' id='word_1_766' title='bbox 1175 4991 1238 5042; x_wconf 89' lang='lat' dir='ltr'>ut</span> <span class='ocrx_word' id='word_1_767' title='bbox 1245 4989 1370 5060; x_wconf 89' lang='lat' dir='ltr'>jam</span> <span class='ocrx_word' id='word_1_768' title='bbox 1389 5005 1508 5044; x_wconf 92' lang='lat' dir='ltr'>non</span> <span class='ocrx_word' id='word_1_769' title='bbox 1534 4988 1739 5061; x_wconf 90' lang='lat' dir='ltr'>plurali</span> <span class='ocrx_word' id='word_1_770' title='bbox 1763 5005 1862 5042; x_wconf 92' lang='lat' dir='ltr'>nu-</span> 
     </span>
    </p>
   </div>
   <div class='ocr_carea' id='block_1_94' title="bbox 224 5081 1860 5155">
    <p class='ocr_par' dir='ltr' id='par_1_94' title="bbox 224 5081 1860 5155">
     <span class='ocr_line' id='line_1_94' title="bbox 224 5081 1860 5155; baseline -0.001 -17"><span class='ocrx_word' id='word_1_771' title='bbox 224 5099 392 5138; x_wconf 89' lang='lat' dir='ltr'>mero</span> <span class='ocrx_word' id='word_1_772' title='bbox 421 5082 542 5138; x_wconf 88' lang='lat' dir='ltr'>dies</span> <span class='ocrx_word' id='word_1_773' title='bbox 571 5081 814 5138; x_wconf 86' lang='lat' dir='ltr'>dicatur.</span> <span class='ocrx_word' id='word_1_774' title='bbox 837 5085 914 5138; x_wconf 90' lang='lat' dir='ltr'>De</span> <span class='ocrx_word' id='word_1_775' title='bbox 943 5097 1054 5154; x_wconf 89' lang='lat' dir='ltr'>qua</span> <span class='ocrx_word' id='word_1_776' title='bbox 1073 5083 1357 5155; x_wconf 89' lang='lat' dir='ltr'>propheta</span> <span class='ocrx_word' id='word_1_777' title='bbox 1387 5100 1400 5138; x_wconf 90' lang='lat'>:</span> <span class='ocrx_word' id='word_1_778' title='bbox 1434 5083 1626 5141; x_wconf 83' lang='lat' dir='ltr'>Melior</span> <span class='ocrx_word' id='word_1_779' title='bbox 1645 5087 1721 5138; x_wconf 87' lang='lat' dir='ltr'>est</span> <span class='ocrx_word' id='word_1_780' title='bbox 1747 5083 1860 5138; x_wconf 87' lang='lat' dir='ltr'>dies</span> 
     </span>
    </p>
   </div>
   <div class='ocr_carea' id='block_1_95' title="bbox 226 5177 1148 5248">
    <p class='ocr_par' dir='ltr' id='par_1_95' title="bbox 226 5177 1148 5248">
     <span class='ocr_line' id='line_1_95' title="bbox 226 5177 1148 5248; baseline -0.002 -16"><span class='ocrx_word' id='word_1_781' title='bbox 226 5193 340 5233; x_wconf 88' lang='lat' dir='ltr'>una</span> <span class='ocrx_word' id='word_1_782' title='bbox 367 5178 428 5231; x_wconf 89' lang='lat' dir='ltr'>in</span> <span class='ocrx_word' id='word_1_783' title='bbox 447 5179 605 5232; x_wconf 71' lang='lat' dir='ltr'>atriis</span> <span class='ocrx_word' id='word_1_784' title='bbox 629 5179 740 5232; x_wconf 86' lang='lat' dir='ltr'>tuis</span> <span class='ocrx_word' id='word_1_785' title='bbox 767 5192 928 5248; x_wconf 89' lang='lat' dir='ltr'>super</span> <span class='ocrx_word' id='word_1_786' title='bbox 950 5177 1148 5232; x_wconf 89' lang='lat' dir='ltr'>millia.</span> 
     </span>
    </p>
   </div>
   <div class='ocr_carea' id='block_1_96' title="bbox 301 5268 1862 5342">
    <p class='ocr_par' dir='ltr' id='par_1_96' title="bbox 301 5268 1862 5342">
     <span class='ocr_line' id='line_1_96' title="bbox 301 5268 1862 5342; baseline -0.002 -15"><span class='ocrx_word' id='word_1_787' title='bbox 301 5273 643 5338; x_wconf 70' lang='lat' dir='ltr'>Pnorrsnm,</span> <span class='ocrx_word' id='word_1_788' title='bbox 686 5286 874 5326; x_wconf 74' lang='lat' dir='ltr'>nomn</span> <span class='ocrx_word' id='word_1_789' title='bbox 915 5285 1056 5326; x_wconf 75' lang='lat' dir='ltr'>rum</span> <span class='ocrx_word' id='word_1_790' title='bbox 1092 5285 1483 5327; x_wconf 74' lang='lat' dir='ltr'>IMPRUDENTES.</span> <span class='ocrx_word' id='word_1_791' title='bbox 1523 5268 1862 5342; x_wconf 86' lang='lat' dir='ltr'>Imprudens</span> 
     </span>
    </p>
   </div>
   <div class='ocr_carea' id='block_1_97' title="bbox 232 5362 1860 5437">
    <p class='ocr_par' dir='ltr' id='par_1_97' title="bbox 232 5362 1860 5437">
     <span class='ocr_line' id='line_1_97' title="bbox 232 5362 1860 5437; baseline -0.002 -15"><span class='ocrx_word' id='word_1_792' title='bbox 232 5369 320 5422; x_wconf 87' lang='lat' dir='ltr'>est</span> <span class='ocrx_word' id='word_1_793' title='bbox 331 5363 426 5420; x_wconf 93' lang='lat' dir='ltr'>ille</span> <span class='ocrx_word' id='word_1_794' title='bbox 438 5365 614 5421; x_wconf 91' lang='lat' dir='ltr'>homo</span> <span class='ocrx_word' id='word_1_795' title='bbox 643 5364 739 5437; x_wconf 90' lang='lat' dir='ltr'>qui</span> <span class='ocrx_word' id='word_1_796' title='bbox 755 5381 872 5420; x_wconf 91' lang='lat' dir='ltr'>non</span> <span class='ocrx_word' id='word_1_797' title='bbox 885 5363 1162 5437; x_wconf 90' lang='lat' dir='ltr'>prospicit</span> <span class='ocrx_word' id='word_1_798' title='bbox 1179 5363 1284 5420; x_wconf 89' lang='lat' dir='ltr'>sibi</span> <span class='ocrx_word' id='word_1_799' title='bbox 1309 5363 1458 5420; x_wconf 90' lang='lat' dir='ltr'>viam</span> <span class='ocrx_word' id='word_1_800' title='bbox 1486 5381 1600 5436; x_wconf 88' lang='lat' dir='ltr'>qua</span> <span class='ocrx_word' id='word_1_801' title='bbox 1619 5362 1860 5436; x_wconf 88' lang='lat' dir='ltr'>gradere</span> 
     </span>
    </p>
   </div>
   <div class='ocr_carea' id='block_1_98' title="bbox 233 5457 1866 5528">
    <p class='ocr_par' dir='ltr' id='par_1_98' title="bbox 233 5457 1866 5528">
     <span class='ocr_line' id='line_1_98' title="bbox 233 5457 1866 5528; baseline -0.001 -14"><span class='ocrx_word' id='word_1_802' title='bbox 233 5459 462 5527; x_wconf 88' lang='lat' dir='ltr'>debeat,</span> <span class='ocrx_word' id='word_1_803' title='bbox 491 5475 564 5514; x_wconf 92' lang='lat' dir='ltr'>ne</span> <span class='ocrx_word' id='word_1_804' title='bbox 597 5457 874 5527; x_wconf 80' lang='lat' dir='ltr'>offendat,</span> <span class='ocrx_word' id='word_1_805' title='bbox 903 5458 1004 5514; x_wconf 90' lang='lat' dir='ltr'>sed</span> <span class='ocrx_word' id='word_1_806' title='bbox 1038 5462 1202 5514; x_wconf 90' lang='lat' dir='ltr'>caute</span> <span class='ocrx_word' id='word_1_807' title='bbox 1237 5459 1514 5513; x_wconf 89' lang='lat' dir='ltr'>ambulet.</span> <span class='ocrx_word' id='word_1_808' title='bbox 1554 5459 1674 5516; x_wconf 87' lang='lat' dir='ltr'>Non</span> <span class='ocrx_word' id='word_1_809' title='bbox 1705 5459 1866 5528; x_wconf 87' lang='lat' dir='ltr'>quasi</span> 
     </span>
    </p>
   </div>
   <div class='ocr_carea' id='block_1_99' title="bbox 230 5551 1861 5625">
    <p class='ocr_par' dir='ltr' id='par_1_99' title="bbox 230 5551 1861 5625">
     <span class='ocr_line' id='line_1_99' title="bbox 230 5551 1861 5625; baseline -0.002 -17"><span class='ocrx_word' id='word_1_810' title='bbox 230 5556 564 5625; x_wconf 86' lang='lat' dir='ltr'>insipientes,</span> <span class='ocrx_word' id='word_1_811' title='bbox 597 5553 691 5609; x_wconf 87' lang='lat' dir='ltr'>sed</span> <span class='ocrx_word' id='word_1_812' title='bbox 718 5557 778 5609; x_wconf 88' lang='lat' dir='ltr'>ut</span> <span class='ocrx_word' id='word_1_813' title='bbox 804 5555 1094 5624; x_wconf 88' lang='lat' dir='ltr'>sapientes.</span> <span class='ocrx_word' id='word_1_814' title='bbox 1125 5552 1464 5624; x_wconf 87' lang='lat' dir='ltr'>Imprudens</span> <span class='ocrx_word' id='word_1_815' title='bbox 1495 5554 1582 5607; x_wconf 90' lang='lat' dir='ltr'>est</span> <span class='ocrx_word' id='word_1_816' title='bbox 1607 5551 1704 5623; x_wconf 89' lang='lat' dir='ltr'>qui</span> <span class='ocrx_word' id='word_1_817' title='bbox 1747 5568 1861 5606; x_wconf 92' lang='lat' dir='ltr'>non</span> 
     </span>
    </p>
   </div>
   <div class='ocr_carea' id='block_1_100' title="bbox 234 5636 1864 5720">
    <p class='ocr_par' dir='ltr' id='par_1_100' title="bbox 234 5636 1864 5720">
     <span class='ocr_line' id='line_1_100' title="bbox 234 5636 1864 5720; baseline -0.001 -18"><span class='ocrx_word' id='word_1_818' title='bbox 234 5646 468 5703; x_wconf 89' lang='lat' dir='ltr'>redimit</span> <span class='ocrx_word' id='word_1_819' title='bbox 489 5649 717 5720; x_wconf 88' lang='lat' dir='ltr'>tempus</span> <span class='ocrx_word' id='word_1_820' title='bbox 747 5651 806 5702; x_wconf 90' lang='lat' dir='ltr'>et</span> <span class='ocrx_word' id='word_1_821' title='bbox 825 5647 946 5702; x_wconf 89' lang='lat' dir='ltr'>dies</span> <span class='ocrx_word' id='word_1_822' title='bbox 976 5647 1160 5703; x_wconf 89' lang='lat' dir='ltr'>malos</span> <span class='ocrx_word' id='word_1_823' title='bbox 1200 5645 1274 5701; x_wconf 89' lang='lat' dir='ltr'>ad</span> <span class='ocrx_word' id='word_1_824' title='bbox 1314 5636 1716 5718; x_wconf 59' lang='lat' dir='ltr'>paenitentiam</span> <span class='ocrx_word' id='word_1_825' title='bbox 1757 5644 1864 5700; x_wconf 86' lang='lat' dir='ltr'>sibi</span> 
     </span>
    </p>
   </div>
   <div class='ocr_carea' id='block_1_101' title="bbox 237 5741 1862 5814">
    <p class='ocr_par' dir='ltr' id='par_1_101' title="bbox 237 5741 1862 5814">
     <span class='ocr_line' id='line_1_101' title="bbox 237 5741 1862 5814; baseline -0.001 -16"><span class='ocrx_word' id='word_1_826' title='bbox 237 5757 556 5811; x_wconf 82' lang='lat' dir='ltr'>concessas,</span> <span class='ocrx_word' id='word_1_827' title='bbox 571 5741 644 5798; x_wconf 90' lang='lat' dir='ltr'>de</span> <span class='ocrx_word' id='word_1_828' title='bbox 688 5741 893 5814; x_wconf 89' lang='lat' dir='ltr'>quibus</span> <span class='ocrx_word' id='word_1_829' title='bbox 925 5741 1226 5814; x_wconf 87' lang='lat' dir='ltr'>Apostolus</span> <span class='ocrx_word' id='word_1_830' title='bbox 1257 5757 1270 5796; x_wconf 90' lang='lat'>:</span> <span class='ocrx_word' id='word_1_831' title='bbox 1307 5741 1535 5810; x_wconf 82' lang='lat' dir='ltr'>Ignoras</span> <span class='ocrx_word' id='word_1_832' title='bbox 1570 5742 1703 5812; x_wconf 89' lang='lat' dir='ltr'>quia</span> <span class='ocrx_word' id='word_1_833' title='bbox 1755 5756 1862 5813; x_wconf 86' lang='lat' dir='ltr'>pa-</span> 
     </span>
    </p>
   </div>
   <div class='ocr_carea' id='block_1_102' title="bbox 237 5833 1866 5912">
    <p class='ocr_par' dir='ltr' id='par_1_102' title="bbox 237 5833 1866 5912">
     <span class='ocr_line' id='line_1_102' title="bbox 237 5833 1866 5912; baseline -0.002 -17"><span class='ocrx_word' id='word_1_834' title='bbox 237 5839 430 5896; x_wconf 79' lang='lat' dir='ltr'>tientia</span> <span class='ocrx_word' id='word_1_835' title='bbox 466 5839 562 5895; x_wconf 82' lang='lat' dir='ltr'>Dei</span> <span class='ocrx_word' id='word_1_836' title='bbox 589 5835 665 5894; x_wconf 83' lang='lat' dir='ltr'>ad</span> <span class='ocrx_word' id='word_1_837' title='bbox 700 5837 1082 5908; x_wconf 77' lang='lat' dir='ltr'>paenitentiam</span> <span class='ocrx_word' id='word_1_838' title='bbox 1115 5840 1166 5893; x_wconf 87' lang='lat' dir='ltr'>te</span> <span class='ocrx_word' id='word_1_839' title='bbox 1191 5837 1496 5907; x_wconf 62' lang='lat' dir='ltr'>exspectet?</span> <span class='ocrx_word' id='word_1_840' title='bbox 1523 5833 1866 5912; x_wconf 82' lang='lat' dir='ltr'>Imprudens</span> 
     </span>
    </p>
   </div>
   <div class='ocr_carea' id='block_1_103' title="bbox 1959 4607 3588 4680">
    <p class='ocr_par' dir='ltr' id='par_1_103' title="bbox 1959 4607 3588 4680">
     <span class='ocr_line' id='line_1_103' title="bbox 1959 4607 3588 4680; baseline -0.002 -12"><span class='ocrx_word' id='word_1_841' title='bbox 1959 4611 2172 4668; x_wconf 88' lang='lat' dir='ltr'>cantica</span> <span class='ocrx_word' id='word_1_842' title='bbox 2197 4609 2505 4680; x_wconf 85' lang='lat' dir='ltr'>luxuriosa,</span> <span class='ocrx_word' id='word_1_843' title='bbox 2537 4614 2595 4665; x_wconf 88' lang='lat' dir='ltr'>et</span> <span class='ocrx_word' id='word_1_844' title='bbox 2617 4607 2788 4664; x_wconf 87' lang='lat' dir='ltr'>verba</span> <span class='ocrx_word' id='word_1_845' title='bbox 2819 4607 2999 4662; x_wconf 91' lang='lat' dir='ltr'>risum</span> <span class='ocrx_word' id='word_1_846' title='bbox 3023 4608 3326 4678; x_wconf 85' lang='lat' dir='ltr'>moventia,</span> <span class='ocrx_word' id='word_1_847' title='bbox 3359 4625 3488 4680; x_wconf 66' lang='lat' dir='ltr'>quas</span> <span class='ocrx_word' id='word_1_848' title='bbox 3511 4610 3588 4664; x_wconf 87' lang='lat' dir='ltr'>ad</span> 
     </span>
    </p>
   </div>
   <div class='ocr_carea' id='block_1_104' title="bbox 1959 4701 3587 4776">
    <p class='ocr_par' dir='ltr' id='par_1_104' title="bbox 1959 4701 3587 4776">
     <span class='ocr_line' id='line_1_104' title="bbox 1959 4701 3587 4776; baseline -0.001 -14"><span class='ocrx_word' id='word_1_849' title='bbox 1959 4723 2081 4762; x_wconf 91' lang='lat' dir='ltr'>rem</span> <span class='ocrx_word' id='word_1_850' title='bbox 2107 4722 2224 4761; x_wconf 91' lang='lat' dir='ltr'>non</span> <span class='ocrx_word' id='word_1_851' title='bbox 2251 4703 2556 4776; x_wconf 88' lang='lat' dir='ltr'>pertinent,</span> <span class='ocrx_word' id='word_1_852' title='bbox 2589 4707 2648 4758; x_wconf 91' lang='lat' dir='ltr'>et</span> <span class='ocrx_word' id='word_1_853' title='bbox 2671 4701 2996 4758; x_wconf 88' lang='lat' dir='ltr'>scurrilitas.</span> <span class='ocrx_word' id='word_1_854' title='bbox 3028 4703 3086 4758; x_wconf 80' lang='lat' dir='ltr'>IN</span> <span class='ocrx_word' id='word_1_855' title='bbox 3131 4718 3324 4759; x_wconf 77' lang='lat' dir='ltr'>GRATIA</span> <span class='ocrx_word' id='word_1_856' title='bbox 3356 4719 3587 4762; x_wconf 57' lang='lat' dir='ltr'><strong>CANTAN‘</strong></span> 
     </span>
    </p>
   </div>
   <div class='ocr_carea' id='block_1_105' title="bbox 1959 4796 3589 4867">
    <p class='ocr_par' dir='ltr' id='par_1_105' title="bbox 1959 4796 3589 4867">
     <span class='ocr_line' id='line_1_105' title="bbox 1959 4796 3589 4867; baseline -0.002 -11"><span class='ocrx_word' id='word_1_857' title='bbox 1959 4816 2054 4857; x_wconf 73' lang='lat' dir='ltr'>res</span> <span class='ocrx_word' id='word_1_858' title='bbox 2080 4816 2133 4856; x_wconf 74' lang='lat' dir='ltr'>IN</span> <span class='ocrx_word' id='word_1_859' title='bbox 2161 4814 2426 4856; x_wconf 82' lang='lat' dir='ltr'>CORDIBUS</span> <span class='ocrx_word' id='word_1_860' title='bbox 2457 4813 2700 4854; x_wconf 77' lang='lat' dir='ltr'>vusrms.</span> <span class='ocrx_word' id='word_1_861' title='bbox 2732 4796 2974 4852; x_wconf 83' lang='lat' dir='ltr'>Audiant</span> <span class='ocrx_word' id='word_1_862' title='bbox 2999 4796 3108 4853; x_wconf 91' lang='lat' dir='ltr'>hoc</span> <span class='ocrx_word' id='word_1_863' title='bbox 3135 4796 3318 4867; x_wconf 89' lang='lat' dir='ltr'>pueri,</span> <span class='ocrx_word' id='word_1_864' title='bbox 3357 4797 3589 4852; x_wconf 86' lang='lat' dir='ltr'>audiant</span> 
     </span>
    </p>
   </div>
   <div class='ocr_carea' id='block_1_106' title="bbox 1959 4889 3582 4962">
    <p class='ocr_par' dir='ltr' id='par_1_106' title="bbox 1959 4889 3582 4962">
     <span class='ocr_line' id='line_1_106' title="bbox 1959 4889 3582 4962; baseline -0.002 -12"><span class='ocrx_word' id='word_1_865' title='bbox 1959 4895 2357 4962; x_wconf 87' lang='lat' dir='ltr'>adolescentes,</span> <span class='ocrx_word' id='word_1_866' title='bbox 2400 4897 2456 4948; x_wconf 91' lang='lat' dir='ltr'>et</span> <span class='ocrx_word' id='word_1_867' title='bbox 2507 4890 2691 4946; x_wconf 90' lang='lat' dir='ltr'>omnis</span> <span class='ocrx_word' id='word_1_868' title='bbox 2734 4890 2873 4946; x_wconf 86' lang='lat' dir='ltr'>ordo</span> <span class='ocrx_word' id='word_1_869' title='bbox 2916 4889 3334 4958; x_wconf 86' lang='lat' dir='ltr'>ecclesiasticus,</span> <span class='ocrx_word' id='word_1_870' title='bbox 3375 4890 3582 4961; x_wconf 90' lang='lat' dir='ltr'>quibus</span> 
     </span>
    </p>
   </div>
   <div class='ocr_carea' id='block_1_107' title="bbox 1962 4981 3583 5059">
    <p class='ocr_par' dir='ltr' id='par_1_107' title="bbox 1962 4981 3583 5059">
     <span class='ocr_line' id='line_1_107' title="bbox 1962 4981 3583 5059; baseline -0.002 -16"><span class='ocrx_word' id='word_1_871' title='bbox 1962 4988 2214 5044; x_wconf 83' lang='lat' dir='ltr'>ofﬁcium</span> <span class='ocrx_word' id='word_1_872' title='bbox 2248 4985 2529 5059; x_wconf 88' lang='lat' dir='ltr'>psallendi</span> <span class='ocrx_word' id='word_1_873' title='bbox 2554 4981 2919 5040; x_wconf 90' lang='lat' dir='ltr'>commissum</span> <span class='ocrx_word' id='word_1_874' title='bbox 2941 4988 3026 5039; x_wconf 88' lang='lat' dir='ltr'>est</span> <span class='ocrx_word' id='word_1_875' title='bbox 3048 4983 3108 5038; x_wconf 89' lang='lat' dir='ltr'>in</span> <span class='ocrx_word' id='word_1_876' title='bbox 3133 4981 3394 5053; x_wconf 87' lang='lat' dir='ltr'>Ecclesia,</span> <span class='ocrx_word' id='word_1_877' title='bbox 3417 4985 3482 5039; x_wconf 85' lang='lat' dir='ltr'>ut</span> <span class='ocrx_word' id='word_1_878' title='bbox 3507 4983 3583 5040; x_wconf 75' lang='lat' dir='ltr'>si-</span> 
     </span>
    </p>
   </div>
   <div class='ocr_carea' id='block_1_108' title="bbox 1961 5074 3588 5154">
    <p class='ocr_par' dir='ltr' id='par_1_108' title="bbox 1961 5074 3588 5154">
     <span class='ocr_line' id='line_1_108' title="bbox 1961 5074 3588 5154; baseline -0.001 -16"><span class='ocrx_word' id='word_1_879' title='bbox 1961 5087 2055 5138; x_wconf 90' lang='lat' dir='ltr'>cut</span> <span class='ocrx_word' id='word_1_880' title='bbox 2076 5081 2324 5154; x_wconf 88' lang='lat' dir='ltr'>psallunt</span> <span class='ocrx_word' id='word_1_881' title='bbox 2347 5097 2463 5151; x_wconf 92' lang='lat' dir='ltr'>ore,</span> <span class='ocrx_word' id='word_1_882' title='bbox 2489 5079 2726 5152; x_wconf 86' lang='lat' dir='ltr'>psallere</span> <span class='ocrx_word' id='word_1_883' title='bbox 2747 5077 2962 5132; x_wconf 89' lang='lat' dir='ltr'>discant</span> <span class='ocrx_word' id='word_1_884' title='bbox 2987 5081 3045 5132; x_wconf 90' lang='lat' dir='ltr'>et</span> <span class='ocrx_word' id='word_1_885' title='bbox 3067 5075 3256 5148; x_wconf 85' lang='lat' dir='ltr'>corde,</span> <span class='ocrx_word' id='word_1_886' title='bbox 3277 5093 3350 5133; x_wconf 87' lang='lat' dir='ltr'>ne</span> <span class='ocrx_word' id='word_1_887' title='bbox 3365 5074 3588 5136; x_wconf 86' lang='lat' dir='ltr'>dicatur</span> 
     </span>
    </p>
   </div>
   <div class='ocr_carea' id='block_1_109' title="bbox 1961 5171 3589 5247">
    <p class='ocr_par' dir='ltr' id='par_1_109' title="bbox 1961 5171 3589 5247">
     <span class='ocr_line' id='line_1_109' title="bbox 1961 5171 3589 5247; baseline -0.001 -16"><span class='ocrx_word' id='word_1_888' title='bbox 1961 5177 2030 5232; x_wconf 90' lang='lat' dir='ltr'>de</span> <span class='ocrx_word' id='word_1_889' title='bbox 2054 5175 2164 5231; x_wconf 88' lang='lat' dir='ltr'>illis</span> <span class='ocrx_word' id='word_1_890' title='bbox 2196 5192 2210 5231; x_wconf 93' lang='lat'>:</span> <span class='ocrx_word' id='word_1_891' title='bbox 2240 5176 2475 5247; x_wconf 86' lang='lat' dir='ltr'>Populus</span> <span class='ocrx_word' id='word_1_892' title='bbox 2517 5175 2602 5228; x_wconf 81' lang='lat' dir='ltr'>hic</span> <span class='ocrx_word' id='word_1_893' title='bbox 2647 5171 2809 5226; x_wconf 87' lang='lat' dir='ltr'>labiis</span> <span class='ocrx_word' id='word_1_894' title='bbox 2849 5185 2933 5226; x_wconf 87' lang='lat' dir='ltr'>me</span> <span class='ocrx_word' id='word_1_895' title='bbox 2977 5171 3226 5235; x_wconf 83' lang='lat' dir='ltr'>honorat,</span> <span class='ocrx_word' id='word_1_896' title='bbox 3267 5187 3358 5228; x_wconf 88' lang='lat' dir='ltr'>cor</span> <span class='ocrx_word' id='word_1_897' title='bbox 3407 5175 3589 5230; x_wconf 82' lang='lat' dir='ltr'>autem</span> 
     </span>
    </p>
   </div>
   <div class='ocr_carea' id='block_1_110' title="bbox 1960 5264 3584 5340">
    <p class='ocr_par' dir='ltr' id='par_1_110' title="bbox 1960 5264 3584 5340">
     <span class='ocr_line' id='line_1_110' title="bbox 1960 5264 3584 5340; baseline -0.001 -13"><span class='ocrx_word' id='word_1_898' title='bbox 1960 5287 2140 5327; x_wconf 86' lang='lat' dir='ltr'>eorum</span> <span class='ocrx_word' id='word_1_899' title='bbox 2165 5271 2316 5340; x_wconf 88' lang='lat' dir='ltr'>longe</span> <span class='ocrx_word' id='word_1_900' title='bbox 2341 5273 2420 5324; x_wconf 88' lang='lat' dir='ltr'>est</span> <span class='ocrx_word' id='word_1_901' title='bbox 2435 5285 2472 5323; x_wconf 89' lang='lat' dir='ltr'>a</span> <span class='ocrx_word' id='word_1_902' title='bbox 2499 5283 2598 5322; x_wconf 89' lang='lat' dir='ltr'>me.</span> <span class='ocrx_word' id='word_1_903' title='bbox 2629 5267 2672 5322; x_wconf 89' lang='lat' dir='ltr'><strong>E</strong></span> <span class='ocrx_word' id='word_1_904' title='bbox 2697 5267 2893 5319; x_wconf 78' lang='lat' dir='ltr'>contra</span> <span class='ocrx_word' id='word_1_905' title='bbox 2923 5264 3088 5320; x_wconf 88' lang='lat' dir='ltr'>multi</span> <span class='ocrx_word' id='word_1_906' title='bbox 3121 5265 3372 5338; x_wconf 85' lang='lat' dir='ltr'>psallunt</span> <span class='ocrx_word' id='word_1_907' title='bbox 3395 5265 3584 5340; x_wconf 85' lang='lat' dir='ltr'>corde,</span> 
     </span>
    </p>
   </div>
   <div class='ocr_carea' id='block_1_111' title="bbox 1960 5357 3588 5436">
    <p class='ocr_par' dir='ltr' id='par_1_111' title="bbox 1960 5357 3588 5436">
     <span class='ocr_line' id='line_1_111' title="bbox 1960 5357 3588 5436; baseline -0.002 -16"><span class='ocrx_word' id='word_1_908' title='bbox 1960 5369 2018 5420; x_wconf 91' lang='lat' dir='ltr'>et</span> <span class='ocrx_word' id='word_1_909' title='bbox 2040 5379 2157 5421; x_wconf 91' lang='lat' dir='ltr'>non</span> <span class='ocrx_word' id='word_1_910' title='bbox 2181 5363 2426 5436; x_wconf 87' lang='lat' dir='ltr'>psallunt</span> <span class='ocrx_word' id='word_1_911' title='bbox 2455 5377 2572 5416; x_wconf 91' lang='lat' dir='ltr'>ore.</span> <span class='ocrx_word' id='word_1_912' title='bbox 2599 5359 2860 5418; x_wconf 87' lang='lat' dir='ltr'>Clamant</span> <span class='ocrx_word' id='word_1_913' title='bbox 2883 5358 3072 5429; x_wconf 91' lang='lat' dir='ltr'>corde,</span> <span class='ocrx_word' id='word_1_914' title='bbox 3105 5357 3273 5417; x_wconf 91' lang='lat' dir='ltr'>silent</span> <span class='ocrx_word' id='word_1_915' title='bbox 3289 5378 3405 5418; x_wconf 88' lang='lat' dir='ltr'>ore.</span> <span class='ocrx_word' id='word_1_916' title='bbox 3434 5363 3588 5420; x_wconf 83' lang='lat' dir='ltr'>Sicut</span> 
     </span>
    </p>
   </div>
   <div class='ocr_carea' id='block_1_112' title="bbox 1962 5452 3585 5520">
    <p class='ocr_par' dir='ltr' id='par_1_112' title="bbox 1962 5452 3585 5520">
     <span class='ocr_line' id='line_1_112' title="bbox 1962 5452 3585 5520; baseline -0.001 -8"><span class='ocrx_word' id='word_1_917' title='bbox 1962 5457 2057 5514; x_wconf 91' lang='lat' dir='ltr'>ille</span> <span class='ocrx_word' id='word_1_918' title='bbox 2108 5456 2343 5512; x_wconf 85' lang='lat' dir='ltr'>faciebat</span> <span class='ocrx_word' id='word_1_919' title='bbox 2386 5454 2476 5509; x_wconf 92' lang='lat' dir='ltr'>cui</span> <span class='ocrx_word' id='word_1_920' title='bbox 2528 5453 2772 5508; x_wconf 89' lang='lat' dir='ltr'>dicitur:</span> <span class='ocrx_word' id='word_1_921' title='bbox 2807 5452 2950 5520; x_wconf 85' lang='lat' dir='ltr'>Quid</span> <span class='ocrx_word' id='word_1_922' title='bbox 2997 5453 3203 5511; x_wconf 87' lang='lat' dir='ltr'>clamas</span> <span class='ocrx_word' id='word_1_923' title='bbox 3251 5455 3327 5510; x_wconf 86' lang='lat' dir='ltr'>ad</span> <span class='ocrx_word' id='word_1_924' title='bbox 3364 5457 3494 5510; x_wconf 79' lang='lat' dir='ltr'>me?</span> <span class='ocrx_word' id='word_1_925' title='bbox 3541 5456 3585 5510; x_wconf 88' lang='lat' dir='ltr'><strong>E</strong></span> 
     </span>
    </p>
   </div>
   <div class='ocr_carea' id='block_1_113' title="bbox 1961 5545 3582 5618">
    <p class='ocr_par' dir='ltr' id='par_1_113' title="bbox 1961 5545 3582 5618">
     <span class='ocr_line' id='line_1_113' title="bbox 1961 5545 3582 5618; baseline -0.003 -12"><span class='ocrx_word' id='word_1_926' title='bbox 1961 5556 2112 5606; x_wconf 90' lang='lat' dir='ltr'>certe</span> <span class='ocrx_word' id='word_1_927' title='bbox 2145 5549 2220 5604; x_wconf 91' lang='lat' dir='ltr'>ibi</span> <span class='ocrx_word' id='word_1_928' title='bbox 2249 5563 2366 5602; x_wconf 91' lang='lat' dir='ltr'>non</span> <span class='ocrx_word' id='word_1_929' title='bbox 2395 5551 2479 5602; x_wconf 90' lang='lat' dir='ltr'>est</span> <span class='ocrx_word' id='word_1_930' title='bbox 2501 5545 2800 5618; x_wconf 89' lang='lat' dir='ltr'>scriptum,</span> <span class='ocrx_word' id='word_1_931' title='bbox 2831 5545 2968 5618; x_wconf 91' lang='lat' dir='ltr'>quid</span> <span class='ocrx_word' id='word_1_932' title='bbox 3011 5547 3300 5602; x_wconf 85' lang='lat' dir='ltr'>clamasset</span> <span class='ocrx_word' id='word_1_933' title='bbox 3326 5547 3538 5616; x_wconf 81' lang='lat' dir='ltr'>Moyses</span> <span class='ocrx_word' id='word_1_934' title='bbox 3563 5562 3582 5616; x_wconf 83' lang='lat'><strong>;</strong></span> 
     </span>
    </p>
   </div>
   <div class='ocr_carea' id='block_1_114' title="bbox 1963 5635 3582 5711">
    <p class='ocr_par' dir='ltr' id='par_1_114' title="bbox 1963 5635 3582 5711">
     <span class='ocr_line' id='line_1_114' title="bbox 1963 5635 3582 5711; baseline -0.004 -11"><span class='ocrx_word' id='word_1_935' title='bbox 1963 5645 2058 5700; x_wconf 86' lang='lat' dir='ltr'>sed</span> <span class='ocrx_word' id='word_1_936' title='bbox 2105 5641 2401 5711; x_wconf 84' lang='lat' dir='ltr'>clamabat,</span> <span class='ocrx_word' id='word_1_937' title='bbox 2449 5645 2506 5696; x_wconf 88' lang='lat' dir='ltr'>et</span> <span class='ocrx_word' id='word_1_938' title='bbox 2551 5641 2718 5697; x_wconf 87' lang='lat' dir='ltr'>corde</span> <span class='ocrx_word' id='word_1_939' title='bbox 2769 5640 3068 5709; x_wconf 87' lang='lat' dir='ltr'>clamabat,</span> <span class='ocrx_word' id='word_1_940' title='bbox 3117 5644 3175 5695; x_wconf 89' lang='lat' dir='ltr'>et</span> <span class='ocrx_word' id='word_1_941' title='bbox 3202 5639 3326 5694; x_wconf 86' lang='lat' dir='ltr'>ideo</span> <span class='ocrx_word' id='word_1_942' title='bbox 3372 5637 3508 5694; x_wconf 86' lang='lat' dir='ltr'>dicit</span> <span class='ocrx_word' id='word_1_943' title='bbox 3529 5635 3582 5696; x_wconf 86' lang='lat' dir='ltr'>ei</span> 
     </span>
    </p>
   </div>
   <div class='ocr_carea' id='block_1_115' title="bbox 1962 5729 3588 5806">
    <p class='ocr_par' dir='ltr' id='par_1_115' title="bbox 1962 5729 3588 5806">
     <span class='ocr_line' id='line_1_115' title="bbox 1962 5729 3588 5806; baseline -0.002 -12"><span class='ocrx_word' id='word_1_944' title='bbox 1962 5741 2108 5794; x_wconf 90' lang='lat' dir='ltr'>Deus</span> <span class='ocrx_word' id='word_1_945' title='bbox 2139 5755 2153 5794; x_wconf 90' lang='lat'>:</span> <span class='ocrx_word' id='word_1_946' title='bbox 2185 5736 2328 5806; x_wconf 82' lang='lat' dir='ltr'>Quid</span> <span class='ocrx_word' id='word_1_947' title='bbox 2354 5737 2554 5794; x_wconf 88' lang='lat' dir='ltr'>clamas</span> <span class='ocrx_word' id='word_1_948' title='bbox 2577 5735 2653 5793; x_wconf 86' lang='lat' dir='ltr'>ad</span> <span class='ocrx_word' id='word_1_949' title='bbox 2679 5736 2801 5792; x_wconf 80' lang='lat' dir='ltr'>me?</span> <span class='ocrx_word' id='word_1_950' title='bbox 2849 5734 2976 5790; x_wconf 89' lang='lat' dir='ltr'>Ideo</span> <span class='ocrx_word' id='word_1_951' title='bbox 3002 5731 3208 5787; x_wconf 86' lang='lat' dir='ltr'>melius</span> <span class='ocrx_word' id='word_1_952' title='bbox 3237 5734 3323 5786; x_wconf 87' lang='lat' dir='ltr'>est</span> <span class='ocrx_word' id='word_1_953' title='bbox 3345 5729 3588 5802; x_wconf 83' lang='lat' dir='ltr'>psallere</span> 
     </span>
    </p>
   </div>
   <div class='ocr_carea' id='block_1_116' title="bbox 1965 5824 3590 5906">
    <p class='ocr_par' dir='ltr' id='par_1_116' title="bbox 1965 5824 3590 5906">
     <span class='ocr_line' id='line_1_116' title="bbox 1965 5824 3590 5906; baseline -0.003 -13"><span class='ocrx_word' id='word_1_954' title='bbox 1965 5833 2152 5906; x_wconf 84' lang='lat' dir='ltr'>corde,</span> <span class='ocrx_word' id='word_1_955' title='bbox 2185 5830 2350 5890; x_wconf 84' lang='lat' dir='ltr'>silere</span> <span class='ocrx_word' id='word_1_956' title='bbox 2376 5846 2494 5903; x_wconf 87' lang='lat' dir='ltr'>ore,</span> <span class='ocrx_word' id='word_1_957' title='bbox 2516 5845 2682 5906; x_wconf 81' lang='lat' dir='ltr'>quam</span> <span class='ocrx_word' id='word_1_958' title='bbox 2707 5833 2892 5888; x_wconf 80' lang='lat' dir='ltr'>tacere</span> <span class='ocrx_word' id='word_1_959' title='bbox 2921 5824 3108 5896; x_wconf 86' lang='lat' dir='ltr'>corde,</span> <span class='ocrx_word' id='word_1_960' title='bbox 3129 5824 3365 5898; x_wconf 77' lang='lat' dir='ltr'>psallere</span> <span class='ocrx_word' id='word_1_961' title='bbox 3389 5841 3499 5887; x_wconf 75' lang='lat' dir='ltr'>ore.</span> <span class='ocrx_word' id='word_1_962' title='bbox 3519 5829 3590 5890; x_wconf 80' lang='lat' dir='ltr'>Et</span> 
     </span>
    </p>
   </div>
  </div>
