  <div class='ocr_page' id='page_1' title='image "/cluster/home/n/w/nwhite01/storage/ocr_20150623/72/hvd.32044054758768/425.png"; bbox 0 0 4054 6186; ppageno 0'>
   <div class='ocr_carea' id='block_1_1' title="bbox 441 253 540 304">
    <p class='ocr_par' dir='ltr' id='par_1_1' title="bbox 441 253 540 304">
     <span class='ocr_line' id='line_1_1' title="bbox 441 253 540 304; baseline -0.01 0"><span class='ocrx_word' id='word_1_1' title='bbox 441 253 540 304; x_wconf 81' lang='lat'><strong>839</strong></span> 
     </span>
    </p>
   </div>
   <div class='ocr_carea' id='block_1_2' title="bbox 1921 245 2318 313">
    <p class='ocr_par' dir='ltr' id='par_1_2' title="bbox 1921 245 2318 313">
     <span class='ocr_line' id='line_1_2' title="bbox 1921 245 2318 313; baseline 0.01 -4"><span class='ocrx_word' id='word_1_2' title='bbox 1921 245 2318 313; x_wconf 82' lang='lat' dir='ltr'><strong>LUCULENTII</strong></span> 
     </span>
    </p>
   </div>
   <div class='ocr_carea' id='block_1_3' title="bbox 3695 259 3818 318">
    <p class='ocr_par' dir='ltr' id='par_1_3' title="bbox 3695 259 3818 318">
     <span class='ocr_line' id='line_1_3' title="bbox 3695 259 3818 318; baseline 0 -1"><span class='ocrx_word' id='word_1_3' title='bbox 3695 259 3818 318; x_wconf 78' lang='grc'><strong>840</strong></span> 
     </span>
    </p>
   </div>
   <div class='ocr_carea' id='block_1_4' title="bbox 437 357 3818 448">
    <p class='ocr_par' dir='ltr' id='par_1_4' title="bbox 437 357 3818 448">
     <span class='ocr_line' id='line_1_4' title="bbox 437 357 3818 448; baseline 0.003 -37"><span class='ocrx_word' id='word_1_4' title='bbox 437 358 565 412; x_wconf 92' lang='lat' dir='ltr'><strong>ideo</strong></span> <span class='ocrx_word' id='word_1_5' title='bbox 593 357 692 430; x_wconf 94' lang='lat' dir='ltr'><strong>qui</strong></span> <span class='ocrx_word' id='word_1_6' title='bbox 717 357 904 431; x_wconf 87' lang='lat' dir='ltr'><strong>psallit</strong></span> <span class='ocrx_word' id='word_1_7' title='bbox 923 373 1038 425; x_wconf 91' lang='lat' dir='ltr'><strong>ore,</strong></span> <span class='ocrx_word' id='word_1_8' title='bbox 1066 357 1262 428; x_wconf 81' lang='lat' dir='ltr'><strong>psallat</strong></span> <span class='ocrx_word' id='word_1_9' title='bbox 1295 361 1348 412; x_wconf 87' lang='lat' dir='ltr'><strong>et</strong></span> <span class='ocrx_word' id='word_1_10' title='bbox 1387 357 1591 428; x_wconf 86' lang='lat' dir='ltr'><strong>corde;</strong></span> <span class='ocrx_word' id='word_1_11' title='bbox 1624 360 1924 432; x_wconf 87' lang='lat' dir='ltr'><strong>psallamus</strong></span> <span class='ocrx_word' id='word_1_12' title='bbox 1951 364 2067 435; x_wconf 85' lang='lat' dir='ltr'><strong>spi-</strong></span> <span class='ocrx_word' id='word_1_13' title='bbox 2091 377 2150 448; x_wconf 74' lang='grc' dir='ltr'><strong>Α</strong></span> <span class='ocrx_word' id='word_1_14' title='bbox 2169 366 2302 420; x_wconf 81' lang='lat' dir='ltr'><strong>licet</strong></span> <span class='ocrx_word' id='word_1_15' title='bbox 2333 365 2570 435; x_wconf 80' lang='lat' dir='ltr'><strong>subjecti</strong></span> <span class='ocrx_word' id='word_1_16' title='bbox 2597 360 2858 420; x_wconf 84' lang='lat' dir='ltr'><strong>invicem.</strong></span> <span class='ocrx_word' id='word_1_17' title='bbox 2886 362 3139 422; x_wconf 78' lang='lat' dir='ltr'><strong>Audiant</strong></span> <span class='ocrx_word' id='word_1_18' title='bbox 3155 363 3264 423; x_wconf 93' lang='lat' dir='ltr'><strong>hoc</strong></span> <span class='ocrx_word' id='word_1_19' title='bbox 3314 367 3584 440; x_wconf 86' lang='lat' dir='ltr'><strong>episcopi,</strong></span> <span class='ocrx_word' id='word_1_20' title='bbox 3638 387 3818 440; x_wconf 86' lang='lat' dir='ltr'><strong>pres-</strong></span> 
     </span>
    </p>
   </div>
   <div class='ocr_carea' id='block_1_5' title="bbox 451 451 1251 523">
    <p class='ocr_par' dir='ltr' id='par_1_5' title="bbox 451 451 1251 523">
     <span class='ocr_line' id='line_1_5' title="bbox 451 451 1251 523; baseline 0.001 -18"><span class='ocrx_word' id='word_1_21' title='bbox 451 451 587 518; x_wconf 89' lang='lat' dir='ltr'><strong>ritu,</strong></span> <span class='ocrx_word' id='word_1_22' title='bbox 620 452 926 523; x_wconf 88' lang='lat' dir='ltr'><strong>psallamus</strong></span> <span class='ocrx_word' id='word_1_23' title='bbox 956 453 1012 505; x_wconf 90' lang='lat' dir='ltr'><strong>et</strong></span> <span class='ocrx_word' id='word_1_24' title='bbox 1041 455 1251 506; x_wconf 87' lang='lat' dir='ltr'><strong>mente.</strong></span> 
     </span>
    </p>
   </div>
   <div class='ocr_carea' id='block_1_6' title="bbox 511 546 2069 620">
    <p class='ocr_par' dir='ltr' id='par_1_6' title="bbox 511 546 2069 620">
     <span class='ocr_line' id='line_1_6' title="bbox 511 546 2069 620; baseline 0.003 -20"><span class='ocrx_word' id='word_1_25' title='bbox 511 546 730 602; x_wconf 75' lang='lat' dir='ltr'><strong>Doumo</strong></span> <span class='ocrx_word' id='word_1_26' title='bbox 759 560 982 602; x_wconf 73' lang='lat' dir='ltr'><strong>GRATIAS</strong></span> <span class='ocrx_word' id='word_1_27' title='bbox 1013 560 1269 599; x_wconf 76' lang='lat' dir='ltr'><strong>AGENTES.</strong></span> <span class='ocrx_word' id='word_1_28' title='bbox 1302 547 1431 600; x_wconf 80' lang='lat' dir='ltr'><strong>Haec</strong></span> <span class='ocrx_word' id='word_1_29' title='bbox 1461 549 1741 603; x_wconf 84' lang='lat' dir='ltr'><strong>sententia</strong></span> <span class='ocrx_word' id='word_1_30' title='bbox 1771 549 2069 620; x_wconf 83' lang='lat' dir='ltr'><strong>dupliciter</strong></span> 
     </span>
    </p>
   </div>
   <div class='ocr_carea' id='block_1_7' title="bbox 440 637 2063 714">
    <p class='ocr_par' dir='ltr' id='par_1_7' title="bbox 440 637 2063 714">
     <span class='ocr_line' id='line_1_7' title="bbox 440 637 2063 714; baseline 0.004 -22"><span class='ocrx_word' id='word_1_31' title='bbox 440 638 680 710; x_wconf 82' lang='lat' dir='ltr'><strong>intelligi</strong></span> <span class='ocrx_word' id='word_1_32' title='bbox 707 643 904 709; x_wconf 82' lang='lat' dir='ltr'><strong>potest,</strong></span> <span class='ocrx_word' id='word_1_33' title='bbox 929 637 1034 691; x_wconf 91' lang='lat' dir='ltr'><strong>hoc</strong></span> <span class='ocrx_word' id='word_1_34' title='bbox 1061 643 1143 692; x_wconf 87' lang='lat' dir='ltr'><strong>est</strong></span> <span class='ocrx_word' id='word_1_35' title='bbox 1169 639 1226 691; x_wconf 92' lang='lat' dir='ltr'><strong>in</strong></span> <span class='ocrx_word' id='word_1_36' title='bbox 1253 639 1422 694; x_wconf 85' lang='lat' dir='ltr'><strong>rebus</strong></span> <span class='ocrx_word' id='word_1_37' title='bbox 1450 641 1712 712; x_wconf 77' lang='lat' dir='ltr'><strong>acceptis,</strong></span> <span class='ocrx_word' id='word_1_38' title='bbox 1731 648 1787 696; x_wconf 91' lang='lat' dir='ltr'><strong>et</strong></span> <span class='ocrx_word' id='word_1_39' title='bbox 1812 644 2063 714; x_wconf 85' lang='lat' dir='ltr'><strong>perditis,</strong></span> 
     </span>
    </p>
   </div>
   <div class='ocr_carea' id='block_1_8' title="bbox 440 723 2068 799">
    <p class='ocr_par' dir='ltr' id='par_1_8' title="bbox 440 723 2068 799">
     <span class='ocr_line' id='line_1_8' title="bbox 440 723 2068 799; baseline 0.003 -14"><span class='ocrx_word' id='word_1_40' title='bbox 440 731 702 785; x_wconf 90' lang='lat' dir='ltr'><strong>sicutJob</strong></span> <span class='ocrx_word' id='word_1_41' title='bbox 727 730 806 782; x_wconf 87' lang='lat' dir='ltr'><strong>ait</strong></span> <span class='ocrx_word' id='word_1_42' title='bbox 837 746 849 782; x_wconf 91' lang='lat'><strong>:</strong></span> <span class='ocrx_word' id='word_1_43' title='bbox 881 732 1136 784; x_wconf 76' lang='lat' dir='ltr'><strong>Dominus</strong></span> <span class='ocrx_word' id='word_1_44' title='bbox 1175 732 1346 794; x_wconf 86' lang='lat' dir='ltr'><strong>dedit,</strong></span> <span class='ocrx_word' id='word_1_45' title='bbox 1373 735 1629 788; x_wconf 77' lang='lat' dir='ltr'><strong>Dominus</strong></span> <span class='ocrx_word' id='word_1_46' title='bbox 1659 735 1901 799; x_wconf 73' lang='lat' dir='ltr'><strong>abstulit,</strong></span> <span class='ocrx_word' id='word_1_47' title='bbox 1930 723 2068 790; x_wconf 82' lang='lat' dir='ltr'><strong>sicut</strong></span> 
     </span>
    </p>
   </div>
   <div class='ocr_carea' id='block_1_9' title="bbox 439 824 2064 892">
    <p class='ocr_par' dir='ltr' id='par_1_9' title="bbox 439 824 2064 892">
     <span class='ocr_line' id='line_1_9' title="bbox 439 824 2064 892; baseline 0.006 -18"><span class='ocrx_word' id='word_1_48' title='bbox 439 826 658 879; x_wconf 88' lang='lat' dir='ltr'><strong>Domino</strong></span> <span class='ocrx_word' id='word_1_49' title='bbox 677 824 890 892; x_wconf 78' lang='lat' dir='ltr'><strong>placuit</strong></span> <span class='ocrx_word' id='word_1_50' title='bbox 929 825 1010 877; x_wconf 90' lang='lat' dir='ltr'><strong>ita</strong></span> <span class='ocrx_word' id='word_1_51' title='bbox 1033 826 1242 889; x_wconf 86' lang='lat' dir='ltr'><strong>factum</strong></span> <span class='ocrx_word' id='word_1_52' title='bbox 1267 830 1366 886; x_wconf 86' lang='lat' dir='ltr'><strong>est,</strong></span> <span class='ocrx_word' id='word_1_53' title='bbox 1392 829 1462 880; x_wconf 87' lang='lat' dir='ltr'><strong>sit</strong></span> <span class='ocrx_word' id='word_1_54' title='bbox 1502 843 1690 882; x_wconf 83' lang='lat' dir='ltr'><strong>nomen</strong></span> <span class='ocrx_word' id='word_1_55' title='bbox 1735 832 1946 883; x_wconf 87' lang='lat' dir='ltr'><strong>Domini</strong></span> <span class='ocrx_word' id='word_1_56' title='bbox 1975 830 2064 883; x_wconf 87' lang='lat' dir='ltr'><strong>be-</strong></span> 
     </span>
    </p>
   </div>
   <div class='ocr_carea' id='block_1_10' title="bbox 439 915 2066 992">
    <p class='ocr_par' dir='ltr' id='par_1_10' title="bbox 439 915 2066 992">
     <span class='ocr_line' id='line_1_10' title="bbox 439 915 2066 992; baseline 0.003 -22"><span class='ocrx_word' id='word_1_57' title='bbox 439 917 726 970; x_wconf 84' lang='lat' dir='ltr'><strong>nedictum.</strong></span> <span class='ocrx_word' id='word_1_58' title='bbox 752 915 848 968; x_wconf 88' lang='lat' dir='ltr'><strong>Vel</strong></span> <span class='ocrx_word' id='word_1_59' title='bbox 874 915 932 968; x_wconf 89' lang='lat' dir='ltr'><strong>in</strong></span> <span class='ocrx_word' id='word_1_60' title='bbox 983 917 1266 987; x_wconf 83' lang='lat' dir='ltr'><strong>prosperis</strong></span> <span class='ocrx_word' id='word_1_61' title='bbox 1293 923 1349 972; x_wconf 86' lang='lat' dir='ltr'><strong>et</strong></span> <span class='ocrx_word' id='word_1_62' title='bbox 1373 919 1640 974; x_wconf 84' lang='lat' dir='ltr'><strong>adversis.</strong></span> <span class='ocrx_word' id='word_1_63' title='bbox 1672 921 1808 975; x_wconf 86' lang='lat' dir='ltr'><strong>Hinc</strong></span> <span class='ocrx_word' id='word_1_64' title='bbox 1839 921 1898 975; x_wconf 90' lang='lat' dir='ltr'><strong>in</strong></span> <span class='ocrx_word' id='word_1_65' title='bbox 1925 923 2066 992; x_wconf 89' lang='lat' dir='ltr'><strong>psal-</strong></span> 
     </span>
    </p>
   </div>
   <div class='ocr_carea' id='block_1_11' title="bbox 437 1009 2062 1084">
    <p class='ocr_par' dir='ltr' id='par_1_11' title="bbox 437 1009 2062 1084">
     <span class='ocr_line' id='line_1_11' title="bbox 437 1009 2062 1084; baseline 0.004 -22"><span class='ocrx_word' id='word_1_66' title='bbox 437 1025 532 1062; x_wconf 90' lang='lat' dir='ltr'><strong>mo</strong></span> <span class='ocrx_word' id='word_1_67' title='bbox 559 1009 780 1062; x_wconf 84' lang='lat' dir='ltr'><strong>canitur</strong></span> <span class='ocrx_word' id='word_1_68' title='bbox 808 1025 820 1062; x_wconf 91' lang='lat'><strong>:</strong></span> <span class='ocrx_word' id='word_1_69' title='bbox 869 1011 1186 1065; x_wconf 87' lang='lat' dir='ltr'><strong>Benedicam</strong></span> <span class='ocrx_word' id='word_1_70' title='bbox 1230 1015 1510 1066; x_wconf 88' lang='lat' dir='ltr'><strong>Dominum</strong></span> <span class='ocrx_word' id='word_1_71' title='bbox 1539 1015 1594 1066; x_wconf 89' lang='lat' dir='ltr'><strong>in</strong></span> <span class='ocrx_word' id='word_1_72' title='bbox 1625 1018 1770 1068; x_wconf 90' lang='lat' dir='ltr'><strong>omni</strong></span> <span class='ocrx_word' id='word_1_73' title='bbox 1814 1020 2062 1084; x_wconf 81' lang='lat' dir='ltr'><strong>tempore,</strong></span> 
     </span>
    </p>
   </div>
   <div class='ocr_carea' id='block_1_12' title="bbox 437 1104 2061 1172">
    <p class='ocr_par' dir='ltr' id='par_1_12' title="bbox 437 1104 2061 1172">
     <span class='ocr_line' id='line_1_12' title="bbox 437 1104 2061 1172; baseline 0.004 -17"><span class='ocrx_word' id='word_1_74' title='bbox 437 1119 643 1172; x_wconf 79' lang='lat' dir='ltr'><strong>semper</strong></span> <span class='ocrx_word' id='word_1_75' title='bbox 692 1104 809 1157; x_wconf 89' lang='lat' dir='ltr'><strong>laus</strong></span> <span class='ocrx_word' id='word_1_76' title='bbox 850 1105 964 1172; x_wconf 85' lang='lat' dir='ltr'><strong>ejus</strong></span> <span class='ocrx_word' id='word_1_77' title='bbox 1010 1105 1069 1157; x_wconf 87' lang='lat' dir='ltr'><strong>in</strong></span> <span class='ocrx_word' id='word_1_78' title='bbox 1098 1120 1186 1159; x_wconf 89' lang='lat' dir='ltr'><strong>ore</strong></span> <span class='ocrx_word' id='word_1_79' title='bbox 1227 1121 1360 1159; x_wconf 88' lang='lat' dir='ltr'><strong>meo.</strong></span> <span class='ocrx_word' id='word_1_80' title='bbox 1390 1105 1566 1160; x_wconf 86' lang='lat' dir='ltr'><strong>Aliter</strong></span> <span class='ocrx_word' id='word_1_81' title='bbox 1596 1125 1610 1161; x_wconf 87' lang='lat'><strong>:</strong></span> <span class='ocrx_word' id='word_1_82' title='bbox 1643 1108 1686 1160; x_wconf 90' lang='lat' dir='ltr'><strong>si</strong></span> <span class='ocrx_word' id='word_1_83' title='bbox 1734 1107 1909 1160; x_wconf 83' lang='lat' dir='ltr'><strong>habes</strong></span> <span class='ocrx_word' id='word_1_84' title='bbox 1937 1109 2061 1161; x_wconf 84' lang='lat' dir='ltr'><strong>ofﬁ-</strong></span> 
     </span>
    </p>
   </div>
   <div class='ocr_carea' id='block_1_13' title="bbox 436 1195 2066 1270">
    <p class='ocr_par' dir='ltr' id='par_1_13' title="bbox 436 1195 2066 1270">
     <span class='ocr_line' id='line_1_13' title="bbox 436 1195 2066 1270; baseline 0.004 -22"><span class='ocrx_word' id='word_1_85' title='bbox 436 1195 590 1248; x_wconf 87' lang='lat' dir='ltr'><strong>cium</strong></span> <span class='ocrx_word' id='word_1_86' title='bbox 633 1196 910 1266; x_wconf 82' lang='lat' dir='ltr'><strong>psallendi</strong></span> <span class='ocrx_word' id='word_1_87' title='bbox 939 1196 998 1249; x_wconf 91' lang='lat' dir='ltr'><strong>in</strong></span> <span class='ocrx_word' id='word_1_88' title='bbox 1043 1197 1298 1265; x_wconf 86' lang='lat' dir='ltr'><strong>ecclesia,</strong></span> <span class='ocrx_word' id='word_1_89' title='bbox 1337 1215 1450 1252; x_wconf 90' lang='lat' dir='ltr'><strong>non</strong></span> <span class='ocrx_word' id='word_1_90' title='bbox 1476 1203 1781 1270; x_wconf 82' lang='lat' dir='ltr'><strong>propterea</strong></span> <span class='ocrx_word' id='word_1_91' title='bbox 1811 1205 1866 1254; x_wconf 88' lang='lat' dir='ltr'><strong>te</strong></span> <span class='ocrx_word' id='word_1_92' title='bbox 1891 1201 2066 1254; x_wconf 89' lang='lat' dir='ltr'><strong>extol-</strong></span> 
     </span>
    </p>
   </div>
   <div class='ocr_carea' id='block_1_14' title="bbox 435 1289 2064 1364">
    <p class='ocr_par' dir='ltr' id='par_1_14' title="bbox 435 1289 2064 1364">
     <span class='ocr_line' id='line_1_14' title="bbox 435 1289 2064 1364; baseline 0.004 -23"><span class='ocrx_word' id='word_1_93' title='bbox 435 1289 550 1342; x_wconf 84' lang='lat' dir='ltr'><strong>lere</strong></span> <span class='ocrx_word' id='word_1_94' title='bbox 581 1289 748 1342; x_wconf 78' lang='lat' dir='ltr'><strong>debes</strong></span> <span class='ocrx_word' id='word_1_95' title='bbox 767 1305 938 1358; x_wconf 86' lang='lat' dir='ltr'><strong>super</strong></span> <span class='ocrx_word' id='word_1_96' title='bbox 961 1295 1210 1359; x_wconf 81' lang='lat' dir='ltr'><strong>caeteros,</strong></span> <span class='ocrx_word' id='word_1_97' title='bbox 1235 1291 1335 1344; x_wconf 89' lang='lat' dir='ltr'><strong>sed</strong></span> <span class='ocrx_word' id='word_1_98' title='bbox 1356 1292 1537 1362; x_wconf 89' lang='lat' dir='ltr'><strong>magis</strong></span> <span class='ocrx_word' id='word_1_99' title='bbox 1566 1293 1676 1347; x_wconf 88' lang='lat' dir='ltr'><strong>Deo</strong></span> <span class='ocrx_word' id='word_1_100' title='bbox 1707 1293 1915 1362; x_wconf 79' lang='lat' dir='ltr'><strong>gratias</strong></span> <span class='ocrx_word' id='word_1_101' title='bbox 1935 1310 2064 1364; x_wconf 82' lang='lat' dir='ltr'><strong>age-</strong></span> 
     </span>
    </p>
   </div>
   <div class='ocr_carea' id='block_1_15' title="bbox 434 1381 2062 1448">
    <p class='ocr_par' dir='ltr' id='par_1_15' title="bbox 434 1381 2062 1448">
     <span class='ocr_line' id='line_1_15' title="bbox 434 1381 2062 1448; baseline 0.004 -14"><span class='ocrx_word' id='word_1_102' title='bbox 434 1396 518 1447; x_wconf 89' lang='lat' dir='ltr'><strong>re,</strong></span> <span class='ocrx_word' id='word_1_103' title='bbox 548 1381 737 1436; x_wconf 90' lang='lat' dir='ltr'><strong>dicens</strong></span> <span class='ocrx_word' id='word_1_104' title='bbox 779 1399 909 1436; x_wconf 91' lang='lat' dir='ltr'><strong>cum</strong></span> <span class='ocrx_word' id='word_1_105' title='bbox 959 1384 1254 1438; x_wconf 86' lang='lat' dir='ltr'><strong>Psalmista</strong></span> <span class='ocrx_word' id='word_1_106' title='bbox 1279 1401 1291 1436; x_wconf 93' lang='lat'><strong>:</strong></span> <span class='ocrx_word' id='word_1_107' title='bbox 1321 1388 1440 1442; x_wconf 86' lang='lat' dir='ltr'><strong>Non</strong></span> <span class='ocrx_word' id='word_1_108' title='bbox 1484 1385 1656 1447; x_wconf 89' lang='lat' dir='ltr'><strong>nobis,</strong></span> <span class='ocrx_word' id='word_1_109' title='bbox 1687 1388 1927 1448; x_wconf 85' lang='lat' dir='ltr'><strong>Domine,</strong></span> <span class='ocrx_word' id='word_1_110' title='bbox 1954 1402 2062 1440; x_wconf 90' lang='lat' dir='ltr'><strong>non</strong></span> 
     </span>
    </p>
   </div>
   <div class='ocr_carea' id='block_1_16' title="bbox 434 1476 2063 1544">
    <p class='ocr_par' dir='ltr' id='par_1_16' title="bbox 434 1476 2063 1544">
     <span class='ocr_line' id='line_1_16' title="bbox 434 1476 2063 1544; baseline 0.002 -15"><span class='ocrx_word' id='word_1_111' title='bbox 434 1476 606 1537; x_wconf 87' lang='lat' dir='ltr'><strong>nobis,</strong></span> <span class='ocrx_word' id='word_1_112' title='bbox 631 1477 724 1530; x_wconf 88' lang='lat' dir='ltr'><strong>sed</strong></span> <span class='ocrx_word' id='word_1_113' title='bbox 747 1479 952 1530; x_wconf 79' lang='lat' dir='ltr'><strong>nomini</strong></span> <span class='ocrx_word' id='word_1_114' title='bbox 979 1482 1067 1530; x_wconf 87' lang='lat' dir='ltr'><strong>tuo</strong></span> <span class='ocrx_word' id='word_1_115' title='bbox 1093 1478 1166 1530; x_wconf 90' lang='lat' dir='ltr'><strong>da</strong></span> <span class='ocrx_word' id='word_1_116' title='bbox 1192 1478 1442 1544; x_wconf 85' lang='lat' dir='ltr'><strong>gloriam.</strong></span> <span class='ocrx_word' id='word_1_117' title='bbox 1483 1479 1598 1533; x_wconf 72' lang='lat' dir='ltr'><strong>Deo</strong></span> <span class='ocrx_word' id='word_1_118' title='bbox 1645 1495 1708 1532; x_wconf 74' lang='lat' dir='ltr'><strong>er</strong></span> <span class='ocrx_word' id='word_1_119' title='bbox 1758 1495 1911 1533; x_wconf 70' lang='lat' dir='ltr'><strong>eum</strong></span> <span class='ocrx_word' id='word_1_120' title='bbox 1942 1495 2063 1534; x_wconf 72' lang='lat' dir='ltr'><strong>sus-</strong></span> 
     </span>
    </p>
   </div>
   <div class='ocr_carea' id='block_1_17' title="bbox 433 1571 2061 1626">
    <p class='ocr_par' dir='ltr' id='par_1_17' title="bbox 433 1571 2061 1626">
     <span class='ocr_line' id='line_1_17' title="bbox 433 1571 2061 1626; baseline 0.001 -2"><span class='ocrx_word' id='word_1_121' title='bbox 433 1584 580 1624; x_wconf 81' lang='lat' dir='ltr'><strong>JECTI</strong></span> <span class='ocrx_word' id='word_1_122' title='bbox 620 1584 839 1624; x_wconf 70' lang='lat' dir='ltr'><strong>INVICEM</strong></span> <span class='ocrx_word' id='word_1_123' title='bbox 879 1586 930 1624; x_wconf 73' lang='lat' dir='ltr'><strong>IN</strong></span> <span class='ocrx_word' id='word_1_124' title='bbox 970 1585 1172 1624; x_wconf 74' lang='lat' dir='ltr'><strong>rumne</strong></span> <span class='ocrx_word' id='word_1_125' title='bbox 1211 1572 1434 1626; x_wconf 79' lang='lat' dir='ltr'><strong>CHRISTI</strong></span> <span class='ocrx_word' id='word_1_126' title='bbox 1474 1588 1487 1624; x_wconf 91' lang='lat'><strong>:</strong></span> <span class='ocrx_word' id='word_1_127' title='bbox 1541 1573 1656 1625; x_wconf 88' lang='lat' dir='ltr'><strong>Deo</strong></span> <span class='ocrx_word' id='word_1_128' title='bbox 1707 1571 1916 1626; x_wconf 87' lang='lat' dir='ltr'><strong>scilicet</strong></span> <span class='ocrx_word' id='word_1_129' title='bbox 1966 1572 2061 1626; x_wconf 90' lang='lat' dir='ltr'><strong>Dei</strong></span> 
     </span>
    </p>
   </div>
   <div class='ocr_carea' id='block_1_18' title="bbox 436 1667 2058 1739">
    <p class='ocr_par' dir='ltr' id='par_1_18' title="bbox 436 1667 2058 1739">
     <span class='ocr_line' id='line_1_18' title="bbox 436 1667 2058 1739; baseline 0.001 -19"><span class='ocrx_word' id='word_1_130' title='bbox 436 1667 599 1736; x_wconf 89' lang='lat' dir='ltr'><strong>Filio,</strong></span> <span class='ocrx_word' id='word_1_131' title='bbox 631 1667 726 1738; x_wconf 91' lang='lat' dir='ltr'><strong>qui</strong></span> <span class='ocrx_word' id='word_1_132' title='bbox 753 1683 884 1720; x_wconf 91' lang='lat' dir='ltr'><strong>cum</strong></span> <span class='ocrx_word' id='word_1_133' title='bbox 923 1673 1069 1721; x_wconf 88' lang='lat' dir='ltr'><strong>esset</strong></span> <span class='ocrx_word' id='word_1_134' title='bbox 1095 1669 1260 1735; x_wconf 87' lang='lat' dir='ltr'><strong>Deus,</strong></span> <span class='ocrx_word' id='word_1_135' title='bbox 1290 1668 1462 1722; x_wconf 90' lang='lat' dir='ltr'><strong>homo</strong></span> <span class='ocrx_word' id='word_1_136' title='bbox 1490 1668 1614 1722; x_wconf 79' lang='lat' dir='ltr'><strong>fieri</strong></span> <span class='ocrx_word' id='word_1_137' title='bbox 1658 1669 1922 1739; x_wconf 81' lang='lat' dir='ltr'><strong>dignatus</strong></span> <span class='ocrx_word' id='word_1_138' title='bbox 1954 1671 2058 1738; x_wconf 91' lang='lat' dir='ltr'><strong>est,</strong></span> 
     </span>
    </p>
   </div>
   <div class='ocr_carea' id='block_1_19' title="bbox 2167 459 3819 532">
    <p class='ocr_par' dir='ltr' id='par_1_19' title="bbox 2167 459 3819 532">
     <span class='ocr_line' id='line_1_19' title="bbox 2167 459 3819 532; baseline 0.002 -19"><span class='ocrx_word' id='word_1_139' title='bbox 2167 459 2372 529; x_wconf 84' lang='lat' dir='ltr'><strong>byteri,</strong></span> <span class='ocrx_word' id='word_1_140' title='bbox 2407 465 2464 513; x_wconf 88' lang='lat' dir='ltr'><strong>et</strong></span> <span class='ocrx_word' id='word_1_141' title='bbox 2493 476 2696 514; x_wconf 90' lang='lat' dir='ltr'><strong>omnes</strong></span> <span class='ocrx_word' id='word_1_142' title='bbox 2724 460 2820 531; x_wconf 86' lang='lat' dir='ltr'><strong>qui</strong></span> <span class='ocrx_word' id='word_1_143' title='bbox 2851 464 3103 532; x_wconf 73' lang='lat' dir='ltr'><strong>praesunt</strong></span> <span class='ocrx_word' id='word_1_144' title='bbox 3142 461 3202 516; x_wconf 89' lang='lat' dir='ltr'><strong>in</strong></span> <span class='ocrx_word' id='word_1_145' title='bbox 3249 461 3514 528; x_wconf 86' lang='lat' dir='ltr'><strong>Ecclesia,</strong></span> <span class='ocrx_word' id='word_1_146' title='bbox 3563 465 3620 515; x_wconf 88' lang='lat' dir='ltr'><strong>ut</strong></span> <span class='ocrx_word' id='word_1_147' title='bbox 3654 463 3819 516; x_wconf 86' lang='lat' dir='ltr'><strong>sicut</strong></span> 
     </span>
    </p>
   </div>
   <div class='ocr_carea' id='block_1_20' title="bbox 2168 553 3820 625">
    <p class='ocr_par' dir='ltr' id='par_1_20' title="bbox 2168 553 3820 625">
     <span class='ocr_line' id='line_1_20' title="bbox 2168 553 3820 625; baseline 0.004 -21"><span class='ocrx_word' id='word_1_148' title='bbox 2168 553 2356 606; x_wconf 61' lang='lat' dir='ltr'><strong>cmteri</strong></span> <span class='ocrx_word' id='word_1_149' title='bbox 2387 553 2624 622; x_wconf 82' lang='lat' dir='ltr'><strong>subjecti</strong></span> <span class='ocrx_word' id='word_1_150' title='bbox 2657 557 2789 606; x_wconf 91' lang='lat' dir='ltr'><strong>sunt</strong></span> <span class='ocrx_word' id='word_1_151' title='bbox 2816 553 2916 622; x_wconf 90' lang='lat' dir='ltr'><strong>eis,</strong></span> <span class='ocrx_word' id='word_1_152' title='bbox 2946 557 3004 608; x_wconf 90' lang='lat' dir='ltr'><strong>et</strong></span> <span class='ocrx_word' id='word_1_153' title='bbox 3030 554 3138 624; x_wconf 92' lang='lat' dir='ltr'><strong>ipsi</strong></span> <span class='ocrx_word' id='word_1_154' title='bbox 3185 555 3266 609; x_wconf 85' lang='lat' dir='ltr'><strong>ita</strong></span> <span class='ocrx_word' id='word_1_155' title='bbox 3315 571 3417 625; x_wconf 90' lang='lat' dir='ltr'><strong>per</strong></span> <span class='ocrx_word' id='word_1_156' title='bbox 3455 556 3820 610; x_wconf 85' lang='lat' dir='ltr'><strong>charitatem</strong></span> 
     </span>
    </p>
   </div>
   <div class='ocr_carea' id='block_1_21' title="bbox 2167 644 3816 719">
    <p class='ocr_par' dir='ltr' id='par_1_21' title="bbox 2167 644 3816 719">
     <span class='ocr_line' id='line_1_21' title="bbox 2167 644 3816 719; baseline 0.003 -22"><span class='ocrx_word' id='word_1_157' title='bbox 2167 644 2280 698; x_wconf 88' lang='lat' dir='ltr'><strong>suis</strong></span> <span class='ocrx_word' id='word_1_158' title='bbox 2302 645 2538 715; x_wconf 85' lang='lat' dir='ltr'><strong>subjecti</strong></span> <span class='ocrx_word' id='word_1_159' title='bbox 2564 645 2694 712; x_wconf 91' lang='lat' dir='ltr'><strong>sint,</strong></span> <span class='ocrx_word' id='word_1_160' title='bbox 2723 646 2990 700; x_wconf 84' lang='lat' dir='ltr'><strong>hortante</strong></span> <span class='ocrx_word' id='word_1_161' title='bbox 3019 645 3190 718; x_wconf 87' lang='lat' dir='ltr'><strong>[Cod.,</strong></span> <span class='ocrx_word' id='word_1_162' title='bbox 3219 649 3443 719; x_wconf 89' lang='lat' dir='ltr'><strong>orante]</strong></span> <span class='ocrx_word' id='word_1_163' title='bbox 3458 649 3816 704; x_wconf 87' lang='lat' dir='ltr'><strong>Salomone:</strong></span> 
     </span>
    </p>
   </div>
   <div class='ocr_carea' id='block_1_22' title="bbox 2165 741 3818 808">
    <p class='ocr_par' dir='ltr' id='par_1_22' title="bbox 2165 741 3818 808">
     <span class='ocr_line' id='line_1_22' title="bbox 2165 741 3818 808; baseline 0.002 -16"><span class='ocrx_word' id='word_1_164' title='bbox 2165 741 2468 808; x_wconf 80' lang='lat' dir='ltr'><strong>Principcm</strong></span> <span class='ocrx_word' id='word_1_165' title='bbox 2495 744 2543 793; x_wconf 91' lang='lat' dir='ltr'><strong>te</strong></span> <span class='ocrx_word' id='word_1_166' title='bbox 2572 743 2906 802; x_wconf 82' lang='lat' dir='ltr'><strong>constituere,</strong></span> <span class='ocrx_word' id='word_1_167' title='bbox 2938 741 3052 794; x_wconf 89' lang='lat' dir='ltr'><strong>noli</strong></span> <span class='ocrx_word' id='word_1_168' title='bbox 3071 747 3120 794; x_wconf 88' lang='lat' dir='ltr'><strong>te</strong></span> <span class='ocrx_word' id='word_1_169' title='bbox 3145 742 3415 805; x_wconf 65' lang='lat' dir='ltr'><strong>extollere,</strong></span> <span class='ocrx_word' id='word_1_170' title='bbox 3447 743 3544 796; x_wconf 86' lang='lat' dir='ltr'><strong>sed</strong></span> <span class='ocrx_word' id='word_1_171' title='bbox 3571 748 3678 796; x_wconf 83' lang='lat' dir='ltr'><strong>esto</strong></span> <span class='ocrx_word' id='word_1_172' title='bbox 3721 745 3818 796; x_wconf 80' lang='lat' dir='ltr'><strong>in-</strong></span> 
     </span>
    </p>
   </div>
   <div class='ocr_carea' id='block_1_23' title="bbox 2166 834 3812 906">
    <p class='ocr_par' dir='ltr' id='par_1_23' title="bbox 2166 834 3812 906">
     <span class='ocr_line' id='line_1_23' title="bbox 2166 834 3812 906; baseline 0.003 -22"><span class='ocrx_word' id='word_1_173' title='bbox 2166 837 2244 884; x_wconf 85' lang='lat' dir='ltr'><strong>ter</strong></span> <span class='ocrx_word' id='word_1_174' title='bbox 2267 834 2408 900; x_wconf 87' lang='lat' dir='ltr'><strong>ipsos</strong></span> <span class='ocrx_word' id='word_1_175' title='bbox 2435 834 2575 886; x_wconf 87' lang='lat' dir='ltr'><strong>sicut</strong></span> <span class='ocrx_word' id='word_1_176' title='bbox 2599 848 2738 886; x_wconf 87' lang='lat' dir='ltr'><strong>unus</strong></span> <span class='ocrx_word' id='word_1_177' title='bbox 2769 849 2836 886; x_wconf 76' lang='lat' dir='ltr'><strong>ea:</strong></span> <span class='ocrx_word' id='word_1_178' title='bbox 2859 835 3015 902; x_wconf 84' lang='lat' dir='ltr'><strong>ipsis.</strong></span> <span class='ocrx_word' id='word_1_179' title='bbox 3056 834 3124 888; x_wconf 87' lang='lat' dir='ltr'><strong>Et</strong></span> <span class='ocrx_word' id='word_1_180' title='bbox 3151 835 3357 888; x_wconf 88' lang='lat' dir='ltr'><strong>Paulus</strong></span> <span class='ocrx_word' id='word_1_181' title='bbox 3385 837 3674 906; x_wconf 86' lang='lat' dir='ltr'><strong>apostolus</strong></span> <span class='ocrx_word' id='word_1_182' title='bbox 3707 835 3812 889; x_wconf 88' lang='lat' dir='ltr'><strong>di-</strong></span> 
     </span>
    </p>
   </div>
   <div class='ocr_carea' id='block_1_24' title="bbox 2166 923 3812 988">
    <p class='ocr_par' dir='ltr' id='par_1_24' title="bbox 2166 923 3812 988">
     <span class='ocr_line' id='line_1_24' title="bbox 2166 923 3812 988; baseline 0.003 -11"><span class='ocrx_word' id='word_1_183' title='bbox 2166 923 2271 977; x_wconf 91' lang='lat' dir='ltr'><strong>cit:</strong></span> <span class='ocrx_word' id='word_1_184' title='bbox 2307 927 2437 980; x_wconf 88' lang='lat' dir='ltr'><strong>Cum</strong></span> <span class='ocrx_word' id='word_1_185' title='bbox 2463 940 2624 979; x_wconf 75' lang='lat' dir='ltr'><strong>essem</strong></span> <span class='ocrx_word' id='word_1_186' title='bbox 2649 925 2782 979; x_wconf 84' lang='lat' dir='ltr'><strong>liber</strong></span> <span class='ocrx_word' id='word_1_187' title='bbox 2811 927 2878 979; x_wconf 88' lang='lat' dir='ltr'><strong>ab</strong></span> <span class='ocrx_word' id='word_1_188' title='bbox 2910 927 3173 988; x_wconf 89' lang='lat' dir='ltr'><strong>omnibus,</strong></span> <span class='ocrx_word' id='word_1_189' title='bbox 3201 930 3436 981; x_wconf 89' lang='lat' dir='ltr'><strong>omnium</strong></span> <span class='ocrx_word' id='word_1_190' title='bbox 3469 945 3549 981; x_wconf 71' lang='lat' dir='ltr'><strong>me</strong></span> <span class='ocrx_word' id='word_1_191' title='bbox 3580 944 3812 982; x_wconf 77' lang='lat' dir='ltr'><strong>servum</strong></span> 
     </span>
    </p>
   </div>
   <div class='ocr_carea' id='block_1_25' title="bbox 2163 1017 3812 1091">
    <p class='ocr_par' dir='ltr' id='par_1_25' title="bbox 2163 1017 3812 1091">
     <span class='ocr_line' id='line_1_25' title="bbox 2163 1017 3812 1091; baseline 0.002 -21"><span class='ocrx_word' id='word_1_192' title='bbox 2163 1018 2290 1083; x_wconf 83' lang='lat' dir='ltr'><strong>feci,</strong></span> <span class='ocrx_word' id='word_1_193' title='bbox 2313 1020 2370 1070; x_wconf 91' lang='lat' dir='ltr'><strong>et</strong></span> <span class='ocrx_word' id='word_1_194' title='bbox 2399 1017 2506 1071; x_wconf 91' lang='lat' dir='ltr'><strong>hoc</strong></span> <span class='ocrx_word' id='word_1_195' title='bbox 2537 1034 2590 1072; x_wconf 74' lang='lat' dir='ltr'><strong>1N</strong></span> <span class='ocrx_word' id='word_1_196' title='bbox 2628 1033 2831 1073; x_wconf 79' lang='lat' dir='ltr'><strong>TIMORE</strong></span> <span class='ocrx_word' id='word_1_197' title='bbox 2862 1021 3106 1074; x_wconf 76' lang='lat' dir='ltr'><strong>CHRISTI.</strong></span> <span class='ocrx_word' id='word_1_198' title='bbox 3151 1019 3439 1073; x_wconf 89' lang='lat' dir='ltr'><strong>Timentes</strong></span> <span class='ocrx_word' id='word_1_199' title='bbox 3477 1037 3546 1073; x_wconf 92' lang='lat' dir='ltr'><strong>ne</strong></span> <span class='ocrx_word' id='word_1_200' title='bbox 3584 1026 3812 1091; x_wconf 66' lang='lat' dir='ltr'><strong>printer</strong></span> 
     </span>
    </p>
   </div>
   <div class='ocr_carea' id='block_1_26' title="bbox 2165 1111 3813 1184">
    <p class='ocr_par' dir='ltr' id='par_1_26' title="bbox 2165 1111 3813 1184">
     <span class='ocr_line' id='line_1_26' title="bbox 2165 1111 3813 1184; baseline 0.004 -23"><span class='ocrx_word' id='word_1_201' title='bbox 2165 1111 2514 1163; x_wconf 80' lang='lat' dir='ltr'><strong>voluntatem</strong></span> <span class='ocrx_word' id='word_1_202' title='bbox 2533 1111 2655 1180; x_wconf 85' lang='lat' dir='ltr'><strong>ejus</strong></span> <span class='ocrx_word' id='word_1_203' title='bbox 2676 1112 2893 1182; x_wconf 90' lang='lat' dir='ltr'><strong>aliquid</strong></span> <span class='ocrx_word' id='word_1_204' title='bbox 2915 1112 3209 1179; x_wconf 86' lang='lat' dir='ltr'><strong>faciamus,</strong></span> <span class='ocrx_word' id='word_1_205' title='bbox 3233 1130 3306 1166; x_wconf 85' lang='lat' dir='ltr'><strong>ne</strong></span> <span class='ocrx_word' id='word_1_206' title='bbox 3323 1117 3556 1184; x_wconf 85' lang='lat' dir='ltr'><strong>propter</strong></span> <span class='ocrx_word' id='word_1_207' title='bbox 3569 1115 3813 1169; x_wconf 80' lang='lat' dir='ltr'><strong>favores</strong></span> 
     </span>
    </p>
   </div>
   <div class='ocr_carea' id='block_1_27' title="bbox 2165 1203 3817 1277">
    <p class='ocr_par' dir='ltr' id='par_1_27' title="bbox 2165 1203 3817 1277">
     <span class='ocr_line' id='line_1_27' title="bbox 2165 1203 3817 1277; baseline 0.004 -22"><span class='ocrx_word' id='word_1_208' title='bbox 2165 1203 2465 1256; x_wconf 89' lang='lat' dir='ltr'><strong>hominum</strong></span> <span class='ocrx_word' id='word_1_209' title='bbox 2511 1205 2596 1257; x_wconf 90' lang='lat' dir='ltr'><strong>vel</strong></span> <span class='ocrx_word' id='word_1_210' title='bbox 2633 1204 2862 1271; x_wconf 86' lang='lat' dir='ltr'><strong>laudes;</strong></span> <span class='ocrx_word' id='word_1_211' title='bbox 2897 1223 2969 1259; x_wconf 89' lang='lat' dir='ltr'><strong>ne</strong></span> <span class='ocrx_word' id='word_1_212' title='bbox 2993 1205 3217 1260; x_wconf 87' lang='lat' dir='ltr'><strong>dicatur</strong></span> <span class='ocrx_word' id='word_1_213' title='bbox 3247 1206 3317 1259; x_wconf 92' lang='lat' dir='ltr'><strong>de</strong></span> <span class='ocrx_word' id='word_1_214' title='bbox 3346 1206 3506 1260; x_wconf 91' lang='lat' dir='ltr'><strong>nobis</strong></span> <span class='ocrx_word' id='word_1_215' title='bbox 3536 1223 3548 1260; x_wconf 92' lang='lat'><strong>:</strong></span> <span class='ocrx_word' id='word_1_216' title='bbox 3577 1210 3817 1277; x_wconf 66' lang='lat' dir='ltr'><strong>Recepe-</strong></span> 
     </span>
    </p>
   </div>
   <div class='ocr_carea' id='block_1_28' title="bbox 2161 1297 3816 1369">
    <p class='ocr_par' dir='ltr' id='par_1_28' title="bbox 2161 1297 3816 1369">
     <span class='ocr_line' id='line_1_28' title="bbox 2161 1297 3816 1369; baseline 0.003 -21"><span class='ocrx_word' id='word_1_217' title='bbox 2161 1301 2290 1349; x_wconf 82' lang='lat' dir='ltr'><strong>runt</strong></span> <span class='ocrx_word' id='word_1_218' title='bbox 2316 1297 2604 1350; x_wconf 78' lang='lat' dir='ltr'><strong>mercedem</strong></span> <span class='ocrx_word' id='word_1_219' title='bbox 2628 1313 2820 1363; x_wconf 88' lang='lat' dir='ltr'><strong>suam;</strong></span> <span class='ocrx_word' id='word_1_220' title='bbox 2852 1299 2950 1352; x_wconf 90' lang='lat' dir='ltr'><strong>sed</strong></span> <span class='ocrx_word' id='word_1_221' title='bbox 2978 1302 3164 1353; x_wconf 89' lang='lat' dir='ltr'><strong>totum</strong></span> <span class='ocrx_word' id='word_1_222' title='bbox 3205 1315 3308 1369; x_wconf 90' lang='lat' dir='ltr'><strong>pro</strong></span> <span class='ocrx_word' id='word_1_223' title='bbox 3347 1316 3540 1354; x_wconf 88' lang='lat' dir='ltr'><strong>amore</strong></span> <span class='ocrx_word' id='word_1_224' title='bbox 3581 1300 3816 1355; x_wconf 85' lang='lat' dir='ltr'><strong>Christi</strong></span> 
     </span>
    </p>
   </div>
   <div class='ocr_carea' id='block_1_29' title="bbox 2161 1389 3818 1462">
    <p class='ocr_par' dir='ltr' id='par_1_29' title="bbox 2161 1389 3818 1462">
     <span class='ocr_line' id='line_1_29' title="bbox 2161 1389 3818 1462; baseline 0.004 -20"><span class='ocrx_word' id='word_1_225' title='bbox 2161 1389 2459 1456; x_wconf 86' lang='lat' dir='ltr'><strong>faciamus,</strong></span> <span class='ocrx_word' id='word_1_226' title='bbox 2496 1393 2769 1444; x_wconf 89' lang='lat' dir='ltr'><strong>monente</strong></span> <span class='ocrx_word' id='word_1_227' title='bbox 2795 1393 3069 1462; x_wconf 83' lang='lat' dir='ltr'><strong>Apostolo</strong></span> <span class='ocrx_word' id='word_1_228' title='bbox 3105 1409 3116 1445; x_wconf 92' lang='lat'><strong>:</strong></span> <span class='ocrx_word' id='word_1_229' title='bbox 3149 1394 3272 1448; x_wconf 83' lang='lat' dir='ltr'><strong>Sive</strong></span> <span class='ocrx_word' id='word_1_230' title='bbox 3298 1393 3655 1460; x_wconf 80' lang='lat' dir='ltr'><strong>manducetis,</strong></span> <span class='ocrx_word' id='word_1_231' title='bbox 3681 1397 3818 1448; x_wconf 77' lang='lat' dir='ltr'><strong>sive</strong></span> 
     </span>
    </p>
   </div>
   <div class='ocr_carea' id='block_1_30' title="bbox 2164 1482 3814 1552">
    <p class='ocr_par' dir='ltr' id='par_1_30' title="bbox 2164 1482 3814 1552">
     <span class='ocr_line' id='line_1_30' title="bbox 2164 1482 3814 1552; baseline 0.005 -18"><span class='ocrx_word' id='word_1_232' title='bbox 2164 1482 2364 1544; x_wconf 85' lang='lat' dir='ltr'><strong>bibitis,</strong></span> <span class='ocrx_word' id='word_1_233' title='bbox 2389 1485 2500 1535; x_wconf 81' lang='lat' dir='ltr'><strong>sive</strong></span> <span class='ocrx_word' id='word_1_234' title='bbox 2523 1484 2680 1536; x_wconf 83' lang='lat' dir='ltr'><strong>aliud</strong></span> <span class='ocrx_word' id='word_1_235' title='bbox 2697 1484 2914 1552; x_wconf 87' lang='lat' dir='ltr'><strong>aliquid</strong></span> <span class='ocrx_word' id='word_1_236' title='bbox 2936 1487 3144 1552; x_wconf 83' lang='lat' dir='ltr'><strong>facitis,</strong></span> <span class='ocrx_word' id='word_1_237' title='bbox 3173 1488 3352 1540; x_wconf 86' lang='lat' dir='ltr'><strong>omnia</strong></span> <span class='ocrx_word' id='word_1_238' title='bbox 3371 1489 3432 1540; x_wconf 86' lang='lat' dir='ltr'><strong>in</strong></span> <span class='ocrx_word' id='word_1_239' title='bbox 3454 1489 3664 1540; x_wconf 84' lang='lat' dir='ltr'><strong>nomine</strong></span> <span class='ocrx_word' id='word_1_240' title='bbox 3687 1491 3814 1542; x_wconf 88' lang='lat' dir='ltr'><strong>Do-</strong></span> 
     </span>
    </p>
   </div>
   <div class='ocr_carea' id='block_1_31' title="bbox 2162 1576 3815 1647">
    <p class='ocr_par' dir='ltr' id='par_1_31' title="bbox 2162 1576 3815 1647">
     <span class='ocr_line' id='line_1_31' title="bbox 2162 1576 3815 1647; baseline 0.004 -20"><span class='ocrx_word' id='word_1_241' title='bbox 2162 1577 2296 1628; x_wconf 83' lang='lat' dir='ltr'><strong>mini</strong></span> <span class='ocrx_word' id='word_1_242' title='bbox 2317 1577 2500 1642; x_wconf 83' lang='lat' dir='ltr'><strong>facite.</strong></span> <span class='ocrx_word' id='word_1_243' title='bbox 2533 1577 2601 1628; x_wconf 88' lang='lat' dir='ltr'><strong>Et</strong></span> <span class='ocrx_word' id='word_1_244' title='bbox 2643 1576 2850 1629; x_wconf 86' lang='lat' dir='ltr'><strong>iterum</strong></span> <span class='ocrx_word' id='word_1_245' title='bbox 2881 1593 2894 1630; x_wconf 90' lang='lat'><strong>:</strong></span> <span class='ocrx_word' id='word_1_246' title='bbox 2941 1577 3104 1631; x_wconf 86' lang='lat' dir='ltr'><strong>Omne</strong></span> <span class='ocrx_word' id='word_1_247' title='bbox 3140 1578 3489 1647; x_wconf 84' lang='lat' dir='ltr'><strong>quodcunque</strong></span> <span class='ocrx_word' id='word_1_248' title='bbox 3521 1581 3710 1644; x_wconf 83' lang='lat' dir='ltr'><strong>facitis</strong></span> <span class='ocrx_word' id='word_1_249' title='bbox 3747 1583 3815 1633; x_wconf 82' lang='lat' dir='ltr'><strong>in</strong></span> 
     </span>
    </p>
   </div>
   <div class='ocr_carea' id='block_1_32' title="bbox 2160 1669 3811 1738">
    <p class='ocr_par' dir='ltr' id='par_1_32' title="bbox 2160 1669 3811 1738">
     <span class='ocr_line' id='line_1_32' title="bbox 2160 1669 3811 1738; baseline 0.001 -16"><span class='ocrx_word' id='word_1_250' title='bbox 2160 1669 2338 1730; x_wconf 72' lang='lat' dir='ltr'><strong>rerbo,</strong></span> <span class='ocrx_word' id='word_1_251' title='bbox 2379 1675 2474 1722; x_wconf 89' lang='lat' dir='ltr'><strong>aut</strong></span> <span class='ocrx_word' id='word_1_252' title='bbox 2514 1671 2573 1722; x_wconf 92' lang='lat' dir='ltr'><strong>in</strong></span> <span class='ocrx_word' id='word_1_253' title='bbox 2609 1685 2764 1738; x_wconf 88' lang='lat' dir='ltr'><strong>opere</strong></span> <span class='ocrx_word' id='word_1_254' title='bbox 2796 1673 2976 1724; x_wconf 85' lang='lat' dir='ltr'><strong>omnia</strong></span> <span class='ocrx_word' id='word_1_255' title='bbox 3012 1673 3071 1724; x_wconf 89' lang='lat' dir='ltr'><strong>in</strong></span> <span class='ocrx_word' id='word_1_256' title='bbox 3113 1673 3322 1725; x_wconf 86' lang='lat' dir='ltr'><strong>nomine</strong></span> <span class='ocrx_word' id='word_1_257' title='bbox 3347 1674 3559 1725; x_wconf 82' lang='lat' dir='ltr'><strong>Domini</strong></span> <span class='ocrx_word' id='word_1_258' title='bbox 3603 1676 3811 1738; x_wconf 75' lang='lat' dir='ltr'><strong>facite.</strong></span> 
     </span>
    </p>
   </div>
   <div class='ocr_carea' id='block_1_33' title="bbox 435 1747 3328 1832">
    <p class='ocr_par' dir='ltr' id='par_1_33' title="bbox 435 1747 3328 1832">
     <span class='ocr_line' id='line_1_33' title="bbox 435 1747 3328 1832; baseline 0.001 -18"><span class='ocrx_word' id='word_1_259' title='bbox 435 1777 731 1815; x_wconf 87' lang='lat' dir='ltr'><strong>assumens</strong></span> <span class='ocrx_word' id='word_1_260' title='bbox 749 1761 1468 1830; x_wconf 73' lang='lat' dir='ltr'><strong>nostramhumanitatem,</strong></span> <span class='ocrx_word' id='word_1_261' title='bbox 1503 1767 1560 1816; x_wconf 89' lang='lat' dir='ltr'><strong>et</strong></span> <span class='ocrx_word' id='word_1_262' title='bbox 1584 1762 1713 1816; x_wconf 90' lang='lat' dir='ltr'><strong>ideo</strong></span> <span class='ocrx_word' id='word_1_263' title='bbox 1739 1762 1890 1816; x_wconf 86' lang='lat' dir='ltr'><strong>Patri</strong></span> <span class='ocrx_word' id='word_1_264' title='bbox 1904 1762 2059 1817; x_wconf 87' lang='lat' dir='ltr'><strong>vide-</strong></span> <span class='ocrx_word' id='word_1_265' title='bbox 2081 1747 2139 1816; x_wconf 85' lang='lat' dir='ltr'><strong>B</strong></span> <span class='ocrx_word' id='word_1_266' title='bbox 2164 1762 2231 1815; x_wconf 88' lang='lat' dir='ltr'><strong>Et</strong></span> <span class='ocrx_word' id='word_1_267' title='bbox 2257 1761 2363 1815; x_wconf 86' lang='lat' dir='ltr'><strong>hoc</strong></span> <span class='ocrx_word' id='word_1_268' title='bbox 2390 1765 2477 1815; x_wconf 90' lang='lat' dir='ltr'><strong>est</strong></span> <span class='ocrx_word' id='word_1_269' title='bbox 2507 1761 2662 1832; x_wconf 90' lang='lat' dir='ltr'><strong>quod</strong></span> <span class='ocrx_word' id='word_1_270' title='bbox 2693 1761 2794 1829; x_wconf 90' lang='lat' dir='ltr'><strong>ait,</strong></span> <span class='ocrx_word' id='word_1_271' title='bbox 2819 1765 2878 1816; x_wconf 91' lang='lat' dir='ltr'><strong>in</strong></span> <span class='ocrx_word' id='word_1_272' title='bbox 2905 1765 3090 1818; x_wconf 86' lang='lat' dir='ltr'><strong>timore</strong></span> <span class='ocrx_word' id='word_1_273' title='bbox 3111 1763 3328 1818; x_wconf 85' lang='lat' dir='ltr'><strong>Christi.</strong></span> 
     </span>
    </p>
   </div>
   <div class='ocr_carea' id='block_1_34' title="bbox 1981 2012 2248 2136">
    <p class='ocr_par' dir='ltr' id='par_1_34' title="bbox 1981 2012 2248 2136">
     <span class='ocr_line' id='line_1_34' title="bbox 1981 2012 2248 2136; baseline 0 0"><span class='ocrx_word' id='word_1_274' title='bbox 1981 2012 2248 2136; x_wconf 90' lang='grc' dir='ltr'><strong>ΧΙΙ.</strong></span> 
     </span>
    </p>
   </div>
   <div class='ocr_carea' id='block_1_35' title="bbox 435 2201 3808 2286">
    <p class='ocr_par' dir='ltr' id='par_1_35' title="bbox 435 2201 3808 2286">
     <span class='ocr_line' id='line_1_35' title="bbox 435 2201 3808 2286; baseline 0.001 -17"><span class='ocrx_word' id='word_1_275' title='bbox 435 2201 650 2269; x_wconf 89' lang='lat' dir='ltr'><strong>Lectio</strong></span> <span class='ocrx_word' id='word_1_276' title='bbox 699 2203 1002 2286; x_wconf 75' lang='lat' dir='ltr'><strong>Epistolze</strong></span> <span class='ocrx_word' id='word_1_277' title='bbox 1043 2202 1216 2267; x_wconf 89' lang='lat' dir='ltr'><strong>beati</strong></span> <span class='ocrx_word' id='word_1_278' title='bbox 1262 2201 1442 2266; x_wconf 90' lang='lat' dir='ltr'><strong>Pauli</strong></span> <span class='ocrx_word' id='word_1_279' title='bbox 1485 2203 1762 2285; x_wconf 89' lang='lat' dir='ltr'><strong>apostoli</strong></span> <span class='ocrx_word' id='word_1_280' title='bbox 1801 2203 1883 2266; x_wconf 91' lang='lat' dir='ltr'><strong>ad</strong></span> <span class='ocrx_word' id='word_1_281' title='bbox 1926 2203 2242 2286; x_wconf 88' lang='lat' dir='ltr'><strong>Ephesios</strong></span> <span class='ocrx_word' id='word_1_282' title='bbox 2270 2203 2376 2286; x_wconf 83' lang='lat' dir='ltr'><strong>(v1,</strong></span> <span class='ocrx_word' id='word_1_283' title='bbox 2407 2205 2512 2286; x_wconf 64' lang='grc' dir='ltr'><strong>Δ10)</strong></span> <span class='ocrx_word' id='word_1_284' title='bbox 2549 2225 2562 2264; x_wconf 91' lang='lat'><strong>:</strong></span> <span class='ocrx_word' id='word_1_285' title='bbox 2602 2201 2885 2280; x_wconf 78' lang='lat' dir='ltr'><strong>Fratres,</strong></span> <span class='ocrx_word' id='word_1_286' title='bbox 2929 2203 3008 2267; x_wconf 88' lang='lat' dir='ltr'><strong>de</strong></span> <span class='ocrx_word' id='word_1_287' title='bbox 3041 2212 3267 2268; x_wconf 73' lang='lat' dir='ltr'><strong>caetero</strong></span> <span class='ocrx_word' id='word_1_288' title='bbox 3304 2207 3808 2284; x_wconf 83' lang='lat' dir='ltr'><strong>confortamim&#39;,</strong></span> 
     </span>
    </p>
   </div>
   <div class='ocr_carea' id='block_1_36' title="bbox 1555 2283 2671 2365">
    <p class='ocr_par' dir='ltr' id='par_1_36' title="bbox 1555 2283 2671 2365">
     <span class='ocr_line' id='line_1_36' title="bbox 1555 2283 2671 2365; baseline 0 -21"><span class='ocrx_word' id='word_1_289' title='bbox 1555 2293 1619 2344; x_wconf 89' lang='lat' dir='ltr'><strong>et</strong></span> <span class='ocrx_word' id='word_1_290' title='bbox 1648 2287 1714 2346; x_wconf 86' lang='lat' dir='ltr'><strong>in</strong></span> <span class='ocrx_word' id='word_1_291' title='bbox 1743 2283 2036 2365; x_wconf 79' lang='lat' dir='ltr'><strong>potentia</strong></span> <span class='ocrx_word' id='word_1_292' title='bbox 2067 2285 2333 2346; x_wconf 82' lang='lat' dir='ltr'><strong>virtutis</strong></span> <span class='ocrx_word' id='word_1_293' title='bbox 2355 2283 2519 2364; x_wconf 83' lang='lat' dir='ltr'><strong>ejus,</strong></span> <span class='ocrx_word' id='word_1_294' title='bbox 2552 2289 2671 2346; x_wconf 89' lang='lat' dir='ltr'><strong>etc.</strong></span> 
     </span>
    </p>
   </div>
   <div class='ocr_carea' id='block_1_37' title="bbox 1655 2418 2542 2474">
    <p class='ocr_par' dir='ltr' id='par_1_37' title="bbox 1655 2418 2542 2474">
     <span class='ocr_line' id='line_1_37' title="bbox 1655 2418 2542 2474; baseline -0.002 -2"><span class='ocrx_word' id='word_1_295' title='bbox 1655 2419 2074 2474; x_wconf 74' lang='lat' dir='ltr'><strong>COMMENTUM</strong></span> <span class='ocrx_word' id='word_1_296' title='bbox 2120 2418 2542 2474; x_wconf 80' lang='lat' dir='ltr'><strong>LUCULENTII.</strong></span> 
     </span>
    </p>
   </div>
   <div class='ocr_carea' id='block_1_38' title="bbox 506 2517 2059 2589">
    <p class='ocr_par' dir='ltr' id='par_1_38' title="bbox 506 2517 2059 2589">
     <span class='ocr_line' id='line_1_38' title="bbox 506 2517 2059 2589; baseline -0.003 -13"><span class='ocrx_word' id='word_1_297' title='bbox 506 2521 889 2576; x_wconf 85' lang='lat' dir='ltr'><strong>Admonuerat</strong></span> <span class='ocrx_word' id='word_1_298' title='bbox 915 2517 1068 2572; x_wconf 90' lang='lat' dir='ltr'><strong>enim</strong></span> <span class='ocrx_word' id='word_1_299' title='bbox 1095 2518 1351 2589; x_wconf 89' lang='lat' dir='ltr'><strong>superius</strong></span> <span class='ocrx_word' id='word_1_300' title='bbox 1366 2519 1658 2588; x_wconf 88' lang='lat' dir='ltr'><strong>apostolus</strong></span> <span class='ocrx_word' id='word_1_301' title='bbox 1685 2519 1887 2572; x_wconf 88' lang='lat' dir='ltr'><strong>Paulus</strong></span> <span class='ocrx_word' id='word_1_302' title='bbox 1909 2535 2059 2584; x_wconf 84' lang='lat' dir='ltr'><strong>seor-</strong></span> 
     </span>
    </p>
   </div>
   <div class='ocr_carea' id='block_1_39' title="bbox 437 2611 2058 2680">
    <p class='ocr_par' dir='ltr' id='par_1_39' title="bbox 437 2611 2058 2680">
     <span class='ocr_line' id='line_1_39' title="bbox 437 2611 2058 2680; baseline -0.002 -11"><span class='ocrx_word' id='word_1_303' title='bbox 437 2631 562 2669; x_wconf 90' lang='lat' dir='ltr'><strong>sum</strong></span> <span class='ocrx_word' id='word_1_304' title='bbox 577 2615 743 2680; x_wconf 86' lang='lat' dir='ltr'><strong>viros,</strong></span> <span class='ocrx_word' id='word_1_305' title='bbox 763 2629 1015 2667; x_wconf 85' lang='lat' dir='ltr'><strong>seorsum</strong></span> <span class='ocrx_word' id='word_1_306' title='bbox 1036 2611 1294 2679; x_wconf 84' lang='lat' dir='ltr'><strong>feminas,</strong></span> <span class='ocrx_word' id='word_1_307' title='bbox 1319 2611 1574 2666; x_wconf 89' lang='lat' dir='ltr'><strong>dominos</strong></span> <span class='ocrx_word' id='word_1_308' title='bbox 1601 2618 1657 2666; x_wconf 93' lang='lat' dir='ltr'><strong>et</strong></span> <span class='ocrx_word' id='word_1_309' title='bbox 1682 2629 1887 2679; x_wconf 85' lang='lat' dir='ltr'><strong>servos,</strong></span> <span class='ocrx_word' id='word_1_310' title='bbox 1910 2613 2058 2666; x_wconf 84' lang='lat' dir='ltr'><strong>ﬁlios</strong></span> 
     </span>
    </p>
   </div>
   <div class='ocr_carea' id='block_1_40' title="bbox 438 2705 2062 2778">
    <p class='ocr_par' dir='ltr' id='par_1_40' title="bbox 438 2705 2062 2778">
     <span class='ocr_line' id='line_1_40' title="bbox 438 2705 2062 2778; baseline -0.002 -16"><span class='ocrx_word' id='word_1_311' title='bbox 438 2714 493 2762; x_wconf 88' lang='lat' dir='ltr'><strong>et</strong></span> <span class='ocrx_word' id='word_1_312' title='bbox 521 2712 726 2778; x_wconf 87' lang='lat' dir='ltr'><strong>patres,</strong></span> <span class='ocrx_word' id='word_1_313' title='bbox 760 2705 950 2759; x_wconf 91' lang='lat' dir='ltr'><strong>dicens</strong></span> <span class='ocrx_word' id='word_1_314' title='bbox 981 2721 994 2758; x_wconf 92' lang='lat'><strong>:</strong></span> <span class='ocrx_word' id='word_1_315' title='bbox 1044 2707 1182 2766; x_wconf 81' lang='lat' dir='ltr'><strong>Viri,</strong></span> <span class='ocrx_word' id='word_1_316' title='bbox 1215 2705 1428 2774; x_wconf 82' lang='lat' dir='ltr'><strong>diligite</strong></span> <span class='ocrx_word' id='word_1_317' title='bbox 1463 2721 1652 2760; x_wconf 67' lang='lat' dir='ltr'><strong>uxores</strong></span> <span class='ocrx_word' id='word_1_318' title='bbox 1676 2711 1902 2773; x_wconf 78' lang='lat' dir='ltr'><strong>vestras,</strong></span> <span class='ocrx_word' id='word_1_319' title='bbox 1923 2709 2062 2760; x_wconf 84' lang='lat' dir='ltr'><strong>sicut</strong></span> 
     </span>
    </p>
   </div>
   <div class='ocr_carea' id='block_1_41' title="bbox 437 2799 2057 2865">
    <p class='ocr_par' dir='ltr' id='par_1_41' title="bbox 437 2799 2057 2865">
     <span class='ocr_line' id='line_1_41' title="bbox 437 2799 2057 2865; baseline -0.001 -10"><span class='ocrx_word' id='word_1_320' title='bbox 437 2807 486 2856; x_wconf 88' lang='lat' dir='ltr'><strong>et</strong></span> <span class='ocrx_word' id='word_1_321' title='bbox 513 2803 752 2859; x_wconf 86' lang='lat' dir='ltr'><strong>Christus</strong></span> <span class='ocrx_word' id='word_1_322' title='bbox 770 2799 1080 2853; x_wconf 79' lang='lat' dir='ltr'><strong>Ecclesium.</strong></span> <span class='ocrx_word' id='word_1_323' title='bbox 1103 2799 1355 2852; x_wconf 78' lang='lat' dir='ltr'><strong>Mulieres</strong></span> <span class='ocrx_word' id='word_1_324' title='bbox 1383 2801 1516 2852; x_wconf 69' lang='lat' dir='ltr'><strong>ciris</strong></span> <span class='ocrx_word' id='word_1_325' title='bbox 1541 2802 1653 2854; x_wconf 87' lang='lat' dir='ltr'><strong>suis</strong></span> <span class='ocrx_word' id='word_1_326' title='bbox 1669 2800 1898 2854; x_wconf 72' lang='lat' dir='ltr'><strong>subditae</strong></span> <span class='ocrx_word' id='word_1_327' title='bbox 1920 2802 2057 2865; x_wconf 88' lang='lat' dir='ltr'><strong>sint;</strong></span> 
     </span>
    </p>
   </div>
   <div class='ocr_carea' id='block_1_42' title="bbox 435 2892 2059 2964">
    <p class='ocr_par' dir='ltr' id='par_1_42' title="bbox 435 2892 2059 2964">
     <span class='ocr_line' id='line_1_42' title="bbox 435 2892 2059 2964; baseline -0.002 -16"><span class='ocrx_word' id='word_1_328' title='bbox 435 2896 556 2964; x_wconf 80' lang='lat' dir='ltr'><strong>ﬁlii,</strong></span> <span class='ocrx_word' id='word_1_329' title='bbox 583 2894 789 2947; x_wconf 85' lang='lat' dir='ltr'><strong>obedite</strong></span> <span class='ocrx_word' id='word_1_330' title='bbox 801 2893 1126 2962; x_wconf 80' lang='lat' dir='ltr'><strong>‘parentibus</strong></span> <span class='ocrx_word' id='word_1_331' title='bbox 1137 2907 1239 2960; x_wconf 82' lang='lat' dir='ltr'><strong>per</strong></span> <span class='ocrx_word' id='word_1_332' title='bbox 1252 2895 1452 2946; x_wconf 85' lang='lat' dir='ltr'><strong>omnia.</strong></span> <span class='ocrx_word' id='word_1_333' title='bbox 1471 2893 1594 2946; x_wconf 37' lang='lat' dir='ltr'><strong>illoc</strong></span> <span class='ocrx_word' id='word_1_334' title='bbox 1611 2892 1766 2946; x_wconf 85' lang='lat' dir='ltr'><strong>enim</strong></span> <span class='ocrx_word' id='word_1_335' title='bbox 1789 2893 2059 2963; x_wconf 90' lang='lat' dir='ltr'><strong>placitum</strong></span> 
     </span>
    </p>
   </div>
   <div class='ocr_carea' id='block_1_43' title="bbox 439 2986 2056 3056">
    <p class='ocr_par' dir='ltr' id='par_1_43' title="bbox 439 2986 2056 3056">
     <span class='ocr_line' id='line_1_43' title="bbox 439 2986 2056 3056; baseline -0.002 -14"><span class='ocrx_word' id='word_1_336' title='bbox 439 2994 522 3042; x_wconf 90' lang='lat' dir='ltr'><strong>est</strong></span> <span class='ocrx_word' id='word_1_337' title='bbox 560 2987 620 3040; x_wconf 92' lang='lat' dir='ltr'><strong>in</strong></span> <span class='ocrx_word' id='word_1_338' title='bbox 655 2986 910 3040; x_wconf 90' lang='lat' dir='ltr'><strong>Domino.</strong></span> <span class='ocrx_word' id='word_1_339' title='bbox 941 2988 1147 3048; x_wconf 85' lang='lat' dir='ltr'><strong>Patres,</strong></span> <span class='ocrx_word' id='word_1_340' title='bbox 1202 2987 1368 3040; x_wconf 88' lang='lat' dir='ltr'><strong>nolite</strong></span> <span class='ocrx_word' id='word_1_341' title='bbox 1396 2986 1471 3039; x_wconf 85' lang='lat' dir='ltr'><strong>ad</strong></span> <span class='ocrx_word' id='word_1_342' title='bbox 1495 2987 1838 3040; x_wconf 82' lang='lat' dir='ltr'><strong>iracundiam</strong></span> <span class='ocrx_word' id='word_1_343' title='bbox 1861 3003 2056 3056; x_wconf 75' lang='lat' dir='ltr'><strong>provo—</strong></span> 
     </span>
    </p>
   </div>
   <div class='ocr_carea' id='block_1_44' title="bbox 439 3078 2056 3148">
    <p class='ocr_par' dir='ltr' id='par_1_44' title="bbox 439 3078 2056 3148">
     <span class='ocr_line' id='line_1_44' title="bbox 439 3078 2056 3148; baseline -0.001 -14"><span class='ocrx_word' id='word_1_344' title='bbox 439 3096 560 3134; x_wconf 89' lang='lat' dir='ltr'><strong>care</strong></span> <span class='ocrx_word' id='word_1_345' title='bbox 587 3080 724 3148; x_wconf 83' lang='lat' dir='ltr'><strong>filios</strong></span> <span class='ocrx_word' id='word_1_346' title='bbox 766 3083 982 3141; x_wconf 83' lang='lat' dir='ltr'><strong>vestros,</strong></span> <span class='ocrx_word' id='word_1_347' title='bbox 1011 3081 1077 3131; x_wconf 90' lang='lat' dir='ltr'><strong>ut</strong></span> <span class='ocrx_word' id='word_1_348' title='bbox 1095 3095 1210 3132; x_wconf 91' lang='lat' dir='ltr'><strong>non</strong></span> <span class='ocrx_word' id='word_1_349' title='bbox 1240 3078 1442 3148; x_wconf 90' lang='lat' dir='ltr'><strong>pusillo</strong></span> <span class='ocrx_word' id='word_1_350' title='bbox 1469 3079 1660 3132; x_wconf 90' lang='lat' dir='ltr'><strong>animo</strong></span> <span class='ocrx_word' id='word_1_351' title='bbox 1699 3079 1856 3134; x_wconf 85' lang='lat' dir='ltr'><strong>ﬁant.</strong></span> <span class='ocrx_word' id='word_1_352' title='bbox 1886 3081 2056 3141; x_wconf 79' lang='lat' dir='ltr'><strong>Servi,</strong></span> 
     </span>
    </p>
   </div>
   <div class='ocr_carea' id='block_1_45' title="bbox 439 3171 2062 3234">
    <p class='ocr_par' dir='ltr' id='par_1_45' title="bbox 439 3171 2062 3234">
     <span class='ocr_line' id='line_1_45' title="bbox 439 3171 2062 3234; baseline -0.001 -6"><span class='ocrx_word' id='word_1_353' title='bbox 439 3173 644 3228; x_wconf 87' lang='lat' dir='ltr'><strong>obedite</strong></span> <span class='ocrx_word' id='word_1_354' title='bbox 669 3173 900 3226; x_wconf 88' lang='lat' dir='ltr'><strong>dominis</strong></span> <span class='ocrx_word' id='word_1_355' title='bbox 948 3171 1279 3234; x_wconf 86' lang='lat' dir='ltr'><strong>carnalibus,</strong></span> <span class='ocrx_word' id='word_1_356' title='bbox 1308 3187 1413 3225; x_wconf 90' lang='lat' dir='ltr'><strong>non</strong></span> <span class='ocrx_word' id='word_1_357' title='bbox 1441 3172 1516 3225; x_wconf 88' lang='lat' dir='ltr'><strong>ad</strong></span> <span class='ocrx_word' id='word_1_358' title='bbox 1545 3173 1756 3226; x_wconf 89' lang='lat' dir='ltr'><strong>oculum</strong></span> <span class='ocrx_word' id='word_1_359' title='bbox 1781 3175 2062 3227; x_wconf 81' lang='lat' dir='ltr'><strong>servientes</strong></span> 
     </span>
    </p>
   </div>
   <div class='ocr_carea' id='block_1_46' title="bbox 438 3265 2064 3340">
    <p class='ocr_par' dir='ltr' id='par_1_46' title="bbox 438 3265 2064 3340">
     <span class='ocr_line' id='line_1_46' title="bbox 438 3265 2064 3340; baseline -0.002 -17"><span class='ocrx_word' id='word_1_360' title='bbox 438 3271 597 3340; x_wconf 81' lang='lat' dir='ltr'><strong>quasi</strong></span> <span class='ocrx_word' id='word_1_361' title='bbox 631 3266 931 3320; x_wconf 87' lang='lat' dir='ltr'><strong>hominibus</strong></span> <span class='ocrx_word' id='word_1_362' title='bbox 953 3265 1246 3335; x_wconf 87' lang='lat' dir='ltr'><strong>placentes,</strong></span> <span class='ocrx_word' id='word_1_363' title='bbox 1277 3265 1373 3319; x_wconf 84' lang='lat' dir='ltr'><strong>sed</strong></span> <span class='ocrx_word' id='word_1_364' title='bbox 1401 3265 1582 3336; x_wconf 88' lang='lat' dir='ltr'><strong>magis</strong></span> <span class='ocrx_word' id='word_1_365' title='bbox 1616 3266 1752 3332; x_wconf 91' lang='lat' dir='ltr'><strong>Deo,</strong></span> <span class='ocrx_word' id='word_1_366' title='bbox 1794 3271 1850 3320; x_wconf 87' lang='lat' dir='ltr'><strong>et</strong></span> <span class='ocrx_word' id='word_1_367' title='bbox 1878 3266 1964 3320; x_wconf 90' lang='lat' dir='ltr'><strong>his</strong></span> <span class='ocrx_word' id='word_1_368' title='bbox 1995 3266 2064 3320; x_wconf 89' lang='lat' dir='ltr'><strong>si-</strong></span> 
     </span>
    </p>
   </div>
   <div class='ocr_carea' id='block_1_47' title="bbox 437 3358 2062 3429">
    <p class='ocr_par' dir='ltr' id='par_1_47' title="bbox 437 3358 2062 3429">
     <span class='ocr_line' id='line_1_47' title="bbox 437 3358 2062 3429; baseline -0.002 -13"><span class='ocrx_word' id='word_1_369' title='bbox 437 3361 614 3417; x_wconf 88' lang='lat' dir='ltr'><strong>milia.</strong></span> <span class='ocrx_word' id='word_1_370' title='bbox 647 3359 859 3414; x_wconf 86' lang='lat' dir='ltr'><strong>Deinde</strong></span> <span class='ocrx_word' id='word_1_371' title='bbox 883 3375 1013 3412; x_wconf 87' lang='lat' dir='ltr'><strong>vero</strong></span> <span class='ocrx_word' id='word_1_372' title='bbox 1039 3374 1234 3412; x_wconf 89' lang='lat' dir='ltr'><strong>omnes</strong></span> <span class='ocrx_word' id='word_1_373' title='bbox 1262 3358 1324 3411; x_wconf 89' lang='lat' dir='ltr'><strong>in</strong></span> <span class='ocrx_word' id='word_1_374' title='bbox 1352 3374 1535 3412; x_wconf 91' lang='lat' dir='ltr'><strong>unum</strong></span> <span class='ocrx_word' id='word_1_375' title='bbox 1579 3359 2062 3429; x_wconf 87' lang='lat' dir='ltr'><strong>comprehendens</strong></span> 
     </span>
    </p>
   </div>
   <div class='ocr_carea' id='block_1_48' title="bbox 437 3453 2062 3510">
    <p class='ocr_par' dir='ltr' id='par_1_48' title="bbox 437 3453 2062 3510">
     <span class='ocr_line' id='line_1_48' title="bbox 437 3453 2062 3510; baseline -0.002 0"><span class='ocrx_word' id='word_1_376' title='bbox 437 3455 615 3510; x_wconf 91' lang='lat' dir='ltr'><strong>dicit:</strong></span> <span class='ocrx_word' id='word_1_377' title='bbox 650 3455 726 3508; x_wconf 78' lang='lat' dir='ltr'><strong>Ds</strong></span> <span class='ocrx_word' id='word_1_378' title='bbox 765 3469 979 3507; x_wconf 52' lang='lat' dir='ltr'><strong>cereno</strong></span> <span class='ocrx_word' id='word_1_379' title='bbox 1018 3467 1419 3508; x_wconf 59' lang='lat' dir='ltr'><strong>conronrsnm</strong></span> <span class='ocrx_word' id='word_1_380' title='bbox 1459 3469 1512 3507; x_wconf 74' lang='lat' dir='ltr'><strong>IN</strong></span> <span class='ocrx_word' id='word_1_381' title='bbox 1553 3453 1790 3508; x_wconf 79' lang='lat' dir='ltr'><strong>DOMINO.</strong></span> <span class='ocrx_word' id='word_1_382' title='bbox 1825 3457 1897 3508; x_wconf 90' lang='lat' dir='ltr'><strong>De</strong></span> <span class='ocrx_word' id='word_1_383' title='bbox 1916 3458 2062 3508; x_wconf 55' lang='lat' dir='ltr'><strong>caete-</strong></span> 
     </span>
    </p>
   </div>
   <div class='ocr_carea' id='block_1_49' title="bbox 437 3546 2059 3617">
    <p class='ocr_par' dir='ltr' id='par_1_49' title="bbox 437 3546 2059 3617">
     <span class='ocr_line' id='line_1_49' title="bbox 437 3546 2059 3617; baseline -0.002 -12"><span class='ocrx_word' id='word_1_384' title='bbox 437 3567 519 3614; x_wconf 89' lang='lat' dir='ltr'><strong>ro,</strong></span> <span class='ocrx_word' id='word_1_385' title='bbox 541 3549 598 3603; x_wconf 90' lang='lat' dir='ltr'><strong>id</strong></span> <span class='ocrx_word' id='word_1_386' title='bbox 624 3553 707 3602; x_wconf 84' lang='lat' dir='ltr'><strong>est</strong></span> <span class='ocrx_word' id='word_1_387' title='bbox 738 3547 806 3602; x_wconf 92' lang='lat' dir='ltr'><strong>de</strong></span> <span class='ocrx_word' id='word_1_388' title='bbox 831 3546 1070 3617; x_wconf 89' lang='lat' dir='ltr'><strong>reliquo.</strong></span> <span class='ocrx_word' id='word_1_389' title='bbox 1093 3546 1335 3601; x_wconf 85' lang='lat' dir='ltr'><strong>Noverat</strong></span> <span class='ocrx_word' id='word_1_390' title='bbox 1361 3546 1513 3600; x_wconf 73' lang='lat' dir='ltr'><strong>enim</strong></span> <span class='ocrx_word' id='word_1_391' title='bbox 1541 3546 1814 3616; x_wconf 88' lang='lat' dir='ltr'><strong>scriptum</strong></span> <span class='ocrx_word' id='word_1_392' title='bbox 1843 3565 1856 3601; x_wconf 92' lang='lat'><strong>:</strong></span> <span class='ocrx_word' id='word_1_393' title='bbox 1888 3548 2059 3602; x_wconf 88' lang='lat' dir='ltr'><strong>Male-</strong></span> 
     </span>
    </p>
   </div>
   <div class='ocr_carea' id='block_1_50' title="bbox 437 3639 2058 3710">
    <p class='ocr_par' dir='ltr' id='par_1_50' title="bbox 437 3639 2058 3710">
     <span class='ocr_line' id='line_1_50' title="bbox 437 3639 2058 3710; baseline -0.001 -13"><span class='ocrx_word' id='word_1_394' title='bbox 437 3645 612 3698; x_wconf 89' lang='lat' dir='ltr'><strong>dictus</strong></span> <span class='ocrx_word' id='word_1_395' title='bbox 637 3643 788 3695; x_wconf 91' lang='lat' dir='ltr'><strong>homo</strong></span> <span class='ocrx_word' id='word_1_396' title='bbox 817 3643 914 3710; x_wconf 86' lang='lat' dir='ltr'><strong>qui</strong></span> <span class='ocrx_word' id='word_1_397' title='bbox 937 3639 1156 3708; x_wconf 81' lang='lat' dir='ltr'><strong>confidit</strong></span> <span class='ocrx_word' id='word_1_398' title='bbox 1180 3641 1238 3693; x_wconf 91' lang='lat' dir='ltr'><strong>in</strong></span> <span class='ocrx_word' id='word_1_399' title='bbox 1262 3641 1488 3694; x_wconf 87' lang='lat' dir='ltr'><strong>homine.</strong></span> <span class='ocrx_word' id='word_1_400' title='bbox 1519 3642 1585 3694; x_wconf 86' lang='lat' dir='ltr'><strong>Et</strong></span> <span class='ocrx_word' id='word_1_401' title='bbox 1609 3656 1867 3693; x_wconf 90' lang='lat' dir='ltr'><strong>rursum:</strong></span> <span class='ocrx_word' id='word_1_402' title='bbox 1895 3642 2058 3696; x_wconf 88' lang='lat' dir='ltr'><strong>Bene-</strong></span> 
     </span>
    </p>
   </div>
   <div class='ocr_carea' id='block_1_51' title="bbox 439 3731 2058 3802">
    <p class='ocr_par' dir='ltr' id='par_1_51' title="bbox 439 3731 2058 3802">
     <span class='ocr_line' id='line_1_51' title="bbox 439 3731 2058 3802; baseline -0.002 -12"><span class='ocrx_word' id='word_1_403' title='bbox 439 3737 611 3790; x_wconf 87' lang='lat' dir='ltr'><strong>dictus</strong></span> <span class='ocrx_word' id='word_1_404' title='bbox 637 3735 722 3787; x_wconf 82' lang='lat' dir='ltr'><strong>vir</strong></span> <span class='ocrx_word' id='word_1_405' title='bbox 751 3735 846 3802; x_wconf 85' lang='lat' dir='ltr'><strong>qui</strong></span> <span class='ocrx_word' id='word_1_406' title='bbox 871 3732 1088 3800; x_wconf 84' lang='lat' dir='ltr'><strong>conﬁdit</strong></span> <span class='ocrx_word' id='word_1_407' title='bbox 1106 3734 1165 3785; x_wconf 86' lang='lat' dir='ltr'><strong>in</strong></span> <span class='ocrx_word' id='word_1_408' title='bbox 1189 3735 1434 3786; x_wconf 88' lang='lat' dir='ltr'><strong>Domi-no.</strong></span> <span class='ocrx_word' id='word_1_409' title='bbox 1461 3734 1528 3788; x_wconf 84' lang='lat' dir='ltr'><strong>Et</strong></span> <span class='ocrx_word' id='word_1_410' title='bbox 1556 3731 1680 3787; x_wconf 92' lang='lat' dir='ltr'><strong>ideo</strong></span> <span class='ocrx_word' id='word_1_411' title='bbox 1711 3733 1844 3787; x_wconf 89' lang='lat' dir='ltr'><strong>dicit</strong></span> <span class='ocrx_word' id='word_1_412' title='bbox 1874 3749 1887 3786; x_wconf 91' lang='lat'><strong>:</strong></span> <span class='ocrx_word' id='word_1_413' title='bbox 1923 3731 2058 3788; x_wconf 85' lang='lat' dir='ltr'><strong>Con-</strong></span> 
     </span>
    </p>
   </div>
   <div class='ocr_carea' id='block_1_52' title="bbox 437 3824 2062 3896">
    <p class='ocr_par' dir='ltr' id='par_1_52' title="bbox 437 3824 2062 3896">
     <span class='ocr_line' id='line_1_52' title="bbox 437 3824 2062 3896; baseline -0.002 -13"><span class='ocrx_word' id='word_1_414' title='bbox 437 3828 722 3896; x_wconf 85' lang='lat' dir='ltr'><strong>fortamini</strong></span> <span class='ocrx_word' id='word_1_415' title='bbox 767 3829 825 3879; x_wconf 88' lang='lat' dir='ltr'><strong>in</strong></span> <span class='ocrx_word' id='word_1_416' title='bbox 850 3827 1090 3887; x_wconf 90' lang='lat' dir='ltr'><strong>Domino,</strong></span> <span class='ocrx_word' id='word_1_417' title='bbox 1119 3824 1174 3878; x_wconf 91' lang='lat' dir='ltr'><strong>id</strong></span> <span class='ocrx_word' id='word_1_418' title='bbox 1213 3829 1296 3878; x_wconf 90' lang='lat' dir='ltr'><strong>est</strong></span> <span class='ocrx_word' id='word_1_419' title='bbox 1340 3824 1481 3879; x_wconf 89' lang='lat' dir='ltr'><strong>nihil</strong></span> <span class='ocrx_word' id='word_1_420' title='bbox 1518 3826 1587 3880; x_wconf 93' lang='lat' dir='ltr'><strong>de</strong></span> <span class='ocrx_word' id='word_1_421' title='bbox 1621 3826 1818 3880; x_wconf 84' lang='lat' dir='ltr'><strong>vestris</strong></span> <span class='ocrx_word' id='word_1_422' title='bbox 1846 3825 2062 3880; x_wconf 86' lang='lat' dir='ltr'><strong>meritis</strong></span> 
     </span>
    </p>
   </div>
   <div class='ocr_carea' id='block_1_53' title="bbox 438 3917 2064 3993">
    <p class='ocr_par' dir='ltr' id='par_1_53' title="bbox 438 3917 2064 3993">
     <span class='ocr_line' id='line_1_53' title="bbox 438 3917 2064 3993; baseline -0.001 -19"><span class='ocrx_word' id='word_1_423' title='bbox 438 3919 813 3993; x_wconf 63' lang='lat' dir='ltr'><strong>praesumatis,</strong></span> <span class='ocrx_word' id='word_1_424' title='bbox 845 3922 902 3972; x_wconf 90' lang='lat' dir='ltr'><strong>et</strong></span> <span class='ocrx_word' id='word_1_425' title='bbox 924 3933 1148 3988; x_wconf 89' lang='lat' dir='ltr'><strong>semper</strong></span> <span class='ocrx_word' id='word_1_426' title='bbox 1185 3917 1243 3971; x_wconf 91' lang='lat' dir='ltr'><strong>in</strong></span> <span class='ocrx_word' id='word_1_427' title='bbox 1271 3917 1508 3972; x_wconf 91' lang='lat' dir='ltr'><strong>Domino</strong></span> <span class='ocrx_word' id='word_1_428' title='bbox 1537 3919 1879 3989; x_wconf 79' lang='lat' dir='ltr'><strong>gloriamini,</strong></span> <span class='ocrx_word' id='word_1_429' title='bbox 1898 3919 2064 3990; x_wconf 80' lang='lat' dir='ltr'><strong>juxta</strong></span> 
     </span>
    </p>
   </div>
   <div class='ocr_carea' id='block_1_54' title="bbox 440 4010 2062 4086">
    <p class='ocr_par' dir='ltr' id='par_1_54' title="bbox 440 4010 2062 4086">
     <span class='ocr_line' id='line_1_54' title="bbox 440 4010 2062 4086; baseline 0 -18"><span class='ocrx_word' id='word_1_430' title='bbox 440 4014 592 4086; x_wconf 90' lang='lat' dir='ltr'><strong>quod</strong></span> <span class='ocrx_word' id='word_1_431' title='bbox 617 4013 767 4066; x_wconf 90' lang='lat' dir='ltr'><strong>idem</strong></span> <span class='ocrx_word' id='word_1_432' title='bbox 796 4011 1078 4082; x_wconf 90' lang='lat' dir='ltr'><strong>apostolus</strong></span> <span class='ocrx_word' id='word_1_433' title='bbox 1107 4010 1240 4064; x_wconf 89' lang='lat' dir='ltr'><strong>dicit</strong></span> <span class='ocrx_word' id='word_1_434' title='bbox 1267 4027 1280 4064; x_wconf 94' lang='lat'><strong>:</strong></span> <span class='ocrx_word' id='word_1_435' title='bbox 1311 4013 1414 4078; x_wconf 83' lang='lat' dir='ltr'><strong>Qui</strong></span> <span class='ocrx_word' id='word_1_436' title='bbox 1443 4013 1730 4080; x_wconf 86' lang='lat' dir='ltr'><strong>gloriatur,</strong></span> <span class='ocrx_word' id='word_1_437' title='bbox 1759 4016 1814 4066; x_wconf 88' lang='lat' dir='ltr'><strong>in</strong></span> <span class='ocrx_word' id='word_1_438' title='bbox 1843 4016 2062 4068; x_wconf 89' lang='lat' dir='ltr'><strong>Domino</strong></span> 
     </span>
    </p>
   </div>
   <div class='ocr_carea' id='block_1_55' title="bbox 439 4103 2060 4179">
    <p class='ocr_par' dir='ltr' id='par_1_55' title="bbox 439 4103 2060 4179">
     <span class='ocr_line' id='line_1_55' title="bbox 439 4103 2060 4179; baseline -0.002 -16"><span class='ocrx_word' id='word_1_439' title='bbox 439 4110 719 4179; x_wconf 83' lang='lat' dir='ltr'><strong>glorietur.</strong></span> <span class='ocrx_word' id='word_1_440' title='bbox 750 4107 817 4161; x_wconf 87' lang='lat' dir='ltr'><strong>Et</strong></span> <span class='ocrx_word' id='word_1_441' title='bbox 839 4103 1159 4159; x_wconf 88' lang='lat' dir='ltr'><strong>Psalmista:</strong></span> <span class='ocrx_word' id='word_1_442' title='bbox 1183 4107 1302 4161; x_wconf 91' lang='lat' dir='ltr'><strong>Non</strong></span> <span class='ocrx_word' id='word_1_443' title='bbox 1319 4105 1489 4168; x_wconf 89' lang='lat' dir='ltr'><strong>nobis,</strong></span> <span class='ocrx_word' id='word_1_444' title='bbox 1505 4108 1743 4169; x_wconf 84' lang='lat' dir='ltr'><strong>Domine,</strong></span> <span class='ocrx_word' id='word_1_445' title='bbox 1762 4123 1867 4160; x_wconf 88' lang='lat' dir='ltr'><strong>non</strong></span> <span class='ocrx_word' id='word_1_446' title='bbox 1891 4107 2060 4170; x_wconf 87' lang='lat' dir='ltr'><strong>nobis,</strong></span> 
     </span>
    </p>
   </div>
   <div class='ocr_carea' id='block_1_56' title="bbox 438 4199 2061 4270">
    <p class='ocr_par' dir='ltr' id='par_1_56' title="bbox 438 4199 2061 4270">
     <span class='ocr_line' id='line_1_56' title="bbox 438 4199 2061 4270; baseline -0.002 -12"><span class='ocrx_word' id='word_1_447' title='bbox 438 4203 533 4258; x_wconf 87' lang='lat' dir='ltr'><strong>sed</strong></span> <span class='ocrx_word' id='word_1_448' title='bbox 582 4202 788 4256; x_wconf 88' lang='lat' dir='ltr'><strong>nomini</strong></span> <span class='ocrx_word' id='word_1_449' title='bbox 813 4205 902 4254; x_wconf 90' lang='lat' dir='ltr'><strong>tuo</strong></span> <span class='ocrx_word' id='word_1_450' title='bbox 929 4199 1002 4253; x_wconf 90' lang='lat' dir='ltr'><strong>da</strong></span> <span class='ocrx_word' id='word_1_451' title='bbox 1039 4199 1290 4265; x_wconf 88' lang='lat' dir='ltr'><strong>gloriam.</strong></span> <span class='ocrx_word' id='word_1_452' title='bbox 1333 4200 1399 4254; x_wconf 88' lang='lat' dir='ltr'><strong>Et</strong></span> <span class='ocrx_word' id='word_1_453' title='bbox 1426 4215 1498 4253; x_wconf 88' lang='lat' dir='ltr'><strong>ne</strong></span> <span class='ocrx_word' id='word_1_454' title='bbox 1526 4199 1725 4270; x_wconf 87' lang='lat' dir='ltr'><strong>aliquis</strong></span> <span class='ocrx_word' id='word_1_455' title='bbox 1752 4205 1975 4270; x_wconf 87' lang='lat' dir='ltr'><strong>putaret</strong></span> <span class='ocrx_word' id='word_1_456' title='bbox 2003 4200 2061 4254; x_wconf 91' lang='lat' dir='ltr'><strong>in</strong></span> 
     </span>
    </p>
   </div>
   <div class='ocr_carea' id='block_1_57' title="bbox 438 4292 2056 4364">
    <p class='ocr_par' dir='ltr' id='par_1_57' title="bbox 438 4292 2056 4364">
     <span class='ocr_line' id='line_1_57' title="bbox 438 4292 2056 4364; baseline -0.002 -12"><span class='ocrx_word' id='word_1_457' title='bbox 438 4295 668 4352; x_wconf 90' lang='lat' dir='ltr'><strong>nomine</strong></span> <span class='ocrx_word' id='word_1_458' title='bbox 696 4299 916 4350; x_wconf 88' lang='lat' dir='ltr'><strong>tantum</strong></span> <span class='ocrx_word' id='word_1_459' title='bbox 941 4308 1098 4363; x_wconf 89' lang='lat' dir='ltr'><strong>spem</strong></span> <span class='ocrx_word' id='word_1_460' title='bbox 1125 4308 1334 4362; x_wconf 87' lang='lat' dir='ltr'><strong>ponere</strong></span> <span class='ocrx_word' id='word_1_461' title='bbox 1355 4292 1578 4355; x_wconf 88' lang='lat' dir='ltr'><strong>debere,</strong></span> <span class='ocrx_word' id='word_1_462' title='bbox 1606 4292 1732 4347; x_wconf 88' lang='lat' dir='ltr'><strong>ideo</strong></span> <span class='ocrx_word' id='word_1_463' title='bbox 1755 4293 2016 4364; x_wconf 79' lang='lat' dir='ltr'><strong>adjunxit</strong></span> <span class='ocrx_word' id='word_1_464' title='bbox 2044 4310 2056 4348; x_wconf 92' lang='lat'><strong>:</strong></span> 
     </span>
    </p>
   </div>
   <div class='ocr_carea' id='block_1_58' title="bbox 439 4385 2062 4447">
    <p class='ocr_par' dir='ltr' id='par_1_58' title="bbox 439 4385 2062 4447">
     <span class='ocr_line' id='line_1_58' title="bbox 439 4385 2062 4447; baseline -0.004 0"><span class='ocrx_word' id='word_1_465' title='bbox 439 4393 514 4447; x_wconf 83' lang='lat' dir='ltr'><strong>Er</strong></span> <span class='ocrx_word' id='word_1_466' title='bbox 533 4406 588 4444; x_wconf 84' lang='lat' dir='ltr'><strong>1N</strong></span> <span class='ocrx_word' id='word_1_467' title='bbox 615 4403 873 4444; x_wconf 70' lang='lat' dir='ltr'><strong>rornnrm</strong></span> <span class='ocrx_word' id='word_1_468' title='bbox 888 4401 1130 4440; x_wconf 81' lang='lat' dir='ltr'><strong>VIRTUTIS</strong></span> <span class='ocrx_word' id='word_1_469' title='bbox 1159 4401 1301 4441; x_wconf 61' lang='grc' dir='ltr'><strong>ειυς.</strong></span> <span class='ocrx_word' id='word_1_470' title='bbox 1329 4386 1406 4440; x_wconf 83' lang='lat' dir='ltr'><strong>Ac</strong></span> <span class='ocrx_word' id='word_1_471' title='bbox 1432 4385 1478 4439; x_wconf 89' lang='lat' dir='ltr'><strong>si</strong></span> <span class='ocrx_word' id='word_1_472' title='bbox 1508 4385 1721 4440; x_wconf 91' lang='lat' dir='ltr'><strong>diceret</strong></span> <span class='ocrx_word' id='word_1_473' title='bbox 1749 4403 1762 4440; x_wconf 93' lang='lat'><strong>:</strong></span> <span class='ocrx_word' id='word_1_474' title='bbox 1794 4387 1856 4440; x_wconf 92' lang='lat' dir='ltr'><strong>ln</strong></span> <span class='ocrx_word' id='word_1_475' title='bbox 1878 4387 2062 4441; x_wconf 87' lang='lat' dir='ltr'><strong>Chris-</strong></span> 
     </span>
    </p>
   </div>
   <div class='ocr_carea' id='block_1_59' title="bbox 2082 3124 2136 3198">
    <p class='ocr_par' dir='ltr' id='par_1_59' title="bbox 2082 3124 2136 3198">
     <span class='ocr_line' id='line_1_59' title="bbox 2082 3124 2136 3198; baseline 0 0"><span class='ocrx_word' id='word_1_476' title='bbox 2082 3124 2136 3198; x_wconf 92' lang='lat' dir='ltr'><strong>C</strong></span> 
     </span>
    </p>
   </div>
   <div class='ocr_carea' id='block_1_60' title="bbox 2155 2496 3808 2587">
    <p class='ocr_par' dir='ltr' id='par_1_60' title="bbox 2155 2496 3808 2587">
     <span class='ocr_line' id='line_1_60' title="bbox 2155 2496 3808 2587; baseline 0 -15"><span class='ocrx_word' id='word_1_477' title='bbox 2155 2521 2397 2586; x_wconf 82' lang='lat' dir='ltr'><strong>fratrum</strong></span> <span class='ocrx_word' id='word_1_478' title='bbox 2416 2522 2738 2583; x_wconf 88' lang='lat' dir='ltr'><strong>nostrorum,</strong></span> <span class='ocrx_word' id='word_1_479' title='bbox 2758 2519 2853 2586; x_wconf 86' lang='lat' dir='ltr'><strong>qui</strong></span> <span class='ocrx_word' id='word_1_480' title='bbox 2875 2511 3166 2572; x_wconf 79' lang='lat' dir='ltr'><strong>accusabat</strong></span> <span class='ocrx_word' id='word_1_481' title='bbox 3199 2519 3294 2571; x_wconf 89' lang='lat' dir='ltr'><strong>illo</strong></span> <span class='ocrx_word' id='word_1_482' title='bbox 3321 2496 3447 2572; x_wconf 81' lang='lat' dir='ltr'><strong>ante</strong></span> <span class='ocrx_word' id='word_1_483' title='bbox 3463 2525 3808 2587; x_wconf 79' lang='lat' dir='ltr'><strong>conspectum</strong></span> 
     </span>
    </p>
   </div>
   <div class='ocr_carea' id='block_1_61' title="bbox 2159 2610 3808 2666">
    <p class='ocr_par' dir='ltr' id='par_1_61' title="bbox 2159 2610 3808 2666">
     <span class='ocr_line' id='line_1_61' title="bbox 2159 2610 3808 2666; baseline 0 0"><span class='ocrx_word' id='word_1_484' title='bbox 2159 2615 2256 2666; x_wconf 79' lang='lat' dir='ltr'><strong>Dei</strong></span> <span class='ocrx_word' id='word_1_485' title='bbox 2305 2614 2494 2665; x_wconf 85' lang='lat' dir='ltr'><strong>nostri.</strong></span> <span class='ocrx_word' id='word_1_486' title='bbox 2539 2613 2704 2665; x_wconf 81' lang='lat' dir='ltr'><strong>Juxta</strong></span> <span class='ocrx_word' id='word_1_487' title='bbox 2747 2611 3088 2665; x_wconf 85' lang='lat' dir='ltr'><strong>Hebraicam</strong></span> <span class='ocrx_word' id='word_1_488' title='bbox 3147 2611 3450 2664; x_wconf 85' lang='lat' dir='ltr'><strong>veritatem</strong></span> <span class='ocrx_word' id='word_1_489' title='bbox 3517 2610 3808 2666; x_wconf 88' lang='lat' dir='ltr'><strong>deorsum</strong></span> 
     </span>
    </p>
   </div>
   <div class='ocr_carea' id='block_1_62' title="bbox 2159 2704 3808 2774">
    <p class='ocr_par' dir='ltr' id='par_1_62' title="bbox 2159 2704 3808 2774">
     <span class='ocr_line' id='line_1_62' title="bbox 2159 2704 3808 2774; baseline 0 -16"><span class='ocrx_word' id='word_1_490' title='bbox 2159 2705 2342 2758; x_wconf 85' lang='lat' dir='ltr'><strong>ﬂuens</strong></span> <span class='ocrx_word' id='word_1_491' title='bbox 2375 2705 2804 2774; x_wconf 88' lang='lat' dir='ltr'><strong>interpretatur,</strong></span> <span class='ocrx_word' id='word_1_492' title='bbox 2848 2704 2944 2774; x_wconf 89' lang='lat' dir='ltr'><strong>qui</strong></span> <span class='ocrx_word' id='word_1_493' title='bbox 2974 2721 3078 2759; x_wconf 91' lang='lat' dir='ltr'><strong>nos</strong></span> <span class='ocrx_word' id='word_1_494' title='bbox 3110 2704 3468 2758; x_wconf 87' lang='lat' dir='ltr'><strong>invisibiliter</strong></span> <span class='ocrx_word' id='word_1_495' title='bbox 3514 2704 3643 2758; x_wconf 89' lang='lat' dir='ltr'><strong>telis</strong></span> <span class='ocrx_word' id='word_1_496' title='bbox 3682 2705 3808 2758; x_wconf 87' lang='lat' dir='ltr'><strong>suis</strong></span> 
     </span>
    </p>
   </div>
   <div class='ocr_carea' id='block_1_63' title="bbox 2160 2797 3811 2868">
    <p class='ocr_par' dir='ltr' id='par_1_63' title="bbox 2160 2797 3811 2868">
     <span class='ocr_line' id='line_1_63' title="bbox 2160 2797 3811 2868; baseline 0.001 -17"><span class='ocrx_word' id='word_1_497' title='bbox 2160 2803 2458 2868; x_wconf 88' lang='lat' dir='ltr'><strong>percutere</strong></span> <span class='ocrx_word' id='word_1_498' title='bbox 2485 2798 2622 2862; x_wconf 91' lang='lat' dir='ltr'><strong>vult,</strong></span> <span class='ocrx_word' id='word_1_499' title='bbox 2659 2801 2856 2851; x_wconf 87' lang='lat' dir='ltr'><strong>contra</strong></span> <span class='ocrx_word' id='word_1_500' title='bbox 2885 2813 3058 2867; x_wconf 88' lang='lat' dir='ltr'><strong>quem</strong></span> <span class='ocrx_word' id='word_1_501' title='bbox 3103 2797 3408 2852; x_wconf 89' lang='lat' dir='ltr'><strong>invisibilia</strong></span> <span class='ocrx_word' id='word_1_502' title='bbox 3449 2801 3582 2851; x_wconf 90' lang='lat' dir='ltr'><strong>sunt</strong></span> <span class='ocrx_word' id='word_1_503' title='bbox 3633 2814 3811 2852; x_wconf 86' lang='lat' dir='ltr'><strong>arma</strong></span> 
     </span>
    </p>
   </div>
   <div class='ocr_carea' id='block_1_64' title="bbox 2161 2890 3060 2945">
    <p class='ocr_par' dir='ltr' id='par_1_64' title="bbox 2161 2890 3060 2945">
     <span class='ocr_line' id='line_1_64' title="bbox 2161 2890 3060 2945; baseline -0.001 0"><span class='ocrx_word' id='word_1_504' title='bbox 2161 2891 2442 2945; x_wconf 88' lang='lat' dir='ltr'><strong>sumenda</strong></span> <span class='ocrx_word' id='word_1_505' title='bbox 2475 2891 2546 2945; x_wconf 89' lang='lat' dir='ltr'><strong>ad</strong></span> <span class='ocrx_word' id='word_1_506' title='bbox 2573 2890 2956 2944; x_wconf 88' lang='lat' dir='ltr'><strong>resistendum</strong></span> <span class='ocrx_word' id='word_1_507' title='bbox 2989 2891 3060 2944; x_wconf 91' lang='lat' dir='ltr'><strong>ei.</strong></span> 
     </span>
    </p>
   </div>
   <div class='ocr_carea' id='block_1_65' title="bbox 2231 2986 3812 3050">
    <p class='ocr_par' dir='ltr' id='par_1_65' title="bbox 2231 2986 3812 3050">
     <span class='ocr_line' id='line_1_65' title="bbox 2231 2986 3812 3050; baseline 0.001 -10"><span class='ocrx_word' id='word_1_508' title='bbox 2231 2986 2485 3050; x_wconf 74' lang='lat' dir='ltr'><strong>QUONIAM</strong></span> <span class='ocrx_word' id='word_1_509' title='bbox 2519 3000 2677 3040; x_wconf 78' lang='lat' dir='ltr'><strong>NOBIS</strong></span> <span class='ocrx_word' id='word_1_510' title='bbox 2703 3000 2809 3040; x_wconf 73' lang='lat' dir='ltr'><strong>NON</strong></span> <span class='ocrx_word' id='word_1_511' title='bbox 2851 3001 2944 3039; x_wconf 84' lang='lat' dir='ltr'><strong>EST</strong></span> <span class='ocrx_word' id='word_1_512' title='bbox 2980 2999 3338 3040; x_wconf 75' lang='lat' dir='ltr'><strong>COLLUCTATIO</strong></span> <span class='ocrx_word' id='word_1_513' title='bbox 3363 3001 3643 3040; x_wconf 66' lang='lat' dir='ltr'><strong>ADVERSL&#39;S</strong></span> <span class='ocrx_word' id='word_1_514' title='bbox 3673 3000 3812 3042; x_wconf 64' lang='lat' dir='ltr'><strong>CAR-</strong></span> 
     </span>
    </p>
   </div>
   <div class='ocr_carea' id='block_1_66' title="bbox 2162 3077 3802 3148">
    <p class='ocr_par' dir='ltr' id='par_1_66' title="bbox 2162 3077 3802 3148">
     <span class='ocr_line' id='line_1_66' title="bbox 2162 3077 3802 3148; baseline 0 -14"><span class='ocrx_word' id='word_1_515' title='bbox 2162 3096 2268 3134; x_wconf 83' lang='lat' dir='ltr'><strong>NEM</strong></span> <span class='ocrx_word' id='word_1_516' title='bbox 2298 3095 2359 3134; x_wconf 83' lang='lat' dir='ltr'><strong>ET</strong></span> <span class='ocrx_word' id='word_1_517' title='bbox 2391 3095 2716 3136; x_wconf 65' lang='lat' dir='ltr'><strong>SANGUIXEM.</strong></span> <span class='ocrx_word' id='word_1_518' title='bbox 2745 3079 2890 3133; x_wconf 89' lang='lat' dir='ltr'><strong>Caro</strong></span> <span class='ocrx_word' id='word_1_519' title='bbox 2925 3081 2981 3132; x_wconf 92' lang='lat' dir='ltr'><strong>et</strong></span> <span class='ocrx_word' id='word_1_520' title='bbox 3012 3077 3246 3147; x_wconf 82' lang='lat' dir='ltr'><strong>sanguis</strong></span> <span class='ocrx_word' id='word_1_521' title='bbox 3288 3078 3591 3148; x_wconf 89' lang='lat' dir='ltr'><strong>aliquoties</strong></span> <span class='ocrx_word' id='word_1_522' title='bbox 3646 3079 3802 3146; x_wconf 78' lang='lat' dir='ltr'><strong>viva,</strong></span> 
     </span>
    </p>
   </div>
   <div class='ocr_carea' id='block_1_67' title="bbox 2163 3171 3802 3243">
    <p class='ocr_par' dir='ltr' id='par_1_67' title="bbox 2163 3171 3802 3243">
     <span class='ocr_line' id='line_1_67' title="bbox 2163 3171 3802 3243; baseline 0 -17"><span class='ocrx_word' id='word_1_523' title='bbox 2163 3172 2464 3243; x_wconf 86' lang='lat' dir='ltr'><strong>aliquoties</strong></span> <span class='ocrx_word' id='word_1_524' title='bbox 2484 3175 2716 3243; x_wconf 88' lang='lat' dir='ltr'><strong>peccata</strong></span> <span class='ocrx_word' id='word_1_525' title='bbox 2739 3171 3042 3242; x_wconf 84' lang='lat' dir='ltr'><strong>signiﬁcat,</strong></span> <span class='ocrx_word' id='word_1_526' title='bbox 3071 3171 3376 3241; x_wconf 87' lang='lat' dir='ltr'><strong>aliquoties</strong></span> <span class='ocrx_word' id='word_1_527' title='bbox 3407 3173 3802 3242; x_wconf 85' lang='lat' dir='ltr'><strong>parentelam,</strong></span> 
     </span>
    </p>
   </div>
   <div class='ocr_carea' id='block_1_68' title="bbox 2161 3264 3802 3337">
    <p class='ocr_par' dir='ltr' id='par_1_68' title="bbox 2161 3264 3802 3337">
     <span class='ocr_line' id='line_1_68' title="bbox 2161 3264 3802 3337; baseline -0.001 -17"><span class='ocrx_word' id='word_1_528' title='bbox 2161 3265 2462 3336; x_wconf 88' lang='lat' dir='ltr'><strong>aliquoties</strong></span> <span class='ocrx_word' id='word_1_529' title='bbox 2476 3264 3214 3337; x_wconf 82' lang='lat' dir='ltr'><strong>propagationemhumaui</strong></span> <span class='ocrx_word' id='word_1_530' title='bbox 3231 3265 3480 3336; x_wconf 85' lang='lat' dir='ltr'><strong>generis,</strong></span> <span class='ocrx_word' id='word_1_531' title='bbox 3494 3264 3802 3335; x_wconf 86' lang='lat' dir='ltr'><strong>aliquoties</strong></span> 
     </span>
    </p>
   </div>
   <div class='ocr_carea' id='block_1_69' title="bbox 2160 3341 3802 3430">
    <p class='ocr_par' dir='ltr' id='par_1_69' title="bbox 2160 3341 3802 3430">
     <span class='ocr_line' id='line_1_69' title="bbox 2160 3341 3802 3430; baseline -0.001 -17"><span class='ocrx_word' id='word_1_532' title='bbox 2160 3364 2554 3430; x_wconf 89' lang='lat' dir='ltr'><strong>persecutores</strong></span> <span class='ocrx_word' id='word_1_533' title='bbox 2584 3358 2866 3425; x_wconf 88' lang='lat' dir='ltr'><strong>homines,</strong></span> <span class='ocrx_word' id='word_1_534' title='bbox 2901 3357 2970 3412; x_wconf 89' lang='lat' dir='ltr'><strong>de</strong></span> <span class='ocrx_word' id='word_1_535' title='bbox 2997 3358 3200 3428; x_wconf 89' lang='lat' dir='ltr'><strong>quibus</strong></span> <span class='ocrx_word' id='word_1_536' title='bbox 3241 3357 3350 3412; x_wconf 87' lang='lat' dir='ltr'><strong>hoc</strong></span> <span class='ocrx_word' id='word_1_537' title='bbox 3383 3357 3441 3411; x_wconf 92' lang='lat' dir='ltr'><strong>in</strong></span> <span class='ocrx_word' id='word_1_538' title='bbox 3496 3341 3629 3412; x_wconf 62' lang='lat' dir='ltr'><strong>locri</strong></span> <span class='ocrx_word' id='word_1_539' title='bbox 3659 3357 3802 3413; x_wconf 87' lang='lat' dir='ltr'><strong>dicit</strong></span> 
     </span>
    </p>
   </div>
   <div class='ocr_carea' id='block_1_70' title="bbox 2160 3451 3798 3507">
    <p class='ocr_par' dir='ltr' id='par_1_70' title="bbox 2160 3451 3798 3507">
     <span class='ocr_line' id='line_1_70' title="bbox 2160 3451 3798 3507; baseline -0.002 0"><span class='ocrx_word' id='word_1_540' title='bbox 2160 3454 2401 3507; x_wconf 88' lang='lat' dir='ltr'><strong>Paulus:</strong></span> <span class='ocrx_word' id='word_1_541' title='bbox 2429 3453 2594 3507; x_wconf 84' lang='lat' dir='ltr'><strong>Nobis</strong></span> <span class='ocrx_word' id='word_1_542' title='bbox 2620 3469 2724 3506; x_wconf 88' lang='lat' dir='ltr'><strong>non</strong></span> <span class='ocrx_word' id='word_1_543' title='bbox 2753 3457 2830 3506; x_wconf 88' lang='lat' dir='ltr'><strong>est</strong></span> <span class='ocrx_word' id='word_1_544' title='bbox 2856 3452 3160 3505; x_wconf 86' lang='lat' dir='ltr'><strong>colluctatio</strong></span> <span class='ocrx_word' id='word_1_545' title='bbox 3195 3451 3456 3506; x_wconf 86' lang='lat' dir='ltr'><strong>adversus</strong></span> <span class='ocrx_word' id='word_1_546' title='bbox 3493 3467 3700 3505; x_wconf 73' lang='lat' dir='ltr'><strong>carnem</strong></span> <span class='ocrx_word' id='word_1_547' title='bbox 3739 3459 3798 3505; x_wconf 88' lang='lat' dir='ltr'><strong>et</strong></span> 
     </span>
    </p>
   </div>
   <div class='ocr_carea' id='block_1_71' title="bbox 2160 3549 3797 3614">
    <p class='ocr_par' dir='ltr' id='par_1_71' title="bbox 2160 3549 3797 3614">
     <span class='ocr_line' id='line_1_71' title="bbox 2160 3549 3797 3614; baseline 0 -14"><span class='ocrx_word' id='word_1_548' title='bbox 2160 3549 2496 3614; x_wconf 86' lang='lat' dir='ltr'><strong>sanguinem,</strong></span> <span class='ocrx_word' id='word_1_549' title='bbox 2539 3562 2636 3601; x_wconf 83' lang='lat' dir='ltr'><strong>SED</strong></span> <span class='ocrx_word' id='word_1_550' title='bbox 2672 3561 2945 3600; x_wconf 72' lang='lat' dir='ltr'><strong>ADVERSUS</strong></span> <span class='ocrx_word' id='word_1_551' title='bbox 2989 3560 3270 3600; x_wconf 74' lang='lat' dir='ltr'><strong>PRINCIPES</strong></span> <span class='ocrx_word' id='word_1_552' title='bbox 3325 3561 3386 3599; x_wconf 81' lang='lat' dir='ltr'><strong>ET</strong></span> <span class='ocrx_word' id='word_1_553' title='bbox 3435 3559 3797 3600; x_wconf 69' lang='grc' dir='ltr'><strong>ΡΟΤΕΞῘΑΪΕΞ.</strong></span> 
     </span>
    </p>
   </div>
   <div class='ocr_carea' id='block_1_72' title="bbox 2163 3637 3805 3711">
    <p class='ocr_par' dir='ltr' id='par_1_72' title="bbox 2163 3637 3805 3711">
     <span class='ocr_line' id='line_1_72' title="bbox 2163 3637 3805 3711; baseline -0.002 -16"><span class='ocrx_word' id='word_1_554' title='bbox 2163 3640 2274 3695; x_wconf 89' lang='lat' dir='ltr'><strong>Sed</strong></span> <span class='ocrx_word' id='word_1_555' title='bbox 2295 3641 2480 3711; x_wconf 86' lang='lat' dir='ltr'><strong>magis</strong></span> <span class='ocrx_word' id='word_1_556' title='bbox 2505 3640 2622 3692; x_wconf 88' lang='lat' dir='ltr'><strong>vult</strong></span> <span class='ocrx_word' id='word_1_557' title='bbox 2643 3641 2947 3693; x_wconf 88' lang='lat' dir='ltr'><strong>ostendere</strong></span> <span class='ocrx_word' id='word_1_558' title='bbox 2969 3638 3121 3708; x_wconf 91' lang='lat' dir='ltr'><strong>quod</strong></span> <span class='ocrx_word' id='word_1_559' title='bbox 3142 3637 3248 3708; x_wconf 90' lang='lat' dir='ltr'><strong>ipsi</strong></span> <span class='ocrx_word' id='word_1_560' title='bbox 3263 3643 3662 3708; x_wconf 83' lang='lat' dir='ltr'><strong>persecutores</strong></span> <span class='ocrx_word' id='word_1_561' title='bbox 3683 3638 3805 3692; x_wconf 84' lang='lat' dir='ltr'><strong>dia-</strong></span> 
     </span>
    </p>
   </div>
   <div class='ocr_carea' id='block_1_73' title="bbox 2160 3731 3800 3802">
    <p class='ocr_par' dir='ltr' id='par_1_73' title="bbox 2160 3731 3800 3802">
     <span class='ocr_line' id='line_1_73' title="bbox 2160 3731 3800 3802; baseline -0.002 -14"><span class='ocrx_word' id='word_1_562' title='bbox 2160 3734 2356 3788; x_wconf 86' lang='lat' dir='ltr'><strong>bolum</strong></span> <span class='ocrx_word' id='word_1_563' title='bbox 2380 3733 2633 3786; x_wconf 86' lang='lat' dir='ltr'><strong>habeant</strong></span> <span class='ocrx_word' id='word_1_564' title='bbox 2658 3736 2972 3799; x_wconf 89' lang='lat' dir='ltr'><strong>auctorem,</strong></span> <span class='ocrx_word' id='word_1_565' title='bbox 2997 3735 3198 3786; x_wconf 89' lang='lat' dir='ltr'><strong>contra</strong></span> <span class='ocrx_word' id='word_1_566' title='bbox 3223 3748 3396 3802; x_wconf 90' lang='lat' dir='ltr'><strong>quem</strong></span> <span class='ocrx_word' id='word_1_567' title='bbox 3415 3748 3582 3784; x_wconf 88' lang='lat' dir='ltr'><strong>arma</strong></span> <span class='ocrx_word' id='word_1_568' title='bbox 3608 3731 3800 3785; x_wconf 84' lang='lat' dir='ltr'><strong>invisi-</strong></span> 
     </span>
    </p>
   </div>
   <div class='ocr_carea' id='block_1_74' title="bbox 2161 3825 3801 3896">
    <p class='ocr_par' dir='ltr' id='par_1_74' title="bbox 2161 3825 3801 3896">
     <span class='ocr_line' id='line_1_74' title="bbox 2161 3825 3801 3896; baseline -0.001 -14"><span class='ocrx_word' id='word_1_569' title='bbox 2161 3827 2297 3882; x_wconf 89' lang='lat' dir='ltr'><strong>bilia</strong></span> <span class='ocrx_word' id='word_1_570' title='bbox 2322 3826 2600 3881; x_wconf 88' lang='lat' dir='ltr'><strong>sumenda</strong></span> <span class='ocrx_word' id='word_1_571' title='bbox 2620 3829 2773 3893; x_wconf 87' lang='lat' dir='ltr'><strong>sunt,</strong></span> <span class='ocrx_word' id='word_1_572' title='bbox 2798 3829 2860 3880; x_wconf 92' lang='lat' dir='ltr'><strong>ut</strong></span> <span class='ocrx_word' id='word_1_573' title='bbox 2877 3825 2999 3896; x_wconf 92' lang='lat' dir='ltr'><strong>ipso</strong></span> <span class='ocrx_word' id='word_1_574' title='bbox 3025 3825 3258 3880; x_wconf 83' lang='lat' dir='ltr'><strong>exsticto</strong></span> <span class='ocrx_word' id='word_1_575' title='bbox 3291 3825 3556 3878; x_wconf 91' lang='lat' dir='ltr'><strong>homines</strong></span> <span class='ocrx_word' id='word_1_576' title='bbox 3585 3842 3704 3880; x_wconf 91' lang='lat' dir='ltr'><strong>non</strong></span> <span class='ocrx_word' id='word_1_577' title='bbox 3726 3825 3801 3880; x_wconf 90' lang='lat' dir='ltr'><strong>ti-</strong></span> 
     </span>
    </p>
   </div>
   <div class='ocr_carea' id='block_1_75' title="bbox 2163 3917 3802 3975">
    <p class='ocr_par' dir='ltr' id='par_1_75' title="bbox 2163 3917 3802 3975">
     <span class='ocr_line' id='line_1_75' title="bbox 2163 3917 3802 3975; baseline -0.002 0"><span class='ocrx_word' id='word_1_578' title='bbox 2163 3938 2441 3975; x_wconf 90' lang='lat' dir='ltr'><strong>meamus.</strong></span> <span class='ocrx_word' id='word_1_579' title='bbox 2471 3922 2566 3974; x_wconf 89' lang='lat' dir='ltr'><strong>Est</strong></span> <span class='ocrx_word' id='word_1_580' title='bbox 2591 3920 2747 3974; x_wconf 92' lang='lat' dir='ltr'><strong>enim</strong></span> <span class='ocrx_word' id='word_1_581' title='bbox 2780 3919 3103 3974; x_wconf 87' lang='lat' dir='ltr'><strong>colluctatio</strong></span> <span class='ocrx_word' id='word_1_582' title='bbox 3148 3917 3415 3972; x_wconf 88' lang='lat' dir='ltr'><strong>adversus</strong></span> <span class='ocrx_word' id='word_1_583' title='bbox 3456 3935 3697 3972; x_wconf 88' lang='lat' dir='ltr'><strong>carnem</strong></span> <span class='ocrx_word' id='word_1_584' title='bbox 3745 3923 3802 3972; x_wconf 87' lang='lat' dir='ltr'><strong>et</strong></span> 
     </span>
    </p>
   </div>
   <div class='ocr_carea' id='block_1_76' title="bbox 2162 4011 3798 4084">
    <p class='ocr_par' dir='ltr' id='par_1_76' title="bbox 2162 4011 3798 4084">
     <span class='ocr_line' id='line_1_76' title="bbox 2162 4011 3798 4084; baseline -0.002 -16"><span class='ocrx_word' id='word_1_585' title='bbox 2162 4015 2524 4084; x_wconf 86' lang='lat' dir='ltr'><strong>sanguinem,</strong></span> <span class='ocrx_word' id='word_1_586' title='bbox 2545 4013 2776 4084; x_wconf 86' lang='lat' dir='ltr'><strong>quando</strong></span> <span class='ocrx_word' id='word_1_587' title='bbox 2801 4012 3148 4082; x_wconf 87' lang='lat' dir='ltr'><strong>concupiscit</strong></span> <span class='ocrx_word' id='word_1_588' title='bbox 3175 4029 3308 4066; x_wconf 89' lang='lat' dir='ltr'><strong>caro</strong></span> <span class='ocrx_word' id='word_1_589' title='bbox 3341 4011 3618 4066; x_wconf 86' lang='lat' dir='ltr'><strong>adversus</strong></span> <span class='ocrx_word' id='word_1_590' title='bbox 3632 4011 3798 4084; x_wconf 90' lang='lat' dir='ltr'><strong>spiri-</strong></span> 
     </span>
    </p>
   </div>
   <div class='ocr_carea' id='block_1_77' title="bbox 2162 4104 3800 4176">
    <p class='ocr_par' dir='ltr' id='par_1_77' title="bbox 2162 4104 3800 4176">
     <span class='ocr_line' id='line_1_77' title="bbox 2162 4104 3800 4176; baseline -0.001 -15"><span class='ocrx_word' id='word_1_591' title='bbox 2162 4113 2306 4161; x_wconf 92' lang='lat' dir='ltr'><strong>tum.</strong></span> <span class='ocrx_word' id='word_1_592' title='bbox 2361 4107 2588 4162; x_wconf 89' lang='lat' dir='ltr'><strong>Scilicet</strong></span> <span class='ocrx_word' id='word_1_593' title='bbox 2626 4124 2692 4161; x_wconf 85' lang='lat' dir='ltr'><strong>ex</strong></span> <span class='ocrx_word' id='word_1_594' title='bbox 2738 4107 2846 4161; x_wconf 90' lang='lat' dir='ltr'><strong>hoc</strong></span> <span class='ocrx_word' id='word_1_595' title='bbox 2882 4106 3145 4176; x_wconf 87' lang='lat' dir='ltr'><strong>exemplo</strong></span> <span class='ocrx_word' id='word_1_596' title='bbox 3188 4104 3458 4176; x_wconf 86' lang='lat' dir='ltr'><strong>colligere</strong></span> <span class='ocrx_word' id='word_1_597' title='bbox 3493 4122 3800 4176; x_wconf 86' lang='lat' dir='ltr'><strong>possumus</strong></span> 
     </span>
    </p>
   </div>
   <div class='ocr_carea' id='block_1_78' title="bbox 2163 4198 3797 4272">
    <p class='ocr_par' dir='ltr' id='par_1_78' title="bbox 2163 4198 3797 4272">
     <span class='ocr_line' id='line_1_78' title="bbox 2163 4198 3797 4272; baseline -0.002 -16"><span class='ocrx_word' id='word_1_598' title='bbox 2163 4201 2393 4272; x_wconf 90' lang='lat' dir='ltr'><strong>quando</strong></span> <span class='ocrx_word' id='word_1_599' title='bbox 2407 4201 2528 4271; x_wconf 90' lang='lat' dir='ltr'><strong>ipsa</strong></span> <span class='ocrx_word' id='word_1_600' title='bbox 2545 4217 2676 4255; x_wconf 90' lang='lat' dir='ltr'><strong>caro</strong></span> <span class='ocrx_word' id='word_1_601' title='bbox 2697 4199 3049 4270; x_wconf 90' lang='lat' dir='ltr'><strong>concupiscit</strong></span> <span class='ocrx_word' id='word_1_602' title='bbox 3063 4199 3333 4253; x_wconf 88' lang='lat' dir='ltr'><strong>adversus</strong></span> <span class='ocrx_word' id='word_1_603' title='bbox 3363 4198 3657 4270; x_wconf 88' lang='lat' dir='ltr'><strong>spiritum,</strong></span> <span class='ocrx_word' id='word_1_604' title='bbox 3680 4216 3797 4254; x_wconf 89' lang='lat' dir='ltr'><strong>non</strong></span> 
     </span>
    </p>
   </div>
   <div class='ocr_carea' id='block_1_79' title="bbox 2163 4293 3794 4364">
    <p class='ocr_par' dir='ltr' id='par_1_79' title="bbox 2163 4293 3794 4364">
     <span class='ocr_line' id='line_1_79' title="bbox 2163 4293 3794 4364; baseline 0 -16"><span class='ocrx_word' id='word_1_605' title='bbox 2163 4295 2272 4348; x_wconf 89' lang='lat' dir='ltr'><strong>nisi</strong></span> <span class='ocrx_word' id='word_1_606' title='bbox 2300 4294 2632 4348; x_wconf 90' lang='lat' dir='ltr'><strong>instinctum</strong></span> <span class='ocrx_word' id='word_1_607' title='bbox 2651 4293 2889 4360; x_wconf 88' lang='lat' dir='ltr'><strong>diaboli,</strong></span> <span class='ocrx_word' id='word_1_608' title='bbox 2915 4293 3188 4364; x_wconf 87' lang='lat' dir='ltr'><strong>quoniam</strong></span> <span class='ocrx_word' id='word_1_609' title='bbox 3225 4309 3340 4347; x_wconf 89' lang='lat' dir='ltr'><strong>non</strong></span> <span class='ocrx_word' id='word_1_610' title='bbox 3373 4297 3461 4346; x_wconf 91' lang='lat' dir='ltr'><strong>est</strong></span> <span class='ocrx_word' id='word_1_611' title='bbox 3485 4293 3658 4347; x_wconf 89' lang='lat' dir='ltr'><strong>nobis</strong></span> <span class='ocrx_word' id='word_1_612' title='bbox 3680 4293 3794 4348; x_wconf 92' lang='lat' dir='ltr'><strong>col-</strong></span> 
     </span>
    </p>
   </div>
   <div class='ocr_carea' id='block_1_80' title="bbox 2161 4385 3802 4458">
    <p class='ocr_par' dir='ltr' id='par_1_80' title="bbox 2161 4385 3802 4458">
     <span class='ocr_line' id='line_1_80' title="bbox 2161 4385 3802 4458; baseline -0.002 -15"><span class='ocrx_word' id='word_1_613' title='bbox 2161 4388 2414 4456; x_wconf 87' lang='lat' dir='ltr'><strong>luctatio,</strong></span> <span class='ocrx_word' id='word_1_614' title='bbox 2449 4391 2556 4442; x_wconf 89' lang='lat' dir='ltr'><strong>etc.</strong></span> <span class='ocrx_word' id='word_1_615' title='bbox 2591 4387 2917 4458; x_wconf 89' lang='lat' dir='ltr'><strong>Peragratis</strong></span> <span class='ocrx_word' id='word_1_616' title='bbox 2949 4387 3104 4440; x_wconf 91' lang='lat' dir='ltr'><strong>enim</strong></span> <span class='ocrx_word' id='word_1_617' title='bbox 3132 4385 3379 4458; x_wconf 86' lang='lat' dir='ltr'><strong>legendo</strong></span> <span class='ocrx_word' id='word_1_618' title='bbox 3409 4387 3666 4440; x_wconf 88' lang='lat' dir='ltr'><strong>seriebus</strong></span> <span class='ocrx_word' id='word_1_619' title='bbox 3693 4387 3802 4440; x_wconf 75' lang='lat' dir='ltr'><strong>Ve-</strong></span> 
     </span>
    </p>
   </div>
   <div class='ocr_carea' id='block_1_81' title="bbox 436 4479 3798 4566">
    <p class='ocr_par' dir='ltr' id='par_1_81' title="bbox 436 4479 3798 4566">
     <span class='ocr_line' id='line_1_81' title="bbox 436 4479 3798 4566; baseline -0.002 -26"><span class='ocrx_word' id='word_1_620' title='bbox 436 4492 493 4540; x_wconf 92' lang='lat' dir='ltr'><strong>to</strong></span> <span class='ocrx_word' id='word_1_621' title='bbox 519 4483 755 4539; x_wconf 90' lang='lat' dir='ltr'><strong>Domine</strong></span> <span class='ocrx_word' id='word_1_622' title='bbox 781 4481 973 4553; x_wconf 90' lang='lat' dir='ltr'><strong>ponite</strong></span> <span class='ocrx_word' id='word_1_623' title='bbox 1017 4497 1176 4552; x_wconf 89' lang='lat' dir='ltr'><strong>spem</strong></span> <span class='ocrx_word' id='word_1_624' title='bbox 1214 4484 1482 4546; x_wconf 86' lang='lat' dir='ltr'><strong>vestram,</strong></span> <span class='ocrx_word' id='word_1_625' title='bbox 1515 4480 1636 4534; x_wconf 91' lang='lat' dir='ltr'><strong>sine</strong></span> <span class='ocrx_word' id='word_1_626' title='bbox 1679 4497 1792 4550; x_wconf 92' lang='lat' dir='ltr'><strong>quo</strong></span> <span class='ocrx_word' id='word_1_627' title='bbox 1837 4481 2058 4536; x_wconf 89' lang='lat' dir='ltr'><strong>nullum</strong></span> <span class='ocrx_word' id='word_1_628' title='bbox 2079 4495 2138 4566; x_wconf 84' lang='lat' dir='ltr'><strong>D</strong></span> <span class='ocrx_word' id='word_1_629' title='bbox 2163 4481 2298 4542; x_wconf 86' lang='lat' dir='ltr'><strong>teris</strong></span> <span class='ocrx_word' id='word_1_630' title='bbox 2324 4499 2389 4536; x_wconf 89' lang='lat' dir='ltr'><strong>ac</strong></span> <span class='ocrx_word' id='word_1_631' title='bbox 2419 4481 2556 4536; x_wconf 86' lang='lat' dir='ltr'><strong>Novi</strong></span> <span class='ocrx_word' id='word_1_632' title='bbox 2586 4481 2954 4548; x_wconf 88' lang='lat' dir='ltr'><strong>Testamenti,</strong></span> <span class='ocrx_word' id='word_1_633' title='bbox 2985 4496 3270 4550; x_wconf 90' lang='lat' dir='ltr'><strong>nusquam</strong></span> <span class='ocrx_word' id='word_1_634' title='bbox 3294 4479 3554 4550; x_wconf 88' lang='lat' dir='ltr'><strong>reperire</strong></span> <span class='ocrx_word' id='word_1_635' title='bbox 3583 4480 3798 4551; x_wconf 84' lang='lat' dir='ltr'><strong>poteris</strong></span> 
     </span>
    </p>
   </div>
   <div class='ocr_carea' id='block_1_82' title="bbox 435 4573 2058 4646">
    <p class='ocr_par' dir='ltr' id='par_1_82' title="bbox 435 4573 2058 4646">
     <span class='ocr_line' id='line_1_82' title="bbox 435 4573 2058 4646; baseline -0.003 -13"><span class='ocrx_word' id='word_1_636' title='bbox 435 4581 652 4634; x_wconf 88' lang='lat' dir='ltr'><strong>bonum</strong></span> <span class='ocrx_word' id='word_1_637' title='bbox 683 4592 801 4630; x_wconf 89' lang='lat' dir='ltr'><strong>esse</strong></span> <span class='ocrx_word' id='word_1_638' title='bbox 827 4579 1032 4646; x_wconf 89' lang='lat' dir='ltr'><strong>potest,</strong></span> <span class='ocrx_word' id='word_1_639' title='bbox 1065 4577 1122 4628; x_wconf 92' lang='lat' dir='ltr'><strong>et</strong></span> <span class='ocrx_word' id='word_1_640' title='bbox 1155 4591 1261 4644; x_wconf 89' lang='lat' dir='ltr'><strong>per</strong></span> <span class='ocrx_word' id='word_1_641' title='bbox 1289 4591 1460 4646; x_wconf 89' lang='lat' dir='ltr'><strong>quem</strong></span> <span class='ocrx_word' id='word_1_642' title='bbox 1490 4573 1682 4628; x_wconf 91' lang='lat' dir='ltr'><strong>omnia</strong></span> <span class='ocrx_word' id='word_1_643' title='bbox 1709 4575 1855 4628; x_wconf 90' lang='lat' dir='ltr'><strong>bona</strong></span> <span class='ocrx_word' id='word_1_644' title='bbox 1884 4575 2058 4646; x_wconf 90' lang='lat' dir='ltr'><strong>largi-</strong></span> 
     </span>
    </p>
   </div>
   <div class='ocr_carea' id='block_1_83' title="bbox 435 4667 2060 4740">
    <p class='ocr_par' dir='ltr' id='par_1_83' title="bbox 435 4667 2060 4740">
     <span class='ocr_line' id='line_1_83' title="bbox 435 4667 2060 4740; baseline -0.004 -12"><span class='ocrx_word' id='word_1_645' title='bbox 435 4674 631 4740; x_wconf 86' lang='lat' dir='ltr'><strong>untur,</strong></span> <span class='ocrx_word' id='word_1_646' title='bbox 683 4669 903 4724; x_wconf 89' lang='lat' dir='ltr'><strong>dicente</strong></span> <span class='ocrx_word' id='word_1_647' title='bbox 943 4667 1146 4722; x_wconf 82' lang='lat' dir='ltr'><strong>Jacobo</strong></span> <span class='ocrx_word' id='word_1_648' title='bbox 1171 4669 1422 4738; x_wconf 89' lang='lat' dir='ltr'><strong>apostolo</strong></span> <span class='ocrx_word' id='word_1_649' title='bbox 1453 4684 1466 4722; x_wconf 95' lang='lat'><strong>:</strong></span> <span class='ocrx_word' id='word_1_650' title='bbox 1503 4668 1664 4723; x_wconf 90' lang='lat' dir='ltr'><strong>Omne</strong></span> <span class='ocrx_word' id='word_1_651' title='bbox 1699 4669 1887 4723; x_wconf 85' lang='lat' dir='ltr'><strong>datum</strong></span> <span class='ocrx_word' id='word_1_652' title='bbox 1917 4671 2060 4739; x_wconf 86' lang='lat' dir='ltr'><strong>opti-</strong></span> 
     </span>
    </p>
   </div>
   <div class='ocr_carea' id='block_1_84' title="bbox 434 4762 2060 4832">
    <p class='ocr_par' dir='ltr' id='par_1_84' title="bbox 434 4762 2060 4832">
     <span class='ocr_line' id='line_1_84' title="bbox 434 4762 2060 4832; baseline -0.004 -9"><span class='ocrx_word' id='word_1_653' title='bbox 434 4783 580 4823; x_wconf 89' lang='lat' dir='ltr'><strong>mum</strong></span> <span class='ocrx_word' id='word_1_654' title='bbox 609 4765 676 4820; x_wconf 89' lang='lat' dir='ltr'><strong>de</strong></span> <span class='ocrx_word' id='word_1_655' title='bbox 702 4777 917 4820; x_wconf 87' lang='lat' dir='ltr'><strong>sursum</strong></span> <span class='ocrx_word' id='word_1_656' title='bbox 945 4765 1040 4816; x_wconf 87' lang='lat' dir='ltr'><strong>est.</strong></span> <span class='ocrx_word' id='word_1_657' title='bbox 1073 4762 1290 4817; x_wconf 79' lang='lat' dir='ltr'><strong>lNDUlTE</strong></span> <span class='ocrx_word' id='word_1_658' title='bbox 1327 4777 1431 4816; x_wconf 90' lang='lat' dir='ltr'><strong>vos</strong></span> <span class='ocrx_word' id='word_1_659' title='bbox 1468 4777 1796 4818; x_wconf 76' lang='lat' dir='ltr'><strong>ARMATL‘RAM</strong></span> <span class='ocrx_word' id='word_1_660' title='bbox 1835 4763 1953 4832; x_wconf 77' lang='lat' dir='ltr'><strong>DEI,</strong></span> <span class='ocrx_word' id='word_1_661' title='bbox 1994 4779 2060 4818; x_wconf 76' lang='lat' dir='ltr'><strong>cr</strong></span> 
     </span>
    </p>
   </div>
   <div class='ocr_carea' id='block_1_85' title="bbox 436 4856 2059 4918">
    <p class='ocr_par' dir='ltr' id='par_1_85' title="bbox 436 4856 2059 4918">
     <span class='ocr_line' id='line_1_85' title="bbox 436 4856 2059 4918; baseline -0.005 0"><span class='ocrx_word' id='word_1_662' title='bbox 436 4874 678 4918; x_wconf 79' lang='lat' dir='ltr'><strong>POSSI‘HS</strong></span> <span class='ocrx_word' id='word_1_663' title='bbox 735 4871 901 4913; x_wconf 79' lang='lat' dir='ltr'><strong>STARE</strong></span> <span class='ocrx_word' id='word_1_664' title='bbox 937 4870 1212 4911; x_wconf 81' lang='lat' dir='ltr'><strong>ADVERSUS</strong></span> <span class='ocrx_word' id='word_1_665' title='bbox 1269 4869 1522 4911; x_wconf 77' lang='lat' dir='ltr'><strong>INSIDIAS.</strong></span> <span class='ocrx_word' id='word_1_666' title='bbox 1560 4871 1795 4912; x_wconf 80' lang='lat' dir='ltr'><strong>DlABOLI.</strong></span> <span class='ocrx_word' id='word_1_667' title='bbox 1842 4859 1920 4912; x_wconf 74' lang='lat' dir='ltr'><strong>EX</strong></span> <span class='ocrx_word' id='word_1_668' title='bbox 1971 4856 2059 4910; x_wconf 89' lang='lat' dir='ltr'><strong>his</strong></span> 
     </span>
    </p>
   </div>
   <div class='ocr_carea' id='block_1_86' title="bbox 436 4948 2060 5026">
    <p class='ocr_par' dir='ltr' id='par_1_86' title="bbox 436 4948 2060 5026">
     <span class='ocr_line' id='line_1_86' title="bbox 436 4948 2060 5026; baseline -0.004 -16"><span class='ocrx_word' id='word_1_669' title='bbox 436 4955 593 5010; x_wconf 86' lang='lat' dir='ltr'><strong>enim</strong></span> <span class='ocrx_word' id='word_1_670' title='bbox 612 4969 740 5026; x_wconf 69' lang='lat' dir='ltr'><strong>quae</strong></span> <span class='ocrx_word' id='word_1_671' title='bbox 768 4951 918 5006; x_wconf 80' lang='lat' dir='ltr'><strong>infra</strong></span> <span class='ocrx_word' id='word_1_672' title='bbox 942 4950 1234 5022; x_wconf 89' lang='lat' dir='ltr'><strong>leguntur,</strong></span> <span class='ocrx_word' id='word_1_673' title='bbox 1261 4953 1319 5002; x_wconf 92' lang='lat' dir='ltr'><strong>et</strong></span> <span class='ocrx_word' id='word_1_674' title='bbox 1342 4948 1410 5002; x_wconf 91' lang='lat' dir='ltr'><strong>iis</strong></span> <span class='ocrx_word' id='word_1_675' title='bbox 1429 4965 1554 5019; x_wconf 59' lang='lat' dir='ltr'><strong>quae.</strong></span> <span class='ocrx_word' id='word_1_676' title='bbox 1573 4949 1666 5003; x_wconf 89' lang='lat' dir='ltr'><strong>hic</strong></span> <span class='ocrx_word' id='word_1_677' title='bbox 1685 4950 1819 5004; x_wconf 92' lang='lat' dir='ltr'><strong>dicit</strong></span> <span class='ocrx_word' id='word_1_678' title='bbox 1842 4953 2060 5021; x_wconf 90' lang='lat' dir='ltr'><strong>aposto-</strong></span> 
     </span>
    </p>
   </div>
   <div class='ocr_carea' id='block_1_87' title="bbox 434 5041 2056 5116">
    <p class='ocr_par' dir='ltr' id='par_1_87' title="bbox 434 5041 2056 5116">
     <span class='ocr_line' id='line_1_87' title="bbox 434 5041 2056 5116; baseline -0.002 -13"><span class='ocrx_word' id='word_1_679' title='bbox 434 5049 522 5103; x_wconf 88' lang='lat' dir='ltr'><strong>lus</strong></span> <span class='ocrx_word' id='word_1_680' title='bbox 561 5047 786 5116; x_wconf 87' lang='lat' dir='ltr'><strong>Paulus,</strong></span> <span class='ocrx_word' id='word_1_681' title='bbox 824 5049 1008 5101; x_wconf 90' lang='lat' dir='ltr'><strong>totum</strong></span> <span class='ocrx_word' id='word_1_682' title='bbox 1040 5043 1110 5098; x_wconf 87' lang='lat' dir='ltr'><strong>de</strong></span> <span class='ocrx_word' id='word_1_683' title='bbox 1135 5041 1354 5097; x_wconf 87' lang='lat' dir='ltr'><strong>Christo</strong></span> <span class='ocrx_word' id='word_1_684' title='bbox 1383 5042 1698 5114; x_wconf 79' lang='lat' dir='ltr'><strong>intelligere</strong></span> <span class='ocrx_word' id='word_1_685' title='bbox 1737 5061 2056 5115; x_wconf 86' lang='lat' dir='ltr'><strong>possumus.</strong></span> 
     </span>
    </p>
   </div>
   <div class='ocr_carea' id='block_1_88' title="bbox 435 5135 2054 5209">
    <p class='ocr_par' dir='ltr' id='par_1_88' title="bbox 435 5135 2054 5209">
     <span class='ocr_line' id='line_1_88' title="bbox 435 5135 2054 5209; baseline -0.001 -14"><span class='ocrx_word' id='word_1_686' title='bbox 435 5139 588 5196; x_wconf 91' lang='lat' dir='ltr'><strong>Sicut</strong></span> <span class='ocrx_word' id='word_1_687' title='bbox 633 5139 786 5195; x_wconf 91' lang='lat' dir='ltr'><strong>enim</strong></span> <span class='ocrx_word' id='word_1_688' title='bbox 819 5139 1111 5209; x_wconf 81' lang='lat' dir='ltr'><strong>cingulum</strong></span> <span class='ocrx_word' id='word_1_689' title='bbox 1157 5135 1379 5204; x_wconf 86' lang='lat' dir='ltr'><strong>veritas,</strong></span> <span class='ocrx_word' id='word_1_690' title='bbox 1414 5140 1470 5190; x_wconf 91' lang='lat' dir='ltr'><strong>et</strong></span> <span class='ocrx_word' id='word_1_691' title='bbox 1496 5135 1666 5190; x_wconf 90' lang='lat' dir='ltr'><strong>lorica</strong></span> <span class='ocrx_word' id='word_1_692' title='bbox 1702 5137 1924 5208; x_wconf 87' lang='lat' dir='ltr'><strong>justitia</strong></span> <span class='ocrx_word' id='word_1_693' title='bbox 1952 5143 2054 5208; x_wconf 89' lang='lat' dir='ltr'><strong>est,</strong></span> 
     </span>
    </p>
   </div>
   <div class='ocr_carea' id='block_1_89' title="bbox 433 5225 2056 5308">
    <p class='ocr_par' dir='ltr' id='par_1_89' title="bbox 433 5225 2056 5308">
     <span class='ocr_line' id='line_1_89' title="bbox 433 5225 2056 5308; baseline -0.001 -20"><span class='ocrx_word' id='word_1_694' title='bbox 433 5232 574 5308; x_wconf 83' lang='lat' dir='ltr'><strong>quin</strong></span> <span class='ocrx_word' id='word_1_695' title='bbox 599 5231 836 5286; x_wconf 89' lang='lat' dir='ltr'><strong>dubium</strong></span> <span class='ocrx_word' id='word_1_696' title='bbox 862 5225 1114 5286; x_wconf 83' lang='lat' dir='ltr'><strong>Christus</strong></span> <span class='ocrx_word' id='word_1_697' title='bbox 1129 5233 1186 5284; x_wconf 92' lang='lat' dir='ltr'><strong>et</strong></span> <span class='ocrx_word' id='word_1_698' title='bbox 1200 5229 1428 5296; x_wconf 89' lang='lat' dir='ltr'><strong>veritas,</strong></span> <span class='ocrx_word' id='word_1_699' title='bbox 1458 5232 1515 5284; x_wconf 89' lang='lat' dir='ltr'><strong>et</strong></span> <span class='ocrx_word' id='word_1_700' title='bbox 1531 5229 1755 5300; x_wconf 86' lang='lat' dir='ltr'><strong>justitia</strong></span> <span class='ocrx_word' id='word_1_701' title='bbox 1779 5235 1888 5298; x_wconf 88' lang='lat' dir='ltr'><strong>est;</strong></span> <span class='ocrx_word' id='word_1_702' title='bbox 1917 5247 2056 5302; x_wconf 87' lang='lat' dir='ltr'><strong>ergo</strong></span> 
     </span>
    </p>
   </div>
   <div class='ocr_carea' id='block_1_90' title="bbox 432 5322 2052 5402">
    <p class='ocr_par' dir='ltr' id='par_1_90' title="bbox 432 5322 2052 5402">
     <span class='ocr_line' id='line_1_90' title="bbox 432 5322 2052 5402; baseline -0.001 -20"><span class='ocrx_word' id='word_1_703' title='bbox 432 5326 532 5402; x_wconf 89' lang='lat' dir='ltr'><strong>qui</strong></span> <span class='ocrx_word' id='word_1_704' title='bbox 559 5323 851 5380; x_wconf 84' lang='lat' dir='ltr'><strong>veritatem</strong></span> <span class='ocrx_word' id='word_1_705' title='bbox 894 5328 951 5378; x_wconf 88' lang='lat' dir='ltr'><strong>et</strong></span> <span class='ocrx_word' id='word_1_706' title='bbox 981 5323 1258 5393; x_wconf 85' lang='lat' dir='ltr'><strong>justitiam</strong></span> <span class='ocrx_word' id='word_1_707' title='bbox 1281 5323 1519 5378; x_wconf 89' lang='lat' dir='ltr'><strong>indutus</strong></span> <span class='ocrx_word' id='word_1_708' title='bbox 1543 5322 1734 5393; x_wconf 88' lang='lat' dir='ltr'><strong>fuerit,</strong></span> <span class='ocrx_word' id='word_1_709' title='bbox 1765 5323 2052 5380; x_wconf 85' lang='lat' dir='ltr'><strong>Christum</strong></span> 
     </span>
    </p>
   </div>
   <div class='ocr_carea' id='block_1_91' title="bbox 433 5415 2058 5489">
    <p class='ocr_par' dir='ltr' id='par_1_91' title="bbox 433 5415 2058 5489">
     <span class='ocr_line' id='line_1_91' title="bbox 433 5415 2058 5489; baseline -0.004 -10"><span class='ocrx_word' id='word_1_710' title='bbox 433 5421 668 5478; x_wconf 88' lang='lat' dir='ltr'><strong>indutus</strong></span> <span class='ocrx_word' id='word_1_711' title='bbox 689 5417 797 5472; x_wconf 86' lang='lat' dir='ltr'><strong>erit</strong></span> <span class='ocrx_word' id='word_1_712' title='bbox 818 5434 835 5485; x_wconf 87' lang='lat'><strong>;</strong></span> <span class='ocrx_word' id='word_1_713' title='bbox 864 5433 1033 5488; x_wconf 89' lang='lat' dir='ltr'><strong>quem</strong></span> <span class='ocrx_word' id='word_1_714' title='bbox 1052 5433 1278 5472; x_wconf 88' lang='lat' dir='ltr'><strong>necesse</strong></span> <span class='ocrx_word' id='word_1_715' title='bbox 1299 5421 1384 5473; x_wconf 89' lang='lat' dir='ltr'><strong>est</strong></span> <span class='ocrx_word' id='word_1_716' title='bbox 1403 5415 1583 5485; x_wconf 89' lang='lat' dir='ltr'><strong>indui,</strong></span> <span class='ocrx_word' id='word_1_717' title='bbox 1606 5417 1705 5489; x_wconf 90' lang='lat' dir='ltr'><strong>qui</strong></span> <span class='ocrx_word' id='word_1_718' title='bbox 1724 5422 1917 5472; x_wconf 88' lang='lat' dir='ltr'><strong>contra</strong></span> <span class='ocrx_word' id='word_1_719' title='bbox 1945 5418 2058 5473; x_wconf 89' lang='lat' dir='ltr'><strong>dia—</strong></span> 
     </span>
    </p>
   </div>
   <div class='ocr_carea' id='block_1_92' title="bbox 431 5509 2057 5574">
    <p class='ocr_par' dir='ltr' id='par_1_92' title="bbox 431 5509 2057 5574">
     <span class='ocr_line' id='line_1_92' title="bbox 431 5509 2057 5574; baseline -0.003 -3"><span class='ocrx_word' id='word_1_720' title='bbox 431 5515 630 5574; x_wconf 86' lang='lat' dir='ltr'><strong>bolum</strong></span> <span class='ocrx_word' id='word_1_721' title='bbox 654 5511 776 5566; x_wconf 85' lang='lat' dir='ltr'><strong>vult</strong></span> <span class='ocrx_word' id='word_1_722' title='bbox 791 5509 1078 5566; x_wconf 87' lang='lat' dir='ltr'><strong>dimicare.</strong></span> <span class='ocrx_word' id='word_1_723' title='bbox 1106 5510 1364 5566; x_wconf 83' lang='lat' dir='ltr'><strong>Diabolus</strong></span> <span class='ocrx_word' id='word_1_724' title='bbox 1386 5511 1539 5566; x_wconf 91' lang='lat' dir='ltr'><strong>enim</strong></span> <span class='ocrx_word' id='word_1_725' title='bbox 1569 5527 1778 5566; x_wconf 90' lang='lat' dir='ltr'><strong>nomen</strong></span> <span class='ocrx_word' id='word_1_726' title='bbox 1799 5512 2057 5566; x_wconf 65' lang='lat' dir='ltr'><strong>Graecum</strong></span> 
     </span>
    </p>
   </div>
   <div class='ocr_carea' id='block_1_93' title="bbox 434 5601 2053 5679">
    <p class='ocr_par' dir='ltr' id='par_1_93' title="bbox 434 5601 2053 5679">
     <span class='ocr_line' id='line_1_93' title="bbox 434 5601 2053 5679; baseline -0.004 -12"><span class='ocrx_word' id='word_1_727' title='bbox 434 5613 536 5679; x_wconf 87' lang='lat' dir='ltr'><strong>est,</strong></span> <span class='ocrx_word' id='word_1_728' title='bbox 582 5605 773 5663; x_wconf 85' lang='lat' dir='ltr'><strong>Latine</strong></span> <span class='ocrx_word' id='word_1_729' title='bbox 803 5601 1130 5659; x_wconf 84' lang='lat' dir='ltr'><strong>criminator</strong></span> <span class='ocrx_word' id='word_1_730' title='bbox 1165 5602 1370 5658; x_wconf 77' lang='lat' dir='ltr'><strong>dicitur</strong></span> <span class='ocrx_word' id='word_1_731' title='bbox 1395 5619 1409 5658; x_wconf 89' lang='lat'><strong>:</strong></span> <span class='ocrx_word' id='word_1_732' title='bbox 1463 5603 1568 5658; x_wconf 87' lang='lat' dir='ltr'><strong>iste</strong></span> <span class='ocrx_word' id='word_1_733' title='bbox 1594 5607 1680 5660; x_wconf 90' lang='lat' dir='ltr'><strong>est</strong></span> <span class='ocrx_word' id='word_1_734' title='bbox 1703 5604 2053 5674; x_wconf 90' lang='lat' dir='ltr'><strong>criminator,</strong></span> 
     </span>
    </p>
   </div>
   <div class='ocr_carea' id='block_1_94' title="bbox 433 5695 2056 5776">
    <p class='ocr_par' dir='ltr' id='par_1_94' title="bbox 433 5695 2056 5776">
     <span class='ocr_line' id='line_1_94' title="bbox 433 5695 2056 5776; baseline -0.003 -16"><span class='ocrx_word' id='word_1_735' title='bbox 433 5705 504 5760; x_wconf 89' lang='lat' dir='ltr'><strong>de</strong></span> <span class='ocrx_word' id='word_1_736' title='bbox 559 5717 671 5776; x_wconf 87' lang='lat' dir='ltr'><strong>quo</strong></span> <span class='ocrx_word' id='word_1_737' title='bbox 693 5699 780 5756; x_wconf 84' lang='lat' dir='ltr'><strong>-in</strong></span> <span class='ocrx_word' id='word_1_738' title='bbox 834 5695 1171 5771; x_wconf 83' lang='lat' dir='ltr'><strong>Apocalypsi</strong></span> <span class='ocrx_word' id='word_1_739' title='bbox 1229 5695 1476 5768; x_wconf 87' lang='lat' dir='ltr'><strong>legimus</strong></span> <span class='ocrx_word' id='word_1_740' title='bbox 1554 5697 1760 5754; x_wconf 82' lang='lat' dir='ltr'><strong>dixisse</strong></span> <span class='ocrx_word' id='word_1_741' title='bbox 1838 5703 2056 5756; x_wconf 88' lang='lat' dir='ltr'><strong>sanctos</strong></span> 
     </span>
    </p>
   </div>
   <div class='ocr_carea' id='block_1_95' title="bbox 432 5789 2056 5861">
    <p class='ocr_par' dir='ltr' id='par_1_95' title="bbox 432 5789 2056 5861">
     <span class='ocr_line' id='line_1_95' title="bbox 432 5789 2056 5861; baseline -0.001 -9"><span class='ocrx_word' id='word_1_742' title='bbox 432 5796 546 5861; x_wconf 82' lang='lat' dir='ltr'><strong>Deo</strong></span> <span class='ocrx_word' id='word_1_743' title='bbox 571 5812 586 5852; x_wconf 89' lang='lat'><strong>:</strong></span> <span class='ocrx_word' id='word_1_744' title='bbox 616 5795 838 5854; x_wconf 77' lang='lat' dir='ltr'><strong>Gratias</strong></span> <span class='ocrx_word' id='word_1_745' title='bbox 858 5793 960 5850; x_wconf 72' lang='lat' dir='ltr'><strong>tibi</strong></span> <span class='ocrx_word' id='word_1_746' title='bbox 980 5793 1212 5860; x_wconf 80' lang='lat' dir='ltr'><strong>agimus,</strong></span> <span class='ocrx_word' id='word_1_747' title='bbox 1239 5792 1372 5860; x_wconf 84' lang='lat' dir='ltr'><strong>quia</strong></span> <span class='ocrx_word' id='word_1_748' title='bbox 1388 5789 1651 5860; x_wconf 73' lang='lat' dir='ltr'><strong>prcn&#39;ectus</strong></span> <span class='ocrx_word' id='word_1_749' title='bbox 1679 5797 1756 5850; x_wconf 83' lang='lat' dir='ltr'><strong>est</strong></span> <span class='ocrx_word' id='word_1_750' title='bbox 1777 5798 2056 5856; x_wconf 84' lang='lat' dir='ltr'><strong>accusator</strong></span> 
     </span>
    </p>
   </div>
   <div class='ocr_carea' id='block_1_96' title="bbox 2161 4572 3799 4646">
    <p class='ocr_par' dir='ltr' id='par_1_96' title="bbox 2161 4572 3799 4646">
     <span class='ocr_line' id='line_1_96' title="bbox 2161 4572 3799 4646; baseline -0.001 -17"><span class='ocrx_word' id='word_1_751' title='bbox 2161 4574 2449 4646; x_wconf 90' lang='lat' dir='ltr'><strong>principes</strong></span> <span class='ocrx_word' id='word_1_752' title='bbox 2487 4577 2544 4629; x_wconf 88' lang='lat' dir='ltr'><strong>et</strong></span> <span class='ocrx_word' id='word_1_753' title='bbox 2579 4577 2892 4646; x_wconf 88' lang='lat' dir='ltr'><strong>potestates</strong></span> <span class='ocrx_word' id='word_1_754' title='bbox 2941 4573 3237 4628; x_wconf 63' lang='lat' dir='ltr'><strong>daemones</strong></span> <span class='ocrx_word' id='word_1_755' title='bbox 3284 4590 3406 4627; x_wconf 89' lang='lat' dir='ltr'><strong>esse</strong></span> <span class='ocrx_word' id='word_1_756' title='bbox 3445 4572 3652 4640; x_wconf 86' lang='lat' dir='ltr'><strong>dictos,</strong></span> <span class='ocrx_word' id='word_1_757' title='bbox 3693 4573 3799 4628; x_wconf 88' lang='lat' dir='ltr'><strong>nisi</strong></span> 
     </span>
    </p>
   </div>
   <div class='ocr_carea' id='block_1_97' title="bbox 2160 4665 3797 4740">
    <p class='ocr_par' dir='ltr' id='par_1_97' title="bbox 2160 4665 3797 4740">
     <span class='ocr_line' id='line_1_97' title="bbox 2160 4665 3797 4740; baseline -0.001 -18"><span class='ocrx_word' id='word_1_758' title='bbox 2160 4667 2413 4740; x_wconf 89' lang='lat' dir='ltr'><strong>primum</strong></span> <span class='ocrx_word' id='word_1_759' title='bbox 2431 4669 2540 4723; x_wconf 90' lang='lat' dir='ltr'><strong>hoc</strong></span> <span class='ocrx_word' id='word_1_760' title='bbox 2568 4669 2625 4722; x_wconf 94' lang='lat' dir='ltr'><strong>in</strong></span> <span class='ocrx_word' id='word_1_761' title='bbox 2652 4669 2796 4723; x_wconf 89' lang='lat' dir='ltr'><strong>loco.</strong></span> <span class='ocrx_word' id='word_1_762' title='bbox 2825 4668 2947 4733; x_wconf 87' lang='lat' dir='ltr'><strong>Quo</strong></span> <span class='ocrx_word' id='word_1_763' title='bbox 2971 4666 3204 4721; x_wconf 89' lang='lat' dir='ltr'><strong>nomine</strong></span> <span class='ocrx_word' id='word_1_764' title='bbox 3227 4667 3537 4738; x_wconf 81' lang='lat' dir='ltr'><strong>Apostolus</strong></span> <span class='ocrx_word' id='word_1_765' title='bbox 3565 4667 3699 4722; x_wconf 91' lang='lat' dir='ltr'><strong>ideo</strong></span> <span class='ocrx_word' id='word_1_766' title='bbox 3727 4665 3797 4721; x_wconf 87' lang='lat' dir='ltr'><strong>ad</strong></span> 
     </span>
    </p>
   </div>
   <div class='ocr_carea' id='block_1_98' title="bbox 2161 4759 3796 4834">
    <p class='ocr_par' dir='ltr' id='par_1_98' title="bbox 2161 4759 3796 4834">
     <span class='ocr_line' id='line_1_98' title="bbox 2161 4759 3796 4834; baseline -0.001 -18"><span class='ocrx_word' id='word_1_767' title='bbox 2161 4762 2434 4833; x_wconf 88' lang='lat' dir='ltr'><strong>Ephesios</strong></span> <span class='ocrx_word' id='word_1_768' title='bbox 2465 4763 2687 4834; x_wconf 92' lang='lat' dir='ltr'><strong>scripsit</strong></span> <span class='ocrx_word' id='word_1_769' title='bbox 2735 4763 2806 4818; x_wconf 88' lang='lat' dir='ltr'><strong>de</strong></span> <span class='ocrx_word' id='word_1_770' title='bbox 2848 4759 3223 4816; x_wconf 89' lang='lat' dir='ltr'><strong>invisibilibus</strong></span> <span class='ocrx_word' id='word_1_771' title='bbox 3277 4760 3576 4827; x_wconf 87' lang='lat' dir='ltr'><strong>creaturis,</strong></span> <span class='ocrx_word' id='word_1_772' title='bbox 3619 4761 3796 4815; x_wconf 83' lang='lat' dir='ltr'><strong>multa</strong></span> 
     </span>
    </p>
   </div>
   <div class='ocr_carea' id='block_1_99' title="bbox 2160 4853 3798 4926">
    <p class='ocr_par' dir='ltr' id='par_1_99' title="bbox 2160 4853 3798 4926">
     <span class='ocr_line' id='line_1_99' title="bbox 2160 4853 3798 4926; baseline -0.002 -16"><span class='ocrx_word' id='word_1_773' title='bbox 2160 4855 2270 4910; x_wconf 90' lang='lat' dir='ltr'><strong>illis</strong></span> <span class='ocrx_word' id='word_1_774' title='bbox 2298 4856 2602 4911; x_wconf 87' lang='lat' dir='ltr'><strong>ostendere</strong></span> <span class='ocrx_word' id='word_1_775' title='bbox 2628 4857 2844 4911; x_wconf 90' lang='lat' dir='ltr'><strong>volens.</strong></span> <span class='ocrx_word' id='word_1_776' title='bbox 2874 4856 2944 4909; x_wconf 91' lang='lat' dir='ltr'><strong>Et</strong></span> <span class='ocrx_word' id='word_1_777' title='bbox 2973 4854 3108 4926; x_wconf 90' lang='lat' dir='ltr'><strong>quia</strong></span> <span class='ocrx_word' id='word_1_778' title='bbox 3135 4853 3475 4908; x_wconf 84' lang='lat' dir='ltr'><strong>exercitatos</strong></span> <span class='ocrx_word' id='word_1_779' title='bbox 3503 4854 3798 4909; x_wconf 87' lang='lat' dir='ltr'><strong>habebant</strong></span> 
     </span>
    </p>
   </div>
   <div class='ocr_carea' id='block_1_100' title="bbox 2159 4946 3792 5020">
    <p class='ocr_par' dir='ltr' id='par_1_100' title="bbox 2159 4946 3792 5020">
     <span class='ocr_line' id='line_1_100' title="bbox 2159 4946 3792 5020; baseline -0.002 -16"><span class='ocrx_word' id='word_1_780' title='bbox 2159 4966 2358 5004; x_wconf 86' lang='lat' dir='ltr'><strong>sensus</strong></span> <span class='ocrx_word' id='word_1_781' title='bbox 2389 4949 2463 5004; x_wconf 89' lang='lat' dir='ltr'><strong>ad</strong></span> <span class='ocrx_word' id='word_1_782' title='bbox 2494 4948 2871 5020; x_wconf 89' lang='lat' dir='ltr'><strong>intelligenda</strong></span> <span class='ocrx_word' id='word_1_783' title='bbox 2898 4949 3073 5002; x_wconf 89' lang='lat' dir='ltr'><strong>etiam</strong></span> <span class='ocrx_word' id='word_1_784' title='bbox 3109 4947 3346 5014; x_wconf 88' lang='lat' dir='ltr'><strong>occulta,</strong></span> <span class='ocrx_word' id='word_1_785' title='bbox 3383 4947 3517 5001; x_wconf 91' lang='lat' dir='ltr'><strong>ideo</strong></span> <span class='ocrx_word' id='word_1_786' title='bbox 3549 4947 3622 5001; x_wconf 89' lang='lat' dir='ltr'><strong>de</strong></span> <span class='ocrx_word' id='word_1_787' title='bbox 3654 4946 3792 5002; x_wconf 86' lang='lat' dir='ltr'><strong>invi-</strong></span> 
     </span>
    </p>
   </div>
   <div class='ocr_carea' id='block_1_101' title="bbox 2159 5040 3796 5112">
    <p class='ocr_par' dir='ltr' id='par_1_101' title="bbox 2159 5040 3796 5112">
     <span class='ocr_line' id='line_1_101' title="bbox 2159 5040 3796 5112; baseline -0.002 -14"><span class='ocrx_word' id='word_1_788' title='bbox 2159 5044 2416 5098; x_wconf 89' lang='lat' dir='ltr'><strong>sibilibus</strong></span> <span class='ocrx_word' id='word_1_789' title='bbox 2444 5043 2722 5098; x_wconf 88' lang='lat' dir='ltr'><strong>creaturis</strong></span> <span class='ocrx_word' id='word_1_790' title='bbox 2735 5042 2959 5096; x_wconf 87' lang='lat' dir='ltr'><strong>diversa</strong></span> <span class='ocrx_word' id='word_1_791' title='bbox 2977 5040 3217 5096; x_wconf 89' lang='lat' dir='ltr'><strong>nomina</strong></span> <span class='ocrx_word' id='word_1_792' title='bbox 3239 5041 3319 5095; x_wconf 88' lang='lat' dir='ltr'><strong>eis</strong></span> <span class='ocrx_word' id='word_1_793' title='bbox 3338 5040 3630 5112; x_wconf 62' lang='lat' dir='ltr'><strong>praedixit.</strong></span> <span class='ocrx_word' id='word_1_794' title='bbox 3652 5040 3796 5095; x_wconf 80' lang='lat' dir='ltr'><strong>Dixit</strong></span> 
     </span>
    </p>
   </div>
   <div class='ocr_carea' id='block_1_102' title="bbox 2159 5135 3796 5194">
    <p class='ocr_par' dir='ltr' id='par_1_102' title="bbox 2159 5135 3796 5194">
     <span class='ocr_line' id='line_1_102' title="bbox 2159 5135 3796 5194; baseline -0.001 -2"><span class='ocrx_word' id='word_1_795' title='bbox 2159 5137 2316 5192; x_wconf 91' lang='lat' dir='ltr'><strong>enim</strong></span> <span class='ocrx_word' id='word_1_796' title='bbox 2356 5155 2368 5192; x_wconf 89' lang='lat'><strong>:</strong></span> <span class='ocrx_word' id='word_1_797' title='bbox 2409 5139 2528 5194; x_wconf 89' lang='lat' dir='ltr'><strong>Non</strong></span> <span class='ocrx_word' id='word_1_798' title='bbox 2561 5137 2824 5192; x_wconf 74' lang='lat' dir='ltr'><strong>estnobis</strong></span> <span class='ocrx_word' id='word_1_799' title='bbox 2859 5137 3166 5190; x_wconf 86' lang='lat' dir='ltr'><strong>colluctatio</strong></span> <span class='ocrx_word' id='word_1_800' title='bbox 3201 5135 3462 5190; x_wconf 82' lang='lat' dir='ltr'><strong>adversus</strong></span> <span class='ocrx_word' id='word_1_801' title='bbox 3497 5151 3717 5190; x_wconf 82' lang='lat' dir='ltr'><strong>carnem</strong></span> <span class='ocrx_word' id='word_1_802' title='bbox 3747 5139 3796 5190; x_wconf 81' lang='lat' dir='ltr'><strong>et</strong></span> 
     </span>
    </p>
   </div>
   <div class='ocr_carea' id='block_1_103' title="bbox 2155 5230 3798 5303">
    <p class='ocr_par' dir='ltr' id='par_1_103' title="bbox 2155 5230 3798 5303">
     <span class='ocr_line' id='line_1_103' title="bbox 2155 5230 3798 5303; baseline -0.001 -17"><span class='ocrx_word' id='word_1_803' title='bbox 2155 5233 2490 5303; x_wconf 86' lang='lat' dir='ltr'><strong>sanguinem,</strong></span> <span class='ocrx_word' id='word_1_804' title='bbox 2528 5231 2624 5286; x_wconf 87' lang='lat' dir='ltr'><strong>sed</strong></span> <span class='ocrx_word' id='word_1_805' title='bbox 2669 5230 2932 5286; x_wconf 83' lang='lat' dir='ltr'><strong>adversus</strong></span> <span class='ocrx_word' id='word_1_806' title='bbox 2969 5231 3247 5299; x_wconf 84' lang='lat' dir='ltr'><strong>principes</strong></span> <span class='ocrx_word' id='word_1_807' title='bbox 3281 5234 3331 5283; x_wconf 89' lang='lat' dir='ltr'><strong>et</strong></span> <span class='ocrx_word' id='word_1_808' title='bbox 3351 5233 3676 5298; x_wconf 83' lang='lat' dir='ltr'><strong>potestates,</strong></span> <span class='ocrx_word' id='word_1_809' title='bbox 3706 5244 3798 5284; x_wconf 74' lang='grc' dir='ltr'><strong>,ω-</strong></span> 
     </span>
    </p>
   </div>
   <div class='ocr_carea' id='block_1_104' title="bbox 2157 5322 3798 5394">
    <p class='ocr_par' dir='ltr' id='par_1_104' title="bbox 2157 5322 3798 5394">
     <span class='ocr_line' id='line_1_104' title="bbox 2157 5322 3798 5394; baseline -0.002 -14"><span class='ocrx_word' id='word_1_810' title='bbox 2157 5341 2360 5382; x_wconf 75' lang='lat' dir='ltr'><strong>vnnsus</strong></span> <span class='ocrx_word' id='word_1_811' title='bbox 2391 5341 2562 5382; x_wconf 69' lang='lat' dir='ltr'><strong>unum</strong></span> <span class='ocrx_word' id='word_1_812' title='bbox 2588 5339 2862 5380; x_wconf 72' lang='lat' dir='ltr'><strong>necronss</strong></span> <span class='ocrx_word' id='word_1_813' title='bbox 2893 5338 3246 5379; x_wconf 69' lang='lat' dir='ltr'><strong>rnnsnmnon</strong></span> <span class='ocrx_word' id='word_1_814' title='bbox 3277 5337 3484 5378; x_wconf 71' lang='lat' dir='ltr'><strong>manu.</strong></span> <span class='ocrx_word' id='word_1_815' title='bbox 3527 5322 3798 5394; x_wconf 79' lang='lat' dir='ltr'><strong>Appellat</strong></span> 
     </span>
    </p>
   </div>
   <div class='ocr_carea' id='block_1_105' title="bbox 2157 5415 3797 5491">
    <p class='ocr_par' dir='ltr' id='par_1_105' title="bbox 2157 5415 3797 5491">
     <span class='ocr_line' id='line_1_105' title="bbox 2157 5415 3797 5491; baseline -0.001 -17"><span class='ocrx_word' id='word_1_816' title='bbox 2157 5419 2314 5474; x_wconf 89' lang='lat' dir='ltr'><strong>enim</strong></span> <span class='ocrx_word' id='word_1_817' title='bbox 2334 5419 2622 5491; x_wconf 87' lang='lat' dir='ltr'><strong>principes</strong></span> <span class='ocrx_word' id='word_1_818' title='bbox 2638 5421 2697 5473; x_wconf 86' lang='lat' dir='ltr'><strong>et</strong></span> <span class='ocrx_word' id='word_1_819' title='bbox 2721 5420 3038 5489; x_wconf 88' lang='lat' dir='ltr'><strong>potestates</strong></span> <span class='ocrx_word' id='word_1_820' title='bbox 3059 5415 3266 5470; x_wconf 91' lang='lat' dir='ltr'><strong>mundi</strong></span> <span class='ocrx_word' id='word_1_821' title='bbox 3292 5419 3568 5483; x_wconf 85' lang='lat' dir='ltr'><strong>rectores,</strong></span> <span class='ocrx_word' id='word_1_822' title='bbox 3583 5415 3797 5472; x_wconf 60' lang='lat' dir='ltr'><strong>demo-</strong></span> 
     </span>
    </p>
   </div>
   <div class='ocr_carea' id='block_1_106' title="bbox 2158 5508 3795 5585">
    <p class='ocr_par' dir='ltr' id='par_1_106' title="bbox 2158 5508 3795 5585">
     <span class='ocr_line' id='line_1_106' title="bbox 2158 5508 3795 5585; baseline -0.002 -18"><span class='ocrx_word' id='word_1_823' title='bbox 2158 5529 2260 5568; x_wconf 89' lang='lat' dir='ltr'><strong>nes</strong></span> <span class='ocrx_word' id='word_1_824' title='bbox 2277 5513 2374 5585; x_wconf 90' lang='lat' dir='ltr'><strong>qui</strong></span> <span class='ocrx_word' id='word_1_825' title='bbox 2400 5516 2533 5568; x_wconf 91' lang='lat' dir='ltr'><strong>sunt</strong></span> <span class='ocrx_word' id='word_1_826' title='bbox 2556 5511 2832 5584; x_wconf 76' lang='lat' dir='ltr'><strong>majores.</strong></span> <span class='ocrx_word' id='word_1_827' title='bbox 2860 5511 2974 5567; x_wconf 88' lang='lat' dir='ltr'><strong>Sed</strong></span> <span class='ocrx_word' id='word_1_828' title='bbox 2995 5510 3238 5566; x_wconf 89' lang='lat' dir='ltr'><strong>minoris</strong></span> <span class='ocrx_word' id='word_1_829' title='bbox 3257 5508 3475 5565; x_wconf 88' lang='lat' dir='ltr'><strong>ordinis</strong></span> <span class='ocrx_word' id='word_1_830' title='bbox 3497 5510 3795 5566; x_wconf 59' lang='lat' dir='ltr'><strong>dmmones</strong></span> 
     </span>
    </p>
   </div>
   <div class='ocr_carea' id='block_1_107' title="bbox 2155 5603 3792 5677">
    <p class='ocr_par' dir='ltr' id='par_1_107' title="bbox 2155 5603 3792 5677">
     <span class='ocr_line' id='line_1_107' title="bbox 2155 5603 3792 5677; baseline -0.001 -16"><span class='ocrx_word' id='word_1_831' title='bbox 2155 5610 2306 5662; x_wconf 85' lang='lat' dir='ltr'><strong>sunt.</strong></span> <span class='ocrx_word' id='word_1_832' title='bbox 2327 5605 2482 5663; x_wconf 90' lang='lat' dir='ltr'><strong>Sicut</strong></span> <span class='ocrx_word' id='word_1_833' title='bbox 2493 5606 2734 5662; x_wconf 85' lang='lat' dir='ltr'><strong>dicimus</strong></span> <span class='ocrx_word' id='word_1_834' title='bbox 2755 5605 2826 5661; x_wconf 91' lang='lat' dir='ltr'><strong>de</strong></span> <span class='ocrx_word' id='word_1_835' title='bbox 2845 5604 3120 5677; x_wconf 88' lang='lat' dir='ltr'><strong>angelicis</strong></span> <span class='ocrx_word' id='word_1_836' title='bbox 3144 5603 3524 5676; x_wconf 85' lang='lat' dir='ltr'><strong>dignitatibus</strong></span> <span class='ocrx_word' id='word_1_837' title='bbox 3535 5605 3792 5676; x_wconf 83' lang='lat' dir='ltr'><strong>angelos,</strong></span> 
     </span>
    </p>
   </div>
   <div class='ocr_carea' id='block_1_108' title="bbox 2155 5698 3794 5774">
    <p class='ocr_par' dir='ltr' id='par_1_108' title="bbox 2155 5698 3794 5774">
     <span class='ocr_line' id='line_1_108' title="bbox 2155 5698 3794 5774; baseline 0.001 -20"><span class='ocrx_word' id='word_1_838' title='bbox 2155 5700 2551 5772; x_wconf 86' lang='lat' dir='ltr'><strong>archangelos,</strong></span> <span class='ocrx_word' id='word_1_839' title='bbox 2582 5703 2821 5774; x_wconf 88' lang='lat' dir='ltr'><strong>propter</strong></span> <span class='ocrx_word' id='word_1_840' title='bbox 2846 5698 3298 5756; x_wconf 87' lang='lat' dir='ltr'><strong>diminutionem</strong></span> <span class='ocrx_word' id='word_1_841' title='bbox 3345 5698 3676 5768; x_wconf 88' lang='lat' dir='ltr'><strong>minorum;</strong></span> <span class='ocrx_word' id='word_1_842' title='bbox 3717 5699 3794 5755; x_wconf 86' lang='lat' dir='ltr'><strong>sic</strong></span> 
     </span>
    </p>
   </div>
   <div class='ocr_carea' id='block_1_109' title="bbox 2156 5793 3792 5870">
    <p class='ocr_par' dir='ltr' id='par_1_109' title="bbox 2156 5793 3792 5870">
     <span class='ocr_line' id='line_1_109' title="bbox 2156 5793 3792 5870; baseline 0.001 -22"><span class='ocrx_word' id='word_1_843' title='bbox 2156 5793 2397 5850; x_wconf 88' lang='lat' dir='ltr'><strong>dicimus</strong></span> <span class='ocrx_word' id='word_1_844' title='bbox 2421 5795 2714 5854; x_wconf 82' lang='lat' dir='ltr'><strong>daemones</strong></span> <span class='ocrx_word' id='word_1_845' title='bbox 2736 5793 3096 5868; x_wconf 87' lang='lat' dir='ltr'><strong>principatus</strong></span> <span class='ocrx_word' id='word_1_846' title='bbox 3111 5797 3169 5852; x_wconf 88' lang='lat' dir='ltr'><strong>et</strong></span> <span class='ocrx_word' id='word_1_847' title='bbox 3192 5795 3526 5868; x_wconf 79' lang='lat' dir='ltr'><strong>potestates,</strong></span> <span class='ocrx_word' id='word_1_848' title='bbox 3557 5797 3792 5870; x_wconf 79' lang='lat' dir='ltr'><strong>prapter</strong></span> 
     </span>
    </p>
   </div>
  </div>
