4054 6186
251 299 350 371 844

1500 319 1568 374 ΙΝ
1605 317 1748 373 CAP.
1793 317 1833 370 V
1987 311 2326 372 EPHESIOS.

3505 321 3608 376 842

247 423 525 477 scelerum
556 421 855 478 malitiam.
879 426 1098 489 Quanto
1122 424 1277 478 enim
1304 425 1626 480 callidiores
1651 430 1781 480 sunt
1805 425 1874 480 ad
1897 440 1954 510 Α
1975 423 2125 478 circa
2141 424 2360 478 lumbos
2381 440 2532 493 suos,
2555 440 2626 479 ne
2647 423 2800 479 ﬂuxu
2823 425 3053 480 seminis
3069 425 3439 497 pollueretur.
3465 429 3608 482 Hinc

247 515 599 570 suadendam
630 517 933 587 malitiam,
974 522 1132 573 tanto
1165 519 1406 590 majores
1434 535 1554 574 esse
1587 518 1869 574 videntur.

246 609 318 664 Ut
344 607 498 663 verbi
523 609 710 680 gratia
739 611 942 682 dicam,
975 612 1115 666 mali
1142 615 1275 667 sunt
1305 613 1592 668 dtemones
1617 612 1712 684 qui
1742 599 1872 684 per¥

244 704 547 773 petrantur
562 703 888 772 homicidia,
911 705 1138 776 pejores
1160 705 1260 776 qui
1287 705 1600 761 fratricidia
1629 710 1686 760 et
1699 707 1875 777 parri-

244 794 414 849 cidia.
443 794 534 850 Sic
562 795 632 850 de
663 795 954 866 adulteris,
999 798 1068 852 de
1113 798 1360 868 incestis,
1407 799 1476 854 de
1507 799 1710 871 quibus
1750 816 1875 871 pro-

242 887 420 958 pheta
459 887 636 943 dicit:
669 890 879 959 Spiritu
924 892 1302 972 fornicationis
1342 893 1550 947 seducti
1587 898 1733 948 sunt.
1767 894 1874 947 Hos

245 981 404 1036 enim
425 981 680 1053 appellat
705 983 992 1055 principes
1020 989 1077 1038 et
1103 989 1423 1056 potestates,
1445 986 1546 1040 hos
1570 985 1770 1040 mundi
1790 1003 1873 1041 re-

243 1078 431 1128 ctores
459 1075 828 1131 tenebrarum
869 1077 1098 1147 harum,
1132 1079 1235 1132 hos
1274 1079 1529 1134 nominat
1575 1094 1872 1136 SPIRITALIA

243 1183 512 1230 NEQUITM!
533 1168 616 1238 [In
637 1170 788 1232 Cod.,
819 1176 1123 1226 constanter
1149 1172 1422 1243 nequitia]
1443 1189 1495 1228 IN
1520 1189 1868 1229 euasurus.

243 1260 432 1315 Mundi
459 1265 711 1316 rectores
729 1263 1018 1318 daemones
1036 1265 1304 1336 appellat,
1327 1265 1478 1320 unde
1499 1268 1556 1320 et
1569 1267 1868 1322 Dominus:

242 1354 403 1408 Nunc
423 1357 680 1425 princeps
705 1357 899 1410 mundi
922 1357 1162 1426 ejicietur
1184 1361 1354 1426 foras.
1393 1360 1513 1430 Ipse
1541 1359 1652 1414 fuit
1693 1375 1868 1430 ange-

240 1436 332 1499 lus
361 1447 604 1518 primus,
637 1449 736 1520 qui
764 1453 998 1521 propter
1029 1452 1350 1522 superbiam
1381 1452 1579 1508 cecidit
1612 1453 1680 1508 de
1709 1453 1867 1508 coelo.

239 1541 434 1611 Ipsum
457 1540 804 1613 imprOperat
825 1542 1017 1598 dicens
1039 1561 1053 1598 :
1083 1544 1352 1610 Quomodo
1370 1547 1608 1602 cecidisti
1632 1547 1698 1602 de
1719 1547 1872 1610 calo,

241 1633 460 1700 lucifer,
491 1637 588 1703 qui
604 1635 866 1690 oriebaris
884 1652 1044 1692 mane
1065 1640 1094 1690 ?
1123 1641 1396 1702 corruisti,
1423 1642 1519 1709 qui
1541 1641 1870 1695 oulnerabas

237 1731 424 1796 gentes
449 1730 478 1781 ?
507 1728 628 1798 lpse
671 1733 756 1782 est
784 1730 1021 1801 angelus
1065 1732 1450 1800 tenebrarum,
1495 1732 1565 1788 de
1604 1750 1714 1804 quo
1735 1733 1870 1788 dicit

1974 518 2239 573 Salomon
2268 517 2410 572 dixit
2439 533 2452 570 :
2489 521 2618 572 Tria
2667 523 2796 572 sunt
2825 535 2946 589 quae
2977 521 3101 574 bene
3151 519 3509 586 gradiuntur,
3557 528 3609 576 et

1974 617 2230 682 quartum
2260 613 2462 666 incedit
2496 613 2768 678 feliciter;
2802 614 2880 668 leo
2893 615 3225 680 fortissimus
3259 614 3546 669 bestiarum
3573 633 3607 668 a

1973 706 2182 759 nullius
2204 706 2427 774 pavebit
2451 721 2672 760 occursu
2697 725 2715 772 ;
2748 707 2926 774 gallus
2957 709 3255 761 succinctus
3283 708 3478 762 lumbis
3509 728 3527 775 ;
3551 715 3606 763 et

1973 802 2138 862 aries,
2186 815 2280 853 nec
2323 804 2399 854 est
2446 815 2544 853 rea:
2579 801 2674 868 qui
2720 801 2936 854 resistat
2975 803 3042 854 ei.
3075 800 3260 855 Gallus
3289 801 3604 856 succinctus

1972 891 2217 961 lumbos,
2239 895 2462 946 sanctos
2483 891 2760 962 signiﬁcat
2783 892 3196 963 praedicatores,
3226 893 3322 964 qui
3344 893 3402 947 in
3431 911 3604 948 mem-

1972 984 2088 1038 bris
2115 984 2334 1040 fluxum
2361 985 2599 1040 luxuria:
2623 985 2993 1056 restringunt.
3021 987 3200 1041 Estote
3229 1003 3352 1055 ergo
3380 991 3606 1043 succinti

1975 1079 2180 1134 lumbos
2221 1083 2424 1134 vestros
2452 1082 2508 1134 in
2535 1081 2780 1142 veritate,
2815 1079 2868 1133 id
2901 1082 2985 1133 est
3013 1079 3261 1135 castitate
3291 1079 3500 1134 muniti
3529 1097 3600 1134 ne

1973 1171 2042 1226 ab
2065 1171 2320 1228 hostibus
2345 1173 2634 1228 corruatis.

2044 1265 2119 1320 ET
2139 1280 2383 1321 CALCIATI
2406 1281 2572 1321 PEDES
2594 1282 2650 1319 ΙΝ
2677 1281 3100 1321 ΡΒΑΞΡΑΚΑΤΙΟΝΕ
3127 1281 3403 1322 BVANGELII
3425 1283 3600 1324 PACIS.

1973 1357 2125 1412 Sicut
2153 1357 2306 1412 enim
2337 1362 2468 1412 sunt
2514 1358 2795 1413 exteriora
2823 1359 3097 1428 membra,
3137 1373 3336 1413 manus
3365 1361 3598 1430 scilicet,

1971 1451 2138 1522 oculi,
2183 1450 2430 1519 auditus,
2475 1451 2731 1520 olfactus,
2767 1454 2822 1504 et
2853 1453 3054 1520 tactus,
3087 1451 3164 1506 sic
3207 1457 3338 1507 sunt
3367 1459 3422 1508 et
3448 1454 3595 1510 inte-

1970 1544 2140 1598 riora.
2183 1545 2249 1599 Et
2275 1549 2406 1599 nota
2432 1544 2566 1615 quia
2614 1543 2848 1616 quidem
2887 1543 3156 1598 virtutem
3201 1545 3404 1600 animae
3435 1547 3594 1614 dixit,

1969 1637 2142 1708 pedes
2169 1653 2310 1704 esse,
2331 1637 2463 1708 quia
2482 1637 2792 1692 exteriores
2809 1637 2980 1708 pedes
3000 1636 3106 1690 nisi
3127 1637 3340 1691 calciati
3363 1639 3595 1710 fuerint,

1969 1730 2265 1785 offendunt
2301 1731 2361 1784 in
2395 1730 2642 1801 lapidem
2682 1747 2782 1786 seu
2825 1735 3064 1799 sentem,
3102 1735 3157 1785 et
3200 1731 3446 1802 expediti
3489 1731 3599 1787 iter

237 1819 444 1874 Paulus
473 1837 487 1874 :
518 1822 623 1888 Qui
647 1837 766 1876 cum
795 1825 869 1877 sit
887 1825 1113 1891 angelus
1145 1825 1502 1889 tenebrarum,
1525 1827 1800 1896 ﬁgurabat
1816 1843 1870 1883 se
1889 1807 1946 1878 B
1971 1840 2200 1894 carpere
2231 1840 2345 1878 non
2374 1828 2628 1894 possunt.
2663 1823 2748 1878 Sic
2793 1823 2966 1895 pedes
3009 1823 3213 1878 animae
3256 1827 3463 1878 nostrae
3489 1825 3599 1879 nisi

235 1915 294 1966 in
318 1914 575 1982 angelum
607 1915 764 1970 lueis.
793 1917 888 1970 Est
907 1917 1106 1971 mundi
1137 1923 1339 1988 rector,
1373 1919 1630 1973 omnium
1655 1920 1871 1974 scilicet

235 2009 569 2061 amatorum
618 2008 836 2078 mundi,
881 2010 976 2080 qui
1020 2011 1295 2066 mundum
1337 2013 1603 2084 diligunt.
1656 2014 1866 2067 Horum

234 2098 393 2152 enim
421 2104 626 2170 rector,
647 2104 704 2154 et
727 2118 908 2157 sessor
934 2103 1165 2173 pariter,
1195 2110 1251 2158 et
1275 2105 1533 2160 diabolus
1553 2110 1656 2175 est,
1679 2111 1733 2160 et
1753 2123 1869 2161 om-

237 2207 342 2254 nes
371 2196 698 2263 peccatores
716 2195 966 2250 tenebrae
992 2196 1286 2266 aliquoties
1311 2203 1624 2267 mutantur,
1651 2203 1706 2253 et
1725 2199 1869 2254 ﬁunt

233 2285 350 2352 lux,
381 2286 526 2340 sicut
553 2287 758 2341 dicitur
785 2287 854 2342 de
877 2289 988 2342 illis
1015 2305 1027 2342 :
1062 2291 1261 2344 Fuistis
1289 2291 1586 2359 aliquando
1616 2292 1864 2354 tenebrae,

233 2394 384 2432 nunc
397 2384 579 2434 autem
593 2381 692 2434 tua:
707 2383 928 2436 Domino
943 2400 958 2435 :
978 2397 1221 2453 quorum
1239 2387 1419 2438 rector
1431 2383 1672 2437 efficitur
1685 2385 1869 2438 Chris-

232 2477 346 2538 tus,
381 2477 437 2526 et
465 2473 670 2526 dicitur
696 2473 764 2527 de
791 2473 898 2527 illis
928 2491 940 2527 :
989 2475 1304 2544 Quicunque
1333 2479 1532 2546 spiritu
1566 2480 1667 2532 Dei
1691 2495 1861 2546 agun-

231 2569 346 2628 tur,
380 2567 425 2619 ii
443 2566 553 2634 ﬁlii
574 2571 702 2621 sunt
727 2569 841 2622 Dei.
875 2569 1079 2624 Contra
1105 2569 1384 2638 spiritalia
1407 2572 1660 2640 nequitia:
1687 2572 1746 2624 in
1772 2587 1866 2626 cce-

233 2658 483 2713 lestibus.
513 2659 800 2730 Spiritalia
827 2660 980 2716 enim
999 2661 1270 2734 nequitite
1291 2662 1416 2732 fuit,
1445 2663 1541 2734 qui
1557 2664 1770 2718 habitat
1806 2663 1864 2718 in

231 2751 576 2807 cmlestibus.
606 2753 947 2824 Quanquam
973 2754 1292 2810 amisissent
1337 2755 1778 2827 beatitudinem,
1811 2763 1868 2814 et

230 2844 615 2915 perdidissent
633 2846 963 2915 claritatem,
989 2863 1105 2902 non
1131 2848 1448 2904 amiserunt
1471 2849 1862 2918 subtilitatem,

231 2940 288 2992 et
313 2937 447 2992 ideo
471 2937 608 2992 dicit
630 2940 689 2993 in
706 2940 1022 3004 caelestibus,
1051 2941 1183 3012 quia
1202 2941 1262 2996 in
1277 2941 1594 2997 caelestibus
1615 2948 1766 3012 sunt,
1797 2944 1866 2998 de

230 3030 443 3101 quibus
489 3031 550 3086 in
591 3032 896 3105 Evangelio
943 3035 1216 3089 Dominus
1242 3035 1376 3090 dicit
1406 3052 1419 3090 :
1459 3037 1711 3092 Volucres
1750 3038 1866 3092 σαειὶ

227 3125 579 3180 comederunt
602 3125 766 3180 illud.
797 3127 918 3180 Non
944 3127 1070 3183 dico
1097 3128 1304 3183 coelum
1327 3129 1658 3197 aethereum,
1689 3131 1777 3184 vel
1797 3129 1867 3184 si-

227 3217 494 3288 dereum,
510 3218 605 3273 sed
623 3233 881 3288 aereum,
898 3220 1177 3292 quidquid
1194 3239 1321 3277 aves
1335 3221 1462 3278 coeli
1478 3223 1731 3278 volitant.
1751 3223 1866 3278 Coe-

225 3311 352 3365 lum
383 3311 693 3383 hoc,'quod
717 3311 868 3368 inter
901 3314 1107 3369 coelum
1133 3319 1190 3370 et
1230 3319 1448 3370 terram
1483 3321 1565 3370 est
1587 3315 1862 3384 medium,

227 3404 474 3476 spiritali
497 3405 754 3477 nequitia
782 3407 1018 3478 plenum
1045 3423 1168 3462 esse
1193 3408 1420 3464 dicitur.
1449 3410 1516 3464 Et
1545 3409 1673 3464 ideo
1699 3409 1861 3481 spiri-

229 3498 367 3552 talia
393 3497 661 3570 nequitiaa
697 3516 973 3571 superare
999 3517 1103 3572 pro
1138 3501 1474 3569 caelestibus,
1504 3501 1736 3572 scilicet,
1778 3503 1860 3556 di-

229 3591 448 3646 micare
466 3591 768 3662 debemus,
800 3593 934 3663 quia
952 3609 1179 3662 regnum
1207 3596 1459 3650 cwlorum
1483 3598 1594 3650 vim
1623 3597 1859 3664 patitur.

301 3685 628 3742 PROPTEREA
657 3701 904 3742 ACCIPITE
927 3703 1258 3744 ARMATURAM
1284 3705 1390 3759 DEI,
1424 3705 1491 3744 UT
1518 3704 1758 3744 POSSlTlS
1776 3705 1864 3744 RE-

232 3792 457 3834 SISTEKE
497 3795 552 3836 ιη
590 3795 680 3836 [ΠΕ
721 3796 886 3848 MALO,
913 3797 976 3837 ΕΤ
1011 3797 1066 3839 IN
1103 3797 1339 3840 OMNIBUS
1379 3797 1634 3838 PERFBCTI
1675 3797 1859 3838 STARE.

228 3873 542 3944 Propterea
578 3873 712 3944 quia
750 3890 867 3930 non
892 3874 1048 3930 vobis
1073 3875 1392 3930 colluctatio
1423 3875 1692 3930 adversus
1734 3892 1859 3930 car-

231 3979 374 4020 nem
401 3971 459 4020 et
495 3951 850 4038 sanguinem,
881 3971 1101 4040 accipite
1129 3974 1472 4025 armaturam
1499 3971 1612 4036 Dei,
1649 3985 1776 4040 quae
1803 3968 1862 4022 in

227 4058 707 4130 subsequentibus
747 4062 1032 4132 apostolus
1081 4063 1284 4118 Paulus
1337 4065 1700 4118 enumeratus
1754 4067 1858 4120 est.

233 4153 300 4207 Ut
321 4155 548 4222 possitis
573 4155 818 4209 resistere
848 4157 908 4210 in
943 4155 1031 4210 die
1057 4157 1220 4211 malo.
1263 4157 1424 4211 Diem
1459 4157 1676 4212 malum
1724 4157 1862 4213 dicit

226 4262 480 4317 prensans
504 4250 752 4319 tempus,
775 4247 844 4302 de
869 4265 980 4319 quo
1009 4265 1178 4320 supra
1205 4249 1419 4305 dictum
1440 4253 1556 4305 est:
1580 4251 1860 4307 Redimen-

226 4343 307 4395 tes
339 4345 566 4410 tempus,
597 4343 856 4411 quoniam
891 4341 1004 4396 dies
1033 4343 1166 4397 mali
1193 4348 1342 4398 sunt.
1369 4345 1482 4398 Aut
1526 4343 1678 4399 diem
1699 4344 1855 4415 judi-

223 4433 316 4499 cii,
353 4433 423 4486 de
453 4449 566 4504 quo
595 4433 878 4506 propheta
906 4433 1010 4489 ait:
1040 4437 1163 4492 Dies
1190 4437 1291 4489 illa
1317 4436 1430 4490 dies
1449 4438 1562 4492 irae.
1599 4439 1666 4492 Ut
1690 4438 1859 4493 in'die

1885 3169 1941 3243 C

1967 1917 2180 1971 fuerint
2198 1917 2412 1972 calciati
2437 1933 2506 1974 ex
2536 1917 2703 1970 coriis
2730 1921 3091 1972 mortuorum
3118 1916 3476 1985 animalium,
3503 1935 3600 1972 an-

1967 2010 2259 2081 tiquorum
2302 2009 2512 2064 scilicet
2555 2011 2820 2082 exemplo
2881 2015 3110 2080 patrum
3159 2010 3399 2078 muniti,
3446 2015 3598 2066 recte

1969 2104 2180 2174 absque
2217 2103 2550 2158 oﬁ'endiculo
2594 2103 2652 2158 in
2679 2103 2770 2156 via
2798 2104 3201 2158 mandatorum
3227 2103 3324 2156 Dei
3371 2120 3598 2158 currere

1965 2213 2082 2250 non
2105 2197 2312 2252 valent.
2341 2197 2508 2251 Recte
2538 2197 2672 2251 dicit
2707 2198 2990 2266 Evangelii
3010 2199 3188 2265 pacis,
3219 2198 3286 2250 de
3317 2213 3430 2268 quo
3459 2197 3594 2251 alibi

1967 2290 2257 2360 Scriptura
2275 2307 2289 2344 :
2310 2291 2480 2356 Quam
2495 2292 2721 2359 speciosi
2740 2291 2906 2360 pedes
2922 2292 3410 2358 evangelizantium
3427 2291 3564 2344 bona
3579 2293 3600 2344 ,ν

1966 2381 2158 2437 Induti
2187 2383 2407 2436 loricam
2421 2381 2670 2451 justitiam
2703 2382 2894 2436 Lorica
2917 2383 3072 2436 enim
3098 2399 3162 2436 ex
3191 2382 3386 2436 multis
3407 2382 3598 2451 virgu-

1968 2476 2035 2528 lis
2059 2476 2290 2543 texitur,
2320 2475 2396 2529 sic
2438 2476 2608 2528 homo
2643 2475 2839 2528 multis
2866 2475 3168 2529 virtutibus
3212 2475 3406 2540 fultus,
3451 2475 3592 2530 inte-
3684 2531 3691 2540 ,

1967 2570 2084 2622 rius
2112 2569 2345 2623 loricam
2365 2569 2600 2638 justitiae
2628 2569 2882 2634 indutus,
2914 2569 2982 2622 ab
3015 2568 3328 2622 omni-zelo
3381 2568 3594 2622 inimici

1967 2663 2076 2717 erit
2099 2663 2328 2716 illaesus.
2363 2663 2417 2717 IN
2451 2677 2687 2717 OMNIBUS
2711 2676 2984 2717 sensuras
3015 2676 3226 2717 scuruu
3253 2677 3411 2716 FIDE].
3445 2661 3599 2716 Sicut

1968 2755 2226 2826 superius
2246 2758 2436 2814 texere
2465 2755 2739 2825 coepimus
2760 2755 2827 2808 de
2856 2754 3048 2822 armis,
3075 2755 3153 2808 sic
3178 2771 3329 2808 nunc
3347 2755 3416 2808 de
3437 2759 3595 2808 scuto

1965 2849 2177 2918 aliquid
2209 2847 2511 2902 dicendum
2541 2853 2644 2901 est.
2683 2848 2736 2902 Si
2782 2847 2909 2918 quis
2944 2847 3098 2901 enim
3143 2847 3313 2900 homo
3358 2847 3592 2914 cinctus,

1965 2942 2196 2996 indutus
2240 2941 2412 2995 lorica
2456 2940 2647 3007 fuerit,
2690 2945 2746 2994 et
2785 2939 3043 2994 calciatos
3095 2940 3360 2994 habuerit
3395 2939 3592 3010 pedes,

1965 3050 2210 3106 pergens
2246 3033 2306 3088 in
2348 3033 2645 3089 inimicum
2697 3049 2886 3099 suum,
2926 3048 3043 3086 non
3089 3027 3304 3086 habens
3348 3036 3592 3097 scutum,

1965 3129 2290 3182 vulneratus
2318 3143 2352 3181 a
2370 3127 2575 3180 lanceis
2599 3142 2702 3180 seu
2727 3124 2966 3195 sagittis,
2990 3126 3052 3179 in
3080 3124 3446 3179 similitudine
3477 3140 3595 3178 cer-

1967 3220 2018 3276 vi
2047 3221 2259 3276 corruit
2285 3237 2299 3286 ;
2331 3220 2376 3274 si
2403 3223 2598 3275 autem
2625 3225 2848 3274 scutum
2876 3217 3157 3286 habuerit,
3177 3217 3373 3289 jacula
3399 3217 3594 3272 inimi-

1967 3316 2019 3370 ci
2037 3315 2149 3370 huc
2168 3318 2225 3370 et
2239 3313 2370 3368 illuc
2395 3313 2670 3384 projicere
2689 3311 2909 3366 valebit.
2935 3311 3274 3382 Spiritaliter
3287 3315 3479 3366 autem
3492 3325 3596 3381 per

1965 3413 2187 3463 scutum
2237 3407 2410 3462 fidem
2459 3405 2776 3476 intelligere
2826 3419 3154 3474 possumus,
3211 3419 3384 3474 quam
3429 3403 3594 3457 miles

1963 3501 2170 3556 Christi
2209 3501 2438 3572 plenam
2475 3499 2684 3552 habere
2712 3497 2880 3550 debet
2909 3513 2922 3550 :
2959 3512 3136 3567 quam
3181 3495 3279 3567 qui
3306 3494 3590 3562 habuerit,

1963 3595 2190 3649 hostem
2209 3609 2398 3658 suum,
2420 3592 2478 3645 id
2501 3595 2584 3645 est
2599 3589 2908 3658 diabolum,
2929 3588 3256 3643 interimere
3281 3587 3509 3658 poterit,
3529 3588 3591 3642 in

1965 3692 2184 3742 tantum
2212 3691 2275 3740 ut
2313 3685 2372 3740 in
2399 3699 2556 3738 mare
2586 3687 2912 3753 mergatur;
2943 3681 3085 3735 sicut
3113 3680 3384 3736 Dominus
3411 3680 3547 3736 dicit
3570 3698 3584 3735 :

1963 3781 2025 3836 Si
2053 3781 2351 3836 habueritis
2374 3780 2534 3848 fidem
2560 3782 2623 3831 ut
2649 3791 2880 3846 granum
2913 3777 3143 3844 sinapis,
3177 3775 3422 3829 diceretis
3465 3775 3590 3828 huic

1961 3873 2133 3926 monti
2157 3871 2390 3924 transire
2412 3870 2472 3921 in
2490 3881 2658 3929 mare,
2677 3865 2915 3919 obediret
2933 3863 3100 3918 vobis.
3133 3864 3188 3918 IN
3215 3877 3324 3926 QUO
3352 3877 3592 3919 POSSITIS

1963 3980 2134 4020 osum
2159 3979 2290 4018 rem
2329 3974 2657 4024 NEQUISSIMA
2683 3975 2842 4015 [cum
2878 3971 3263 4013 exsrmcueae.
3309 3956 3441 4012 Tela
3466 3957 3588 4012 dia-

1959 4053 2078 4108 boli
2100 4045 2276 4123 ipsius
2292 4049 2487 4121 jacula
2516 4047 2892 4119 intelligenda
2916 4049 3068 4116 sunt,
3102 4047 3245 4101 sicut
3267 4050 3352 4101 est
3381 4045 3586 4116 gastri-

1961 4146 2202 4218 margia,
2236 4143 2497 4208 ebrietas,
2554 4139 3010 4208 comessationes,
3077 4139 3378 4204 adulteria,
3412 4143 3469 4192 et
3504 4139 3592 4192 his

1959 4241 2192 4296 similia.
2223 4239 2290 4294 Et
2315 4239 2461 4294 bene
2487 4237 2630 4292 dixit
2655 4239 2834 4304 ignea,
2855 4233 3132 4304 quoniam
3154 4231 3338 4302 igneas
3358 4233 3491 4284 sunt
3506 4247 3589 4284 sa-

1959 4335 2120 4406 gittae
2146 4331 2376 4392 diaboli.
2403 4332 2532 4384 Hzec
2557 4329 2709 4392 enim
2729 4325 2919 4380 omnia
2941 4342 3040 4395 per
3067 4323 3422 4391 charitatem,
3455 4339 3584 4394 quae

1957 4433 2040 4484 est
2065 4427 2214 4499 pacis
2241 4424 2455 4480 foedera
2473 4437 2769 4492 possumus
2788 4418 3172 4487 exstinguere,
3189 4421 3245 4472 et
3265 4432 3478 4472 GALEAM
3500 4431 3587 4472 SA-

221 4527 368 4580 malo
396 4529 642 4583 resistere
658 4529 902 4597 possitis,
931 4530 1156 4600 accipite
1180 4533 1520 4585 armaturam
1547 4532 1661 4594 Dei,
1694 4530 1750 4585 id
1772 4535 1856 4587 est
1874 4535 1934 4606 D
1955 4537 2106 4578 LUTIS
2133 4533 2437 4574 assumere-
2467 4515 2618 4570 Sient
2643 4512 2797 4568 enim
2822 4528 2922 4606 ΡΨ
2963 4516 3184 4606 scum“)
3221 4510 3391 4606 ﬁdem
3420 4511 3586 4566 Intel‘

221 4619 591 4689 accingimini
635 4637 729 4674 vos
774 4622 1074 4678 Dominum
1119 4624 1309 4677 Jesum
1353 4623 1656 4679 Christum.
1702 4625 1766 4678 Et
1793 4625 1854 4680 in

223 4713 490 4768 omnibus
526 4714 762 4786 perfecti
798 4720 966 4772 stare.
1012 4715 1231 4772 Scilicet
1253 4733 1355 4786 per
1384 4733 1540 4772 arma
1557 4719 1796 4787 justiciae
1820 4736 1854 4774 α

224 4807 435 4861 dextris
473 4813 524 4862 et
547 4823 581 4862 a
604 4811 860 4864 sinistris.
901 4811 1110 4867 Esrore
1147 4827 1287 4866 eaeo
1317 4826 1598 4868 SUCCINCTI
1638 4828 1852 4869 LUMBOS

227 4914 464 4956 YESTROS
491 4917 542 4958 IN
573 4918 851 4973 VERITATE,
883 4921 944 4960 ΕΤ
965 4920 1145 4961 INDUTI
1175 4920 1415 4963 LORICAM
1434 4921 1705 4962 JUSTITI/E.
1730 4909 1853 4963 lam

225 4992 381 5047 enim
413 4994 609 5066 incipit
647 5013 931 5068 exponere
963 5015 1092 5070 quae
1118 4999 1189 5054 sit
1215 5003 1505 5058 armatura
1531 5000 1647 5069 Dei,
1678 5017 1853 5073 quam

223 5087 486 5158 superius
512 5088 673 5144 indui
697 5091 964 5162 jusserat.
1006 5094 1072 5148 Et
1099 5110 1269 5165 quem
1307 5094 1483 5148 alium
1513 5095 1706 5150 debuit
1735 5097 1848 5167 pri-

220 5196 388 5235 mum
413 5197 621 5252 ponere
640 5183 700 5239 in
717 5187 1008 5240 armatura
1030 5187 1150 5254 Dei,
1169 5205 1341 5259 quam
1367 5189 1661 5260 cingulum
1681 5191 1708 5244 ?
1724 5191 1852 5244 Ver-

219 5273 278 5328 bi
306 5274 548 5346 gratiam
575 5276 776 5346 dicam,
797 5278 860 5332 in
881 5279 1008 5350 quis
1022 5280 1384 5353 belligerator
1411 5285 1607 5338 contra
1625 5283 1849 5338 hostem

219 5383 487 5440 pergens,
526 5385 752 5426 necesse
801 5372 972 5428 habet
1015 5373 1330 5446 cingulum,
1370 5393 1442 5430 ne
1486 5377 1642 5431 ﬂuxa
1677 5377 1847 5430 vesti-

218 5467 417 5517 menta
458 5461 868 5535 impedimento
910 5465 1066 5536 fiant,
1102 5471 1160 5522 et
1196 5473 1420 5524 corruat
1456 5470 1517 5523 in
1547 5475 1849 5540 conspectu

220 5554 439 5610 inimici
458 5557 579 5628 sui;
603 5557 680 5612 sic
707 5559 982 5616 nimirum
1000 5569 1229 5618 necesse
1255 5568 1358 5631 est,
1390 5566 1455 5616 ut
1477 5562 1655 5617 lumbi
1683 5564 1849 5618 vestri

219 5649 510 5722 praecincti
536 5651 650 5706 sint
673 5653 732 5708 in
756 5655 1028 5724 castitate,
1059 5655 1126 5710 de
1155 5673 1266 5728 quo
1296 5655 1356 5710 in
1400 5657 1697 5727 Evangelia
1741 5657 1844 5712 Do-

221 5743 446 5800 minum
465 5744 668 5803 dixisse
689 5749 826 5820 puto
849 5765 863 5803 :
885 5747 1008 5804 Sint
1027 5749 1196 5805 lumbi
1218 5753 1381 5806 vestri
1393 5753 1688 5820 praecincti.
1709 5749 1848 5807 Hinc

223 5841 309 5891 est
335 5837 485 5893 enim
531 5843 681 5912 quod
725 5844 971 5897 Joannes
1013 5859 1214 5898 zonam
1265 5843 1544 5916 pelliciam
1585 5845 1848 5917 cingebat

551 5935 826 6015 PATnOL.
873 5939 1107 6006 LXXII.

1955 4616 2215 4683 leximus,
2244 4611 2380 4684 quid
2407 4626 2508 4681 per
2535 4608 2756 4679 galeam
2785 4605 2894 4660 nisi
2924 4621 3082 4675 spem
3118 4603 3432 4675 intelligere
3460 4620 3584 4674 pos-

1954 4709 2185 4766 sumus?
2214 4707 2378 4762 Galea
2406 4703 2559 4758 enim
2583 4703 2644 4755 in
2673 4699 2852 4770 capite
2878 4698 3132 4770 ponitur,
3156 4713 3228 4752 ne
3255 4699 3323 4751 ab
3350 4697 3578 4753 inimico

1955 4805 2208 4861 feriatur.
2231 4800 2321 4856 Sic
2343 4796 2668 4870 spiritaliter
2697 4794 2857 4865 galea
2877 4797 3087 4861 nostra,
3107 4791 3164 4846 id
3183 4797 3266 4846 est
3279 4808 3376 4862 spe
3394 4793 3577 4862 firma,

1953 4902 2123 4971 caput
2147 4898 2426 4958 nostrum,
2454 4889 2604 4964 quod
2629 4894 2714 4944 est
2748 4885 3060 4959 principale
3097 4885 3326 4953 mentis,
3353 4885 3579 4939 munire

1954 4993 2258 5060 debemus,
2278 5004 2350 5042 ne
2378 4985 2448 5040 ab
2475 4983 2724 5049 inimico,
2747 4981 2807 5036 id
2832 4985 2916 5036 est
2942 4979 3185 5046 diabolo,
3207 4977 3505 5034 feriamur.

2026 5089 2098 5143 Er
2140 5099 2375 5141 GLADIL'M
2413 5094 2674 5145 SPIRITUS,
2707 5093 2849 5139 ρι’ου
2901 5089 2995 5129 ssr
3038 5088 3254 5128 vannum
3297 5089 3406 5128 DEI.
3455 5073 3580 5128 Jam

1952 5182 2106 5238 enim
2149 5179 2379 5235 dederat
2422 5175 2737 5246 cingulum,
2781 5168 3015 5223 dederat
3054 5167 3315 5234 loricam,
3345 5167 3581 5222 dederat

1951 5275 2406 5338 calciamentum,
2437 5268 2669 5323 dederat
2691 5267 2933 5332 scutum,
2951 5261 3051 5317 sed
3077 5261 3321 5317 necdum
3345 5261 3580 5317 dederat

1953 5369 2226 5442 gladium.
2254 5369 2323 5421 Et
2349 5363 2484 5433 quid
2505 5359 2726 5431 prodest
2771 5359 2998 5421 homini,
3027 5359 3079 5412 si
3123 5359 3290 5412 totum
3316 5351 3580 5410 mundum

1953 5465 2234 5520 lucretur?
2253 5459 2300 5513 si
2328 5457 2486 5512 omni
2513 5456 2821 5520 armatura,
2855 5468 2983 5524 quae
3003 5449 3263 5523 superius
3288 5463 3581 5504 enumera-

1952 5563 2062 5626 tur,
2097 5556 2325 5610 indutus
2353 5551 2443 5621 sit,
2485 5555 2542 5604 et
2593 5547 2846 5618 gladium
2887 5547 2946 5600 in
2979 5561 3156 5600 manu
3200 5559 3304 5598 non
3345 5539 3578 5595 teneat?

1951 5653 2114 5708 Certe
2135 5663 2465 5720 quanquam
2486 5645 2608 5715 ejus
2626 5644 2736 5698 tela
2756 5641 2928 5714 possit
2956 5639 3152 5706 vitare,
3184 5637 3369 5707 ipsum
3390 5631 3582 5686 inimi-

1951 5763 2082 5801 cum
2102 5760 2218 5800 non
2251 5740 2454 5811 poterit
2478 5740 2815 5793 interﬁcere.
2846 5737 2912 5789 Et
2939 5733 2984 5786 si
3013 5728 3275 5784 habuerit
3303 5725 3576 5793 gladium,

1953 5843 2021 5896 ab
2047 5843 2170 5916 ejus
2193 5837 2395 5908 juculis
2425 5851 2538 5889 non
2565 5833 2820 5897 ferietur,
2844 5834 2900 5882 et
2928 5827 3114 5895 ipsum
3144 5821 3462 5878 iuterileiet.
3495 5820 3585 5880 Sic

3187 5923 3262 5988 2'7
