4054 6186
412 276 518 360 eis

1897 274 2293 343 LUCULENTII

3663 259 3772 326 844

417 409 610 466 omnia
625 405 952 479 spiritaliter
969 400 1334 471 intelligenda
1353 401 1520 466 sunt;
1553 394 1774 450 castitas
1801 393 2036 462 scilicet,
2061 403 2120 476 Α
2141 395 2250 448 Hoc
2282 389 2489 444 Paulus
2529 385 2713 458 aperit
2748 399 2880 438 cum
2923 382 3060 438 dicit
3092 399 3106 437 :
3137 386 3208 438 Et
3248 381 3495 451 gladium
3540 380 3774 450 spiritus

411 473 675 574 justitia;
693 499 957 566 charitas,
1005 492 1326 568 evangelica
1366 489 1643 558 doctrina,
1675 487 1832 557 ﬁdes,
1865 489 2036 558 atque
2061 473 2279 557 "quod
2307 489 2384 538 est
2424 481 2646 536 verbum
2689 481 2804 533 Dei.
2854 477 3048 532 Sermo
3079 476 3230 530 enim
3271 473 3370 528 Dei
3411 477 3611 527 acutus
3644 474 3774 534 est;

418 617 566 672 spes.
596 600 722 652 Haec
748 595 942 654 omnia.
965 591 1064 662 qui
1089 587 1370 652 habuerit,
1402 605 1436 642 a
1461 587 1614 641 caede
1640 584 1854 639 inimici
1881 587 2038 638 tutus

417 691 672 748 manebit
701 705 715 755 ;
748 693 803 742 et
831 686 876 740 si
931 683 1182 756 gladium
1225 680 1504 748 habuerit,
1533 679 1722 750 ipsum
1750 680 2037 748 prostrare

416 782 665 857 potuerit
697 797 714 848 ;
745 779 904 832 illum
949 776 1222 830 nimirum
1251 773 1522 844 gladium,
1552 787 1721 842 quem
1770 769 2039 824 Dominus

418 877 572 931 venit
593 873 817 928 mittere
832 871 891 924 in
912 869 1214 936 mundum,
1233 866 1301 920 de
1319 881 1432 936 quo
1449 865 1568 935 ipse
1597 864 1764 918 dicit:
1785 865 1906 920 Non
1920 864 2041 916 veni

410 983 600 1040 pacem
631 969 862 1027 mittere,
887 963 982 1018 sed
1002 962 1283 1030 gladium;
1314 974 1488 1030 quem
1516 973 1742 1028 semper
1786 955 1961 1009 sancti
1983 954 2042 1008 in

417 1077 592 1118 manu
616 1062 830 1124 tenent,
858 1055 960 1128 qui
987 1053 1194 1126 plurali
1237 1067 1477 1107 numero
1508 1049 1660 1122 apud
1689 1049 2043 1104 Psalmistam

418 1154 655 1224 scriptus
685 1155 770 1206 est
801 1167 814 1204 :
848 1153 919 1206 Et
960 1148 1139 1216 gladii
1165 1149 1429 1216 ancipites
1458 1147 1518 1209 in
1557 1144 1808 1198 manibus
1841 1157 2039 1196 eorum.

2134 579 2254 649 ipse
2285 576 2441 630 enim
2462 576 2546 628 est
2573 571 2812 642 gladius,
2837 570 2906 625 de
2932 587 3043 641 quo
3067 569 3222 623 idem
3247 567 3451 621 Paulus
3481 564 3622 619 alibi
3641 563 3778 617 scri-

2133 671 2220 726 bit
2247 689 2260 724 :
2301 671 2468 725 Vivus
2520 665 2694 730 (Cod.,
2720 663 2888 730 unus)
2921 669 2997 718 est
3021 664 3162 717 enim
3187 675 3358 716 sermo
3389 661 3484 714 Dei
3510 663 3558 712 et
3585 659 3775 724 efﬁcax

2137 769 2187 818 et
2209 760 2598 834 penetrabilior
2617 759 2762 812 omni
2783 756 2968 824 gladio
2989 757 3236 824 ancipiti,
3271 758 3323 807 et
3341 754 3661 822 pertingens
3677 765 3770 803 us-

2139 872 2238 926 que
2260 855 2335 909 ad
2359 854 2674 908 divisionem
2703 851 2899 904 anima
2923 863 2986 902 ac
3010 849 3257 918 spiritus,
3287 859 3606 914 compagum
3634 857 3768 911 quo-

2140 965 2241 1019 que
2260 953 2310 1002 et
2336 945 2720 1007 medullarum,
2745 942 2800 998 'et
2823 942 3081 996 discretor
3103 941 3492 1010 cogitationum
3521 940 3572 991 et
3599 937 3775 988 inten-

2143 1045 2348 1099 tionum
2377 1040 2572 1096 cordis.

1223 1257 3766 1290 ΜΛ

421 1275 2709 1302 *βψ-ᾖν

1921 1394 2246 1517 XIII.

463 1595 678 1662 Lectio
707 1593 1009 1677 Epistolas
1038 1591 1211 1677 beati
1241 1589 1423 1677 Pauli
1454 1586 1731 1677 apostoli
1761 1585 1844 1649 ad
1872 1585 2324 1677 Philippenses
2355 1583 2510 1677 (1,6)
2539 1604 2553 1644 :
2588 1581 2892 1677 Fratres,
2915 1574 3409 1677 in
3451 1572 3739 1677 Damino

580 1655 908 1756 Ϊείςιῗςῇιί
931 1671 1114 1753 quod
1135 1672 1328 1752 coepit
1365 1671 1432 1730 in
1465 1655 1645 1730 vobis
1673 1683 1834 1748 opus
1865 1655 2127 1742 bonum,
2147 1655 2441 1747 perﬁciet
2462 1655 2667 1744 usque
2698 1663 2767 1753 in
2801 1658 2974 1720 diem
3008 1655 3259 1720 Christi
3281 1655 3459 1730 Jesu,
3489 1656 3613 1715 etc.

1647 1792 2066 1848 COMMENTUM
2102 1791 2523 1847 LUCULENTII.

491 1897 876 1968 Philippenses
903 1897 1035 1950 sunt
1052 1893 1412 1949 Macedones:
1444 1892 1546 1946 hos
1570 1890 1895 1962 praedicavit
1911 1906 2044 1961 apo-
2063 1905 2119 1976 Β
2144 1906 2302 1945 smus
2328 1905 2390 1942 er
2418 1899 2854 1943 CONFIRMATIONB
2883 1895 3167 1937 emacem
3192 1895 3204 1932 :
3235 1878 3367 1950 quia
3391 1877 3537 1930 sicut
3563 1874 3658 1928 ille
3685 1873 3786 1928 de-

422 1992 596 2047 stolus
627 1990 855 2059 Paulus,
885 1988 984 2060 qui
1031 1990 1320 2057 acceptam
1350 1985 1522 2040 ﬁdem
1557 1983 1798 2038 ﬁrmiter
1841 1987 2041 2038 tenue-

422 2094 574 2156 runt,
602 2104 706 2143 nec
735 2086 904 2141 falsos
927 2087 1261 2155 receperunt
1285 2083 1587 2154 apostolos,
1611 2081 1756 2136 sicut
1789 2080 2042 2152 quidam,

420 2193 524 2232 nec
561 2174 982 2248 persecutiones
1023 2173 1307 2227 malorum
1357 2171 1658 2226 hominum
1709 2171 2042 2225 timuerunt.

421 2268 627 2324 Scribit
649 2267 804 2322 enim
823 2265 1121 2338 epistolam
1135 2265 1416 2335 apostolus
1435 2265 1658 2331 Paulus,
1680 2262 1761 2318 nil
1783 2279 1948 2317 causa
1965 2278 2046 2317 re-

420 2359 818 2432 prehensionis
841 2357 1106 2426 ostendit,
1135 2357 1230 2412 sed
1251 2357 1702 2412 exhortationem
1727 2358 1968 2424 tantum,
1983 2359 2048 2410 ut

422 2453 614 2521 ﬁdem,
646 2468 817 2523 quam
861 2454 1211 2521 acceperant,
1243 2453 1300 2505 et
1333 2452 1582 2520 coeptum
1628 2465 1768 2520 opus
1808 2449 2044 2512 bonum,

422 2561 602 2617 usque
633 2545 705 2599 ad
730 2543 1278 2598 consummationem
1307 2543 1702 2614 perducerent,
1739 2544 1871 2596 etut
1896 2556 2046 2594 sem-

422 2654 526 2710 per
566 2637 904 2708 proﬁcerent
938 2635 1219 2690 hortatur.
1250 2636 1312 2688 ln
1365 2639 1587 2689 tantum
1616 2635 1772 2688 enim
1815 2633 2048 2704 perfecti

423 2735 606 2798 erant,
633 2735 698 2784 ut
711 2746 842 2784 suos
863 2745 957 2783 eos
980 2731 1166 2783 oraret
1183 2727 1306 2782 ﬁeri
1323 2727 1654 2796 imitatores,
1673 2730 1729 2782 et
1747 2729 1808 2781 ut
1827 2741 2050 2797 semper

423 2825 493 2878 ad
523 2823 759 2878 meliora
788 2821 1148 2894 proﬁcerent,
1184 2820 1373 2875 dicens
1401 2839 1415 2876 :
1445 2821 1782 2876 Conrmmvs
1803 2836 1859 2877 1N
1883 2821 2052 2874 Dom-

423 2931 492 2971 ΝΟ
515 2915 664 2979 JESU,
696 2929 823 2976 QUIA
850 2927 941 2976 QUI
970 2927 1152 2967 COEPIT
1184 2927 1236 2967 IN
1267 2925 1427 2966 VOBIS
1458 2926 1598 2966 OPUS
1627 2926 1832 2976 BONUM,
1863 2925 2047 2965 PERFI-

426 3023 543 3064 ClET
567 3021 743 3068 usque
757 3022 810 3060 IN
827 3014 960 3059 mnu
977 3006 1198 3060 Camsri
1215 3007 1364 3059 JESU.
1387 3003 1582 3059 Omnis
1603 3004 1757 3058 enim
1777 3019 1906 3057 mea
1925 3019 2051 3073 spes

425 3105 480 3154 et
499 3097 840 3153 conﬁdentia
854 3097 924 3151 de
947 3096 1102 3150 vobis
1121 3097 1180 3150 in
1201 3096 1437 3150 Domino
1460 3097 1588 3151 talis
1605 3101 1706 3161 est,
1736 3102 1798 3150 ut
1824 3097 1934 3150 hoc
1956 3095 2052 3150 bo-

427 3207 570 3248 num
597 3191 749 3263 quod
773 3189 1036 3260 ccepistis,
1057 3204 1238 3260 usque
1261 3188 1332 3242 ad
1353 3188 1900 3242 consummationem
1927 3205 2050 3260 per-

2144 1981 2411 2037 fendebat
2437 1979 2808 2050 Evangelium
2839 1973 3064 2043 Christi,
3096 1972 3154 2027 id
3173 1976 3258 2026 est
3280 1969 3598 2026 doctrinam
3624 1966 3776 2020 veri-

2146 2075 2292 2143 tatis,
2319 2074 2396 2128 ita
2415 2078 2472 2128 et
2491 2073 2574 2126 illi
2601 2071 2840 2125 ﬁrmiter
2855 2065 3117 2134 tenendo,
3147 2068 3205 2119 et
3230 2063 3372 2118 alios
3389 2059 3778 2116 admonendo.

2145 2171 2342 2224 Samos
2383 2182 2566 2222 GAUDII
2605 2181 2694 2220 ME]
2729 2178 2906 2218 omnes
2933 2175 3034 2214 vos
3073 2173 3221 2215 esse.
3264 2155 3513 2212 Societas
3563 2153 3671 2207 hoc
3711 2152 3780 2204 in

2145 2261 2272 2316 loco
2322 2276 2436 2314 non
2481 2256 2774 2330 praesentis
2820 2252 3091 2324 temporis
3131 2247 3499 2320 intelligenda
3543 2249 3649 2314 est,
3679 2245 3782 2298 sed

2145 2353 2344 2419 futuri,
2375 2352 2432 2406 id
2472 2355 2556 2406 est
2596 2351 2708 2404 vita
2741 2352 2974 2404 aeterna.
3025 2346 3102 2400 De
3131 2359 3244 2414 quo
3277 2341 3488 2413 gaudio
3517 2339 3778 2394 Salvator

2147 2445 2434 2517 discipulis
2459 2445 2537 2498 ait
2563 2460 2576 2498 :
2603 2447 2803 2500 Iterum
2827 2439 3016 2495 videbo
3061 2453 3173 2500 vos,
3202 2441 3252 2490 et
3274 2433 3536 2503 gaudebit
3557 2447 3656 2486 cor
3680 2445 3780 2485 ve-

2147 2545 2319 2594 strum
2339 2556 2357 2607 ;
2391 2543 2490 2592 aut
2515 2540 2664 2591 certe
2694 2535 2740 2588 si
2767 2533 2835 2588 de
2860 2530 3128 2604 praesenti
3156 2533 3412 2598 tempore
3439 2526 3662 2580 malum
3685 2523 3782 2577 in-

2146 2632 2327 2703 telligi
2358 2631 2498 2699 vult,
2531 2643 2828 2701 possumus
2853 2642 2921 2680 eo
2944 2623 3144 2694 aptari,
3169 2623 3336 2693 juxta
3367 2618 3519 2690 quod
3551 2620 3783 2688 aposto-

2147 2726 2232 2780 lus
2251 2725 2484 2779 Jacobus
2515 2723 2611 2792 ait,
2641 2720 2933 2776 videlicet:
2968 2717 3130 2771 Omne
3158 2713 3421 2784 gaudium
3447 2712 3784 2770 ercistimate,

2145 2821 2350 2887 fratres
2392 2818 2517 2879 mei,
2554 2831 2674 2869 cum
2717 2815 2778 2867 in
2819 2813 2989 2866 variis
3019 2807 3400 2863 tentationibus
3451 2803 3786 2858 incide-ritis.

2146 2909 2501 2966 Consuetudo
2529 2911 2614 2963 est
2642 2908 2986 2971 sanctorum,
3017 2905 3082 2956 ut
3128 2901 3278 2954 inter
3321 2895 3788 2970 persecutionem

2147 3007 2276 3076 plus
2307 3003 2606 3075 gaudeant,
2634 3015 2808 3070 quam
2839 2997 3158 3062 tristentur,
3190 2992 3429 3046 scientes
3452 2989 3782 3060 scriptum:

2147 3103 2269 3158 Non
2293 3095 2662 3156 coronabitur,
2696 3094 2806 3147 nisi
2832 3093 2932 3161 qui
2963 3090 3194 3158 legitime
3220 3086 3528 3140 certaverit.

2221 3193 2407 3246 TESTIS
2447 3204 2542 3244 EST
2561 3202 2680 3242 MlHI
2703 3199 2835 3241 DEUS
2876 3195 3140 3247 QUOMODO
3163 3193 3366 3235 CUPIAM
3405 3191 3582 3231 OINES
3604 3189 3709 3229 VOS
3732 3190 3787 3229 IN

429 3285 664 3354 ducetis,
693 3289 748 3338 et
787 3281 1103 3338 doctrinam
1131 3297 1302 3352 quam
1327 3298 1361 3336 a
1386 3297 1480 3336 me
1513 3281 1802 3352 accepistis
1825 3282 2051 3336 ﬁrmam
2070 3271 2125 3346 C.
2149 3299 2461 3340 VISCERIBUS
2489 3283 2619 3336 δεδι]
2651 3281 2892 3336 Cualsri.
2927 3277 3023 3330 Est
3048 3273 3221 3328 etiam
3265 3269 3616 3326 consuetudo
3647 3283 3786 3321 san-

426 3377 685 3435 teneatis.
715 3379 855 3444 Quia
893 3377 989 3446 qui
1011 3376 1167 3445 coepit
1195 3377 1254 3428 in
1285 3375 1432 3430 vobis
1472 3390 1605 3444 opus
1648 3375 1862 3438 bonum,
1885 3377 2051 3444 perﬁ-

427 3475 528 3528 ciet
551 3489 568 3526 :
596 3470 655 3526 id
681 3473 766 3524 est
792 3467 996 3539 aliquis
1021 3483 1091 3523 ex
1119 3467 1274 3522 vobis
1306 3467 1520 3522 bonum
1540 3485 1681 3538 opus
1701 3468 1872 3534 vovit,
1906 3467 2052 3522 scili-

429 3570 517 3622 cet
535 3563 742 3619 servire
769 3579 828 3616 se
855 3563 989 3630 Deo,
1019 3567 1075 3616 et
1100 3561 1209 3616 hoc
1238 3577 1418 3632 usque
1447 3561 1518 3616 ad
1541 3560 1692 3615 diem
1720 3561 1914 3616 mortis
1933 3577 2056 3632 per-

433 3659 617 3712 ducat.
647 3657 755 3712 Seu
771 3659 868 3726 qui
888 3656 1042 3726 capit
1063 3657 1125 3708 in
1150 3655 1318 3717 vobis,
1341 3653 1400 3708 id
1421 3657 1502 3709 est
1525 3653 1644 3725 ipse
1666 3655 1939 3710 Dominus
1957 3655 2054 3726 qui

429 3749 563 3804 ﬁdei
589 3749 1027 3804 fundamentum
1053 3747 1242 3818 posuit
1263 3747 1324 3800 in
1350 3747 1526 3815 vobis,
1553 3747 1670 3818 ipse
1697 3747 1851 3803 dabit
1873 3764 2058 3818 perse-

430 3843 740 3896 verantiam
768 3839 905 3894 boni
926 3839 1131 3910 operis.
1162 3839 1318 3894 Diem
1333 3839 1543 3894 Christi
1570 3841 1865 3912 dupliciter
1894 3840 2058 3895 intel-

434 3935 611 4005 ligere
630 3933 902 3987 debemus
923 3949 940 4000 ;
964 3931 1276 4002 specialiter
1295 3932 1447 3987 diem
1467 3933 1682 4002 mortis,
1706 3935 1936 4004 quando
1961 3934 2058 3988 ali-

435 4027 562 4100 quis
591 4025 678 4080 vir
718 4024 1004 4096 perfectus
1027 4024 1096 4078 de
1126 4024 1234 4078 hac
1259 4024 1372 4079 vita
1407 4025 1617 4096 migrat
1645 4027 1718 4080 ad
1747 4027 2054 4082 Christum.

436 4117 786 4176 Generaliter
804 4116 959 4172 diem
971 4116 1169 4187 judicii
1185 4117 1409 4188 quando
1428 4133 1604 4174 omnes
1620 4120 1916 4176 astabimus
1935 4125 2060 4175 ante

433 4213 676 4270 tribunal
715 4212 934 4269 Christi.
972 4210 1136 4266 Sicur
1173 4225 1268 4266 esr
1293 4227 1412 4266 MIHI
1445 4227 1650 4268 wsruu
1694 4228 1804 4268 HOC
1838 4228 2060 4269 summa

438 4323 542 4365 rno
564 4320 800 4363 OMNIBUS
827 4319 1006 4360 voms.
1039 4308 1114 4358 Ac
1140 4303 1184 4358 si
1205 4303 1354 4359 dicat
1376 4305 1670 4374 :.Charitas
1688 4323 1778 4362 me
1809 4307 2056 4378 compel-

435 4403 501 4458 lit
533 4405 600 4456 ut
625 4400 812 4471 ipsum
857 4398 926 4453 de
975 4397 1134 4452 vobis
1169 4397 1430 4468 sentiam,
1463 4399 1652 4470 ipsum
1695 4399 2013 4471 intelligam
2043 4418 2056 4468 ;

436 4495 569 4567 quia
594 4495 834 4548 charitas
859 4493 1041 4547 omnia
1063 4491 1250 4546 credit.
1267 4493 1488 4547 Iustum
1515 4495 1600 4547 est
1624 4493 1766 4547 mihi
1791 4498 1854 4548 ut
1878 4495 2062 4548 taliter

437 4588 506 4642 de
535 4586 799 4642 omnibus
819 4585 972 4640 vobis
995 4585 1253 4654 sentiam,
1273 4590 1337 4640 ut
1351 4585 1449 4656 qui
1475 4587 1641 4656 ccepit
1662 4603 1804 4657 opus
1822 4587 2055 4656 bonum,

438 4683 758 4751 perseveret
798 4693 979 4749 usque
1021 4677 1080 4732 in
1116 4677 1268 4732 diem
1321 4679 1540 4733 mortis.
1585 4680 1941 4735 Consuetudo
1978 4685 2062 4736 est

439 4772 591 4828 enim
617 4775 963 4837 sanctorum,
994 4773 1059 4824 ut
1087 4771 1156 4826 de
1185 4771 1467 4826 bonorum
1497 4773 1718 4828 actione
1757 4773 2058 4845 gaudeant,

437 4867 506 4922 de
535 4866 820 4922 malorum
857 4864 1106 4932 doleant,
1142 4864 1284 4918 sicut
1321 4865 1443 4936 ipse
1467 4867 1671 4920 Paulus
1702 4866 1942 4921 faciebat
1965 4867 2062 4938 qui

439 4958 690 5014 dicebat:
720 4959 850 5024 Quis
874 4959 1204 5027 inﬁrmatur,
1229 4961 1279 5011 et
1303 4973 1396 5026 ego
1420 4974 1529 5012 non
1554 4961 1796 5026 inﬁrmor
1821 4962 1850 5014 ?
1875 4961 1940 5014 Et
1966 4959 2064 5014 ali-

438 5051 496 5106 bi
520 5068 532 5105 :
564 5055 797 5121 Lageam
819 5051 1004 5122 plures
1031 5066 1098 5106 ea:
1142 5051 1247 5113 his,
1275 5053 1374 5120 qui
1409 5067 1517 5105 non
1559 5057 1780 5121 egerunt
1799 5056 2064 5122 paeniten-

441 5146 591 5198 tiam.
636 5147 714 5200 Eo
763 5160 908 5207 quon
947 5161 1164 5202 manu
1195 5160 1296 5201 vos
1325 5161 1380 5202 ιη
1411 5160 1584 5200 comm
1625 5161 1689 5200 ar
1715 5163 1769 5202 1N
1815 5163 2061 5202 vmcuus

443 5253 584 5293 usis.
615 5237 765 5301 Quos
791 5237 944 5292 enim
971 5254 1100 5293 caro
1130 5239 1304 5293 semel
1333 5239 1704 5310 copulaverit,
1736 5256 2063 5313 quanquam

439 5329 608 5386 simul
633 5345 748 5384 non
775 5334 908 5385 sunt
934 5346 1192 5402 corpore,
1234 5335 1425 5388 tamen
1453 5337 1645 5389 mente
1675 5350 1899 5405 semper
1921 5335 2060 5406 jun-

439 5424 512 5481 cti
543 5427 694 5479 sunt.
723 5423 789 5477 Et
813 5422 951 5493 quia
974 5423 1364 5496 Philippenses
1390 5427 1624 5500 perfecti
1646 5429 1808 5483 erant
1836 5428 1896 5482 in
1919 5444 2058 5500 ope-

438 5535 500 5574 re
553 5519 722 5584 bono,
765 5515 1050 5611 apostolus
1087 5517 1289 5572 absens
1329 5535 1580 5592 corpore,
1626 5522 1687 5577 in
1726 5538 1930 5578 arcano
1960 5539 2059 5594 pe-

440 5612 608 5668 ctoris
636 5627 862 5684 semper
900 5625 1097 5665 eorum
1127 5627 1352 5667 memor
1377 5621 1514 5669 erat.
1549 5617 1616 5670 Et
1642 5616 1748 5670 hoc
1785 5621 1870 5671 est
1910 5616 2060 5688 quod

440 5705 576 5762 dicit
598 5722 611 5758 :
632 5709 710 5762 Eo
734 5705 881 5778 quod
904 5705 1131 5762 habeam
1148 5721 1240 5761 vos
1258 5707 1316 5760 in
1341 5708 1497 5762 corde
1512 5713 1562 5762 et
1586 5711 1646 5763 in
1665 5711 1895 5765 vinculis
1907 5712 2058 5766 meis.

439 5799 643 5856 Reddit
691 5817 918 5857 causam
968 5817 1164 5873 quare,
1209 5816 1340 5854 cum
1379 5799 1514 5854 dicit
1561 5817 1574 5854 :
1627 5802 1698 5856 Er
1755 5820 1808 5857 ιη
1859 5819 2057 5860 navss-

2150 3381 2390 3445 ctorum,
2420 3379 2482 3430 ut
2519 3373 2745 3444 quando
2789 3369 3002 3440 aliquid
3033 3367 3316 3421 afﬁrmare
3347 3363 3567 3430 volunt,
3609 3361 3788 3415 Deum

2153 3471 2250 3542 qui
2279 3471 2364 3523 est
2392 3471 2673 3538 tnspector
2698 3463 2885 3519 cordis
2912 3465 3120 3515 testem
3147 3457 3256 3512 sibi
3277 3455 3608 3520 adhibeant,
3639 3452 3787 3507 sicut

2152 3564 2364 3634 Moyses
2389 3576 2578 3615 coram
2614 3558 2746 3612 ﬁliis
2799 3555 2961 3609 Israel
2997 3571 3011 3607 :
3050 3555 3244 3612 Testes,
3277 3549 3484 3620 inquit,
3520 3546 3677 3602 hodie
3703 3549 3790 3599 in-

2153 3671 2277 3711 voco
2307 3656 2493 3710 calum
2519 3659 2568 3707 et
2597 3657 2815 3707 terram.
2849 3650 2917 3702 Et
2947 3645 3080 3718 quia
3105 3643 3310 3698 Paulus
3339 3641 3630 3726 apostolqs
3647 3639 3790 3694 mul-

2154 3752 2277 3803 tum
2327 3746 2599 3818 diligebat
2627 3743 3032 3813 Philippenses,
3072 3739 3250 3791 Deum
3288 3733 3396 3788 sibi
3437 3731 3700 3788 adhibuit
3722 3731 3790 3786 in

2154 3839 2546 3897 testimonium
2571 3837 2763 3892 dicens
2786 3851 2799 3889 :
2835 3831 3010 3888 Testis
3031 3830 3184 3885 enim
3211 3827 3355 3882 mihi
3376 3831 3461 3881 est
3486 3827 3637 3880 Deus
3654 3841 3794 3897 quo-

2154 3935 2322 3991 modo
2347 3932 2572 4005 cupiam
2597 3933 2662 3985 ut
2688 3927 2964 3982 Dominus
3005 3926 3163 3979 Jesus
3199 3920 3452 3975 Christus
3498 3919 3559 3972 in
3589 3918 3795 3972 vestris

2156 4028 2375 4084 habitet
2397 4025 2720 4081 visceribus.
2747 4023 2891 4092 Ipse,
2909 4018 3006 4090 qui
3023 4033 3124 4088 per
3146 4014 3486 4086 prophetam
3513 4011 3792 4083 loquitur,

2157 4122 2350 4177 dicens
2376 4121 2444 4176 de
2463 4117 2668 4174 sanctis
2695 4132 2709 4170 :
2737 4117 2808 4170 Et
2831 4110 3147 4168 inhabitabo
3172 4111 3232 4163 in
3259 4108 3371 4162 illis
3399 4111 3451 4162 et
3475 4105 3794 4160 inambula-

2159 4217 2240 4272 bo.
2273 4216 2340 4270 Et
2383 4213 2540 4268 idem
2570 4208 2856 4283 apostolus
2880 4204 3050 4260 alibi:
3092 4203 3356 4258 Habitare
3387 4201 3658 4258 Christum
3692 4214 3798 4269 per

2156 4310 2315 4380 ﬁdem
2332 4309 2392 4362 in
2417 4305 2664 4362 cordibus
2686 4303 2896 4357 vestris.
2931 4297 3025 4352 Vel
3051 4300 3200 4350 certe
3226 4309 3426 4350 omnes
3455 4309 3556 4348 vos
3576 4291 3637 4346 in
3667 4292 3797 4362 ejus

2159 4402 2326 4472 cupio
2363 4400 2545 4455 inesse
2589 4394 2912 4462 visceribus,
2945 4396 3010 4446 ut
3041 4390 3116 4444 sic
3149 4404 3284 4444 cum
3310 4402 3511 4442 omnes
3538 4401 3635 4440 vos
3660 4383 3793 4440 dili-

2161 4495 2320 4566 gatis,
2351 4499 2416 4548 ut
2442 4508 2546 4547 nec
2573 4491 2724 4546 inter
2751 4483 3172 4560 persecutiones
3217 4481 3288 4535 ab
3321 4480 3444 4551 ejus
3485 4477 3802 4533 visceribus

2160 4586 2524 4660 separemini.
2552 4587 2625 4641 Er
2647 4598 2754 4637 HOC
2777 4595 2884 4636 ouo
2912 4595 2978 4634 υτ
3008 4591 3266 4632 camus
3283 4589 3488 4628 vssras
3516 4587 3684 4627 meis
3710 4587 3801 4626 AB-

2162 4698 2351 4738 UNDET.
2380 4681 2490 4735 Oro
2511 4683 2573 4733 ut
2597 4679 2775 4731 Deum
2794 4677 2914 4728 toto
2931 4671 3123 4738 corde,
3153 4674 3270 4724 toto
3289 4684 3406 4734 ore,
3435 4669 3558 4720 tota
3577 4671 3794 4733 mente,

2162 4775 2290 4830 totis
2317 4771 2624 4828 visceribus
2651 4766 2896 4839 diligatis
2938 4781 2996 4821 ΙΝ
3036 4778 3297 4827 solemn,
3340 4777 3402 4814 ετ
3426 4775 3560 4814 orm
3610 4773 3796 4813 suasu.

2165 4870 2226 4923 In
2248 4866 2500 4935 scientia,
2544 4863 2681 4920 dicit
2724 4860 2930 4916 seriem
2965 4857 3179 4913 Veteris
3205 4852 3586 4921 Testamenti;
3629 4867 3800 4906 sensu

2161 4965 2376 5030 autem,
2421 4959 2726 5030 scripturas
2753 4954 2888 5009 Novi
2913 4949 3276 5007 Testamenti.
3303 4947 3482 5002 Aliter
3513 4962 3527 5000 :
3558 4944 3793 5000 scientia

2162 5071 2358 5109 omnes
2403 5053 2574 5108 series
2620 5036 2736 5106 tam
2773 5046 3005 5113 Veteris,
3045 5059 3221 5115 quam
3259 5041 3388 5096 novi
3427 5037 3793 5094 Testamenti.

2161 5150 2231 5203 Et
2278 5163 2479 5214 sensu,
2532 5149 2598 5199 ut
2642 5143 2778 5214 quid
2825 5138 3158 5212 spiritaliter
3213 5133 3530 5204 intelligere
3581 5133 3794 5198 valeas,

2161 5242 2291 5314 quia
2322 5238 2556 5295 scientia
2599 5237 2718 5291 sine
2752 5250 2921 5290 sensu
2958 5231 3104 5287 nihil
3125 5233 3248 5296 est;
3276 5228 3502 5282 scientia
3531 5223 3688 5280 enim
3713 5227 3794 5279 in-

2160 5338 2277 5404 ﬂat,
2308 5335 2546 5390 Charitas
2573 5336 2752 5386 autem
2777 5327 3026 5396 adi/teat.
3056 5327 3132 5380 Ur
3154 5335 3410 5378 monens
3438 5334 3698 5386 POTIORA,
3730 5333 3792 5372 er

2163 5444 2293 5484 SITIS
2326 5441 2556 5492 SINCERI,
2585 5440 2648 5478 ET
2675 5437 2794 5478 SINE
2823 5432 3156 5476 OFFENSIONE
3183 5431 3236 5471 IN
3270 5429 3400 5470 DIEM
3430 5427 3664 5468 CHRISTI.
3696 5412 3795 5466 Ρο-

2161 5521 2304 5576 tiora
2329 5519 2483 5584 dicit,
2515 5517 2571 5572 id
2609 5521 2693 5571 est
2721 5515 2953 5585 majora.
2986 5509 3233 5566 Scientes
3263 5507 3381 5562 sitis
3409 5511 3472 5560 ut
3497 5505 3570 5559 de
3599 5503 3791 5558 visibi-

2159 5615 2306 5669 libus
2329 5609 2630 5668 invisibilia
2657 5605 3136 5678 comprehendere
3167 5599 3418 5656 valeatis.
3451 5598 3613 5653 Sicut
3639 5597 3797 5652 enim

2161 5724 2292 5763 cum
2335 5706 2458 5760 cibo
2501 5703 2670 5777 palati
2710 5701 2912 5756 crescit
2939 5704 3073 5755 astas
3103 5694 3374 5767 corporis,
3403 5692 3483 5747 sic
3512 5691 3640 5748 cuir
3669 5691 3794 5746 cibo

2159 5799 2400 5873 spiritali
2427 5798 2595 5854 debet
2615 5812 2864 5852 crescere
2894 5797 2952 5849 et
2980 5807 3176 5848 sensus
3201 5787 3429 5845 mentis.
