4054 6186
209 343 314 402 845

1413 339 1480 398 ΙΝ
1518 345 1663 400 CAP.
1705 345 1726 398 Ι
1763 340 1851 400 AD
1888 339 2364 402 COLOSSENSES.

3450 351 3552 408 846

279 456 349 509 Ut
368 455 487 508 sitis
503 455 717 517 sinceri,
744 458 796 508 et
809 455 922 509 sine
943 451 1148 522 oﬂ’ensa
1171 454 1232 506 in
1251 452 1391 507 diem
1419 453 1652 519 Christi;
1681 456 1830 508 casto
1851 463 1912 537 Α
1933 457 2015 507 est
2040 454 2228 510 fructu
2251 454 2388 510 boni
2402 453 2626 528 operis;
2657 453 2726 510 de
2742 469 2853 526 quo
2875 455 3063 510 fructu
3089 455 3244 512 idem
3267 458 3554 529 apostolus

200 545 456 601 videlicet
483 562 737 618 corpore,
766 551 823 602 et
849 546 1062 602 mundo
1087 545 1287 615 corde;
1322 545 1467 600 sicut
1507 546 1578 602 de
1609 546 1832 602 univer-

198 639 296 693 sali
325 639 571 694 Ecclesia
590 640 884 712 Apostolus
901 640 1062 694 dicit:
1096 640 1308 710 Aptavi
1320 653 1413 694 eos
1441 641 1541 694 uni
1565 641 1682 694 viro
1711 641 1826 694 vir-

198 735 375 802 ginem
393 737 600 788 castam
623 734 870 788 exhibere
891 735 1123 791 Christo.
1151 732 1451 788 Sinceritas
1469 733 1720 799 estfenim
1730 732 1830 786 ubi

199 825 311 879 duo
337 825 508 878 simul
538 826 898 893 concordant,
934 825 1167 898 spiritus
1190 825 1468 894 videlicet,
1499 828 1556 880 et
1580 842 1728 892 caro,
1761 825 1829 880 de

196 917 399 990 quibus
423 918 698 973 Dominus
725 920 803 974 ait
830 939 844 974 :
876 921 938 976 Si
957 919 1062 974 duo
1088 935 1155 974 ea:
1180 919 1332 974 nobis
1357 921 1716 974 consenserint
1732 933 1826 973 su-

189 1027 292 1081 per
320 1017 539 1074 terram,
570 1012 636 1066 de
663 1014 810 1066 omni
834 1027 894 1066 re
918 1013 1270 1082 quodcunque
1293 1013 1571 1082 petierint,
1599 1015 1688 1080 ﬁet
1714 1013 1828 1066 illis

199 1121 234 1158 a
261 1107 427 1160 Patre
463 1119 594 1168 meo,
645 1104 783 1159 dicit
827 1105 1118 1160 Dominus.
1165 1107 1234 1160 Et
1279 1107 1392 1160 sine
1421 1105 1641 1174 offensa.
1699 1104 1828 1159 Sine

197 1195 410 1251 offensa
457 1195 590 1251 dicit
641 1197 760 1251 sine
800 1197 1080 1252 criminali
1119 1196 1362 1252 actione.
1408 1200 1522 1252 Aut
1554 1201 1702 1252 certe
1749 1197 1826 1251 sic

195 1289 318 1343 sitis
343 1287 564 1356 sinceri,
595 1293 661 1344 ut
684 1289 744 1344 in
772 1289 924 1344 diem
952 1289 1158 1344 Christi
1181 1289 1338 1344 nulla
1383 1289 1588 1360 rubigo
1628 1306 1822 1360 pecca-

195 1386 386 1436 torum
427 1381 488 1436 in
516 1382 672 1436 vobis
699 1388 971 1453 appareat
997 1399 1070 1438 ne
1099 1399 1228 1437 cum
1259 1383 1426 1438 fatuis
1456 1382 1770 1453 virginibus
1791 1399 1826 1438 a

195 1475 444 1529 thalamo
470 1475 622 1545 regis
647 1475 1048 1530 excludamini.
1079 1475 1242 1529 Diem
1267 1491 1401 1530 vero
1432 1475 1660 1545 Christi,
1683 1475 1826 1531 sicut

189 1567 313 1638 jam
361 1567 627 1634 diximus,
663 1567 816 1622 diem
847 1567 1064 1636 mortis,
1111 1568 1198 1622 vel
1226 1567 1376 1623 diem
1417 1569 1620 1638 judicii
1661 1568 1825 1624 debe-

193 1675 322 1715 mus
365 1659 701 1731 intelligere,
748 1659 808 1714 in
859 1676 970 1730 quo
1011 1659 1122 1730 die,
1168 1659 1267 1732 qui
1306 1660 1428 1715 sine
1467 1661 1682 1716 offensa
1706 1661 1824 1717 fue-

191 1753 288 1820 rit,
329 1770 364 1806 a
399 1752 643 1807 Domino
681 1753 1155 1823 remunerabitur,
1191 1753 1357 1824 juxta
1405 1753 1554 1824 quod
1599 1753 1680 1808 ait
1721 1755 1817 1810 Sa-

1931 547 2066 602 dicit
2096 564 2110 602 :
2152 550 2376 603 Fructus
2409 550 2637 619 spiritus
2691 553 2770 603 est
2801 548 3084 617 gaudium,
3124 551 3384 615 charitas,
3418 567 3556 622 pax,

1921 642 2214 710 patientia,
2232 645 2287 694 et
2313 639 2400 694 his
2427 639 2654 694 similia.
2683 641 2841 708 Quod
2863 641 2961 710 qui
2990 641 3202 709 fecerit,
3221 643 3430 698 fruebit
3451 645 3558 714 [Ita

1931 731 2080 804 Cod.]
2111 733 2270 786 illam
2289 732 2536 788 invitam
2562 738 2869 802 aeternam;
2901 733 3119 802 fructus
3138 735 3294 790 enim
3311 752 3344 790 a
3369 736 3558 792 fruen-

1929 825 2000 880 do
2030 825 2252 881 dicitur.
2279 826 2437 890 Quod
2459 825 2796 880 fructiﬁcare
2821 842 2990 881 nemo
3029 827 3258 898 poterit,
3298 827 3409 882 nisi
3455 845 3558 900 per

1925 919 2118 973 Jesum
2158 919 2444 973 Christum
2483 919 2584 989 qui
2622 919 2755 973 dicit
2785 937 2800 972 :
2854 919 2983 974 Sine
3021 935 3103 975 me
3148 921 3290 975 nihil
3333 925 3554 992 potestis

1926 1013 2122 1079 facere.
2152 1015 2214 1067 In
2239 1013 2470 1080 gloriam
2496 1016 2546 1066 et
2573 1011 2789 1066 laudem
2832 1014 2948 1076 Dei,
2987 1016 3051 1068 ut
3089 1029 3314 1084 semper
3347 1014 3556 1086 gloriﬁ-

1927 1109 2085 1160 cetur
2113 1105 2256 1160 Deus
2283 1105 2344 1158 in
2372 1103 2534 1159 nobis
2555 1121 2572 1173 ;
2596 1104 2765 1175 juxta
2788 1104 2944 1176 quod
2972 1105 3080 1160 alio
3103 1105 3423 1162 loco-rdicit:
3449 1107 3555 1172 Qui

1925 1199 2213 1268 gloriatur,
2235 1200 2294 1252 in
2310 1201 2535 1254 Domino
2547 1199 2826 1268 glorietur.
2852 1199 2922 1253 Et
2941 1198 3156 1254 laudem
3175 1201 3306 1266 Dei;
3343 1199 3554 1254 scilicet

1923 1296 1990 1346 ut
2017 1307 2240 1362 semper
2264 1291 2411 1346 Deus
2439 1290 2718 1359 laudetur,
2749 1290 2892 1345 sicut
2917 1291 3206 1362 psalmista
3240 1291 3374 1347 dicit
3401 1309 3414 1347 :
3446 1294 3548 1348 Be-

1923 1385 2170 1440 nedicam
2197 1387 2480 1440 Dominum
2503 1385 2564 1438 in
2591 1385 2740 1439 omni
2762 1389 3012 1452 tempore,
3043 1399 3251 1454 semper
3289 1385 3408 1440 laus
3441 1385 3554 1454 ejus

1921 1480 1981 1532 in
2011 1493 2100 1532 ore
2133 1493 2264 1534 meo.
2304 1478 2521 1533 Aliter:
2561 1479 2622 1530 in
2661 1477 2856 1546 gloria,
2899 1475 2958 1530 id
2988 1481 3072 1531 est
3107 1477 3170 1532 in
3194 1491 3366 1548 opere
3401 1477 3563 1532 bono-

1921 1571 2338 1626 fructiﬁcantes.
2378 1573 2449 1626 Et
2479 1569 2695 1624 laudem
2742 1571 2859 1631 Dei,
2902 1567 2963 1622 in
3005 1567 3425 1640 praedicatione.
3471 1569 3554 1625 Sit

1923 1663 2100 1733 gloria
2121 1663 2183 1718 in
2211 1679 2402 1734 opere,
2431 1663 2552 1716 laus
2574 1661 2636 1716 in
2663 1661 2875 1730 verbis;
2896 1663 2958 1714 ut
2981 1660 3282 1734 impleatur
3304 1661 3364 1716 in
3393 1661 3553 1716 nobis

1920 1755 2061 1810 illud
2097 1755 2248 1828 quod
2282 1755 2360 1810 ait
2395 1755 2654 1810 Salvator
2685 1770 2698 1808 :
2729 1755 2819 1811 Sic
2845 1754 3022 1808 luceat
3051 1755 3147 1810 tua:
3169 1759 3349 1810 vestra
3373 1770 3554 1834 coram

191 1845 384 1901 lomon
417 1861 432 1900 :
461 1849 599 1902 Date
621 1848 671 1900 ei
691 1847 934 1912 fructum
957 1862 1215 1901 manuum
1239 1862 1481 1914 suarum,
1525 1851 1574 1901 et
1603 1847 1823 1903 laudent
1839 1827 1898 1900 Β
1921 1827 2240 1913 hominibus,
2273 1849 2334 1900 ut
2355 1845 2578 1900 videant
2595 1859 2760 1913 opera
2787 1847 2964 1898 vestra
2989 1843 3146 1908 bona,
3174 1847 3224 1898 et
3258 1827 3555 1914 gloriﬁcent
3587 1877 3595 1882 -

191 1955 308 1994 eam
333 1941 396 1993 in
409 1940 583 2009 portis
610 1954 772 2009 opera
795 1939 925 2009 ejus.
955 1941 1188 1995 REPLETI
1215 1955 1422 1996 ranam
1451 1955 1699 1996 msrlrus
1722 1957 1826 1997 rea
1923 1940 2138 1994 Patrem
2158 1943 2394 1994 vestrum
2416 1939 2513 2010 qui
2538 1939 2597 1992 in
2615 1936 2756 1991 caelis
2783 1939 2880 1992 est.

187 2032 357 2088 lasvu
413 2033 692 2088 Cnmsruu
741 2048 794 2088 IN
852 2047 1090 2090 omnum
1147 2049 1211 2089 ar
1275 2049 1490 2090 uanam
1557 2033 1692 2102 DEI;
1767 2033 1824 2089 id

1723 2308 2034 2434 XIV.

227 2504 446 2572 Lectio
476 2504 781 2590 Epistolas
809 2508 984 2573 beati
1012 2508 1197 2574 Pauli
1225 2511 1506 2593 apostoli
1535 2512 1617 2576 ad
1645 2511 2064 2576 Colossenses
2097 2511 2160 2592 (ι,
2185 2510 2246 2590 9)
2281 2527 2296 2572 :
2329 2507 2625 2585 Fratres,
2653 2524 2787 2570 non
2829 2521 3154 2569 cessamus
3173 2521 3303 2587 pro
3330 2503 3512 2568 vobis

1385 2600 1644 2655 orantes
1672 2599 1733 2655 et
1748 2593 2192 2675 postulantes,
2223 2595 2346 2653 etc.

1431 2726 1850 2784 COMMENTUM
1886 2725 2306 2784 LUCULENTII.
2345 2797 2352 2803 ⁸

249 2829 526 2886 Audierat
548 2828 703 2885 enim
729 2829 926 2886 beatus
953 2831 1160 2886 Paulus
1196 2833 1484 2905 apostolus
1530 2835 1818 2890 Colossen-
1915 2835 2134 2890 viamus
2166 2833 2299 2902 Deo,
2355 2829 2508 2902 quod
2547 2828 2729 2884 facere
2769 2843 2888 2882 non
2930 2841 3248 2898 possumus,
3294 2825 3403 2880 nisi
3429 2826 3549 2898 ejus

181 2921 331 2978 sium
371 2922 544 2978 ﬁdem
575 2939 644 2978 ex
674 2922 973 2978 dilectione
999 2940 1172 2996 quam
1207 2924 1491 2980 habebant
1525 2926 1584 2981 in
1619 2928 1814 2997 Deum,
1913 2928 2265 2983 voluntatem
2306 2923 2597 2978 faciamus.
2641 2923 2702 2976 IN
2742 2936 2877 2977 eum
2915 2933 3217 2986 summu,
3261 2935 3325 2974 nr
3363 2935 3546 2976 mnu.-

178 3021 234 3070 et
257 3015 414 3071 utin
443 3016 744 3072 virtutibus
774 3017 1138 3088 sequentibus
1163 3035 1223 3072 se
1247 3024 1582 3084 crescerent,
1626 3021 1819 3076 orabat
1914 3037 2080 3077 LECTU
2118 3033 2400 3075 smmum.
2447 3013 2642 3070 Omnis
2675 3011 2970 3086 sapientia,
3011 3016 3068 3067 et
3109 3011 3449 3080 intellectus,
3493 3015 3551 3068 et

178 3108 381 3165 dicens
411 3129 425 3164 :
457 3110 574 3168 Nos
609 3125 882 3166 csssmus
913 3127 1018 3166 rno
1049 3127 1209 3168 voms
1241 3127 1480 3170 omnes
1515 3131 1580 3168 ΕΤ
1612 3129 1814 3170 POSTU-
1835 3143 1891 3218 C
1917 3103 2187 3185 operatio,
2227 3111 2436 3166 scilicet
2475 3107 2614 3180 quia
2653 3105 2998 3178 impossibile
3028 3109 3111 3160 est
3141 3104 3262 3160 sine
3291 3104 3401 3160 ﬁde
3425 3105 3546 3176 pla-

452 3203 492 3218 ,.
857 3207 866 3218 .
933 3204 971 3218 ..
1155 3205 1171 3218 .
1232 3205 1246 3218 .
1303 3205 1318 3218 .
1421 3209 1430 3218 .
1611 3211 1620 3218 .
1665 3207 1700 3218 ..
1799 3213 1808 3218 _
2069 3207 2109 3218 ,κ
2270 3205 2282 3215 .
2382 3205 2392 3218 .
2432 3202 2500 3218 ,,.
2541 3217 2547 3218 ί
2998 3202 3205 3218 Μημ,
3241 3201 3309 3218 ,Α
3355 3197 3546 3218 ημμε,

175 3218 403 3259 LANTES.
452 3203 605 3258 Hanc
644 3204 1112 3260 consuetudinem
1155 3205 1440 3260 habebant
1472 3207 1724 3278 apostoli,
1760 3213 1817 3263 et
1839 3197 1891 3218 ’³⁸
1915 3223 2039 3262 cere
2069 3207 2182 3260 Deo
2196 3222 2213 3274 ;
2240 3205 2318 3259 sic
2345 3205 2402 3257 et
2423 3202 2554 3272 ﬁdes
2579 3203 2697 3256 sine
2724 3200 2970 3272 operibus
2993 3202 3209 3254 mortua
3232 3201 3326 3253 est.
3354 3197 3550 3254 Omnis

174 3313 276 3352 nos
317 3301 514 3352 tenere
562 3296 853 3368 debemus,
893 3301 958 3352 ut
1002 3298 1243 3352 invicem
1271 3315 1516 3368 oremus,
1548 3305 1606 3354 et
1629 3301 1811 3372 magi-

177 3390 276 3444 stri
302 3406 412 3462 pro
429 3388 738 3462 discipulis,
769 3393 824 3444 et
849 3389 1104 3462 discipuli
1129 3409 1233 3463 pro
1253 3393 1559 3464 magistris,
1593 3393 1737 3448 sicut
1753 3393 1812 3447 in

177 3481 288 3537 alio
338 3482 463 3537 loco
505 3481 638 3536 dicit
673 3499 687 3536 :
727 3486 863 3538 Deus
907 3488 1086 3538 autem
1121 3487 1237 3554 Spei
1284 3486 1492 3556 repleat
1536 3501 1626 3540 vos
1669 3488 1814 3540 omni

172 3575 403 3644 gaudio,
435 3579 484 3630 et
493 3591 628 3646 pace
653 3577 712 3630 in
737 3575 1017 3638 credendo,
1044 3581 1105 3630 ut
1131 3577 1418 3632 abundetis
1440 3579 1499 3631 in
1516 3592 1610 3647 spe
1629 3583 1680 3632 et
1698 3581 1807 3632 vir-

172 3672 284 3724 tute
313 3669 554 3738 Spiritus
572 3670 766 3724 sancti.
793 3671 930 3724 Deus
950 3673 1130 3724 autem
1139 3671 1426 3740 patientiae
1451 3673 1501 3725 et
1525 3671 1712 3726 solatii
1723 3671 1812 3726 det

170 3762 324 3818 vobis
353 3761 590 3832 idipsum
631 3776 820 3833 sapere
862 3763 917 3816 in
960 3763 1284 3818 alterutrum
1321 3763 1610 3818 secundum
1635 3766 1810 3819 Iesum

171 3853 470 3916 Christum,
501 3858 564 3908 ut
607 3857 890 3910 unanimes
934 3871 1040 3910 uno
1066 3871 1156 3911 ore
1183 3856 1537 3927 honoriﬁcetis
1563 3859 1733 3912 Deum
1759 3861 1824 3912 et-

168 3950 393 4004 Pat-rem
416 3949 638 4002 Domini
655 3951 828 4003 nostri
849 3951 973 4004 Jesu
999 3949 1221 4006 Christi.
1257 3951 1324 4004 Et
1350 3949 1559 4004 iterum
1591 3966 1604 4004 :
1635 3951 1808 4006 Flecte

169 4049 353 4109 genua
389 4057 509 4096 mea
545 4041 620 4096 ad
655 4041 872 4096 Patrem
908 4044 1120 4097 Domini
1144 4045 1317 4098 nostri
1343 4045 1468 4098 Jesu
1494 4043 1712 4101 Christi.
1741 4044 1810 4098 Ut

172 4138 370 4189 autem
398 4135 454 4188 et
481 4131 739 4204 discipuli
771 4149 874 4205 pro
898 4134 1186 4205 magistris
1211 4151 1372 4190 orare
1394 4135 1655 4206 debeant,
1687 4136 1806 4206 ipse

172 4231 229 4281 et
257 4225 402 4280 alibi
428 4225 562 4280 dicit
586 4241 600 4280 :
633 4226 871 4296 Expedit
893 4227 1040 4283 vobis
1068 4243 1224 4283 orare
1240 4243 1344 4298 pro
1372 4229 1542 4284 nobis.
1575 4229 1720 4284 Nam
1737 4229 1816 4284 de

169 4318 342 4374 beato
369 4320 531 4374 Petro
571 4319 633 4372 in
672 4335 892 4374 carcere
929 4319 1110 4391 posito
1147 4321 1407 4393 legimus,
1450 4321 1586 4393 quia
1627 4322 1805 4377 oratio

169 4411 350 4466 ﬁebat
377 4411 496 4467 sine
526 4410 946 4468 intermissione
971 4413 1041 4468 ab
1065 4414 1294 4470 ecclesia
1313 4415 1384 4470 ad
1403 4416 1577 4470 Deum
1589 4431 1696 4486 pro
1717 4431 1804 4470 eo.

1913 3298 2189 3370 sapientia
2217 3301 2301 3353 est
2318 3311 2434 3351 non
2454 3294 2640 3349 solum
2656 3292 2950 3364 historiam
2966 3291 3183 3346 Veteris
3208 3291 3548 3346 Testamenti

1911 3391 2071 3462 scire,
2093 3391 2191 3445 sed
2213 3389 2385 3444 etiam
2405 3387 2716 3458 spiritalem
2733 3383 3167 3456 intelligentiam
3186 3397 3544 3454 cognoscere.

1910 3487 1988 3540 Ur
2028 3496 2324 3540 AMBULETIS
2363 3495 2523 3536 manu
2563 3480 2701 3548 Deo,
2737 3494 2838 3533 PER
2871 3489 3042 3533 OMNIA
3069 3491 3388 3532 PLACENTBS.
3414 3476 3546 3529 Am-

1909 3577 2106 3632 bulare
2135 3575 2288 3643 dicit,
2317 3590 2432 3628 non
2459 3573 2640 3626 solum
2668 3587 2921 3642 corpore,
2950 3570 3047 3625 sed
3080 3573 3299 3638 mente;
3341 3567 3540 3624 ambu-

1909 3671 2022 3726 lare
2051 3670 2120 3724 de
2146 3669 2352 3724 virtute
2378 3666 2439 3720 in
2457 3665 2745 3720 virtutem.
2770 3663 2948 3736 Digne
2973 3661 3247 3732 ambulat,
3274 3661 3374 3733 qui
3392 3665 3543 3718 recte

1909 3763 2063 3833 vivit,
2099 3765 2155 3818 et
2197 3760 2336 3816 alios
2358 3775 2464 3832 per
2494 3758 2716 3814 bonum
2757 3755 3083 3827 exemplum
3113 3754 3364 3824 attrahit,
3375 3754 3544 3826 juxta

1907 3856 2048 3912 illud
2078 3872 2092 3910 :
2126 3857 2230 3923 Qui
2254 3853 2432 3916 audit,
2459 3852 2608 3906 dicat
2632 3869 2650 3906 :
2686 3851 2840 3906 Veni.
2867 3849 2982 3904 Deo
3010 3864 3114 3920 per
3136 3847 3332 3902 omnia
3359 3847 3542 3919 placet

1907 3951 2007 4022 qui
2029 3949 2137 4004 hoc
2151 3946 2422 4018 adimplet
2436 3943 2593 4017 quod
2618 3940 2878 3999 subditur
2911 3958 2924 3996 :
2960 3942 3018 3996 ΙΝ
3046 3956 3178 3997 eum
3201 3956 3374 3996 orans
3391 3955 3540 3997 nouo

1907 4055 2376 4110 FBUCTIFICANTES,
2417 4055 2480 4094 ετ
2512 4051 2848 4095 censeamus
2884 4051 2940 4091 IN
2983 4051 3224 4092 summu
3259 4035 3378 4091 DEI.
3418 4034 3540 4089 Non

1907 4137 2050 4192 dixit
2078 4136 2136 4190 in
2165 4151 2302 4203 uno,
2339 4132 2438 4188 sed
2471 4135 2530 4186 in
2567 4133 2744 4197 omni;
2787 4146 2902 4184 non
2939 4128 3074 4184 dicit
3111 4133 3428 4184 constantes
3463 4127 3540 4182 ad

1905 4233 2150 4302 tempus,
2178 4227 2273 4283 sed
2301 4228 2692 4296 fructificantes
2719 4227 2770 4278 et
2785 4226 3069 4278 crescentes
3091 4224 3150 4276 in
3178 4222 3401 4276 scientia
3418 4221 3538 4283 Dei,

1904 4323 1964 4379 id
1991 4322 2164 4378 estde
2195 4319 2460 4376 omnibus
2502 4317 2663 4372 bonis
2689 4315 2770 4370 illi
2797 4314 3036 4368 sciamus
3065 4311 3272 4384 gratias
3298 4311 3534 4382 referre,

1897 4417 2066 4488 juxta
2096 4413 2237 4469 illud
2263 4430 2276 4467 :
2305 4412 2500 4468 Gratia
2525 4411 2622 4466 Dei
2646 4424 2786 4474 sum;
2817 4409 2874 4461 et
2901 4423 2915 4460 :
2953 4407 3072 4464 Non
3097 4405 3268 4468 nobis,
3300 4405 3538 4468 Domine,

171 4503 336 4568 Quod
362 4508 555 4560 autem
597 4521 713 4560 non
761 4505 904 4562 dixit
948 4507 1310 4580 singulariter
1345 4523 1460 4562 non
1495 4523 1669 4576 cesso,
1715 4507 1810 4562 sed
1827 4503 1888 4576 D
1908 4524 2013 4564 non
2034 4508 2206 4571 nobis,
2221 4505 2316 4561 sed
2335 4505 2544 4558 nomini
2565 4507 2653 4558 tuo
2679 4501 2753 4556 da
2773 4500 3027 4570 gloriam.
3053 4497 3336 4563 Quoniam
3355 4496 3534 4570 ipsius

171 4596 476 4668 pluraliter
514 4613 622 4654 non
658 4613 943 4665 cessamus,
988 4605 1044 4656 et
1069 4601 1138 4656 de
1169 4617 1228 4656 se
1258 4601 1365 4655 hoc
1391 4599 1628 4666 dicebat,
1657 4604 1714 4654 et
1741 4599 1810 4655 de

171 4689 298 4744 aliis
343 4690 439 4761 qui
485 4706 615 4745 cum
658 4691 758 4746 illo
795 4696 975 4748 erant.
1024 4693 1288 4756 Quamvis
1333 4708 1492 4748 orare
1526 4693 1811 4764 postulare

173 4798 358 4839 unum
387 4783 478 4851 sit,
506 4785 618 4840 hoc
644 4783 897 4855 interest,
926 4785 1060 4856 quia
1085 4803 1244 4841 orare
1273 4783 1509 4844 dicimus
1535 4786 1604 4842 de
1633 4787 1809 4842 levio-

172 4875 334 4932 ribus
357 4877 547 4947 rebus,
580 4878 866 4949 postulare
887 4882 1080 4935 autem
1105 4879 1174 4934 de
1193 4879 1504 4952 majoribus
1531 4884 1587 4936 et
1607 4879 1808 4936 difﬁci-

172 4968 434 5025 lioribus.
485 4970 706 5026 Orando
754 4973 856 5042 est,
898 4972 996 5044 qui
1035 4976 1184 5028 stant
1225 4989 1298 5029 ne
1339 4973 1572 5044 cadant;
1614 4977 1808 5046 postu-

172 5062 360 5131 lando,
385 5066 453 5117 ut
479 5063 575 5136 qui
597 5064 788 5136 jacent
819 5067 1073 5138 surgant.
1116 5067 1406 5122 Orandum
1451 5073 1538 5124 est
1576 5073 1642 5124 ut
1671 5068 1810 5140 justi

172 5161 636 5228 remunerentur,
673 5158 1076 5229 postulandum
1113 5163 1178 5215 ut
1213 5161 1462 5216 scelerati
1492 5161 1807 5232 justiﬁcen-

170 5253 284 5306 tur.
312 5251 393 5306 Ur
418 5267 735 5307 mnuum
773 5268 825 5307 IN
864 5269 1154 5310 AGNITIONE
1178 5269 1509 5312 VOLUNTATIS
1537 5256 1654 5310 Dm.
1687 5254 1808 5310 Pri-

169 5359 334 5398 mum
387 5344 766 5416 qumrendum
817 5349 901 5400 est
926 5346 1064 5418 quid
1094 5347 1165 5402 sit
1190 5348 1359 5419 Deus,
1385 5348 1545 5419 juxta
1575 5347 1807 5420 psalmi-

171 5441 274 5490 ετ,εὲ
302 5451 522 5507 vocem,
551 5437 649 5510 qui
681 5437 759 5493 ait
787 5453 802 5492 :
835 5439 1067 5506 Quaerite
1097 5441 1399 5504 Dominum,
1434 5445 1485 5496 et
1524 5444 1808 5510 conﬁrma-

169 5532 339 5598 mini;
361 5533 586 5600 quzrite
602 5533 800 5599 faciem
830 5531 947 5601 ejus
973 5547 1208 5603 semper;
1237 5532 1438 5589 deinde
1463 5533 1676 5605 agnitio
1704 5550 1808 5590 vo-

170 5621 403 5683 luntatis
447 5629 568 5700 ejus
602 5629 739 5702 quid
787 5630 920 5686 velit
956 5631 1122 5701 Deus,
1165 5631 1309 5686 sicut
1340 5632 1490 5686 idem
1527 5633 1810 5704 apostolus

170 5719 292 5778 ait:
331 5723 402 5778 Ut
418 5724 657 5794 probetis
697 5739 815 5795 quae
845 5727 919 5780 sit
959 5725 1210 5781 voluntas
1257 5727 1350 5781 Dei
1392 5725 1548 5790 bona,
1593 5731 1642 5782 et
1685 5727 1811 5783 bene

163 5814 409 5888 placens,
455 5821 505 5872 et
533 5819 798 5890 perfecta.
839 5818 912 5873 De
954 5835 1067 5890 quo
1099 5817 1203 5891 [Ita
1241 5817 1390 5890 Cod]
1423 5819 1666 5890 qualiter
1691 5837 1808 5875 ser-

1911 4605 1996 4658 est
2023 4601 2189 4656 nobis
2219 4597 2490 4670 perﬁcere
2519 4595 2579 4650 in
2611 4610 2746 4650 mm
2772 4607 3016 4649 vmrvrn.
3039 4590 3234 4647 Omnis
3263 4591 3441 4646 virtus
3455 4593 3541 4646 est

1910 4695 2005 4750 Dei
2035 4695 2268 4762 donum,
2291 4690 2390 4762 qui
2417 4687 2610 4746 omnia
2629 4691 2901 4760 praestare
2920 4690 3125 4758 potest.
3147 4684 3340 4741 Omnis
3361 4685 3538 4740 virtus

1910 4792 1995 4845 est
2019 4790 2076 4844 et
2102 4785 2308 4843 mentis
2328 4788 2385 4840 et
2413 4781 2680 4854 corporis.
2721 4779 3048 4836 Conﬁrmati
3103 4795 3137 4833 a
3179 4777 3330 4850 quo?
3369 4777 3477 4832 nisi
3507 4794 3541 4832 a

1911 4880 2168 4937 Domino.
2209 4879 2366 4934 Unde
2405 4881 2462 4932 et
2505 4874 2640 4930 alibi
2685 4872 2804 4930 ait:
2854 4873 2959 4940 Qui
3001 4875 3050 4926 et
3093 4873 3427 4940 conﬁrmavit
3443 4885 3536 4925 vos

1908 4991 2074 5046 usque
2115 4976 2174 5028 in
2217 4975 2374 5042 ﬁnem
2423 4971 2536 5024 sine
2596 4969 2842 5033 crimine.
2903 4965 3191 5020 SECUNDUM
3235 4977 3540 5020 parsurum

1911 5080 2220 5126 cunmms
2247 5079 2394 5132 mus,
2421 5061 2479 5117 id
2505 5065 2589 5116 est
2617 5056 2928 5115 secundum
2968 5057 3089 5128 ejus
3125 5055 3417 5127 virtutem,
3446 5056 3536 5114 di-

1909 5166 2072 5218 cente
2089 5159 2382 5215 Psalmista
2404 5171 2418 5211 :
2452 5153 2842 5211 Fortitudinem
2865 5165 3039 5206 meam
3062 5149 3138 5205 ad
3157 5154 3205 5206 te
3221 5151 3539 5208 custodiam.

1909 5255 2052 5310 Hinc
2088 5253 2356 5309 Dominus
2396 5249 2518 5304 ait:
2568 5247 2693 5302 Sine
2734 5259 2816 5300 me
2858 5245 3000 5299 nihil
3033 5247 3282 5316 potestis;
3307 5248 3546 5302 Lucerna

1903 5347 2135 5418 pedibus
2173 5347 2301 5401 meis
2359 5342 2579 5397 verbum
2624 5343 2795 5401 tuum,
2856 5338 3096 5402 Domine,
3149 5341 3202 5394 et
3231 5339 3406 5394 lumen
3455 5355 3540 5396 se-

1909 5443 2056 5496 mitis
2075 5441 2222 5495 meis.
2247 5439 2303 5494 IN
2326 5451 2462 5492 eum
2495 5447 2794 5502 summu,
2825 5431 2884 5486 id
2918 5434 3002 5486 est
3029 5448 3160 5490 cum
3186 5433 3458 5504 proximis
3487 5435 3546 5486 et

1911 5533 2174 5604 subjectis
2203 5533 2373 5602 atque
2413 5525 2713 5596 extraneis,
2743 5529 2801 5580 et
2823 5526 3290 5599 persequentibus
3317 5541 3439 5580 nos.
3466 5523 3543 5578 Er

1909 5643 2360 5698 LONGANIMITATE,
2409 5629 2476 5682 ut
2529 5640 2757 5697 semper
2803 5623 2980 5679 simus
3037 5622 3312 5694 patientes
3361 5624 3428 5674 ut
3481 5619 3545 5675 in

1909 5723 2208 5798 prosperis,
2243 5721 2321 5776 ita
2345 5720 2405 5776 in
2430 5719 2696 5777 adversis.
2733 5719 2852 5774 Con
2885 5729 3100 5774 GAUDIO.
3147 5712 3366 5768 Scilicet
3394 5711 3546 5769 utin

1909 5815 2366 5874 tribulationibus
2401 5831 2627 5887 semper
2675 5809 2989 5884 gaudeatis,
3033 5811 3298 5861 monente
3341 5805 3547 5864 Iacobo
