4054 6186
455 331 556 414 sei
1943 314 2342 407 LUCULENTH
3709 351 3817 406 sta

453 465 741 536 apostolo:
771 465 933 522 Omne
962 461 1222 531 gaudium
1249 461 1570 522 existimate,
1598 461 1799 527 fratres
1817 461 1941 521 mei,
1961 475 2091 550 cum
2101 473 2162 545 Α
2181 461 2306 514 estis
2329 475 2450 513 cum
2473 459 2857 514 maledixerint
2888 459 3036 514 vobis
3073 460 3329 526 homines,
3359 465 3410 514 et
3429 459 3701 530 persecuti
3724 473 3817 510 vos

451 562 508 614 in
533 561 705 614 variis
726 555 1108 612 tentationibus
1125 553 1445 607 incideritis.
1476 553 1571 607 Vel
1590 568 1694 624 per
1716 551 2007 624 passiones
2027 557 2083 606 et
2178 553 2408 619 fuerint,
2435 559 2485 608 et
2514 553 2757 608 dixerint
2802 568 2954 608 omne
2990 553 3193 608 malum
3229 553 3515 607 adversum
3553 567 3649 606 vos
3671 566 3816 604 meu-

454 651 839 707 tribulationes
875 647 1133 702 futurum
1174 645 1445 716 gaudium
1483 661 1614 700 cum
1642 645 1861 700 Christo
1897 645 2078 716 perci-
2182 647 2366 701 tientes
2389 651 2614 717 propter
2629 661 2744 712 me;
2761 645 2990 715 gaudete
3014 651 3064 702 et
3088 647 3374 710 exsultate,
3401 647 3660 715 quoniam
3677 659 3814 698 mer-

451 744 636 816 piatis,
675 739 986 798 secundum
1019 738 1194 810 ipsius
1222 737 1565 809 promissum
1601 737 1836 793 dicentis
1867 756 1884 792 :
1937 739 2087 793 Beati
2181 754 2260 794 ces
2287 744 2467 794 vestra
2495 740 2670 795 multa
2692 745 2770 794 est
2795 741 2856 794 in
2875 739 3022 795 caelo.

2001 1035 2250 1160 XV.

449 1228 664 1295 Lectio
697 1223 998 1311 Epistolas
1028 1225 1203 1292 beati
1231 1221 1416 1321 Pauli
1444 1227 1724 1321 apostoli
1738 1227 1850 1321 ad
1859 1226 2284 1321 Colossenses
2311 1227 2423 1320 (In,
2460 1228 2559 1321 12)
2593 1247 2607 1289 :
2641 1227 2928 1321 Fratres,
2961 1227 3212 1291 induite
3245 1245 3392 1304 vos,
3424 1227 3596 1290 sicut
3621 1225 3812 1288 electi

1279 1309 1422 1383 Dei,
1451 1306 1663 1370 sancti
1689 1315 1752 1369 et
1778 1306 2014 1384 dilecti,
2046 1307 2294 1370 viscera
2323 1306 2819 1384 misericordia,
2851 1311 2973 1370 etc.

1693 1458 2108 1514 COMMENTUM
2147 1458 2568 1514 LUCULENTII.

519 1580 872 1636 Colossenses
911 1580 1044 1631 sunt
1085 1576 1228 1630 sicut
1282 1575 1650 1630 Laodicenses
1699 1574 1909 1629 Asiani.
1962 1575 2074 1641 His,
2171 1576 2314 1646 puli,
2331 1577 2380 1630 si
2403 1575 2734 1630 dilectionem
2761 1574 3055 1630 habueritis
3080 1577 3142 1629 in
3164 1576 3409 1629 invicem.
3430 1574 3505 1629 Er
3530 1586 3812 1628 nonanus

446 1679 672 1744 accepto
697 1671 864 1726 verbo
889 1669 1156 1735 veritatis,
1176 1667 1414 1722 firmiter
1437 1671 1714 1722 steterunt
1728 1667 1787 1721 in
1814 1667 1942 1735 fide,
1974 1683 2076 1722 nec
2175 1683 2596 1724 VOBISIETIPSIS.
2629 1667 2690 1720 ld
2719 1673 2805 1722 est
2831 1667 3168 1723 alterutrum
3196 1667 3561 1722 dimittentes.
3595 1665 3656 1720 Sl
3683 1679 3812 1727 oms

445 1766 609 1822 falsos
637 1768 973 1835 receperunt
995 1761 1294 1832 apostolos.
1317 1763 1379 1815 In
1397 1765 1619 1814 tantum
1645 1761 1874 1831 perfecti
1900 1758 2072 1832 [Cod.,
2093 1831 2136 1835 _
2173 1776 2448 1816 ADVERSUS
2471 1776 2708 1823 ALIQUEM
2730 1776 2900 1816 HABET
2925 1775 3230 1822 causam.
3263 1759 3321 1814 ld
3349 1761 3434 1813 est
3457 1757 3506 1812 si
3531 1762 3594 1811 tu
3622 1757 3684 1811 in
3714 1757 3814 1811 ali-

446 1857 746 1930 persecuti]
765 1831 969 1922 erant,
1011 1831 1073 1908 ut
1112 1853 1366 1924 apostolo
1413 1869 1529 1908 non
1569 1831 1914 1924 indigerent,
1965 1831 2150 1907 nisiB
2173 1870 2286 1925 quo
2327 1853 2581 1920 fratrem,
2611 1857 2709 1908 aut
2735 1853 2914 1908 frater
2941 1855 2998 1908 te
3027 1852 3190 1920 laesit,
3232 1851 3472 1906 invicem
3519 1850 3810 1905 dimittere

444 1950 836 2006 exhortatione
891 1951 1134 2002 tantum.
1194 1948 1458 2001 Hortatur
1512 1962 1606 2002 eos
1666 1946 1962 2018 Apostolus
2020 1951 2076 2002 et
2175 1945 2410 2013 debetis,
2432 1945 2488 2000 id
2509 1951 2592 2000 est
2613 1945 2845 2013 donare,
2875 1949 3107 2018 propter
3133 1944 3272 2000 illud
3302 1961 3316 1998 :
3345 1947 3628 2006 Dimittite,
3651 1949 3702 1997 et
3729 1943 3811 1995 di-

441 2045 712 2101 admonet
729 2041 976 2114 qualiter
995 2040 1278 2095 Christum
1295 2039 1552 2109 induant,
1571 2039 1788 2095 dicens:
1805 2040 2070 2110 Furens,

445 2154 660 2195 lNDUlTE
708 2151 833 2205 VOS,
888 2149 1041 2190 SICUT
1084 2149 1267 2190 ELECTI
1320 2135 1436 2203 DEI,
1472 2149 1702 2189 VISCERA
1753 2148 2072 2190 MISERICOR-

443 2249 564 2288 nne.
591 2231 734 2286 Nota
758 2229 890 2301 quia
913 2227 1036 2281 aliis
1063 2227 1348 2298 discipulis
1393 2227 1528 2281 dicit
1557 2243 1570 2280 :
1611 2227 1878 2296 Quotquot
1907 2227 2074 2281 credi-

440 2327 616 2388 distis,
651 2325 922 2382 Christum
949 2321 1240 2388 induistis;
1271 2321 1364 2374 hic
1395 2337 1526 2374 vero
1547 2319 1968 2375 Colossensibus
1995 2319 2074 2374 di-

441 2419 544 2472 cit:
579 2417 792 2473 Induite
818 2431 930 2477 vos,
959 2417 1097 2469 sicut
1114 2416 1267 2469 electi
1287 2416 1402 2469 Dei.
1425 2416 1500 2468 Ac
1527 2413 1572 2468 si
1612 2413 1761 2468 dicat
1791 2430 1804 2466 :
1852 2412 2072 2468 lnduite

441 2527 537 2566 vos
555 2513 744 2566 Jesum
770 2509 1069 2564 Christum.
1117 2509 1186 2562 Et
1218 2508 1365 2562 bene
1407 2506 1562 2574 dicit,
1612 2509 1752 2562 sicut
1789 2507 1940 2561 electi
1980 2509 2075 2562 Dei

431 2601 651 2668 ‘smcrl,
673 2603 805 2674 quia
829 2619 863 2656 a
887 2603 998 2656 Deo
1024 2601 1186 2656 electi
1218 2605 1401 2668 erant,
1431 2599 1574 2654 sicut
1603 2599 1878 2654 Dominus
1903 2599 2068 2654 disci-

437 2698 589 2770 pulis
615 2697 802 2752 dicens
833 2715 850 2752 :
876 2699 996 2754 Non
1014 2710 1106 2749 vos
1143 2709 1225 2749 me
1249 2695 1500 2761 elegistis,
1531 2693 1624 2748 sed
1659 2708 1753 2764 ego
1786 2695 1923 2763 elegi
1957 2709 2068 2748 vos.

438 2791 506 2846 Et
546 2791 878 2862 Apostolus:
931 2790 1070 2856 Quos
1106 2789 1404 2858 praesciuit,
1433 2788 1524 2842 hos
1558 2793 1606 2842 et
1645 2789 1876 2842 vocavit.
1922 2787 2071 2842 Bene

436 2887 628 2947 sancti,
655 2883 788 2956 quia
809 2886 865 2937 et
893 2881 1012 2954 ipse
1038 2883 1264 2936 sanctus
1291 2884 1374 2935 est
1401 2879 1500 2952 qui
1527 2879 1662 2935 dicit
1685 2897 1698 2934 :
1725 2882 1914 2937 Sancti
1943 2883 2072 2935 esto-

2171 2042 2416 2094 mittetur
2437 2039 2622 2104 vobis;
2654 2039 2798 2103 date,
2821 2043 2873 2094 et
2897 2039 3120 2094 dabitur
3149 2039 3336 2104 vobis;
3363 2037 3512 2108 quod
3535 2036 3634 2108 qui
3663 2035 3809 2090 fece-

2172 2131 2266 2200 rit,
2301 2131 2641 2187 ﬁducialiter
2681 2133 2852 2187 audet
2879 2132 3066 2187 dicere
3091 2131 3151 2186 in
3177 2131 3428 2186 oratione
3458 2129 3758 2184 Dominica
3790 2147 3804 2182 :

2172 2228 2391 2280 Dimitte
2417 2225 2568 2280 nobis
2594 2226 2774 2280 debita
2794 2231 2999 2289 nostra,
3028 2228 3168 2280 sicut
3193 2229 3244 2280 et
3266 2240 3360 2280 nos
3379 2225 3704 2279 dimittimus
3720 2223 3814 2276 de-

2175 2320 2437 2374 bitoribus
2473 2321 2692 2374 nostris.

2243 2414 2415 2468 Serra
2466 2428 2641 2467 omne
2681 2427 2858 2466 sensu
2913 2427 3052 2478 nec,
3110 2427 3445 2467 caam'rareu
3507 2426 3812 2477 HABEN‘I‘ES,

2173 2522 2316 2570 oeoo
2367 2520 2464 2561 EST
2507 2521 2783 2562 vmcuu'u
2847 2520 3248 2562 PERFECTIONIS.
3296 2505 3432 2559 Huic
3482 2504 3664 2559 simile
3725 2509 3818 2558 est

2170 2599 2308 2654 illud
2335 2599 2574 2670 apostoli
2603 2599 2754 2654 Petri
2785 2615 2799 2652 :
2833 2601 3014 2654 Estote
3061 2599 3376 2670 prudentes,
3406 2603 3458 2653 et
3495 2599 3723 2668 vigilate
3757 2601 3819 2652 in

2170 2694 2504 2748 orationibus
2525 2711 2542 2756 ;
2570 2697 2694 2748 ante
2713 2693 2895 2748 omnia
2914 2697 3094 2746 autem
3117 2697 3364 2746 mutuam
3385 2693 3442 2745 in
3469 2692 3818 2761 vobismetip—

2168 2788 2244 2842 sis
2259 2786 2577 2841 charitatem
2598 2788 2905 2840 continuam
2935 2786 3204 2840 habentes.
3228 2784 3486 2840 Charitas
3511 2784 3817 2856 aliquoties

2171 2878 2320 2934 inter
2347 2883 2578 2934 ceteras
2597 2878 2832 2933 virtutes
2855 2878 3040 2949 prima
3059 2877 3292 2950 ponitur
3316 2877 3384 2932 ab
3401 2878 3654 2949 apostolo
3678 2895 3817 2950 pro-

439 2983 508 3039 te,
548 2978 679 3046 quia
712 2991 806 3044 ego
843 2978 1062 3029 sanctus
1093 2989 1232 3028 sum.
1264 2973 1483 3029 Viscera
1525 2973 1906 3028 misericordiae
1938 2971 2073 3027 dicit
2170 2977 2297 3044 pter
2321 2971 2676 3044 dignitatem,
2695 2971 2784 3027 vel
2813 2971 3328 3041 mansuetudinem,
3357 2987 3426 3026 eo
3451 2970 3605 3042 quod
3625 2972 3818 3042 major

439 3067 650 3122 viscera
673 3065 920 3138 pietatis,
961 3065 1092 3136 quia
1114 3065 1178 3118 in
1213 3067 1440 3119 tantum
1474 3081 1570 3118 vos
1605 3065 1822 3134 dilexit,
1867 3069 1927 3119 ut
1956 3080 2071 3120 non
2170 3064 2242 3120 sit
2273 3065 2490 3120 caeteris
2519 3065 2840 3121 virtutibus.
2872 3063 2975 3120 Ubi
3009 3081 3140 3120 vero
3167 3064 3365 3120 ultimo
3395 3065 3520 3120 loco
3549 3064 3812 3137 ponitur,

439 3160 692 3232 pretium
720 3157 875 3213 aliud
901 3173 1006 3229 pro
1025 3157 1180 3211 vobis
1201 3156 1378 3227 daret,
1401 3157 1501 3212 sed
1526 3157 1822 3228 proprium
1847 3156 2072 3229 sangui-
2091 3199 2146 3274 C
2171 3175 2286 3213 non
2328 3163 2564 3231 propter
2602 3158 2974 3231 exiguitatem
3029 3158 3116 3214 vel
3157 3157 3617 3228 diminutionem,
3650 3160 3812 3230 quod

439 3269 564 3274 __-_.-
610 3251 870 3274 .l‘.__.l..__l.
938 3252 1010 3274 n-
1052 3265 1158 3274 ηε...
1201 3248 1331 3274 Αἲξ-ν.
1372 3248 1640 3274 ..-Α-ιιιιιι-
1687 3248 2023 3274 ..-ι-,ΔΣ-Αμηι
2054 3267 2066 3274 .
2171 3252 2357 3274 μξμ-..
2383 3253 2449 3274 .__’L
2510 3251 2601 3274 _-J
2638 3257 2866 3274 __.__A_..
2890 3250 3324 3274 1‘.__J-_.-_1-_...-
3355 3252 3440 3274 --.ιὶ
3474 3252 3784 3274 --ὶῖλΑ-.-.-

439 3269 570 3308 nem
609 3251 894 3306 funderet.
938 3252 1013 3306 De
1048 3265 1160 3321 quo
1198 3248 1336 3304 olim
1372 3248 1646 3321 propheta
1687 3248 2067 3321 praedixerat:

436 3350 541 3402 Per
567 3347 776 3401 viscera
793 3342 1176 3398 misericordiae
1199 3343 1300 3397 Dei
1317 3345 1510 3406 nostri,
1537 3344 1598 3396 in
1612 3343 1806 3412 quibus
1831 3345 2072 3398 visitavit

437 3456 534 3496 nos
557 3442 734 3495 oriens
763 3454 830 3493 ea:
856 3437 986 3494 alto.
1031 3437 1453 3493 Bsmcmrneu.
1491 3435 1614 3490 lam
1652 3435 1851 3507 incipit
1893 3452 2066 3508 expo-

438 3550 573 3590 nere
601 3533 738 3605 quid
763 3536 862 3587 aut
880 3531 1122 3604 qualiter
1139 3529 1300 3584 indui
1321 3545 1378 3584 se
1401 3527 1644 3584 debeant
1661 3545 1792 3584 cum
1817 3529 1952 3584 dicit
1981 3531 2067 3586 be-

437 3629 776 3698 nignitatem.
803 3626 955 3678 Bene
983 3622 1121 3678 dicit
1151 3623 1560 3692 benignitatem;
1589 3622 1696 3677 hoc
1725 3627 1810 3678 est
1836 3622 2070 3698 benevo-

440 3697 694 3789 lentiam,
734 3719 840 3772 hoc
877 3721 962 3772 est
985 3722 1050 3771 ut
1079 3715 1198 3770 sitis
1219 3715 1478 3770 benevoli
1507 3715 1580 3770 ad
1609 3732 1826 3784 omnes,
1859 3697 1945 3772 uita
1984 3716 2067 3770 di-

438 3813 676 3884 ligentes
709 3815 774 3864 ut
816 3809 1176 3880 vosmetipos.
1220 3809 1616 3866 Humurueu.
1646 3810 1778 3864 Post
1801 3809 2067 3881 benigni-

440 3910 615 3960 tatem
649 3901 904 3974 sequitur
931 3900 1236 3956 humilitas.
1275 3902 1574 3958 Humilitas
1608 3919 1818 3974 magna
1856 3907 1940 3958 est
1957 3903 2067 3957 vir-

441 4006 552 4068 tus,
591 4012 720 4068 quae
757 3994 1018 4049 homines
1061 3994 1297 4064 angelos
1339 3995 1491 4050 fecit.
1551 3995 1624 4050 De
1666 3995 1770 4050 hac
1821 4012 2069 4068 namque

441 4091 648 4146 dicitur
679 4107 692 4144 :
727 4089 831 4156 Qui
850 4089 967 4142 sine
985 4087 1290 4142 humilitate
1305 4090 1559 4143 virtutem
1586 4094 1890 4159 congregat,
1913 4091 2073 4159 quasi

439 4189 537 4257 qui
573 4187 632 4240 in
676 4186 894 4238 ventum
924 4181 1204 4251 pulverem
1236 4185 1442 4252 portat,
1488 4187 1537 4236 et
1575 4184 1736 4251 quasi
1761 4185 2072 4252 qui‘merccs

439 4279 801 4348 congregavit,
837 4278 986 4330 misit
1023 4290 1112 4330 eas
1143 4276 1202 4329 in
1238 4275 1514 4330 sacculum
1537 4281 1836 4346 pertusum.
1865 4278 1930 4332 Et
1960 4277 2068 4331 Do-

440 4379 630 4434 minus
655 4375 822 4432 dicit:
851 4376 1046 4430 Discite
1077 4391 1112 4428 a
1151 4389 1232 4430 me
1276 4375 1408 4444 quia
1439 4375 1585 4428 mitis
1623 4389 1740 4430 sum
1773 4379 1824 4430 et
1856 4375 2073 4430 humilis

437 4473 612 4528 corde.
640 4471 978 4525 Moossrmu.
1007 4467 1274 4522 Modestia
1300 4467 1421 4538 ipsa
1463 4471 1546 4521 est
1583 4471 1639 4522 et
1674 4467 2068 4539 temperantia,

2171 3252 2358 3308 minor
2381 3253 2472 3322 sit,
2507 3251 2606 3308 sed
2637 3257 2866 3324 propter
2888 3250 3330 3308 fundamentum
3355 3252 3444 3308 vel
3471 3252 3814 3308 solidamen-

2169 3353 2294 3401 tum
2313 3345 2562 3418 ponitur,
2593 3345 2737 3401 sicut
2762 3362 2868 3418 pro
2895 3344 3152 3418 Ephesiis
3175 3351 3302 3401 orat
3329 3345 3520 3401 dicens
3545 3363 3558 3400 :
3587 3348 3650 3402 1n
3675 3347 3809 3402 cha-

2165 3441 2334 3494 ritate
2356 3439 2594 3495 radicati
2618 3444 2670 3494 et
2702 3439 2960 3508 fundati;
2990 3440 3111 3510 ipsa
3140 3443 3222 3494 est
3250 3438 3407 3494 enim
3431 3439 3596 3494 radix
3621 3439 3808 3494 omni-

2171 3548 2270 3587 um
2281 3532 2576 3601 virtutum,
2603 3533 2723 3588 sine
2748 3548 2864 3604 qua
2891 3531 3123 3587 virtutes
3140 3537 3361 3587 craterae
3378 3532 3515 3586 vitia
3538 3538 3809 3606 reputan-

2169 3630 2283 3680 tur.
2303 3624 2454 3680 Sicut
2473 3625 2650 3696 enim,
2674 3625 2834 3680 verbi
2855 3625 3035 3698 gratia
3046 3625 3248 3694 dicam,
3264 3625 3470 3698 aliquis
3485 3626 3658 3681 homo
3678 3643 3805 3680 ma-

2169 3719 2435 3791 nipulum
2464 3718 2672 3774 faciens
2688 3735 2757 3774 ex
2773 3719 3006 3790 virgulis
3027 3719 3365 3790 agrestibus,
3390 3735 3616 3776 necesse
3637 3723 3720 3776 est
3741 3726 3810 3775 ut

2170 3829 2302 3868 cum
2325 3829 2440 3868 una
2469 3829 2540 3867 ex
2569 3812 2676 3867 illis
2699 3816 2756 3868 et
2772 3818 3002 3868 cateras
3022 3811 3394 3885 constringat,
3417 3829 3490 3868 ne
3516 3813 3629 3868 huc
3647 3813 3808 3869 illuc-

2171 3921 2281 3978 que
2311 3905 2746 3978 dispergantur;
2779 3906 2856 3961 sic
2884 3922 3110 3962 necesse
3139 3911 3222 3961 est
3245 3909 3311 3960 ut
3330 3907 3660 3979 quicunque
3691 3924 3802 3962 caa-

2169 4008 2319 4059 teras
2331 4002 2565 4060 virtutes
2593 4004 2802 4060 habere
2819 4004 3120 4074 desiderat,
3135 4003 3344 4060 habeat
3361 4004 3656 4059 vinculum
3679 4022 3805 4077 per-

2169 4097 2448 4165 fectionis,
2483 4096 2834 4168 charitatem,
2883 4097 3014 4169 quia
3055 4101 3120 4152 ut
3157 4097 3274 4152 dixi
3316 4103 3538 4152 craterae
3566 4099 3805 4153 virtutes

2171 4190 2290 4245 sine
2322 4189 2592 4246 charitate
2618 4190 2764 4244 nihil
2792 4196 2942 4245 sunt.
2974 4190 3113 4246 Hinc
3142 4190 3276 4245 alibi
3307 4191 3441 4245 dicit
3467 4191 3760 4262 apostolus
3785 4209 3800 4245 :

2169 4287 2230 4342 Si
2271 4285 2470 4353 linguis
2497 4285 2770 4340 hominum
2799 4285 2992 4354 loquar
3023 4289 3074 4338 et
3094 4286 3428 4354 angelorum,
3476 4286 3800 4340 charitatem

2123 4397 2131 4400 ·
2171 4395 2278 4433 ηοη
2315 4379 2560 4444 habeam,
2574 4379 2759 4445 factus
2777 4393 2894 4433 sum
2907 4379 3055 4432 velut
3072 4393 3142 4434 aes
3160 4393 3355 4434 sonans
3381 4383 3479 4433 aut
3491 4379 3802 4447 cymbalum

2171 4475 2423 4528 tinniens.
2453 4474 2526 4527 Er
2551 4487 2653 4527 PAX
2681 4475 2901 4528 CHRISTI
2924 4488 3257 4528 axsuueruv
3285 4487 3547 4528 coanmus
3563 4488 3798 4527 vssrius.

438 4582 551 4621 una
583 4581 653 4618 ex
685 4567 931 4634 quatuor
965 4561 1267 4616 virtutibus
1311 4561 1740 4632 principalibus.
1797 4561 2148 4640 ModestusD
2171 4565 2284 4620 Pax
2311 4570 2503 4620 nostra
2527 4565 2780 4622 Christus
2809 4571 2912 4634 est,
2957 4565 3178 4620 dicente
3223 4565 3522 4636 Apostolo:
3556 4569 3676 4636 Ipse
3723 4571 3802 4620 est

441 4659 615 4724 enim,
644 4656 704 4710 id
732 4661 814 4710 est
839 4657 1207 4725 temperatus,
1232 4654 1402 4708 debet
1428 4671 1546 4708 esse
1573 4653 1808 4725 quilibet
1833 4654 1918 4708 vir
1942 4671 2070 4726 per-

436 4753 764 4818 fectus,non
785 4748 966 4803 solum
987 4747 1045 4800 in
1067 4747 1189 4800 cibo
1209 4751 1263 4801 et
1283 4751 1416 4818 potu
1441 4752 1672 4819 propter
1694 4747 1860 4803 illud:
1887 4748 2075 4802 Atten-

440 4848 552 4902 dite
579 4862 644 4900 ne
672 4846 968 4914 graventur
993 4841 1158 4894 corda
1185 4846 1364 4895 vestra
1394 4843 1451 4894 in
1480 4842 1706 4910 crapula
1719 4845 1771 4896 et
1795 4843 2070 4904 ebrietate,

441 4956 639 4994 verum
683 4937 851 4992 etiam
899 4935 957 4990 in
984 4933 1347 5005 cogitatione,
1390 4938 1446 4987 et
1471 4934 1771 5004 locutione,
1802 4939 1857 4990 et
1882 4951 2072 5006 opera-

440 5033 614 5101 tione,
657 5037 716 5086 et
756 5032 814 5084 in
853 5028 1010 5084 omni
1052 5033 1198 5082 actu.
1245 5028 1594 5082 pATIENTIAM.
1633 5027 1858 5082 Patiens
1906 5027 2073 5083 debet

443 5141 561 5180 esse
626 5125 710 5178 vir
760 5124 1064 5195 perfectus,
1097 5125 1366 5176 monente
1413 5121 1698 5192 Apostolo.
1745 5107 1931 5176 Pacem
1985 5138 2068 5176 se-

441 5219 680 5280 ctamini,
709 5223 763 5271 et
784 5217 1212 5272 sanctimoniam.
1247 5215 1313 5269 Et
1347 5213 1615 5268 Dominus
1653 5213 1820 5269 dicit:
1863 5217 1927 5270 In
1965 5231 2068 5286 pa-

441 5313 631 5368 tientia
684 5315 861 5364 vestra
907 5310 1252 5379 possidebitis
1277 5310 1512 5375 ,animas
1561 5312 1786 5364 vestras.
1843 5309 1909 5362 Et
1963 5308 2072 5363 alia

440 5405 732 5476 Scriptura
758 5401 892 5458 dicit
920 5418 934 5454 :
965 5403 1246 5472 Sapientia
1273 5405 1384 5456 viri
1406 5419 1505 5473 per
1525 5403 1850 5474 patientiam
1887 5403 2071 5470 digno-

435 5503 622 5558 scitur.
656 5497 1076 5552 Scrronmms
1123 5511 1362 5551 lNV’lCHM.
1399 5497 1589 5568 Ipsum
1617 5500 1700 5552 est
1743 5494 1895 5566 quod
1939 5494 2070 5549 alibi

439 5595 606 5650 dicit:
630 5593 787 5650 Alter
813 5589 1040 5644 alterius
1063 5603 1227 5642 onera
1239 5593 1476 5658 portate,
1504 5595 1552 5644 et
1589 5593 1665 5644 sic
1706 5589 2071 5660 adimplebitis

439 5691 604 5759 legem
651 5687 868 5746 Christi.
906 5684 1020 5738 Lex
1059 5681 1265 5736 Christi
1311 5680 1531 5736 dilectio
1579 5689 1681 5752 est,
1737 5700 1910 5755 quam
1936 5688 2069 5738 tunc

438 5783 764 5853 implemus,
794 5780 839 5834 si
875 5777 1118 5833 invicem
1162 5792 1263 5830 nos
1305 5773 1642 5829 sufferimus.
1693 5777 1759 5830 Et
1802 5775 2070 5830 Dominus

439 5875 606 5929 dicit:
647 5876 712 5928 In
745 5876 839 5928 hoc
872 5875 1180 5940 cognoscent
1214 5885 1390 5923 armes
1431 5869 1563 5936 quia
1599 5872 1702 5922 mei
1735 5872 1856 5924 estis
1903 5871 2066 5925 disci-

2165 4676 2286 4730 paa:
2311 4664 2518 4720 nostra,
2557 4661 2654 4728 qui
2674 4661 2805 4727 fecit
2832 4665 3062 4728 utraque
3081 4675 3266 4713 unum.
3303 4659 3372 4713 Et
3411 4658 3657 4713 iterum:
3685 4661 3804 4714 Pax

2171 4750 2270 4802 Dei
2295 4763 2412 4818 quae
2432 4753 2718 4819 exsuperat
2748 4763 2952 4804 omnem
2967 4763 3198 4810 sensum,
3219 4747 3488 4802 custodiat
3511 4750 3674 4802 corda
3696 4763 3804 4802 res-

2173 4847 2260 4895 tra
2289 4846 2339 4896 et
2357 4842 2742 4910 intelligentias
2761 4846 2982 4897 vestras.
3008 4842 3261 4896 Exsultat
3280 4840 3434 4896 enim
3458 4841 3520 4896 in
3541 4841 3803 4896 cordibus

2173 4939 2514 5003 sanctorum,
2548 4951 2676 4989 cum
2709 4951 2804 4989 eos
2828 4935 3101 4989 exsultare
3131 4934 3285 4989 facit.
3320 4935 3393 4988 De
3423 4951 3536 5005 qua
3565 4934 3806 4989 exsulta-

2172 5027 2325 5082 tione
2371 5028 2648 5100 propheta
2695 5027 2828 5082 dicit
2855 5046 2869 5082 :
2903 5027 3270 5084 Emsultabunt
3299 5031 3479 5082 sancti
3517 5031 3576 5083 in
3603 5029 3796 5096 gloria.

2172 5119 2309 5176 Huic
2341 5121 2523 5176 simile
2548 5127 2634 5176 est
2662 5122 2816 5193 quod
2841 5121 3008 5176 alibi:
3037 5124 3191 5178 Misit
3218 5125 3356 5177 Deus
3381 5123 3648 5192 Spiritum
3679 5122 3806 5177 Filii

2169 5217 2258 5270 sui
2282 5217 2340 5270 in
2363 5215 2527 5270 corda
2557 5217 2879 5270 clamantem
2907 5234 2923 5269 :
2953 5215 3109 5271 Abba
3138 5217 3320 5277 Pater,
3349 5220 3405 5269 et
3433 5231 3446 5268 :
3481 5218 3598 5284 Ipse
3625 5217 3796 5287 Spiri-

2172 5313 2257 5364 tus
2305 5311 2664 5364 testimonium
2699 5309 2888 5365 reddet
2933 5311 3156 5380 spiritui
3187 5313 3386 5372 nostro,
3431 5309 3576 5378 quod
3622 5325 3802 5364 sumus

2169 5403 2275 5472 ﬁlii
2295 5405 2410 5458 Dei.

2241 5497 2298 5551 IN
2327 5511 2434 5559 oro
2463 5512 2525 5550 ar
2555 5511 2750 5552 VOCATI
2794 5513 2962 5566 ESTIS,
3002 5497 3060 5551 id
3091 5501 3174 5552 est
3202 5497 3262 5550 in
3301 5496 3546 5566 Christo,
3591 5499 3802 5567 quieos

2169 5592 2378 5646 vocavit
2403 5591 2468 5646 de
2499 5591 2726 5646 tenebris
2752 5593 2809 5646 in
2835 5591 3161 5646 admirabile
3191 5591 3371 5645 lumen
3400 5606 3578 5646 suum.
3609 5592 3800 5646 Unum

2169 5699 2374 5754 corpus
2393 5683 2524 5740 dicit
2549 5687 2802 5740 sanctam
2828 5685 3150 5755 Ecclesium,
3177 5696 3505 5757 quanquam
3522 5685 3584 5738 in
3610 5689 3800 5756 partes

2170 5773 2345 5830 divisa
2370 5777 2460 5846 sit,
2479 5777 2750 5833 membris
2764 5773 3019 5834 fidelium
3037 5783 3229 5834 tamen
3250 5777 3482 5833 collecta
3505 5794 3692 5834 unum
3719 5781 3802 5833 est

2171 5885 2392 5944 corpus.
2431 5873 2534 5926 Vos
2567 5875 2690 5927 estis
2734 5888 2926 5944 corpus
2965 5874 3183 5937 Christi,
3237 5871 3371 5926 dicit
3397 5871 3714 5945 Apostolus,
3741 5875 3793 5927 et
