4054 6186
213 333 320 389 849

1527 340 1591 393 IN
1629 339 1774 394 CAP.
1822 341 1861 395 ll
1901 341 1990 396 AD
2029 343 2252 398 TITUM.

3473 345 3576 404 850

209 440 448 496 membra
475 440 541 495 de
567 440 835 502 membris,
866 445 924 496 et
955 458 968 496 :
1007 441 1158 496 Sicut
1195 446 1255 498 in
1287 460 1393 499 uno
1423 461 1643 516 corpore
1668 448 1842 503 multa
1864 457 1923 532 Α
1943 449 2159 520 respuit
2171 450 2364 518 Vetus,
2387 468 2502 506 non
2530 457 2616 507 est
2635 451 2836 508 doctus
2857 453 3018 508 omni
3045 451 3344 526 sapientia.
3362 454 3570 511 Aliter:

208 534 450 589 membra
479 534 756 590 habemus.
797 534 874 590 Er
920 551 1078 591 cur!
1118 551 1337 592 asrors.
1367 538 1428 594 Id
1467 541 1554 594 est
1583 540 1841 612 gratiosi,

211 625 596 698 acceptabiles
616 627 690 682 ad
712 643 932 683 omnes.
961 627 1117 684 Sicut
1139 629 1296 684 idem
1317 630 1388 686 de
1410 647 1470 686 se
1497 631 1635 688 dicit
1657 649 1670 688 :
1694 633 1850 690 Sicut

209 726 262 776 et
287 736 382 790 ego
403 737 508 791 per
537 721 717 776 omnia
749 722 992 776 omnibus
1014 723 1224 793 placeo.
1255 725 1482 781 VERBUM
1511 726 1754 795 CHRISTI,
1787 728 1846 784 id

211 817 302 868 est
333 813 593 868 doctrina
617 813 844 883 Christi,
878 818 936 869 et
960 816 1335 887 Evangelium
1363 819 1590 888 Christi,
1621 837 1846 878 BABITET

207 924 266 964 IN
292 923 453 964 voars
483 923 852 976 ABUNDANTER,
890 911 953 962 ut
989 909 1100 964 hoc
1137 910 1293 982 quod
1327 911 1643 984 intelligitis
1671 931 1844 986 opere

208 999 568 1072 compleatis.
587 1001 965 1056 Abundanter
985 1002 1139 1058 enim
1159 1003 1219 1058 in
1243 1005 1516 1076 quolibet,
1539 1023 1670 1061 cum
1689 1011 1844 1062 recte

207 1094 504 1165 intelligit,
537 1098 595 1149 et
631 1110 803 1166 opere
841 1094 1068 1166 implet;
1119 1098 1674 1168 superabundanter,
1713 1117 1844 1156 cum

208 1189 344 1242 aliis
371 1190 590 1259 erogat.
615 1189 854 1260 Propter
879 1188 1015 1243 illud
1046 1190 1199 1261 quod
1228 1191 1503 1246 Dominus
1523 1193 1692 1248 dicit:
1717 1194 1847 1261 Quis

205 1287 381 1352 putas
407 1286 486 1338 est
509 1282 683 1352 ﬁdelis
709 1283 1049 1352 dispensator
1069 1288 1118 1338 et
1132 1285 1374 1354 prudens
1399 1302 1555 1356 quem
1571 1290 1848 1344 constituit

208 1379 471 1430 Dominus
507 1390 670 1445 super
701 1377 978 1443 familiam
1019 1380 1221 1432 suam?
1259 1379 1327 1432 Et
1371 1377 1577 1433 iterum
1613 1397 1626 1434 :
1661 1380 1848 1436 Omnis

210 1470 398 1524 scriba
423 1469 607 1524 doctus
633 1470 692 1523 in
717 1484 881 1538 regno
907 1471 1174 1534 caelorum,
1199 1473 1392 1527 similis
1417 1477 1496 1528 est
1521 1474 1724 1528 homini
1735 1492 1842 1544 pa-

213 1563 560 1629 trifamilias,
583 1564 678 1632 qui
699 1565 915 1634 profert
931 1564 996 1618 de
1018 1566 1267 1619 thesauro
1292 1581 1388 1620 suo
1410 1581 1549 1621 nova
1572 1572 1624 1622 et
1642 1573 1840 1623 vetera.

211 1657 274 1710 lx
308 1671 442 1711 03m
472 1669 772 1724 SAPIENTIA,
803 1655 862 1710 id
897 1660 981 1711 est
1011 1657 1068 1711 in
1098 1657 1285 1713 Veteri
1313 1662 1370 1713 et
1396 1658 1455 1713 in
1485 1661 1634 1715 Novo
1662 1661 1845 1717 Testa-

215 1753 438 1803 mento.
469 1747 575 1813 Qui
613 1749 769 1804 enim
813 1749 1016 1821 recipit
1053 1751 1272 1806 Novum
1303 1753 1756 1822 Testamentum,
1789 1757 1846 1809 et

1945 545 2003 598 in
2020 545 2171 598 omni
2184 546 2476 616 sapientia,
2495 544 2552 599 in
2579 545 2771 602 littera
2796 549 2854 601 et
2880 546 3169 602 intellectu
3191 547 3491 620 spirituali,
3513 548 3573 604 in

1947 635 2223 707 allegoria
2266 641 2327 692 ut
2373 638 2481 694 hoc
2527 638 2682 710 quod
2710 639 2852 710 legit
2881 639 3252 710 spiritualiter
3295 640 3572 697 disserere

1943 730 2148 784 valeat.
2188 731 2471 788 Docsms
2519 749 2581 787 er
2621 747 3036 790 commonemus.
3083 734 3362 789 Docentes
3411 735 3573 804 alios,

1945 826 2382 879 commonentes
2411 825 2804 896 vosmetipsos.
2847 825 2907 882 Id
2936 827 3124 898 ipsum
3150 829 3237 882 est
3263 827 3421 898 quod
3449 827 3573 883 aliis

1946 914 2234 988 discipulis
2263 915 2438 972 dicit:
2472 918 2578 984 Qui
2600 919 2752 973 docet
2775 920 2834 972 in
2857 920 3122 983 doctrina,
3145 923 3244 990 qui
3260 921 3576 978 exhortatur

1945 1010 2003 1063 in
2028 1009 2380 1067 emhortando.
2417 1009 2581 1074 Quod
2611 1011 2691 1066 ibi
2721 1011 2876 1078 dicit,
2907 1015 3008 1083 qui
3032 1014 3182 1068 docet
3217 1016 3276 1067 in
3300 1015 3570 1078 doctrina,

1946 1101 2053 1155 hoc
2076 1104 2134 1155 et
2159 1101 2249 1156 hic
2271 1101 2408 1157 dicit
2427 1104 2691 1160 docentes.
2714 1105 2781 1159 Et
2808 1105 2962 1176 quod
2991 1105 3087 1173 ibi,
3108 1107 3208 1177 qui
3235 1108 3570 1174 exhortatur,

1945 1193 2054 1248 hoc
2097 1198 2156 1247 et
2199 1194 2290 1249 hic
2331 1202 2716 1252 commonentes
2759 1213 3145 1253 vosurmrsos.
3188 1199 3349 1254 Unde
3395 1202 3454 1254 et
3496 1199 3569 1254 ad

1943 1285 2129 1340 Titum
2177 1305 2189 1342 :
2237 1291 2359 1344 Hac
2389 1290 2600 1359 loquere
2646 1295 2697 1344 et
2734 1292 3035 1346 erhortare.
3083 1292 3198 1346 Sed
3239 1293 3294 1346 in
3343 1308 3456 1364 quo
3506 1310 3566 1348 so

1945 1395 2318 1434 commonere
2350 1381 2651 1449 deberent,
2683 1383 2980 1438 evidenter
3007 1385 3233 1456 aperuit
3271 1402 3399 1439 cum
3435 1385 3565 1439 sub-

1937 1473 2128 1544 junxit
2157 1491 2171 1529 :
2201 1475 2258 1530 lN
2290 1490 2516 1530 PSALMlS
2557 1493 2621 1531 ET
2663 1492 2885 1532 HYMNIS.
2916 1478 3172 1530 Psalmus
3211 1478 3458 1548 pertinet
3498 1480 3570 1533 ad

1943 1582 2168 1639 corpus,
2198 1568 2446 1639 hymnus
2481 1568 2552 1626 ad
2593 1569 3186 1636 mentem,.canticum
3227 1569 3299 1625 ad
3343 1570 3568 1625 fortitu—

1945 1658 2157 1715 dinem.
2169 1702 2180 1714 .
2193 1703 2204 1715 .

208 1907 3564 1949 Ἥ

1749 2062 2052 2186 XVI.

205 2245 428 2310 Lectio
458 2245 761 2328 Epistolas
789 2248 964 2313 beati
993 2249 1177 2315 Pauli
1207 2252 1488 2332 apostoli
1518 2253 1850 2338 ad_Titur_n
1880 2255 1968 2338 (ιι2
2005 2257 2106 2338 lt)
2141 2277 2154 2317 :
2191 2257 2523 2338 Apparuit
2546 2260 2769 2338 gratia
2811 2259 2936 2323 Dei
2973 2259 3341 2324 Saluatoris
3367 2260 3575 2322 nostri

1413 2333 1714 2396 omnibus
1783 2333 2154 2398 hominibus
2167 2383 2188 2413 ,
2246 2333 2370 2399 etc.

1457 2473 1872 2529 COMMENTUM
1910 2473 2331 2530 LUCULENTII.

279 2592 433 2646 Titus
455 2593 865 2666 interpretatur
892 2612 1154 2668 quaerens
1179 2598 1400 2654 bonum
1429 2599 1541 2656 sive
1571 2601 1833 2658 luctatus.

198 2686 441 2739 Secutus
485 2690 570 2741 est
609 2689 848 2744 Paulum
885 2691 1209 2761 apostolum
1254 2695 1311 2746 et
1357 2696 1548 2763 pastor
1587 2694 1836 2749 ecclesia;

197 2778 322 2832 sive
354 2779 631 2851 magister
655 2782 726 2836 ab
755 2783 962 2838 eodem
992 2784 1326 2841 constitutus
1353 2791 1456 2854 est,
1489 2803 1620 2841 cum
1655 2787 1792 2842 dicit
1821 2806 1834 2844 :

197 2875 389 2942 Hujus
421 2878 500 2929 rei
523 2879 705 2945 gratia
732 2878 935 2948 reliqui
954 2883 1000 2933 tc
1021 2880 1190 2935 Cretae
1215 2885 1276 2936 ut
1300 2897 1418 2950 quae
1449 2882 1642 2937 desunt
1665 2886 1835 2938 corri-

194 2982 300 3034 gas
326 2973 378 3021 et
402 2972 695 3026 constituas
722 2975 990 3043 episcopos
1019 2989 1116 3043 per
1141 2977 1406 3037 civitates,
1445 2978 1582 3031 sicut
1613 2993 1706 3046 ego
1741 2979 1838 3032 tibi

195 3061 465 3131 disImsui.
494 3062 690 3119 Omnis
711 3067 809 3136 qui
829 3067 1046 3121 bonum
1075 3067 1298 3139 quierit,
1328 3068 1386 3122 id
1416 3073 1500 3124 est
1525 3069 1833 3126 Dominum

191 3171 264 3208 ac
307 3155 486 3208 vitam
533 3159 830 3228 aeternam,
879 3161 1190 3230 Epistolam
1239 3162 1386 3216 hanc
1422 3162 1493 3216 ad
1531 3180 1592 3217 se
1639 3169 1836 3220 noscat

193 3247 608 3319 conscriptam,
623 3267 727 3322 per
743 3268 919 3322 quam
937 3253 1250 3309 erudiatur.
1267 3255 1573 3326 Dupliciter
1590 3256 1833 3329 intelligi

195 3343 394 3412 potest
420 3343 575 3413 quod
608 3343 762 3400 dicit.
793 3348 1076 3402 APPARL'IT
1105 3364 1300 3404 GItA'I‘IA
1331 3349 1693 3417 SALVATORIS;
1724 3351 1832 3406 hoc

194 3440 286 3490 est
313 3437 400 3490 vel
433 3436 548 3507 ipse
575 3437 854 3505 Salvator,
874 3439 945 3494 de
976 3457 1089 3512 quo
1111 3443 1364 3496 Joannes
1393 3459 1406 3498 :
1435 3445 1683 3499 Vidimus
1715 3445 1829 3514 glo-

192 3533 340 3584 riam
370 3531 504 3599 ejus,
524 3531 751 3598 gloriam
782 3536 946 3602 quasi
967 3537 1238 3603 unigeniti
1265 3552 1296 3589 a
1323 3537 1500 3591 Patre.
1529 3536 1632 3600 Qui
1655 3554 1829 3608 appa-

191 3624 316 3678 ruit
341 3623 416 3678 ad
447 3624 555 3679 hoc
587 3627 650 3678 ut
675 3625 731 3678 in
762 3642 820 3680 se
852 3627 1213 3682 credentibus
1239 3628 1403 3683 daret
1428 3629 1687 3684 brevium
1706 3632 1834 3686 vita:

190 3719 453 3784 aeternae,
487 3717 639 3788 quod
677 3718 852 3790 [ϐοείη
889 3722 1083 3791 quem]
1126 3721 1316 3776 nullus
1353 3723 1502 3778 valet
1537 3725 1830 3796 consequi,

191 3809 305 3865 nisi
327 3809 572 3882 gratuita
591 3811 687 3866 Dei
709 3811 1122 3870 misericordia.
1141 3817 1253 3870 Aut
1273 3819 1422 3871 certe
1446 3816 1630 3887 gratia
1652 3818 1832 3873 sancti

189 3905 512 3976 Evangelii,
558 3921 686 3976 qum
741 3923 848 3978 per
899 3907 1231 3962 universum
1275 3909 1480 3964 claruit
1521 3910 1828 3980 mundum,

187 3997 437 4054 Domino
463 3998 827 4070 praecipiente
860 3999 1148 4072 discipulis
1178 4019 1191 4056 :
1221 4004 1302 4056 Ite
1332 4005 1390 4057 in
1414 4003 1676 4058 mundum
1702 4007 1828 4060 uni-

189 4107 428 4156 versum;
454 4093 747 4161 pradicate
766 4095 1121 4162 Evangelium
1141 4098 1284 4151 omni
1311 4100 1587 4153 creatura.
1613 4098 1694 4152 De
1715 4115 1830 4169 qua

189 4185 380 4248 {gratia
407 4185 540 4239 dicit
560 4187 845 4258 propheta
865 4205 878 4242 :
903 4191 1224 4259 Ermquarit
1241 4193 1477 4260 gratiam
1492 4193 1550 4246 in
1567 4194 1825 4262 gratiam.

189 4281 258 4334 Et
285 4281 538 4334 Joannes
561 4297 574 4334 :
597 4284 670 4336 De
680 4281 1023 4350 plenitudine
1041 4283 1157 4351 ejus
1177 4301 1352 4340 omnes
1381 4288 1687 4356 accepimus
1706 4303 1828 4356 gra-

1940 2597 2010 2666 ci,
2049 2597 2282 2652 Barbari
2319 2603 2376 2653 et
2414 2596 2658 2670 Scythae,
2695 2598 2842 2652 servi
2881 2603 2939 2653 et
2972 2597 3210 2667 domini,
3253 2598 3572 2655 circumcisi

1941 2693 1998 2743 et
2026 2690 2310 2762 praeputia
2333 2691 2618 2758 habentis,
2642 2691 2876 2746 masculi
2897 2694 2953 2746 et
2975 2691 3222 2760 feminas,
3244 2692 3342 2746 sed
3366 2707 3570 2746 omnes

1939 2784 1995 2836 in
2027 2783 2248 2838 Christo
2277 2788 2454 2838 unum
2485 2801 2702 2838 sumus.
2727 2787 2851 2839 Non
2881 2787 2964 2840 est
2999 2785 3155 2838 enim
3185 2801 3566 2856 personarum

1940 2880 2222 2948 acceptor,
2248 2881 2346 2947 qui
2369 2893 2548 2932 omnes
2569 2879 2688 2933 vult
2707 2879 2885 2932 saltos
2902 2880 3040 2947 fieri,
3067 2881 3117 2933 et
3145 2878 3222 2932 ad
3243 2881 3569 2946 agnitionem

1936 2973 2182 3025 veritatis
2203 2973 2402 3026 venire.
2427 2971 2638 3025 Omnes
2663 2971 2816 3025 enim
2839 2971 2910 3026 ad
2929 2986 3172 3040 regnum
3193 2988 3360 3026 suum
3384 2975 3566 3041 vocat;

1937 3081 2142 3118 omnes
2171 3067 2297 3135 post
2337 3063 2616 3118 offensam
2657 3064 2801 3118 Patri
2839 3068 3037 3119 nostro
3081 3081 3274 3120 sumus
3309 3065 3564 3121 reconci~

1934 3155 2136 3224 liandi,
2172 3174 2288 3211 non
2321 3173 2426 3228 per
2452 3157 2660 3211 merita
2691 3160 2904 3224 nostra,
2933 3157 3029 3212 sed
3056 3174 3162 3228 per
3180 3158 3427 3229 gratiam
3450 3159 3570 3214 Sal-

1935 3249 2162 3316 vatoris,
2195 3249 2248 3304 id
2285 3253 2372 3304 est
2410 3249 2552 3304 Filii.
2601 3236 2753 3315 Quae‘
2784 3250 2970 3321 gratia
3011 3251 3208 3321 patris,
3247 3255 3346 3306 aut
3385 3251 3566 3322 gratia

1935 3342 2097 3397 Filii?
2124 3360 2237 3414 qua
2269 3344 2550 3415 redempti
2580 3361 2794 3412 sumus,
2821 3344 2912 3398 cui
2939 3344 3147 3398 dicitur
3173 3361 3278 3416 per
3312 3345 3559 3416 prophe~

1933 3438 2052 3489 tam
2085 3452 2097 3490 :
2122 3437 2225 3490 Pro
2251 3437 2420 3490 nihilo
2444 3437 2682 3490 saltabis
2707 3451 2821 3491 nos.

2003 3530 2081 3583 Ur
2110 3545 2450 3584 ABNEGANTES
2495 3545 2840 3584 mererum.
2892 3528 3272 3600 Impietatem,
3322 3529 3556 3586 idolola-

1933 3621 2127 3689 triam,
2175 3623 2260 3676 vel
2306 3621 2710 3676 inﬁdelitatem
2751 3621 2888 3676 dicit
2940 3639 2953 3676 :
3001 3621 3124 3693 ipsa
3167 3625 3254 3677 est
3295 3622 3562 3695 impietas

1933 3731 2104 3785 quam
2145 3713 2442 3769 Zacharias
2469 3714 2752 3787 propheta
2789 3714 2927 3769 vidit
2969 3715 3172 3770 sedere
3199 3733 3369 3788 super
3407 3735 3558 3774 mas-

1931 3824 2052 3870 sam
2081 3808 2432 3878 plumbeam,
2476 3808 2533 3862 in
2583 3809 2868 3864 foramine
2898 3809 3214 3881 amphoraa.
3244 3811 3558 3869 Sacuumu

1929 3887 2211 3958 Desmeuu
2241 3901 2377 3956 dicit
2397 3905 2555 3957 actus
2581 3904 2857 3972 carnales,
2887 3920 3030 3975 quos
3054 3905 3355 3976 Apostolus
3383 3923 3557 3978 expo-

1930 3995 2016 4050 nit
2047 4013 2060 4050 :
2089 3997 2384 4064 Manifesta
2409 4001 2535 4052 sunt
2559 4013 2721 4068 opera
2742 3999 2938 4060 carnis,
2960 4013 3080 4068 qua:
3099 4003 3229 4054 sunt
3245 4001 3558 4067 fornicatio,

1928 4090 2296 4154 immunditia,
2333 4091 2578 4155 luxuria,
2610 4091 2878 4146 idolorum
2903 4094 3152 4147 servitus.
3193 4092 3260 4146 Et
3293 4092 3560 4165 adjungit

1929 4182 2164 4239 virtutes
2207 4201 2338 4239 cum
2378 4184 2513 4239 dicit
2550 4201 2563 4239 :
2604 4187 2829 4240 Fructus
2873 4184 3110 4254 Spiritus
3151 4189 3230 4240 est
3269 4186 3552 4255 gaudium,

1921 4294 2060 4347 pam,
2090 4280 2380 4347 patientia,
2419 4279 2820 4346 longanimitas,
2851 4278 3082 4338 bonitas,
3116 4278 3436 4347 benignitas.
3474 4281 3556 4334 lta

186 4377 326 4428 tiam
346 4388 449 4442 pro
477 4375 678 4441 gratia.
711 4373 955 4430 Oumnvs
986 4389 1304 4443 HOMINIBL’S,
1321 4377 1437 4432 sive
1461 4377 1692 4446 Iudaeis,
1713 4378 1826 4434 sive

1935 4370 2036 4424 hoc
2062 4369 2120 4423 in
2151 4370 2278 4424 loco
2307 4370 2504 4424 omnia
2529 4369 2664 4424 vitia
2691 4367 3129 4440 comprehendit
3157 4386 3288 4424 cum
3312 4370 3390 4426 ait
3413 4389 3425 4426 :
3451 4375 3551 4428 De-

187 4466 461 4540 omnibus
479 4467 808 4523 nationibus
829 4485 958 4540 quae
978 4468 1036 4523 in
1057 4485 1188 4523 eum
1209 4470 1599 4526 crediderunt.
1617 4471 1704 4526 Ad
1717 4472 1829 4527 hoc

1935 4463 2072 4517 clina
2091 4479 2125 4516 a
2144 4464 2304 4517 malo.
2329 4461 2667 4532 Perstringit
2692 4464 2748 4515 et
2777 4461 3045 4516 virtutem
3077 4479 3208 4517 cum
3233 4463 3313 4518 ait
3341 4482 3352 4520 :
3376 4467 3446 4521 Et
3463 4469 3556 4533 fac

185 4559 300 4614 illis
324 4559 606 4630 apparuit,
623 4561 916 4628 ul,relicta
931 4567 1209 4629 creatura,
1225 4563 1464 4617 adorent
1479 4563 1822 4619 Creatorem.
1925 4555 2138 4610 δοηωηο
2177 4554 2391 4611 SOBRIE-
2425 4554 2735 4622 SObl‘ietaS,
2770 4557 2832 4608 ut
2873 4572 2906 4609 ⁸
2946 4555 3257 4626 majoribus
3288 4558 3550 4628 traditur.

189 4655 466 4710 εηυοιεκε
511 4669 633 4710 Nos,
683 4653 744 4709 1d
787 4660 891 4725 est,
941 4655 1150 4710 docens
1192 4672 1315 4712 nos.
1357 4655 1626 4712 Eruditus
1667 4657 1824 4712 enim
1926 4665 2042 4704 una
2062 4651 2231 4703 estex
2253 4651 2497 4721 quatuor
2523 4648 2822 4703 virtutibus
2848 4648 3274 4721 principalibus.
3300 4651 3554 4717 Quatuor

184 4747 397 4802 dicitur
436 4747 656 4816 doctus,
699 4747 955 4804 imbutus
1000 4753 1172 4821 atque
1217 4749 1546 4806 instructus.
1599 4751 1754 4807 Sicut
1791 4769 1822 4807 e

1935 4743 2160 4798 virtutes
2203 4743 2565 4816 principales,
2607 4743 2933 4814 prudentia,
2982 4743 3278 4813 fortitudo,
3329 4749 3548 4818 tempe-

183 4844 408 4907 contra,
439 4841 756 4898 ineruditus
783 4841 992 4898 dicitur
1018 4842 1238 4912 brutus,
1268 4843 1400 4900 ideo
1433 4845 1590 4916 quod
1625 4861 1823 4902 carere
1842 4868 1903 4942 D
1925 4841 2133 4908 rantia,
2159 4840 2402 4912 justitia.
2433 4840 2724 4942 Sobrietas
2755 4841 2876 4914 ipsa
2903 4846 2988 4897 est
3019 4843 3430 4942 temperantia;
3469 4849 3552 4942 est

185 4934 415 4989 videtur
449 4951 613 4990 sensu
643 4936 732 4990 vel
771 4936 1096 5008 prudentia.
1130 4937 1370 4992 Erudire
1401 4937 1625 5008 dicitur,
1661 4939 1824 5012 quasi

183 5047 216 5081 ει
249 5044 383 5082 rure
425 5028 739 5084 sublevare.
783 5029 1022 5085 Erudire
1067 5047 1171 5085 nos
1204 5031 1402 5099 voluit,
1441 5033 1537 5103 qui
1571 5032 1728 5104 ligna
1769 5036 1823 5088 et

183 5120 406 5193 lapides
460 5121 810 5193 colebamus,
853 5140 911 5179 se
955 5139 1303 5194 cognoscere
1343 5125 1496 5180 fecit.
1545 5124 1702 5181 Sicut
1749 5126 1824 5182 ad

179 5215 499 5269 Jerusalem
523 5215 898 5286 peccatricem
918 5233 1024 5289 per
1041 5217 1354 5274 Jeremiam
1380 5219 1723 5290 prephetam
1745 5218 1825 5273 di-

180 5307 332 5364 citur
363 5325 378 5362 :
411 5309 663 5374 Erudire,
711 5312 1031 5376 Jerusalem,
1072 5328 1166 5368 nec
1203 5313 1418 5368 recedat
1449 5314 1632 5367 anima
1675 5330 1708 5368 a
1752 5318 1820 5368 te.

181 5402 248 5456 Et
277 5401 430 5457 bene
453 5407 580 5473 post
606 5403 944 5475 dccalogum
970 5405 1264 5474 doctrinae,
1289 5406 1427 5477 quid
1455 5405 1665 5462 senex?
1685 5405 1824 5478 quid

179 5495 367 5550 anus?
411 5494 547 5567 quid
587 5497 874 5568 virgines?
919 5499 1056 5570 quid
1103 5499 1538 5554 adolescentes?
1582 5499 1717 5570 quid
1749 5500 1822 5555 ad

178 5592 504 5644 extremum
555 5607 747 5647 servos
790 5591 1102 5648 admonere
1145 5591 1476 5648 debuisset?
1526 5609 1725 5650 omnes
1761 5593 1818 5647 iu

179 5700 360 5739 unum
391 5683 835 5757 comprehendit
874 5685 1109 5742 dicens:
1142 5689 1423 5757 Apparuit
1457 5689 1598 5742 enim
1637 5689 1820 5756 gratia

175 5777 480 5834 Saluatoris
535 5782 709 5834 nostri
743 5781 990 5836 omnibus
1034 5781 1357 5844 hominibus,
1400 5780 1650 5836 audiens
1691 5797 1816 5846 nos;

179 5871 317 5944 quia
349 5872 506 5928 nulla
534 5875 620 5928 est
651 5873 803 5946 apud
835 5874 998 5930 illum
1029 5874 1373 5946 differentia,
1401 5875 1580 5931 Judaei
1603 5879 1660 5931 et
1677 5877 1820 5933 Cra:-

1926 4934 2082 4989 enim
2105 4933 2492 5006 temperantia
2511 4934 2569 4989 in
2591 4934 2716 4989 cibo
2737 4939 2794 4990 et
2811 4938 2972 5006 potu,
2993 4938 3226 5006 propter
3244 4935 3379 4991 illud
3397 4937 3546 5008 quod

1924 5028 2196 5084 Dominus
2227 5027 2304 5083 ait
2339 5044 2352 5082 :
2381 5029 2658 5084 Attendite
2688 5045 2750 5083 ne
2775 5033 3073 5099 graventur
3095 5029 3262 5084 corda
3289 5036 3467 5086 vestra
3494 5035 3552 5087 in

1922 5123 2146 5192 crapula
2172 5125 2224 5179 et
2241 5122 2517 5178 ebrietate.
2551 5121 2665 5178 Sed
2689 5121 2744 5175 in
2772 5121 3122 5193 cogitatione
3144 5139 3373 5195 quoque
3395 5129 3453 5180 et
3475 5128 3550 5181 lo—

1923 5215 2151 5272 cutioue
2182 5219 2238 5271 et
2262 5215 2618 5288 operatione,
2653 5215 2711 5269 in
2747 5215 2908 5269 omni
2935 5220 3065 5270 actu
3099 5219 3293 5273 nostro
3326 5221 3546 5292 tempe-

1921 5309 2030 5365 rati
2064 5327 2186 5364 esse
2225 5309 2516 5376 debemus,
2545 5307 2680 5379 quia
2707 5325 2879 5362 omne
2908 5309 3062 5380 quod
3097 5309 3270 5366 nimis
3301 5317 3404 5380 est,
3435 5315 3546 5368 sive

1923 5403 1992 5458 de
2025 5419 2251 5458 sursum
2277 5403 2368 5470 sit,
2397 5402 2511 5456 sive
2539 5400 2608 5456 de
2634 5401 2924 5470 deorsum,
2957 5402 3014 5457 in
3041 5403 3238 5460 vitium
3265 5407 3548 5476 reputabi-

1920 5502 2032 5553 tur.
2077 5499 2150 5553 Ετ
2182 5512 2363 5562 wsra,
2399 5495 2579 5563 idest
2613 5495 2877 5551 ﬁdeliter.
2925 5499 3110 5554 Justus
3154 5516 3221 5555 ea:
3251 5500 3356 5569 ﬁde
3390 5502 3542 5552 vivit.

1921 5589 2082 5644 Unde
2115 5593 2172 5645 et
2194 5591 2444 5644 Joannes
2476 5607 2489 5644 :
2531 5591 2714 5650 Omnis
2741 5591 2836 5661 qui
2868 5592 3004 5658 facit
3022 5593 3324 5660 justitiam,
3352 5607 3419 5644 ea:
3445 5593 3547 5644 Duo

1919 5689 2016 5739 est.
2073 5683 2244 5756 Cujus
2301 5683 2606 5756 participes
2655 5687 2806 5752 sunt,
2869 5683 3156 5756 pudicitia,
3197 5681 3439 5750 castitas,
3493 5691 3552 5740 et

1919 5778 2126 5832 horum
2158 5776 2382 5832 similia.
2417 5779 2492 5833 Er
2518 5795 2605 5833 rm
2632 5795 2886 5844 vwsm‘s,
2911 5777 3016 5830 hoc
3045 5775 3440 5846 estreligiose.
3468 5777 3546 5833 Nc

1917 5869 2074 5928 enim
2098 5870 2486 5930 immoderata
2509 5871 2581 5928 sit
2599 5869 2841 5945 justitia,
2869 5867 3050 5940 pietas
3081 5868 3411 5926 comitanda
3441 5867 3556 5946 est,
