  <div class='ocr_page' id='page_1' title='image "/cluster/home/n/w/nwhite01/storage/ocr_20150623/72/hvd.32044054758768/431.png"; bbox 0 0 4054 6186; ppageno 0'>
   <div class='ocr_carea' id='block_1_1' title="bbox 487 275 3849 341">
    <p class='ocr_par' dir='ltr' id='par_1_1' title="bbox 487 275 3849 341">
     <span class='ocr_line' id='line_1_1' title="bbox 487 275 3849 341; baseline -0.004 0"><span class='ocrx_word' id='word_1_1' title='bbox 487 286 586 341; x_wconf 72' lang='grc'>851</span> <span class='ocrx_word' id='word_1_2' title='bbox 1975 276 2372 332; x_wconf 84' lang='lat' dir='ltr'>LUCULENTII</span> <span class='ocrx_word' id='word_1_3' title='bbox 3741 275 3849 328; x_wconf 83' lang='lat'>852</span> 
     </span>
    </p>
   </div>
   <div class='ocr_carea' id='block_1_2' title="bbox 489 379 3848 466">
    <p class='ocr_par' dir='ltr' id='par_1_2' title="bbox 489 379 3848 466">
     <span class='ocr_line' id='line_1_2' title="bbox 489 379 3848 466; baseline -0.004 -20"><span class='ocrx_word' id='word_1_4' title='bbox 489 405 620 464; x_wconf 76' lang='lat' dir='ltr'>quae</span> <span class='ocrx_word' id='word_1_5' title='bbox 645 405 779 462; x_wconf 86' lang='lat' dir='ltr'>pars</span> <span class='ocrx_word' id='word_1_6' title='bbox 801 391 889 443; x_wconf 89' lang='lat' dir='ltr'>est</span> <span class='ocrx_word' id='word_1_7' title='bbox 901 385 1156 459; x_wconf 72' lang='lat' dir='ltr'>justiﬁes.</span> <span class='ocrx_word' id='word_1_8' title='bbox 1177 385 1246 438; x_wconf 87' lang='lat' dir='ltr'>Et</span> <span class='ocrx_word' id='word_1_9' title='bbox 1269 384 1412 439; x_wconf 91' lang='lat' dir='ltr'>sicut</span> <span class='ocrx_word' id='word_1_10' title='bbox 1435 383 1634 438; x_wconf 88' lang='lat' dir='ltr'>beatus</span> <span class='ocrx_word' id='word_1_11' title='bbox 1653 383 2006 454; x_wconf 83' lang='lat' dir='ltr'>Augustinus</span> <span class='ocrx_word' id='word_1_12' title='bbox 2025 382 2114 437; x_wconf 94' lang='lat' dir='ltr'>di-</span> <span class='ocrx_word' id='word_1_13' title='bbox 2137 393 2197 466; x_wconf 73' lang='grc' dir='ltr'><strong>Α</strong></span> <span class='ocrx_word' id='word_1_14' title='bbox 2218 383 2375 438; x_wconf 81' lang='lat' dir='ltr'>Sicut</span> <span class='ocrx_word' id='word_1_15' title='bbox 2397 383 2553 439; x_wconf 91' lang='lat' dir='ltr'>idem</span> <span class='ocrx_word' id='word_1_16' title='bbox 2584 382 2872 454; x_wconf 77' lang='lat' dir='ltr'>apostolus</span> <span class='ocrx_word' id='word_1_17' title='bbox 2900 381 3039 456; x_wconf 78' lang='lat' dir='ltr'>dicit</span> <span class='ocrx_word' id='word_1_18' title='bbox 3065 397 3078 438; x_wconf 89' lang='lat'><strong>:</strong></span> <span class='ocrx_word' id='word_1_19' title='bbox 3115 379 3369 436; x_wconf 82' lang='lat' dir='ltr'>Tradidit</span> <span class='ocrx_word' id='word_1_20' title='bbox 3386 381 3726 449; x_wconf 79' lang='lat' dir='ltr'>semetipsum</span> <span class='ocrx_word' id='word_1_21' title='bbox 3745 395 3848 450; x_wconf 81' lang='lat' dir='ltr'>pro</span> 
     </span>
    </p>
   </div>
   <div class='ocr_carea' id='block_1_3' title="bbox 491 473 3844 552">
    <p class='ocr_par' dir='ltr' id='par_1_3' title="bbox 491 473 3844 552">
     <span class='ocr_line' id='line_1_3' title="bbox 491 473 3844 552; baseline -0.004 -12"><span class='ocrx_word' id='word_1_22' title='bbox 491 484 588 552; x_wconf 87' lang='lat' dir='ltr'>cit,</span> <span class='ocrx_word' id='word_1_23' title='bbox 623 483 718 538; x_wconf 92' lang='lat' dir='ltr'>Dei</span> <span class='ocrx_word' id='word_1_24' title='bbox 747 483 928 537; x_wconf 84' lang='lat' dir='ltr'>cultor</span> <span class='ocrx_word' id='word_1_25' title='bbox 955 477 1312 549; x_wconf 84' lang='lat' dir='ltr'>intelligitur.</span> <span class='ocrx_word' id='word_1_26' title='bbox 1342 479 1399 532; x_wconf 84' lang='lat' dir='ltr'>IN</span> <span class='ocrx_word' id='word_1_27' title='bbox 1430 492 1539 532; x_wconf 82' lang='lat' dir='ltr'>aoc</span> <span class='ocrx_word' id='word_1_28' title='bbox 1570 492 1806 543; x_wconf 61' lang='lat' dir='ltr'>SECULO,</span> <span class='ocrx_word' id='word_1_29' title='bbox 1845 477 1905 531; x_wconf 91' lang='lat' dir='ltr'>id</span> <span class='ocrx_word' id='word_1_30' title='bbox 1937 480 2023 531; x_wconf 90' lang='lat' dir='ltr'>est</span> <span class='ocrx_word' id='word_1_31' title='bbox 2057 475 2116 530; x_wconf 91' lang='lat' dir='ltr'>in</span> <span class='ocrx_word' id='word_1_32' title='bbox 2215 478 2368 532; x_wconf 88' lang='lat' dir='ltr'>nobis</span> <span class='ocrx_word' id='word_1_33' title='bbox 2395 477 2716 532; x_wconf 69' lang='lat' dir='ltr'>oblationem</span> <span class='ocrx_word' id='word_1_34' title='bbox 2744 481 2793 530; x_wconf 91' lang='lat' dir='ltr'>et</span> <span class='ocrx_word' id='word_1_35' title='bbox 2819 476 3049 530; x_wconf 83' lang='lat' dir='ltr'>hostiam</span> <span class='ocrx_word' id='word_1_36' title='bbox 3078 477 3183 529; x_wconf 93' lang='lat' dir='ltr'>Deo</span> <span class='ocrx_word' id='word_1_37' title='bbox 3211 475 3269 527; x_wconf 88' lang='lat' dir='ltr'>in</span> <span class='ocrx_word' id='word_1_38' title='bbox 3296 473 3508 527; x_wconf 85' lang='lat' dir='ltr'>odorem</span> <span class='ocrx_word' id='word_1_39' title='bbox 3536 473 3844 527; x_wconf 64' lang='lat' dir='ltr'>suauitatis.</span> 
     </span>
    </p>
   </div>
   <div class='ocr_carea' id='block_1_4' title="bbox 489 563 3846 650">
    <p class='ocr_par' dir='ltr' id='par_1_4' title="bbox 489 563 3846 650">
     <span class='ocr_line' id='line_1_4' title="bbox 489 563 3846 650; baseline -0.004 -18"><span class='ocrx_word' id='word_1_40' title='bbox 489 575 758 650; x_wconf 65' lang='lat' dir='ltr'>praesenti</span> <span class='ocrx_word' id='word_1_41' title='bbox 785 575 920 640; x_wconf 85' lang='lat' dir='ltr'>vita,</span> <span class='ocrx_word' id='word_1_42' title='bbox 952 575 1188 644; x_wconf 84' lang='lat' dir='ltr'>propter</span> <span class='ocrx_word' id='word_1_43' title='bbox 1211 571 1352 625; x_wconf 92' lang='lat' dir='ltr'>illud</span> <span class='ocrx_word' id='word_1_44' title='bbox 1381 570 1536 642; x_wconf 91' lang='lat' dir='ltr'>quod</span> <span class='ocrx_word' id='word_1_45' title='bbox 1564 570 1841 625; x_wconf 87' lang='lat' dir='ltr'>Dominus</span> <span class='ocrx_word' id='word_1_46' title='bbox 1871 570 1950 625; x_wconf 86' lang='lat' dir='ltr'>ait</span> <span class='ocrx_word' id='word_1_47' title='bbox 1973 587 1988 625; x_wconf 87' lang='lat'><strong>:</strong></span> <span class='ocrx_word' id='word_1_48' title='bbox 2015 571 2120 636; x_wconf 96' lang='lat' dir='ltr'>Qui</span> <span class='ocrx_word' id='word_1_49' title='bbox 2217 570 2406 635; x_wconf 84' lang='lat' dir='ltr'>Quare</span> <span class='ocrx_word' id='word_1_50' title='bbox 2437 587 2576 641; x_wconf 86' lang='lat' dir='ltr'>ergo</span> <span class='ocrx_word' id='word_1_51' title='bbox 2608 571 2906 641; x_wconf 85' lang='lat' dir='ltr'>culpamus</span> <span class='ocrx_word' id='word_1_52' title='bbox 2925 567 3146 623; x_wconf 83' lang='lat' dir='ltr'>Judaeos</span> <span class='ocrx_word' id='word_1_53' title='bbox 3165 567 3250 620; x_wconf 86' lang='lat' dir='ltr'>vel</span> <span class='ocrx_word' id='word_1_54' title='bbox 3273 565 3500 630; x_wconf 77' lang='lat' dir='ltr'>ludam,</span> <span class='ocrx_word' id='word_1_55' title='bbox 3535 581 3669 619; x_wconf 89' lang='lat' dir='ltr'>cum</span> <span class='ocrx_word' id='word_1_56' title='bbox 3698 563 3846 618; x_wconf 85' lang='lat' dir='ltr'>dicat</span> 
     </span>
    </p>
   </div>
   <div class='ocr_carea' id='block_1_5' title="bbox 485 663 2112 744">
    <p class='ocr_par' dir='ltr' id='par_1_5' title="bbox 485 663 2112 744">
     <span class='ocr_line' id='line_1_5' title="bbox 485 663 2112 744; baseline -0.006 -17"><span class='ocrx_word' id='word_1_57' title='bbox 485 669 904 744; x_wconf 79' lang='lat' dir='ltr'>perseverath</span> <span class='ocrx_word' id='word_1_58' title='bbox 923 681 1090 736; x_wconf 86' lang='lat' dir='ltr'>usque</span> <span class='ocrx_word' id='word_1_59' title='bbox 1107 666 1167 719; x_wconf 88' lang='lat' dir='ltr'>in</span> <span class='ocrx_word' id='word_1_60' title='bbox 1183 668 1362 734; x_wconf 76' lang='lat' dir='ltr'>finem,</span> <span class='ocrx_word' id='word_1_61' title='bbox 1384 665 1470 718; x_wconf 88' lang='lat' dir='ltr'>hic</span> <span class='ocrx_word' id='word_1_62' title='bbox 1487 665 1669 718; x_wconf 88' lang='lat' dir='ltr'>salvus</span> <span class='ocrx_word' id='word_1_63' title='bbox 1690 666 1810 718; x_wconf 85' lang='lat' dir='ltr'>erit.</span> <span class='ocrx_word' id='word_1_64' title='bbox 1834 665 1969 727; x_wconf 88' lang='lat' dir='ltr'>Quae</span> <span class='ocrx_word' id='word_1_65' title='bbox 1993 663 2112 734; x_wconf 90' lang='lat' dir='ltr'>pie-</span> 
     </span>
    </p>
   </div>
   <div class='ocr_carea' id='block_1_6' title="bbox 491 757 2114 818">
    <p class='ocr_par' dir='ltr' id='par_1_6' title="bbox 491 757 2114 818">
     <span class='ocr_line' id='line_1_6' title="bbox 491 757 2114 818; baseline -0.004 0"><span class='ocrx_word' id='word_1_66' title='bbox 491 767 578 818; x_wconf 89' lang='lat' dir='ltr'>tas</span> <span class='ocrx_word' id='word_1_67' title='bbox 632 775 916 817; x_wconf 65' lang='lat' dir='ltr'>savum-un</span> <span class='ocrx_word' id='word_1_68' title='bbox 969 774 1178 812; x_wconf 76' lang='lat' dir='ltr'>GLORUE</span> <span class='ocrx_word' id='word_1_69' title='bbox 1229 774 1293 812; x_wconf 76' lang='lat' dir='ltr'>ar</span> <span class='ocrx_word' id='word_1_70' title='bbox 1351 757 1686 812; x_wconf 79' lang='lat' dir='ltr'>SALVALORIS</span> <span class='ocrx_word' id='word_1_71' title='bbox 1743 771 1935 811; x_wconf 76' lang='lat' dir='ltr'>uosrm</span> <span class='ocrx_word' id='word_1_72' title='bbox 1984 758 2114 812; x_wconf 74' lang='lat' dir='ltr'>Jssu</span> 
     </span>
    </p>
   </div>
   <div class='ocr_carea' id='block_1_7' title="bbox 489 849 2111 924">
    <p class='ocr_par' dir='ltr' id='par_1_7' title="bbox 489 849 2111 924">
     <span class='ocr_line' id='line_1_7' title="bbox 489 849 2111 924; baseline -0.004 -13"><span class='ocrx_word' id='word_1_73' title='bbox 489 857 708 912; x_wconf 75' lang='lat' dir='ltr'>Cnlsrt</span> <span class='ocrx_word' id='word_1_74' title='bbox 738 855 1047 924; x_wconf 85' lang='lat' dir='ltr'>exspectat,</span> <span class='ocrx_word' id='word_1_75' title='bbox 1080 867 1280 906; x_wconf 90' lang='lat' dir='ltr'>secura</span> <span class='ocrx_word' id='word_1_76' title='bbox 1316 849 1387 904; x_wconf 92' lang='lat' dir='ltr'>de</span> <span class='ocrx_word' id='word_1_77' title='bbox 1423 849 1538 903; x_wconf 85' lang='lat' dir='ltr'>fide</span> <span class='ocrx_word' id='word_1_78' title='bbox 1565 852 1624 903; x_wconf 89' lang='lat' dir='ltr'>et</span> <span class='ocrx_word' id='word_1_79' title='bbox 1653 865 1826 920; x_wconf 88' lang='lat' dir='ltr'>opere</span> <span class='ocrx_word' id='word_1_80' title='bbox 1862 867 1996 920; x_wconf 83' lang='lat' dir='ltr'>suo;</span> <span class='ocrx_word' id='word_1_81' title='bbox 2039 849 2111 904; x_wconf 90' lang='lat' dir='ltr'>si-</span> 
     </span>
    </p>
   </div>
   <div class='ocr_carea' id='block_1_8' title="bbox 484 941 2116 1016">
    <p class='ocr_par' dir='ltr' id='par_1_8' title="bbox 484 941 2116 1016">
     <span class='ocr_line' id='line_1_8' title="bbox 484 941 2116 1016; baseline -0.002 -14"><span class='ocrx_word' id='word_1_82' title='bbox 484 949 582 1002; x_wconf 91' lang='lat' dir='ltr'>cut</span> <span class='ocrx_word' id='word_1_83' title='bbox 607 964 638 1002; x_wconf 89' lang='lat' dir='ltr'>e</span> <span class='ocrx_word' id='word_1_84' title='bbox 658 949 857 1002; x_wconf 88' lang='lat' dir='ltr'>contra</span> <span class='ocrx_word' id='word_1_85' title='bbox 882 943 1147 1016; x_wconf 82' lang='lat' dir='ltr'>impietas</span> <span class='ocrx_word' id='word_1_86' title='bbox 1171 941 1534 998; x_wconf 87' lang='lat' dir='ltr'>reformidat.</span> <span class='ocrx_word' id='word_1_87' title='bbox 1563 943 1786 998; x_wconf 80' lang='lat' dir='ltr'>BEATAM</span> <span class='ocrx_word' id='word_1_88' title='bbox 1814 959 1948 998; x_wconf 71' lang='lat' dir='ltr'>seen</span> <span class='ocrx_word' id='word_1_89' title='bbox 1979 943 2116 998; x_wconf 89' lang='lat' dir='ltr'>dicit</span> 
     </span>
    </p>
   </div>
   <div class='ocr_carea' id='block_1_9' title="bbox 489 1035 2112 1112">
    <p class='ocr_par' dir='ltr' id='par_1_9' title="bbox 489 1035 2112 1112">
     <span class='ocr_line' id='line_1_9' title="bbox 489 1035 2112 1112; baseline -0.002 -17"><span class='ocrx_word' id='word_1_90' title='bbox 489 1041 776 1096; x_wconf 66' lang='lat' dir='ltr'>caelestem</span> <span class='ocrx_word' id='word_1_91' title='bbox 795 1037 1066 1112; x_wconf 82' lang='lat' dir='ltr'>patriam.</span> <span class='ocrx_word' id='word_1_92' title='bbox 1090 1039 1187 1092; x_wconf 88' lang='lat' dir='ltr'>Est</span> <span class='ocrx_word' id='word_1_93' title='bbox 1204 1037 1362 1092; x_wconf 92' lang='lat' dir='ltr'>enim</span> <span class='ocrx_word' id='word_1_94' title='bbox 1382 1052 1511 1107; x_wconf 89' lang='lat' dir='ltr'>spes</span> <span class='ocrx_word' id='word_1_95' title='bbox 1531 1035 1870 1106; x_wconf 86' lang='lat' dir='ltr'>exspectatio</span> <span class='ocrx_word' id='word_1_96' title='bbox 1892 1037 2112 1092; x_wconf 82' lang='lat' dir='ltr'>futuro-</span> 
     </span>
    </p>
   </div>
   <div class='ocr_carea' id='block_1_10' title="bbox 486 1128 2115 1203">
    <p class='ocr_par' dir='ltr' id='par_1_10' title="bbox 486 1128 2115 1203">
     <span class='ocr_line' id='line_1_10' title="bbox 486 1128 2115 1203; baseline -0.003 -14"><span class='ocrx_word' id='word_1_97' title='bbox 486 1150 617 1188; x_wconf 86' lang='lat' dir='ltr'>rum</span> <span class='ocrx_word' id='word_1_98' title='bbox 647 1134 954 1189; x_wconf 90' lang='lat' dir='ltr'>bonorum.</span> <span class='ocrx_word' id='word_1_99' title='bbox 978 1131 1119 1203; x_wconf 89' lang='lat' dir='ltr'>Spes</span> <span class='ocrx_word' id='word_1_100' title='bbox 1139 1130 1289 1185; x_wconf 89' lang='lat' dir='ltr'>dicta</span> <span class='ocrx_word' id='word_1_101' title='bbox 1316 1133 1420 1196; x_wconf 88' lang='lat' dir='ltr'>est,</span> <span class='ocrx_word' id='word_1_102' title='bbox 1443 1128 1600 1200; x_wconf 90' lang='lat' dir='ltr'>quasi</span> <span class='ocrx_word' id='word_1_103' title='bbox 1625 1132 1779 1184; x_wconf 91' lang='lat' dir='ltr'>recte</span> <span class='ocrx_word' id='word_1_104' title='bbox 1811 1128 2115 1200; x_wconf 83' lang='lat' dir='ltr'>gradiendi</span> 
     </span>
    </p>
   </div>
   <div class='ocr_carea' id='block_1_11' title="bbox 486 1223 2116 1298">
    <p class='ocr_par' dir='ltr' id='par_1_11' title="bbox 486 1223 2116 1298">
     <span class='ocr_line' id='line_1_11' title="bbox 486 1223 2116 1298; baseline -0.002 -17"><span class='ocrx_word' id='word_1_105' title='bbox 486 1243 608 1298; x_wconf 88' lang='lat' dir='ltr'>pes.</span> <span class='ocrx_word' id='word_1_106' title='bbox 639 1225 719 1281; x_wconf 87' lang='lat' dir='ltr'>De</span> <span class='ocrx_word' id='word_1_107' title='bbox 759 1243 874 1298; x_wconf 92' lang='lat' dir='ltr'>qua</span> <span class='ocrx_word' id='word_1_108' title='bbox 909 1225 1213 1297; x_wconf 85' lang='lat' dir='ltr'>Apostolus</span> <span class='ocrx_word' id='word_1_109' title='bbox 1244 1239 1258 1278; x_wconf 90' lang='lat'><strong>:</strong></span> <span class='ocrx_word' id='word_1_110' title='bbox 1294 1225 1423 1293; x_wconf 88' lang='lat' dir='ltr'>Spes</span> <span class='ocrx_word' id='word_1_111' title='bbox 1467 1237 1588 1292; x_wconf 61' lang='lat' dir='ltr'>qua</span> <span class='ocrx_word' id='word_1_112' title='bbox 1620 1223 1854 1284; x_wconf 82' lang='lat' dir='ltr'>videtur,</span> <span class='ocrx_word' id='word_1_113' title='bbox 1892 1238 1999 1276; x_wconf 88' lang='lat' dir='ltr'>non</span> <span class='ocrx_word' id='word_1_114' title='bbox 2032 1226 2116 1277; x_wconf 80' lang='lat' dir='ltr'>est</span> 
     </span>
    </p>
   </div>
   <div class='ocr_carea' id='block_1_12' title="bbox 485 1315 2111 1390">
    <p class='ocr_par' dir='ltr' id='par_1_12' title="bbox 485 1315 2111 1390">
     <span class='ocr_line' id='line_1_12' title="bbox 485 1315 2111 1390; baseline -0.002 -14"><span class='ocrx_word' id='word_1_115' title='bbox 485 1335 624 1390; x_wconf 85' lang='lat' dir='ltr'>spes.</span> <span class='ocrx_word' id='word_1_116' title='bbox 654 1319 954 1374; x_wconf 87' lang='lat' dir='ltr'>Contraria</span> <span class='ocrx_word' id='word_1_117' title='bbox 983 1321 1070 1374; x_wconf 91' lang='lat' dir='ltr'>est</span> <span class='ocrx_word' id='word_1_118' title='bbox 1097 1317 1178 1372; x_wconf 90' lang='lat' dir='ltr'>illi</span> <span class='ocrx_word' id='word_1_119' title='bbox 1205 1315 1550 1388; x_wconf 88' lang='lat' dir='ltr'>desperatio,</span> <span class='ocrx_word' id='word_1_120' title='bbox 1578 1317 1669 1370; x_wconf 91' lang='lat' dir='ltr'>cui</span> <span class='ocrx_word' id='word_1_121' title='bbox 1695 1316 1852 1371; x_wconf 91' lang='lat' dir='ltr'>nulla</span> <span class='ocrx_word' id='word_1_122' title='bbox 1876 1319 1962 1370; x_wconf 86' lang='lat' dir='ltr'>est</span> <span class='ocrx_word' id='word_1_123' title='bbox 1993 1332 2111 1386; x_wconf 89' lang='lat' dir='ltr'>poe-</span> 
     </span>
    </p>
   </div>
   <div class='ocr_carea' id='block_1_13' title="bbox 486 1409 2114 1480">
    <p class='ocr_par' dir='ltr' id='par_1_13' title="bbox 486 1409 2114 1480">
     <span class='ocr_line' id='line_1_13' title="bbox 486 1409 2114 1480; baseline -0.003 -11"><span class='ocrx_word' id='word_1_124' title='bbox 486 1413 712 1469; x_wconf 89' lang='lat' dir='ltr'>nitendi</span> <span class='ocrx_word' id='word_1_125' title='bbox 754 1413 1012 1468; x_wconf 84' lang='lat' dir='ltr'>facultas.</span> <span class='ocrx_word' id='word_1_126' title='bbox 1063 1410 1332 1476; x_wconf 88' lang='lat' dir='ltr'>Quandiu</span> <span class='ocrx_word' id='word_1_127' title='bbox 1380 1409 1536 1463; x_wconf 92' lang='lat' dir='ltr'>enim</span> <span class='ocrx_word' id='word_1_128' title='bbox 1586 1410 1764 1464; x_wconf 90' lang='lat' dir='ltr'>homo</span> <span class='ocrx_word' id='word_1_129' title='bbox 1814 1412 2114 1480; x_wconf 89' lang='lat' dir='ltr'>peccatum</span> 
     </span>
    </p>
   </div>
   <div class='ocr_carea' id='block_1_14' title="bbox 485 1503 2116 1574">
    <p class='ocr_par' dir='ltr' id='par_1_14' title="bbox 485 1503 2116 1574">
     <span class='ocr_line' id='line_1_14' title="bbox 485 1503 2116 1574; baseline -0.005 -11"><span class='ocrx_word' id='word_1_130' title='bbox 485 1511 662 1574; x_wconf 88' lang='lat' dir='ltr'>amat,</span> <span class='ocrx_word' id='word_1_131' title='bbox 693 1506 945 1562; x_wconf 87' lang='lat' dir='ltr'>futuram</span> <span class='ocrx_word' id='word_1_132' title='bbox 969 1503 1382 1560; x_wconf 86' lang='lat' dir='ltr'>beatitudinem</span> <span class='ocrx_word' id='word_1_133' title='bbox 1412 1520 1529 1557; x_wconf 91' lang='lat' dir='ltr'>non</span> <span class='ocrx_word' id='word_1_134' title='bbox 1562 1506 1777 1574; x_wconf 87' lang='lat' dir='ltr'>sperat;</span> <span class='ocrx_word' id='word_1_135' title='bbox 1812 1503 1913 1557; x_wconf 91' lang='lat' dir='ltr'>sed</span> <span class='ocrx_word' id='word_1_136' title='bbox 1933 1503 2026 1556; x_wconf 89' lang='lat' dir='ltr'>ille</span> <span class='ocrx_word' id='word_1_137' title='bbox 2055 1503 2116 1556; x_wconf 86' lang='lat' dir='ltr'>fi-</span> 
     </span>
    </p>
   </div>
   <div class='ocr_carea' id='block_1_15' title="bbox 489 1595 2116 1670">
    <p class='ocr_par' dir='ltr' id='par_1_15' title="bbox 489 1595 2116 1670">
     <span class='ocr_line' id='line_1_15' title="bbox 489 1595 2116 1670; baseline -0.002 -16"><span class='ocrx_word' id='word_1_138' title='bbox 489 1599 790 1654; x_wconf 86' lang='lat' dir='ltr'>ducialiter</span> <span class='ocrx_word' id='word_1_139' title='bbox 818 1600 1124 1670; x_wconf 82' lang='lat' dir='ltr'>exspectat,</span> <span class='ocrx_word' id='word_1_140' title='bbox 1157 1597 1254 1666; x_wconf 88' lang='lat' dir='ltr'>qui</span> <span class='ocrx_word' id='word_1_141' title='bbox 1285 1597 1406 1666; x_wconf 89' lang='lat' dir='ltr'>ejus</span> <span class='ocrx_word' id='word_1_142' title='bbox 1429 1595 1732 1668; x_wconf 82' lang='lat' dir='ltr'>praeceptis</span> <span class='ocrx_word' id='word_1_143' title='bbox 1759 1595 1819 1649; x_wconf 89' lang='lat' dir='ltr'>in</span> <span class='ocrx_word' id='word_1_144' title='bbox 1851 1596 2116 1650; x_wconf 89' lang='lat' dir='ltr'>omnibus</span> 
     </span>
    </p>
   </div>
   <div class='ocr_carea' id='block_1_16' title="bbox 490 1688 2115 1762">
    <p class='ocr_par' dir='ltr' id='par_1_16' title="bbox 490 1688 2115 1762">
     <span class='ocr_line' id='line_1_16' title="bbox 490 1688 2115 1762; baseline -0.002 -15"><span class='ocrx_word' id='word_1_145' title='bbox 490 1692 870 1762; x_wconf 88' lang='lat' dir='ltr'>obtemperat.</span> <span class='ocrx_word' id='word_1_146' title='bbox 900 1693 980 1746; x_wconf 90' lang='lat' dir='ltr'>De</span> <span class='ocrx_word' id='word_1_147' title='bbox 1005 1706 1117 1762; x_wconf 91' lang='lat' dir='ltr'>qua</span> <span class='ocrx_word' id='word_1_148' title='bbox 1149 1706 1266 1744; x_wconf 91' lang='lat' dir='ltr'>non</span> <span class='ocrx_word' id='word_1_149' title='bbox 1300 1688 1488 1760; x_wconf 90' lang='lat' dir='ltr'>potuit</span> <span class='ocrx_word' id='word_1_150' title='bbox 1511 1688 1757 1759; x_wconf 90' lang='lat' dir='ltr'>amplius</span> <span class='ocrx_word' id='word_1_151' title='bbox 1787 1688 2020 1755; x_wconf 90' lang='lat' dir='ltr'>sentire,</span> <span class='ocrx_word' id='word_1_152' title='bbox 2054 1693 2115 1744; x_wconf 89' lang='lat' dir='ltr'>ut</span> 
     </span>
    </p>
   </div>
   <div class='ocr_carea' id='block_1_17' title="bbox 2214 658 3841 736">
    <p class='ocr_par' dir='ltr' id='par_1_17' title="bbox 2214 658 3841 736">
     <span class='ocr_line' id='line_1_17' title="bbox 2214 658 3841 736; baseline -0.005 -18"><span class='ocrx_word' id='word_1_153' title='bbox 2214 665 2538 736; x_wconf 85' lang='lat' dir='ltr'>Apostolus,</span> <span class='ocrx_word' id='word_1_154' title='bbox 2567 663 2701 735; x_wconf 86' lang='lat' dir='ltr'>quia</span> <span class='ocrx_word' id='word_1_155' title='bbox 2727 663 2850 734; x_wconf 90' lang='lat' dir='ltr'>ipse</span> <span class='ocrx_word' id='word_1_156' title='bbox 2880 678 2938 716; x_wconf 89' lang='lat' dir='ltr'>se</span> <span class='ocrx_word' id='word_1_157' title='bbox 2975 659 3250 715; x_wconf 86' lang='lat' dir='ltr'>tradidit?</span> <span class='ocrx_word' id='word_1_158' title='bbox 3299 658 3609 714; x_wconf 86' lang='lat' dir='ltr'>Sciendum</span> <span class='ocrx_word' id='word_1_159' title='bbox 3650 660 3841 712; x_wconf 87' lang='lat' dir='ltr'>tamen</span> 
     </span>
    </p>
   </div>
   <div class='ocr_carea' id='block_1_18' title="bbox 2217 751 3840 828">
    <p class='ocr_par' dir='ltr' id='par_1_18' title="bbox 2217 751 3840 828">
     <span class='ocr_line' id='line_1_18' title="bbox 2217 751 3840 828; baseline -0.004 -17"><span class='ocrx_word' id='word_1_160' title='bbox 2217 760 2303 812; x_wconf 90' lang='lat' dir='ltr'>est</span> <span class='ocrx_word' id='word_1_161' title='bbox 2335 757 2470 828; x_wconf 87' lang='lat' dir='ltr'>quia</span> <span class='ocrx_word' id='word_1_162' title='bbox 2498 755 2738 810; x_wconf 89' lang='lat' dir='ltr'>tradidit</span> <span class='ocrx_word' id='word_1_163' title='bbox 2763 772 2897 809; x_wconf 87' lang='lat' dir='ltr'>eum</span> <span class='ocrx_word' id='word_1_164' title='bbox 2929 753 3103 810; x_wconf 75' lang='lat' dir='ltr'>ludas</span> <span class='ocrx_word' id='word_1_165' title='bbox 3139 755 3374 824; x_wconf 83' lang='lat' dir='ltr'>propter</span> <span class='ocrx_word' id='word_1_166' title='bbox 3395 751 3720 816; x_wconf 76' lang='lat' dir='ltr'>avaritiam,</span> <span class='ocrx_word' id='word_1_167' title='bbox 3748 751 3840 805; x_wconf 81' lang='lat' dir='ltr'>Ju-</span> 
     </span>
    </p>
   </div>
   <div class='ocr_carea' id='block_1_19' title="bbox 2216 848 3839 922">
    <p class='ocr_par' dir='ltr' id='par_1_19' title="bbox 2216 848 3839 922">
     <span class='ocr_line' id='line_1_19' title="bbox 2216 848 3839 922; baseline -0.006 -15"><span class='ocrx_word' id='word_1_168' title='bbox 2216 851 2325 907; x_wconf 75' lang='lat' dir='ltr'>daei</span> <span class='ocrx_word' id='word_1_169' title='bbox 2375 855 2608 922; x_wconf 87' lang='lat' dir='ltr'>propter</span> <span class='ocrx_word' id='word_1_170' title='bbox 2645 849 2942 915; x_wconf 88' lang='lat' dir='ltr'>invidiam,</span> <span class='ocrx_word' id='word_1_171' title='bbox 2988 849 3137 901; x_wconf 90' lang='lat' dir='ltr'>Deus</span> <span class='ocrx_word' id='word_1_172' title='bbox 3175 848 3344 900; x_wconf 89' lang='lat' dir='ltr'>Pater</span> <span class='ocrx_word' id='word_1_173' title='bbox 3375 861 3480 916; x_wconf 92' lang='lat' dir='ltr'>pro</span> <span class='ocrx_word' id='word_1_174' title='bbox 3519 849 3719 898; x_wconf 85' lang='lat' dir='ltr'>nostra</span> <span class='ocrx_word' id='word_1_175' title='bbox 3755 859 3839 897; x_wconf 83' lang='lat' dir='ltr'>re-</span> 
     </span>
    </p>
   </div>
   <div class='ocr_carea' id='block_1_20' title="bbox 2217 937 3840 1016">
    <p class='ocr_par' dir='ltr' id='par_1_20' title="bbox 2217 937 3840 1016">
     <span class='ocr_line' id='line_1_20' title="bbox 2217 937 3840 1016; baseline -0.007 -16"><span class='ocrx_word' id='word_1_176' title='bbox 2217 944 2572 1016; x_wconf 87' lang='lat' dir='ltr'>demptione,</span> <span class='ocrx_word' id='word_1_177' title='bbox 2602 943 2772 998; x_wconf 89' lang='lat' dir='ltr'>Filius</span> <span class='ocrx_word' id='word_1_178' title='bbox 2800 943 2919 1013; x_wconf 90' lang='lat' dir='ltr'>ipse</span> <span class='ocrx_word' id='word_1_179' title='bbox 2951 958 3011 994; x_wconf 91' lang='lat' dir='ltr'>se</span> <span class='ocrx_word' id='word_1_180' title='bbox 3046 939 3284 994; x_wconf 79' lang='lat' dir='ltr'>tradidit</span> <span class='ocrx_word' id='word_1_181' title='bbox 3309 955 3412 1010; x_wconf 89' lang='lat' dir='ltr'>pro</span> <span class='ocrx_word' id='word_1_182' title='bbox 3437 940 3632 992; x_wconf 87' lang='lat' dir='ltr'>nostra</span> <span class='ocrx_word' id='word_1_183' title='bbox 3659 937 3840 990; x_wconf 84' lang='lat' dir='ltr'>chari-</span> 
     </span>
    </p>
   </div>
   <div class='ocr_carea' id='block_1_21' title="bbox 2214 1029 3846 1108">
    <p class='ocr_par' dir='ltr' id='par_1_21' title="bbox 2214 1029 3846 1108">
     <span class='ocr_line' id='line_1_21' title="bbox 2214 1029 3846 1108; baseline -0.006 -15"><span class='ocrx_word' id='word_1_184' title='bbox 2214 1041 2354 1094; x_wconf 88' lang='lat' dir='ltr'>tate.</span> <span class='ocrx_word' id='word_1_185' title='bbox 2387 1037 2545 1093; x_wconf 88' lang='lat' dir='ltr'>Sicut</span> <span class='ocrx_word' id='word_1_186' title='bbox 2567 1037 2628 1091; x_wconf 91' lang='lat' dir='ltr'>in</span> <span class='ocrx_word' id='word_1_187' title='bbox 2657 1034 2998 1108; x_wconf 85' lang='lat' dir='ltr'>Apocalypsi</span> <span class='ocrx_word' id='word_1_188' title='bbox 3029 1033 3166 1088; x_wconf 90' lang='lat' dir='ltr'>dicit</span> <span class='ocrx_word' id='word_1_189' title='bbox 3193 1035 3442 1088; x_wconf 89' lang='lat' dir='ltr'>Joannes</span> <span class='ocrx_word' id='word_1_190' title='bbox 3476 1049 3488 1086; x_wconf 90' lang='lat'><strong>:</strong></span> <span class='ocrx_word' id='word_1_191' title='bbox 3523 1033 3630 1098; x_wconf 92' lang='lat' dir='ltr'>Qui</span> <span class='ocrx_word' id='word_1_192' title='bbox 3656 1029 3846 1084; x_wconf 65' lang='lat' dir='ltr'>dilexit</span> 
     </span>
    </p>
   </div>
   <div class='ocr_carea' id='block_1_22' title="bbox 2213 1127 3840 1198">
    <p class='ocr_par' dir='ltr' id='par_1_22' title="bbox 2213 1127 3840 1198">
     <span class='ocr_line' id='line_1_22' title="bbox 2213 1127 3840 1198; baseline -0.007 -11"><span class='ocrx_word' id='word_1_193' title='bbox 2213 1148 2328 1195; x_wconf 88' lang='lat' dir='ltr'>nos,</span> <span class='ocrx_word' id='word_1_194' title='bbox 2361 1135 2410 1186; x_wconf 87' lang='lat' dir='ltr'>et</span> <span class='ocrx_word' id='word_1_195' title='bbox 2451 1131 2583 1186; x_wconf 86' lang='lat' dir='ltr'>lavit</span> <span class='ocrx_word' id='word_1_196' title='bbox 2617 1145 2712 1185; x_wconf 89' lang='lat' dir='ltr'>nos</span> <span class='ocrx_word' id='word_1_197' title='bbox 2748 1146 2783 1184; x_wconf 92' lang='lat' dir='ltr'>a</span> <span class='ocrx_word' id='word_1_198' title='bbox 2813 1131 3051 1198; x_wconf 79' lang='lat' dir='ltr'>peccatis</span> <span class='ocrx_word' id='word_1_199' title='bbox 3089 1129 3286 1182; x_wconf 80' lang='lat' dir='ltr'>nostris</span> <span class='ocrx_word' id='word_1_200' title='bbox 3331 1129 3387 1181; x_wconf 86' lang='lat' dir='ltr'>in</span> <span class='ocrx_word' id='word_1_201' title='bbox 3426 1127 3694 1194; x_wconf 78' lang='lat' dir='ltr'>sanguine</span> <span class='ocrx_word' id='word_1_202' title='bbox 3732 1138 3840 1177; x_wconf 87' lang='lat' dir='ltr'>suo.</span> 
     </span>
    </p>
   </div>
   <div class='ocr_carea' id='block_1_23' title="bbox 2214 1215 3845 1294">
    <p class='ocr_par' dir='ltr' id='par_1_23' title="bbox 2214 1215 3845 1294">
     <span class='ocr_line' id='line_1_23' title="bbox 2214 1215 3845 1294; baseline -0.007 -14"><span class='ocrx_word' id='word_1_203' title='bbox 2214 1225 2394 1280; x_wconf 79' lang='lat' dir='ltr'>Aliter</span> <span class='ocrx_word' id='word_1_204' title='bbox 2423 1240 2562 1294; x_wconf 90' lang='lat' dir='ltr'>ergo</span> <span class='ocrx_word' id='word_1_205' title='bbox 2595 1240 2727 1278; x_wconf 90' lang='lat' dir='ltr'>eum</span> <span class='ocrx_word' id='word_1_206' title='bbox 2765 1224 2790 1278; x_wconf 85' lang='lat' dir='ltr'><strong>J</strong></span> <span class='ocrx_word' id='word_1_207' title='bbox 2799 1223 2938 1277; x_wconf 90' lang='lat' dir='ltr'>udas</span> <span class='ocrx_word' id='word_1_208' title='bbox 2967 1221 3224 1288; x_wconf 84' lang='lat' dir='ltr'>tradidit,</span> <span class='ocrx_word' id='word_1_209' title='bbox 3256 1221 3419 1275; x_wconf 87' lang='lat' dir='ltr'>aliter</span> <span class='ocrx_word' id='word_1_210' title='bbox 3447 1217 3650 1284; x_wconf 75' lang='lat' dir='ltr'>Judaei,</span> <span class='ocrx_word' id='word_1_211' title='bbox 3682 1215 3845 1271; x_wconf 84' lang='lat' dir='ltr'>aliter</span> 
     </span>
    </p>
   </div>
   <div class='ocr_carea' id='block_1_24' title="bbox 2214 1315 3116 1388">
    <p class='ocr_par' dir='ltr' id='par_1_24' title="bbox 2214 1315 3116 1388">
     <span class='ocr_line' id='line_1_24' title="bbox 2214 1315 3116 1388; baseline -0.003 -16"><span class='ocrx_word' id='word_1_212' title='bbox 2214 1320 2402 1386; x_wconf 90' lang='lat' dir='ltr'>Pater,</span> <span class='ocrx_word' id='word_1_213' title='bbox 2432 1318 2598 1371; x_wconf 88' lang='lat' dir='ltr'>aliter</span> <span class='ocrx_word' id='word_1_214' title='bbox 2625 1317 2745 1388; x_wconf 88' lang='lat' dir='ltr'>ipse</span> <span class='ocrx_word' id='word_1_215' title='bbox 2771 1333 2831 1370; x_wconf 88' lang='lat' dir='ltr'>se</span> <span class='ocrx_word' id='word_1_216' title='bbox 2860 1315 3116 1371; x_wconf 88' lang='lat' dir='ltr'>tradidit.</span> 
     </span>
    </p>
   </div>
   <div class='ocr_carea' id='block_1_25' title="bbox 2285 1403 3850 1470">
    <p class='ocr_par' dir='ltr' id='par_1_25' title="bbox 2285 1403 3850 1470">
     <span class='ocr_line' id='line_1_25' title="bbox 2285 1403 3850 1470; baseline -0.007 -3"><span class='ocrx_word' id='word_1_217' title='bbox 2285 1413 2364 1467; x_wconf 81' lang='lat' dir='ltr'>Ur</span> <span class='ocrx_word' id='word_1_218' title='bbox 2413 1427 2512 1468; x_wconf 75' lang='lat' dir='ltr'>uos</span> <span class='ocrx_word' id='word_1_219' title='bbox 2557 1426 2858 1466; x_wconf 71' lang='lat' dir='ltr'>nanxuanm‘</span> <span class='ocrx_word' id='word_1_220' title='bbox 2909 1425 2977 1464; x_wconf 72' lang='grc' dir='ltr'>ΑΒ</span> <span class='ocrx_word' id='word_1_221' title='bbox 3027 1425 3161 1464; x_wconf 70' lang='lat' dir='ltr'>01m</span> <span class='ocrx_word' id='word_1_222' title='bbox 3209 1422 3532 1470; x_wconf 73' lang='lat' dir='ltr'>INIQUITATE.</span> <span class='ocrx_word' id='word_1_223' title='bbox 3580 1403 3850 1458; x_wconf 78' lang='lat' dir='ltr'>Redemit</span> 
     </span>
    </p>
   </div>
   <div class='ocr_carea' id='block_1_26' title="bbox 2216 1495 3852 1574">
    <p class='ocr_par' dir='ltr' id='par_1_26' title="bbox 2216 1495 3852 1574">
     <span class='ocr_line' id='line_1_26' title="bbox 2216 1495 3852 1574; baseline -0.006 -14"><span class='ocrx_word' id='word_1_224' title='bbox 2216 1523 2320 1560; x_wconf 91' lang='lat' dir='ltr'>nos</span> <span class='ocrx_word' id='word_1_225' title='bbox 2340 1505 2412 1560; x_wconf 90' lang='lat' dir='ltr'>ab</span> <span class='ocrx_word' id='word_1_226' title='bbox 2436 1503 2599 1559; x_wconf 89' lang='lat' dir='ltr'>omni</span> <span class='ocrx_word' id='word_1_227' title='bbox 2628 1503 2951 1574; x_wconf 86' lang='lat' dir='ltr'>iniquitate,</span> <span class='ocrx_word' id='word_1_228' title='bbox 2981 1501 3277 1556; x_wconf 88' lang='lat' dir='ltr'>fundendo</span> <span class='ocrx_word' id='word_1_229' title='bbox 3303 1517 3406 1572; x_wconf 91' lang='lat' dir='ltr'>pro</span> <span class='ocrx_word' id='word_1_230' title='bbox 3435 1498 3600 1554; x_wconf 88' lang='lat' dir='ltr'>nobis</span> <span class='ocrx_word' id='word_1_231' title='bbox 3621 1495 3852 1566; x_wconf 87' lang='lat' dir='ltr'>sangui-</span> 
     </span>
    </p>
   </div>
   <div class='ocr_carea' id='block_1_27' title="bbox 2216 1593 3851 1664">
    <p class='ocr_par' dir='ltr' id='par_1_27' title="bbox 2216 1593 3851 1664">
     <span class='ocr_line' id='line_1_27' title="bbox 2216 1593 3851 1664; baseline -0.006 -12"><span class='ocrx_word' id='word_1_232' title='bbox 2216 1616 2350 1654; x_wconf 91' lang='lat' dir='ltr'>nem</span> <span class='ocrx_word' id='word_1_233' title='bbox 2383 1615 2588 1664; x_wconf 87' lang='lat' dir='ltr'>suum;</span> <span class='ocrx_word' id='word_1_234' title='bbox 2619 1597 2824 1652; x_wconf 90' lang='lat' dir='ltr'>eodem</span> <span class='ocrx_word' id='word_1_235' title='bbox 2861 1596 3085 1650; x_wconf 90' lang='lat' dir='ltr'>dicente</span> <span class='ocrx_word' id='word_1_236' title='bbox 3121 1611 3134 1649; x_wconf 89' lang='lat'><strong>:</strong></span> <span class='ocrx_word' id='word_1_237' title='bbox 3168 1596 3351 1664; x_wconf 88' lang='lat' dir='ltr'>Empti</span> <span class='ocrx_word' id='word_1_238' title='bbox 3373 1595 3512 1648; x_wconf 90' lang='lat' dir='ltr'>enim</span> <span class='ocrx_word' id='word_1_239' title='bbox 3531 1594 3658 1646; x_wconf 83' lang='lat' dir='ltr'>estis</span> <span class='ocrx_word' id='word_1_240' title='bbox 3671 1593 3851 1661; x_wconf 82' lang='lat' dir='ltr'>pretio</span> 
     </span>
    </p>
   </div>
   <div class='ocr_carea' id='block_1_28' title="bbox 2211 1685 3848 1762">
    <p class='ocr_par' dir='ltr' id='par_1_28' title="bbox 2211 1685 3848 1762">
     <span class='ocr_line' id='line_1_28' title="bbox 2211 1685 3848 1762; baseline -0.005 -15"><span class='ocrx_word' id='word_1_241' title='bbox 2211 1707 2428 1762; x_wconf 88' lang='lat' dir='ltr'>magno.</span> <span class='ocrx_word' id='word_1_242' title='bbox 2476 1693 2544 1744; x_wconf 89' lang='lat' dir='ltr'>Et</span> <span class='ocrx_word' id='word_1_243' title='bbox 2580 1691 2862 1761; x_wconf 88' lang='lat' dir='ltr'>propheta</span> <span class='ocrx_word' id='word_1_244' title='bbox 2907 1688 3044 1742; x_wconf 88' lang='lat' dir='ltr'>dicit</span> <span class='ocrx_word' id='word_1_245' title='bbox 3084 1705 3098 1742; x_wconf 90' lang='lat'><strong>:</strong></span> <span class='ocrx_word' id='word_1_246' title='bbox 3143 1687 3325 1743; x_wconf 77' lang='lat' dir='ltr'>Gratis</span> <span class='ocrx_word' id='word_1_247' title='bbox 3360 1685 3660 1741; x_wconf 66' lang='lat' dir='ltr'>venundati</span> <span class='ocrx_word' id='word_1_248' title='bbox 3699 1686 3848 1738; x_wconf 84' lang='lat' dir='ltr'>estis.</span> 
     </span>
    </p>
   </div>
   <div class='ocr_carea' id='block_1_29' title="bbox 489 1756 3848 1854">
    <p class='ocr_par' dir='ltr' id='par_1_29' title="bbox 489 1756 3848 1854">
     <span class='ocr_line' id='line_1_29' title="bbox 489 1756 3848 1854; baseline -0.004 -13"><span class='ocrx_word' id='word_1_249' title='bbox 489 1802 619 1841; x_wconf 87' lang='lat' dir='ltr'>eam</span> <span class='ocrx_word' id='word_1_250' title='bbox 643 1756 1219 1854; x_wconf 51' lang='lat' dir='ltr'>beatiﬁcaret,-quam</span> <span class='ocrx_word' id='word_1_251' title='bbox 1251 1756 1382 1837; x_wconf 75' lang='lat' dir='ltr'>cum</span> <span class='ocrx_word' id='word_1_252' title='bbox 1409 1781 1524 1837; x_wconf 87' lang='lat' dir='ltr'>ait:</span> <span class='ocrx_word' id='word_1_253' title='bbox 1554 1756 1963 1838; x_wconf 46' lang='lat' dir='ltr'>EX—SPECTANTES</span> <span class='ocrx_word' id='word_1_254' title='bbox 1987 1782 2111 1836; x_wconf 90' lang='lat' dir='ltr'>bea-</span> <span class='ocrx_word' id='word_1_255' title='bbox 2132 1756 2188 1827; x_wconf 85' lang='lat' dir='ltr'>B</span> <span class='ocrx_word' id='word_1_256' title='bbox 2211 1756 2486 1839; x_wconf 40' lang='lat' dir='ltr'>Ab&#39;omni</span> <span class='ocrx_word' id='word_1_257' title='bbox 2518 1756 2826 1853; x_wconf 45' lang='lat' dir='ltr'>iniqui-tate.</span> <span class='ocrx_word' id='word_1_258' title='bbox 2869 1783 2931 1835; x_wconf 89' lang='lat' dir='ltr'>In</span> <span class='ocrx_word' id='word_1_259' title='bbox 2963 1781 3272 1852; x_wconf 87' lang='lat' dir='ltr'>baptismo,</span> <span class='ocrx_word' id='word_1_260' title='bbox 3308 1779 3405 1833; x_wconf 86' lang='lat' dir='ltr'>ubi</span> <span class='ocrx_word' id='word_1_261' title='bbox 3445 1776 3750 1847; x_wconf 83' lang='lat' dir='ltr'>originalia</span> <span class='ocrx_word' id='word_1_262' title='bbox 3791 1779 3848 1828; x_wconf 89' lang='lat' dir='ltr'>et</span> 
     </span>
    </p>
   </div>
   <div class='ocr_carea' id='block_1_30' title="bbox 489 1874 2109 1948">
    <p class='ocr_par' dir='ltr' id='par_1_30' title="bbox 489 1874 2109 1948">
     <span class='ocr_line' id='line_1_30' title="bbox 489 1874 2109 1948; baseline -0.002 -16"><span class='ocrx_word' id='word_1_263' title='bbox 489 1883 600 1932; x_wconf 91' lang='lat' dir='ltr'>tam</span> <span class='ocrx_word' id='word_1_264' title='bbox 627 1893 793 1948; x_wconf 88' lang='lat' dir='ltr'>spem.</span> <span class='ocrx_word' id='word_1_265' title='bbox 825 1878 972 1932; x_wconf 86' lang='lat' dir='ltr'>Bene</span> <span class='ocrx_word' id='word_1_266' title='bbox 1006 1877 1216 1932; x_wconf 88' lang='lat' dir='ltr'>beatam</span> <span class='ocrx_word' id='word_1_267' title='bbox 1239 1891 1406 1946; x_wconf 83' lang='lat' dir='ltr'>spem,</span> <span class='ocrx_word' id='word_1_268' title='bbox 1435 1874 1578 1946; x_wconf 80' lang='lat' dir='ltr'>quia</span> <span class='ocrx_word' id='word_1_269' title='bbox 1603 1889 1697 1929; x_wconf 89' lang='lat' dir='ltr'>nec</span> <span class='ocrx_word' id='word_1_270' title='bbox 1730 1875 1913 1929; x_wconf 82' lang='lat' dir='ltr'>oculus</span> <span class='ocrx_word' id='word_1_271' title='bbox 1949 1874 2109 1936; x_wconf 81' lang='lat' dir='ltr'>vidit,</span> 
     </span>
    </p>
   </div>
   <div class='ocr_carea' id='block_1_31' title="bbox 483 1967 2114 2036">
    <p class='ocr_par' dir='ltr' id='par_1_31' title="bbox 483 1967 2114 2036">
     <span class='ocr_line' id='line_1_31' title="bbox 483 1967 2114 2036; baseline -0.002 -11"><span class='ocrx_word' id='word_1_272' title='bbox 483 1986 579 2025; x_wconf 87' lang='lat' dir='ltr'>nec</span> <span class='ocrx_word' id='word_1_273' title='bbox 603 1972 756 2025; x_wconf 81' lang='lat' dir='ltr'>auris</span> <span class='ocrx_word' id='word_1_274' title='bbox 793 1969 1026 2031; x_wconf 78' lang='lat' dir='ltr'>audivit,</span> <span class='ocrx_word' id='word_1_275' title='bbox 1061 1985 1154 2024; x_wconf 89' lang='lat' dir='ltr'>nec</span> <span class='ocrx_word' id='word_1_276' title='bbox 1195 1971 1256 2023; x_wconf 89' lang='lat' dir='ltr'>in</span> <span class='ocrx_word' id='word_1_277' title='bbox 1295 1983 1384 2024; x_wconf 88' lang='lat' dir='ltr'>cor</span> <span class='ocrx_word' id='word_1_278' title='bbox 1419 1969 1650 2022; x_wconf 81' lang='lat' dir='ltr'>hominis</span> <span class='ocrx_word' id='word_1_279' title='bbox 1676 1967 1941 2030; x_wconf 80' lang='lat' dir='ltr'>ascendit,</span> <span class='ocrx_word' id='word_1_280' title='bbox 1971 1968 2114 2036; x_wconf 84' lang='lat' dir='ltr'>quod</span> 
     </span>
    </p>
   </div>
   <div class='ocr_carea' id='block_1_32' title="bbox 477 2060 2114 2134">
    <p class='ocr_par' dir='ltr' id='par_1_32' title="bbox 477 2060 2114 2134">
     <span class='ocr_line' id='line_1_32' title="bbox 477 2060 2114 2134; baseline -0.002 -15"><span class='ocrx_word' id='word_1_281' title='bbox 477 2065 820 2134; x_wconf 76' lang='lat' dir='ltr'>praeparavit</span> <span class='ocrx_word' id='word_1_282' title='bbox 837 2065 1091 2118; x_wconf 87' lang='lat' dir='ltr'>Dominus</span> <span class='ocrx_word' id='word_1_283' title='bbox 1115 2062 1464 2130; x_wconf 83' lang='lat' dir='ltr'>diligentibus</span> <span class='ocrx_word' id='word_1_284' title='bbox 1487 2077 1560 2116; x_wconf 89' lang='lat' dir='ltr'>se.</span> <span class='ocrx_word' id='word_1_285' title='bbox 1593 2060 1788 2116; x_wconf 87' lang='lat' dir='ltr'>Nullus</span> <span class='ocrx_word' id='word_1_286' title='bbox 1807 2060 1966 2114; x_wconf 92' lang='lat' dir='ltr'>enim</span> <span class='ocrx_word' id='word_1_287' title='bbox 1986 2077 2114 2115; x_wconf 88' lang='lat' dir='ltr'>nar-</span> 
     </span>
    </p>
   </div>
   <div class='ocr_carea' id='block_1_33' title="bbox 481 2153 2108 2228">
    <p class='ocr_par' dir='ltr' id='par_1_33' title="bbox 481 2153 2108 2228">
     <span class='ocr_line' id='line_1_33' title="bbox 481 2153 2108 2228; baseline -0.001 -18"><span class='ocrx_word' id='word_1_288' title='bbox 481 2173 611 2212; x_wconf 87' lang='lat' dir='ltr'>rare</span> <span class='ocrx_word' id='word_1_289' title='bbox 664 2159 854 2228; x_wconf 89' lang='lat' dir='ltr'>potest</span> <span class='ocrx_word' id='word_1_290' title='bbox 905 2155 1086 2226; x_wconf 88' lang='lat' dir='ltr'>qualis</span> <span class='ocrx_word' id='word_1_291' title='bbox 1131 2159 1217 2209; x_wconf 89' lang='lat' dir='ltr'>est</span> <span class='ocrx_word' id='word_1_292' title='bbox 1262 2155 1358 2209; x_wconf 91' lang='lat' dir='ltr'>illa</span> <span class='ocrx_word' id='word_1_293' title='bbox 1405 2153 1704 2208; x_wconf 88' lang='lat' dir='ltr'>beatitudo</span> <span class='ocrx_word' id='word_1_294' title='bbox 1749 2155 2108 2220; x_wconf 87' lang='lat' dir='ltr'>sanctorum;</span> 
     </span>
    </p>
   </div>
   <div class='ocr_carea' id='block_1_34' title="bbox 485 2247 2114 2321">
    <p class='ocr_par' dir='ltr' id='par_1_34' title="bbox 485 2247 2114 2321">
     <span class='ocr_line' id='line_1_34' title="bbox 485 2247 2114 2321; baseline -0.003 -16"><span class='ocrx_word' id='word_1_295' title='bbox 485 2249 639 2321; x_wconf 90' lang='lat' dir='ltr'>quod</span> <span class='ocrx_word' id='word_1_296' title='bbox 677 2251 924 2305; x_wconf 85' lang='lat' dir='ltr'>Joannes</span> <span class='ocrx_word' id='word_1_297' title='bbox 966 2247 1333 2303; x_wconf 89' lang='lat' dir='ltr'>considerans</span> <span class='ocrx_word' id='word_1_298' title='bbox 1371 2247 1601 2302; x_wconf 82' lang='lat' dir='ltr'>dicebat</span> <span class='ocrx_word' id='word_1_299' title='bbox 1632 2263 1645 2302; x_wconf 90' lang='lat'><strong>:</strong></span> <span class='ocrx_word' id='word_1_300' title='bbox 1681 2249 1833 2304; x_wconf 83' lang='lat' dir='ltr'>Nunc</span> <span class='ocrx_word' id='word_1_301' title='bbox 1871 2247 1977 2316; x_wconf 80' lang='lat' dir='ltr'>ﬁlii</span> <span class='ocrx_word' id='word_1_302' title='bbox 2016 2248 2114 2302; x_wconf 85' lang='lat' dir='ltr'>Dei</span> 
     </span>
    </p>
   </div>
   <div class='ocr_carea' id='block_1_35' title="bbox 485 2342 1702 2412">
    <p class='ocr_par' dir='ltr' id='par_1_35' title="bbox 485 2342 1702 2412">
     <span class='ocr_line' id='line_1_35' title="bbox 485 2342 1702 2412; baseline -0.003 -14"><span class='ocrx_word' id='word_1_303' title='bbox 485 2358 688 2406; x_wconf 88' lang='lat' dir='ltr'>sumus,</span> <span class='ocrx_word' id='word_1_304' title='bbox 711 2348 761 2398; x_wconf 88' lang='lat' dir='ltr'>et</span> <span class='ocrx_word' id='word_1_305' title='bbox 788 2343 1027 2398; x_wconf 89' lang='lat' dir='ltr'>nondum</span> <span class='ocrx_word' id='word_1_306' title='bbox 1055 2345 1284 2412; x_wconf 85' lang='lat' dir='ltr'>apparet</span> <span class='ocrx_word' id='word_1_307' title='bbox 1309 2342 1455 2411; x_wconf 90' lang='lat' dir='ltr'>quod</span> <span class='ocrx_word' id='word_1_308' title='bbox 1484 2342 1702 2395; x_wconf 84' lang='lat' dir='ltr'>erimus.</span> 
     </span>
    </p>
   </div>
   <div class='ocr_carea' id='block_1_36' title="bbox 551 2433 2111 2504">
    <p class='ocr_par' dir='ltr' id='par_1_36' title="bbox 551 2433 2111 2504">
     <span class='ocr_line' id='line_1_36' title="bbox 551 2433 2111 2504; baseline -0.002 -13"><span class='ocrx_word' id='word_1_309' title='bbox 551 2438 621 2491; x_wconf 89' lang='lat' dir='ltr'>Et</span> <span class='ocrx_word' id='word_1_310' title='bbox 649 2437 939 2491; x_wconf 81' lang='lat' dir='ltr'>adventum</span> <span class='ocrx_word' id='word_1_311' title='bbox 973 2435 1159 2504; x_wconf 57' lang='lat' dir='ltr'>gloria</span> <span class='ocrx_word' id='word_1_312' title='bbox 1191 2450 1362 2488; x_wconf 69' lang='lat' dir='ltr'>nam</span> <span class='ocrx_word' id='word_1_313' title='bbox 1401 2435 1520 2488; x_wconf 76' lang='lat' dir='ltr'>Dm.</span> <span class='ocrx_word' id='word_1_314' title='bbox 1557 2433 1880 2486; x_wconf 80' lang='lat' dir='ltr'>Adventum</span> <span class='ocrx_word' id='word_1_315' title='bbox 1912 2433 2111 2503; x_wconf 81' lang='lat' dir='ltr'>gloriae</span> 
     </span>
    </p>
   </div>
   <div class='ocr_carea' id='block_1_37' title="bbox 483 2527 2112 2598">
    <p class='ocr_par' dir='ltr' id='par_1_37' title="bbox 483 2527 2112 2598">
     <span class='ocr_line' id='line_1_37' title="bbox 483 2527 2112 2598; baseline -0.002 -14"><span class='ocrx_word' id='word_1_316' title='bbox 483 2529 620 2584; x_wconf 89' lang='lat' dir='ltr'>dicit</span> <span class='ocrx_word' id='word_1_317' title='bbox 639 2528 794 2582; x_wconf 90' lang='lat' dir='ltr'>diem</span> <span class='ocrx_word' id='word_1_318' title='bbox 813 2527 1036 2598; x_wconf 90' lang='lat' dir='ltr'>judicii,</span> <span class='ocrx_word' id='word_1_319' title='bbox 1079 2527 1312 2598; x_wconf 87' lang='lat' dir='ltr'>quando</span> <span class='ocrx_word' id='word_1_320' title='bbox 1342 2542 1518 2581; x_wconf 88' lang='lat' dir='ltr'>omnes</span> <span class='ocrx_word' id='word_1_321' title='bbox 1546 2527 1841 2580; x_wconf 89' lang='lat' dir='ltr'>astabimus</span> <span class='ocrx_word' id='word_1_322' title='bbox 1871 2531 1998 2580; x_wconf 88' lang='lat' dir='ltr'>ante</span> <span class='ocrx_word' id='word_1_323' title='bbox 2017 2529 2112 2580; x_wconf 85' lang='lat' dir='ltr'>tri-</span> 
     </span>
    </p>
   </div>
   <div class='ocr_carea' id='block_1_38' title="bbox 483 2618 2108 2690">
    <p class='ocr_par' dir='ltr' id='par_1_38' title="bbox 483 2618 2108 2690">
     <span class='ocr_line' id='line_1_38' title="bbox 483 2618 2108 2690; baseline -0.002 -14"><span class='ocrx_word' id='word_1_324' title='bbox 483 2623 651 2676; x_wconf 88' lang='lat' dir='ltr'>bunal</span> <span class='ocrx_word' id='word_1_325' title='bbox 679 2622 898 2676; x_wconf 82' lang='lat' dir='ltr'>Christi.</span> <span class='ocrx_word' id='word_1_326' title='bbox 926 2622 1076 2674; x_wconf 87' lang='lat' dir='ltr'>Bene</span> <span class='ocrx_word' id='word_1_327' title='bbox 1103 2623 1292 2690; x_wconf 85' lang='lat' dir='ltr'>magni</span> <span class='ocrx_word' id='word_1_328' title='bbox 1317 2623 1435 2682; x_wconf 85' lang='lat' dir='ltr'>Dei,</span> <span class='ocrx_word' id='word_1_329' title='bbox 1467 2618 1603 2690; x_wconf 91' lang='lat' dir='ltr'>quia</span> <span class='ocrx_word' id='word_1_330' title='bbox 1626 2634 1873 2689; x_wconf 90' lang='lat' dir='ltr'>magnus</span> <span class='ocrx_word' id='word_1_331' title='bbox 1897 2618 2108 2686; x_wconf 88' lang='lat' dir='ltr'>veniet,</span> 
     </span>
    </p>
   </div>
   <div class='ocr_carea' id='block_1_39' title="bbox 481 2711 2108 2785">
    <p class='ocr_par' dir='ltr' id='par_1_39' title="bbox 481 2711 2108 2785">
     <span class='ocr_line' id='line_1_39' title="bbox 481 2711 2108 2785; baseline -0.001 -17"><span class='ocrx_word' id='word_1_332' title='bbox 481 2714 578 2785; x_wconf 90' lang='lat' dir='ltr'>qui</span> <span class='ocrx_word' id='word_1_333' title='bbox 609 2714 797 2785; x_wconf 90' lang='lat' dir='ltr'>primo</span> <span class='ocrx_word' id='word_1_334' title='bbox 832 2714 1066 2768; x_wconf 88' lang='lat' dir='ltr'>humilis</span> <span class='ocrx_word' id='word_1_335' title='bbox 1105 2713 1277 2781; x_wconf 88' lang='lat' dir='ltr'>venit,</span> <span class='ocrx_word' id='word_1_336' title='bbox 1307 2713 1450 2767; x_wconf 90' lang='lat' dir='ltr'>sicut</span> <span class='ocrx_word' id='word_1_337' title='bbox 1485 2712 1604 2784; x_wconf 91' lang='lat' dir='ltr'>ipse</span> <span class='ocrx_word' id='word_1_338' title='bbox 1639 2711 1776 2766; x_wconf 91' lang='lat' dir='ltr'>dicit</span> <span class='ocrx_word' id='word_1_339' title='bbox 1805 2727 1818 2766; x_wconf 90' lang='lat'><strong>:</strong></span> <span class='ocrx_word' id='word_1_340' title='bbox 1851 2711 1984 2766; x_wconf 89' lang='lat' dir='ltr'>Cum</span> <span class='ocrx_word' id='word_1_341' title='bbox 2025 2727 2108 2766; x_wconf 90' lang='lat' dir='ltr'>se-</span> 
     </span>
    </p>
   </div>
   <div class='ocr_carea' id='block_1_40' title="bbox 479 2806 2112 2876">
    <p class='ocr_par' dir='ltr' id='par_1_40' title="bbox 479 2806 2112 2876">
     <span class='ocr_line' id='line_1_40' title="bbox 479 2806 2112 2876; baseline -0.002 -14"><span class='ocrx_word' id='word_1_342' title='bbox 479 2809 620 2862; x_wconf 87' lang='lat' dir='ltr'>derit</span> <span class='ocrx_word' id='word_1_343' title='bbox 642 2823 742 2862; x_wconf 79' lang='lat' dir='ltr'>reae</span> <span class='ocrx_word' id='word_1_344' title='bbox 767 2809 826 2862; x_wconf 91' lang='lat' dir='ltr'>in</span> <span class='ocrx_word' id='word_1_345' title='bbox 851 2809 983 2863; x_wconf 87' lang='lat' dir='ltr'>solio</span> <span class='ocrx_word' id='word_1_346' title='bbox 1020 2809 1176 2876; x_wconf 87' lang='lat' dir='ltr'>regni</span> <span class='ocrx_word' id='word_1_347' title='bbox 1207 2809 1316 2870; x_wconf 89' lang='lat' dir='ltr'>sui,</span> <span class='ocrx_word' id='word_1_348' title='bbox 1343 2806 1812 2876; x_wconf 78' lang='lat' dir='ltr'>congregabantur</span> <span class='ocrx_word' id='word_1_349' title='bbox 1838 2809 1967 2858; x_wconf 86' lang='lat' dir='ltr'>ante</span> <span class='ocrx_word' id='word_1_350' title='bbox 1993 2819 2112 2858; x_wconf 88' lang='lat' dir='ltr'>eum</span> 
     </span>
    </p>
   </div>
   <div class='ocr_carea' id='block_1_41' title="bbox 479 2898 2107 2970">
    <p class='ocr_par' dir='ltr' id='par_1_41' title="bbox 479 2898 2107 2970">
     <span class='ocr_line' id='line_1_41' title="bbox 479 2898 2107 2970; baseline -0.002 -16"><span class='ocrx_word' id='word_1_351' title='bbox 479 2916 655 2956; x_wconf 90' lang='lat' dir='ltr'>omnes</span> <span class='ocrx_word' id='word_1_352' title='bbox 679 2905 876 2970; x_wconf 89' lang='lat' dir='ltr'>gentes.</span> <span class='ocrx_word' id='word_1_353' title='bbox 907 2901 976 2954; x_wconf 90' lang='lat' dir='ltr'>Et</span> <span class='ocrx_word' id='word_1_354' title='bbox 1003 2899 1212 2954; x_wconf 89' lang='lat' dir='ltr'>iterum</span> <span class='ocrx_word' id='word_1_355' title='bbox 1246 2916 1259 2955; x_wconf 91' lang='lat'><strong>:</strong></span> <span class='ocrx_word' id='word_1_356' title='bbox 1294 2902 1440 2954; x_wconf 88' lang='lat' dir='ltr'>Tunc</span> <span class='ocrx_word' id='word_1_357' title='bbox 1476 2899 1734 2953; x_wconf 79' lang='lat' dir='ltr'>videbunt</span> <span class='ocrx_word' id='word_1_358' title='bbox 1771 2899 1968 2952; x_wconf 87' lang='lat' dir='ltr'>Filium</span> <span class='ocrx_word' id='word_1_359' title='bbox 2015 2898 2107 2952; x_wconf 85' lang='lat' dir='ltr'>ho-</span> 
     </span>
    </p>
   </div>
   <div class='ocr_carea' id='block_1_42' title="bbox 479 2993 2112 3061">
    <p class='ocr_par' dir='ltr' id='par_1_42' title="bbox 479 2993 2112 3061">
     <span class='ocr_line' id='line_1_42' title="bbox 479 2993 2112 3061; baseline -0.002 -14"><span class='ocrx_word' id='word_1_360' title='bbox 479 2995 638 3047; x_wconf 82' lang='lat' dir='ltr'>minis</span> <span class='ocrx_word' id='word_1_361' title='bbox 688 2995 984 3047; x_wconf 78' lang='lat' dir='ltr'>venientem</span> <span class='ocrx_word' id='word_1_362' title='bbox 1028 2995 1088 3046; x_wconf 89' lang='lat' dir='ltr'>in</span> <span class='ocrx_word' id='word_1_363' title='bbox 1137 2993 1299 3054; x_wconf 90' lang='lat' dir='ltr'>nube,</span> <span class='ocrx_word' id='word_1_364' title='bbox 1342 3007 1459 3046; x_wconf 88' lang='lat' dir='ltr'>cum</span> <span class='ocrx_word' id='word_1_365' title='bbox 1505 2995 1770 3061; x_wconf 86' lang='lat' dir='ltr'>potestate</span> <span class='ocrx_word' id='word_1_366' title='bbox 1824 3005 2024 3059; x_wconf 89' lang='lat' dir='ltr'>magna</span> <span class='ocrx_word' id='word_1_367' title='bbox 2061 2995 2112 3044; x_wconf 91' lang='lat' dir='ltr'>et</span> 
     </span>
    </p>
   </div>
   <div class='ocr_carea' id='block_1_43' title="bbox 2213 1869 3848 1948">
    <p class='ocr_par' dir='ltr' id='par_1_43' title="bbox 2213 1869 3848 1948">
     <span class='ocr_line' id='line_1_43' title="bbox 2213 1869 3848 1948; baseline -0.007 -16"><span class='ocrx_word' id='word_1_368' title='bbox 2213 1877 2460 1932; x_wconf 88' lang='lat' dir='ltr'>actualia</span> <span class='ocrx_word' id='word_1_369' title='bbox 2509 1880 2744 1948; x_wconf 81' lang='lat' dir='ltr'>peccata</span> <span class='ocrx_word' id='word_1_370' title='bbox 2781 1873 3182 1941; x_wconf 89' lang='lat' dir='ltr'>dimittuntur;</span> <span class='ocrx_word' id='word_1_371' title='bbox 3233 1873 3376 1940; x_wconf 86' lang='lat' dir='ltr'>sive,</span> <span class='ocrx_word' id='word_1_372' title='bbox 3429 1871 3573 1926; x_wconf 90' lang='lat' dir='ltr'>sicut</span> <span class='ocrx_word' id='word_1_373' title='bbox 3628 1869 3848 1924; x_wconf 85' lang='lat' dir='ltr'>dictum</span> 
     </span>
    </p>
   </div>
   <div class='ocr_carea' id='block_1_44' title="bbox 2214 1963 3849 2039">
    <p class='ocr_par' dir='ltr' id='par_1_44' title="bbox 2214 1963 3849 2039">
     <span class='ocr_line' id='line_1_44' title="bbox 2214 1963 3849 2039; baseline -0.006 -15"><span class='ocrx_word' id='word_1_374' title='bbox 2214 1975 2318 2037; x_wconf 88' lang='lat' dir='ltr'>est,</span> <span class='ocrx_word' id='word_1_375' title='bbox 2364 1969 2663 2024; x_wconf 88' lang='lat' dir='ltr'>fundendo</span> <span class='ocrx_word' id='word_1_376' title='bbox 2714 1967 3058 2039; x_wconf 86' lang='lat' dir='ltr'>sanguinem</span> <span class='ocrx_word' id='word_1_377' title='bbox 3109 1983 3275 2021; x_wconf 90' lang='lat' dir='ltr'>suum</span> <span class='ocrx_word' id='word_1_378' title='bbox 3316 1981 3419 2036; x_wconf 90' lang='lat' dir='ltr'>pro</span> <span class='ocrx_word' id='word_1_379' title='bbox 3465 1963 3653 2028; x_wconf 88' lang='lat' dir='ltr'>nobis,</span> <span class='ocrx_word' id='word_1_380' title='bbox 3683 1963 3849 2032; x_wconf 85' lang='lat' dir='ltr'>juxta</span> 
     </span>
    </p>
   </div>
   <div class='ocr_carea' id='block_1_45' title="bbox 2213 2057 3848 2136">
    <p class='ocr_par' dir='ltr' id='par_1_45' title="bbox 2213 2057 3848 2136">
     <span class='ocr_line' id='line_1_45' title="bbox 2213 2057 3848 2136; baseline -0.006 -18"><span class='ocrx_word' id='word_1_381' title='bbox 2213 2064 2520 2136; x_wconf 68' lang='lat' dir='ltr'>praefatum</span> <span class='ocrx_word' id='word_1_382' title='bbox 2548 2061 2947 2116; x_wconf 88' lang='lat' dir='ltr'>testimonium</span> <span class='ocrx_word' id='word_1_383' title='bbox 2980 2078 2993 2115; x_wconf 89' lang='lat'><strong>:</strong></span> <span class='ocrx_word' id='word_1_384' title='bbox 3027 2063 3132 2128; x_wconf 85' lang='lat' dir='ltr'>Qui</span> <span class='ocrx_word' id='word_1_385' title='bbox 3167 2061 3360 2114; x_wconf 66' lang='lat' dir='ltr'>dilexit</span> <span class='ocrx_word' id='word_1_386' title='bbox 3387 2073 3480 2112; x_wconf 86' lang='lat' dir='ltr'>nos</span> <span class='ocrx_word' id='word_1_387' title='bbox 3508 2062 3558 2111; x_wconf 88' lang='lat' dir='ltr'>et</span> <span class='ocrx_word' id='word_1_388' title='bbox 3586 2057 3722 2110; x_wconf 78' lang='lat' dir='ltr'>larit</span> <span class='ocrx_word' id='word_1_389' title='bbox 3755 2071 3848 2108; x_wconf 89' lang='lat' dir='ltr'>nos</span> 
     </span>
    </p>
   </div>
   <div class='ocr_carea' id='block_1_46' title="bbox 2211 2149 3846 2228">
    <p class='ocr_par' dir='ltr' id='par_1_46' title="bbox 2211 2149 3846 2228">
     <span class='ocr_line' id='line_1_46' title="bbox 2211 2149 3846 2228; baseline -0.007 -16"><span class='ocrx_word' id='word_1_390' title='bbox 2211 2175 2247 2212; x_wconf 91' lang='lat' dir='ltr'>a</span> <span class='ocrx_word' id='word_1_391' title='bbox 2285 2160 2517 2228; x_wconf 87' lang='lat' dir='ltr'>peccatis</span> <span class='ocrx_word' id='word_1_392' title='bbox 2557 2158 2757 2210; x_wconf 81' lang='lat' dir='ltr'>nostris</span> <span class='ocrx_word' id='word_1_393' title='bbox 2793 2158 2852 2208; x_wconf 88' lang='lat' dir='ltr'>in</span> <span class='ocrx_word' id='word_1_394' title='bbox 2883 2156 3147 2223; x_wconf 87' lang='lat' dir='ltr'>sanguine</span> <span class='ocrx_word' id='word_1_395' title='bbox 3174 2169 3290 2207; x_wconf 90' lang='lat' dir='ltr'>suo.</span> <span class='ocrx_word' id='word_1_396' title='bbox 3320 2150 3483 2216; x_wconf 85' lang='lat' dir='ltr'>Quod</span> <span class='ocrx_word' id='word_1_397' title='bbox 3515 2149 3653 2204; x_wconf 91' lang='lat' dir='ltr'>dicit</span> <span class='ocrx_word' id='word_1_398' title='bbox 3675 2151 3846 2202; x_wconf 86' lang='lat' dir='ltr'>Joan-</span> 
     </span>
    </p>
   </div>
   <div class='ocr_carea' id='block_1_47' title="bbox 2214 2245 3853 2316">
    <p class='ocr_par' dir='ltr' id='par_1_47' title="bbox 2214 2245 3853 2316">
     <span class='ocr_line' id='line_1_47' title="bbox 2214 2245 3853 2316; baseline -0.005 -12"><span class='ocrx_word' id='word_1_399' title='bbox 2214 2267 2314 2304; x_wconf 90' lang='lat' dir='ltr'>nes</span> <span class='ocrx_word' id='word_1_400' title='bbox 2344 2267 2357 2304; x_wconf 89' lang='lat'>:</span> <span class='ocrx_word' id='word_1_401' title='bbox 2393 2252 2530 2305; x_wconf 87' lang='lat' dir='ltr'>Fecit</span> <span class='ocrx_word' id='word_1_402' title='bbox 2558 2264 2651 2304; x_wconf 90' lang='lat' dir='ltr'>nos</span> <span class='ocrx_word' id='word_1_403' title='bbox 2689 2252 2793 2303; x_wconf 92' lang='lat' dir='ltr'>Deo</span> <span class='ocrx_word' id='word_1_404' title='bbox 2833 2252 3013 2302; x_wconf 88' lang='lat' dir='ltr'>nostro</span> <span class='ocrx_word' id='word_1_405' title='bbox 3046 2262 3291 2316; x_wconf 86' lang='lat' dir='ltr'>regnum,</span> <span class='ocrx_word' id='word_1_406' title='bbox 3319 2245 3616 2300; x_wconf 86' lang='lat' dir='ltr'>sacerdotes</span> <span class='ocrx_word' id='word_1_407' title='bbox 3657 2246 3765 2298; x_wconf 81' lang='lat' dir='ltr'>Deo</span> <span class='ocrx_word' id='word_1_408' title='bbox 3802 2247 3853 2296; x_wconf 84' lang='lat' dir='ltr'>et</span> 
     </span>
    </p>
   </div>
   <div class='ocr_carea' id='block_1_48' title="bbox 2215 2341 3847 2411">
    <p class='ocr_par' dir='ltr' id='par_1_48' title="bbox 2215 2341 3847 2411">
     <span class='ocr_line' id='line_1_48' title="bbox 2215 2341 3847 2411; baseline -0.006 -12"><span class='ocrx_word' id='word_1_409' title='bbox 2215 2347 2384 2406; x_wconf 83' lang='lat' dir='ltr'>Patri,</span> <span class='ocrx_word' id='word_1_410' title='bbox 2415 2343 2524 2397; x_wconf 92' lang='lat' dir='ltr'>hoc</span> <span class='ocrx_word' id='word_1_411' title='bbox 2555 2346 2612 2396; x_wconf 85' lang='lat' dir='ltr'>et</span> <span class='ocrx_word' id='word_1_412' title='bbox 2636 2341 2728 2395; x_wconf 93' lang='lat' dir='ltr'>hic</span> <span class='ocrx_word' id='word_1_413' title='bbox 2753 2341 2890 2395; x_wconf 89' lang='lat' dir='ltr'>dicit</span> <span class='ocrx_word' id='word_1_414' title='bbox 2914 2341 3236 2411; x_wconf 87' lang='lat' dir='ltr'>Apostolus.</span> <span class='ocrx_word' id='word_1_415' title='bbox 3277 2341 3534 2394; x_wconf 73' lang='grc' dir='ltr'>Ροιιειωι</span> <span class='ocrx_word' id='word_1_416' title='bbox 3575 2351 3847 2392; x_wconf 71' lang='lat' dir='ltr'>ACCEPTA-</span> 
     </span>
    </p>
   </div>
   <div class='ocr_carea' id='block_1_49' title="bbox 2211 2430 3847 2506">
    <p class='ocr_par' dir='ltr' id='par_1_49' title="bbox 2211 2430 3847 2506">
     <span class='ocr_line' id='line_1_49' title="bbox 2211 2430 3847 2506; baseline -0.007 -14"><span class='ocrx_word' id='word_1_417' title='bbox 2211 2453 2392 2503; x_wconf 75' lang='lat' dir='ltr'>BILEM,</span> <span class='ocrx_word' id='word_1_418' title='bbox 2421 2436 2482 2490; x_wconf 93' lang='lat' dir='ltr'>id</span> <span class='ocrx_word' id='word_1_419' title='bbox 2507 2438 2591 2490; x_wconf 84' lang='lat' dir='ltr'>est</span> <span class='ocrx_word' id='word_1_420' title='bbox 2617 2435 2890 2506; x_wconf 89' lang='lat' dir='ltr'>placitum</span> <span class='ocrx_word' id='word_1_421' title='bbox 2917 2435 3006 2487; x_wconf 89' lang='lat' dir='ltr'>vel</span> <span class='ocrx_word' id='word_1_422' title='bbox 3043 2433 3378 2504; x_wconf 76' lang='lat' dir='ltr'>perfectum,</span> <span class='ocrx_word' id='word_1_423' title='bbox 3410 2433 3470 2484; x_wconf 89' lang='lat' dir='ltr'>ut</span> <span class='ocrx_word' id='word_1_424' title='bbox 3505 2431 3620 2484; x_wconf 86' lang='lat' dir='ltr'>Deo</span> <span class='ocrx_word' id='word_1_425' title='bbox 3649 2430 3720 2482; x_wconf 90' lang='lat' dir='ltr'>sit</span> <span class='ocrx_word' id='word_1_426' title='bbox 3753 2444 3847 2481; x_wconf 79' lang='lat' dir='ltr'>ac-</span> 
     </span>
    </p>
   </div>
   <div class='ocr_carea' id='block_1_50' title="bbox 2212 2522 3848 2600">
    <p class='ocr_par' dir='ltr' id='par_1_50' title="bbox 2212 2522 3848 2600">
     <span class='ocr_line' id='line_1_50' title="bbox 2212 2522 3848 2600; baseline -0.007 -15"><span class='ocrx_word' id='word_1_427' title='bbox 2212 2533 2426 2600; x_wconf 90' lang='lat' dir='ltr'>ceptus,</span> <span class='ocrx_word' id='word_1_428' title='bbox 2460 2531 2518 2583; x_wconf 91' lang='lat' dir='ltr'>et</span> <span class='ocrx_word' id='word_1_429' title='bbox 2561 2529 2658 2600; x_wconf 89' lang='lat' dir='ltr'>qui</span> <span class='ocrx_word' id='word_1_430' title='bbox 2700 2531 2834 2582; x_wconf 89' lang='lat' dir='ltr'>ante</span> <span class='ocrx_word' id='word_1_431' title='bbox 2882 2527 3117 2592; x_wconf 86' lang='lat' dir='ltr'>diaboli,</span> <span class='ocrx_word' id='word_1_432' title='bbox 3153 2543 3304 2580; x_wconf 89' lang='lat' dir='ltr'>nunc</span> <span class='ocrx_word' id='word_1_433' title='bbox 3330 2524 3428 2579; x_wconf 90' lang='lat' dir='ltr'>Dei</span> <span class='ocrx_word' id='word_1_434' title='bbox 3461 2527 3547 2577; x_wconf 89' lang='lat' dir='ltr'>est</span> <span class='ocrx_word' id='word_1_435' title='bbox 3577 2522 3848 2594; x_wconf 77' lang='lat' dir='ltr'>populus,</span> 
     </span>
    </p>
   </div>
   <div class='ocr_carea' id='block_1_51' title="bbox 2212 2615 3853 2688">
    <p class='ocr_par' dir='ltr' id='par_1_51' title="bbox 2212 2615 3853 2688">
     <span class='ocr_line' id='line_1_51' title="bbox 2212 2615 3853 2688; baseline -0.006 -10"><span class='ocrx_word' id='word_1_436' title='bbox 2212 2623 2468 2678; x_wconf 86' lang='lat' dir='ltr'>dicentes</span> <span class='ocrx_word' id='word_1_437' title='bbox 2499 2638 2628 2676; x_wconf 91' lang='lat' dir='ltr'>cum</span> <span class='ocrx_word' id='word_1_438' title='bbox 2661 2621 2958 2676; x_wconf 87' lang='lat' dir='ltr'>Psalmista</span> <span class='ocrx_word' id='word_1_439' title='bbox 2989 2637 3002 2674; x_wconf 89' lang='lat'>:</span> <span class='ocrx_word' id='word_1_440' title='bbox 3039 2623 3144 2677; x_wconf 91' lang='lat' dir='ltr'>Nos</span> <span class='ocrx_word' id='word_1_441' title='bbox 3167 2624 3344 2674; x_wconf 90' lang='lat' dir='ltr'>autem</span> <span class='ocrx_word' id='word_1_442' title='bbox 3371 2618 3603 2688; x_wconf 89' lang='lat' dir='ltr'>populus</span> <span class='ocrx_word' id='word_1_443' title='bbox 3639 2615 3758 2682; x_wconf 86' lang='lat' dir='ltr'>ejus</span> <span class='ocrx_word' id='word_1_444' title='bbox 3801 2620 3853 2669; x_wconf 89' lang='lat' dir='ltr'>et</span> 
     </span>
    </p>
   </div>
   <div class='ocr_carea' id='block_1_52' title="bbox 2211 2707 3853 2786">
    <p class='ocr_par' dir='ltr' id='par_1_52' title="bbox 2211 2707 3853 2786">
     <span class='ocr_line' id='line_1_52' title="bbox 2211 2707 3853 2786; baseline -0.007 -15"><span class='ocrx_word' id='word_1_445' title='bbox 2211 2731 2328 2771; x_wconf 82' lang='lat' dir='ltr'>oves</span> <span class='ocrx_word' id='word_1_446' title='bbox 2371 2731 2591 2786; x_wconf 61' lang='lat' dir='ltr'>pascua</span> <span class='ocrx_word' id='word_1_447' title='bbox 2640 2715 2769 2784; x_wconf 87' lang='lat' dir='ltr'>ejus.</span> <span class='ocrx_word' id='word_1_448' title='bbox 2814 2715 3169 2769; x_wconf 72' lang='lat' dir='ltr'>Secruoaeu</span> <span class='ocrx_word' id='word_1_449' title='bbox 3206 2727 3465 2768; x_wconf 70' lang='lat' dir='ltr'>Bonorum</span> <span class='ocrx_word' id='word_1_450' title='bbox 3503 2725 3742 2772; x_wconf 69' lang='lat' dir='ltr'>ornatu,</span> <span class='ocrx_word' id='word_1_451' title='bbox 3791 2707 3853 2761; x_wconf 90' lang='lat' dir='ltr'>id</span> 
     </span>
    </p>
   </div>
   <div class='ocr_carea' id='block_1_53' title="bbox 2212 2804 3855 2875">
    <p class='ocr_par' dir='ltr' id='par_1_53' title="bbox 2212 2804 3855 2875">
     <span class='ocr_line' id='line_1_53' title="bbox 2212 2804 3855 2875; baseline -0.001 -13"><span class='ocrx_word' id='word_1_452' title='bbox 2212 2813 2318 2875; x_wconf 90' lang='lat' dir='ltr'>est,</span> <span class='ocrx_word' id='word_1_453' title='bbox 2349 2808 2640 2862; x_wconf 84' lang='lat' dir='ltr'>virtutum.</span> <span class='ocrx_word' id='word_1_454' title='bbox 2698 2807 2856 2862; x_wconf 89' lang='lat' dir='ltr'>Sicut</span> <span class='ocrx_word' id='word_1_455' title='bbox 2908 2805 3067 2860; x_wconf 90' lang='lat' dir='ltr'>idem</span> <span class='ocrx_word' id='word_1_456' title='bbox 3117 2804 3257 2858; x_wconf 91' lang='lat' dir='ltr'>dicit</span> <span class='ocrx_word' id='word_1_457' title='bbox 3300 2822 3313 2859; x_wconf 87' lang='lat'><strong>:</strong></span> <span class='ocrx_word' id='word_1_458' title='bbox 3367 2807 3432 2860; x_wconf 91' lang='lat' dir='ltr'>Ut</span> <span class='ocrx_word' id='word_1_459' title='bbox 3486 2806 3549 2858; x_wconf 89' lang='lat' dir='ltr'>in</span> <span class='ocrx_word' id='word_1_460' title='bbox 3599 2805 3855 2860; x_wconf 78' lang='lat' dir='ltr'>omnibus</span> 
     </span>
    </p>
   </div>
   <div class='ocr_carea' id='block_1_54' title="bbox 2209 2900 3854 2970">
    <p class='ocr_par' dir='ltr' id='par_1_54' title="bbox 2209 2900 3854 2970">
     <span class='ocr_line' id='line_1_54' title="bbox 2209 2900 3854 2970; baseline -0.002 -14"><span class='ocrx_word' id='word_1_461' title='bbox 2209 2902 2552 2957; x_wconf 73' lang='lat' dir='ltr'>emhibeamus</span> <span class='ocrx_word' id='word_1_462' title='bbox 2589 2904 2935 2970; x_wconf 85' lang='lat' dir='ltr'>nosmetipsos</span> <span class='ocrx_word' id='word_1_463' title='bbox 2959 2901 3096 2954; x_wconf 89' lang='lat' dir='ltr'>sicut</span> <span class='ocrx_word' id='word_1_464' title='bbox 3133 2901 3229 2954; x_wconf 88' lang='lat' dir='ltr'>Dei</span> <span class='ocrx_word' id='word_1_465' title='bbox 3264 2901 3558 2961; x_wconf 88' lang='lat' dir='ltr'>ministros,</span> <span class='ocrx_word' id='word_1_466' title='bbox 3585 2901 3644 2952; x_wconf 87' lang='lat' dir='ltr'>in</span> <span class='ocrx_word' id='word_1_467' title='bbox 3672 2900 3854 2953; x_wconf 83' lang='lat' dir='ltr'>multa</span> 
     </span>
    </p>
   </div>
   <div class='ocr_carea' id='block_1_55' title="bbox 2204 2992 3851 3064">
    <p class='ocr_par' dir='ltr' id='par_1_55' title="bbox 2204 2992 3851 3064">
     <span class='ocr_line' id='line_1_55' title="bbox 2204 2992 3851 3064; baseline -0.002 -15"><span class='ocrx_word' id='word_1_468' title='bbox 2204 2996 2499 3064; x_wconf 83' lang='lat' dir='ltr'>patientia,</span> <span class='ocrx_word' id='word_1_469' title='bbox 2557 2995 2614 3046; x_wconf 89' lang='lat' dir='ltr'>in</span> <span class='ocrx_word' id='word_1_470' title='bbox 2662 2994 2889 3062; x_wconf 77' lang='lat' dir='ltr'>vigiliis,</span> <span class='ocrx_word' id='word_1_471' title='bbox 2934 2995 2991 3046; x_wconf 88' lang='lat' dir='ltr'>in</span> <span class='ocrx_word' id='word_1_472' title='bbox 3031 2992 3280 3061; x_wconf 82' lang='lat' dir='ltr'>jejuniis,</span> <span class='ocrx_word' id='word_1_473' title='bbox 3336 2996 3385 3046; x_wconf 89' lang='lat' dir='ltr'>et</span> <span class='ocrx_word' id='word_1_474' title='bbox 3432 2993 3698 3046; x_wconf 83' lang='lat' dir='ltr'>charitate</span> <span class='ocrx_word' id='word_1_475' title='bbox 3741 3008 3851 3046; x_wconf 83' lang='lat' dir='ltr'>non</span> 
     </span>
    </p>
   </div>
   <div class='ocr_carea' id='block_1_56' title="bbox 478 3083 3852 3186">
    <p class='ocr_par' dir='ltr' id='par_1_56' title="bbox 478 3083 3852 3186">
     <span class='ocr_line' id='line_1_56' title="bbox 478 3083 3852 3186; baseline -0.003 -48"><span class='ocrx_word' id='word_1_476' title='bbox 478 3084 882 3186; x_wconf 49' lang='lat' dir='ltr'>majestate._De</span> <span class='ocrx_word' id='word_1_477' title='bbox 913 3085 1020 3138; x_wconf 90' lang='lat' dir='ltr'>hoc</span> <span class='ocrx_word' id='word_1_478' title='bbox 1051 3084 1186 3138; x_wconf 91' lang='lat' dir='ltr'>dicit</span> <span class='ocrx_word' id='word_1_479' title='bbox 1207 3088 1265 3186; x_wconf 70' lang='lat' dir='ltr'>et</span> <span class='ocrx_word' id='word_1_480' title='bbox 1291 3085 1491 3138; x_wconf 88' lang='lat' dir='ltr'>Petrus</span> <span class='ocrx_word' id='word_1_481' title='bbox 1519 3100 1532 3138; x_wconf 89' lang='lat'><strong>:</strong></span> <span class='ocrx_word' id='word_1_482' title='bbox 1566 3085 1880 3186; x_wconf 67' lang='lat' dir='ltr'>Inveniatur</span> <span class='ocrx_word' id='word_1_483' title='bbox 1903 3085 1963 3136; x_wconf 90' lang='lat' dir='ltr'>in</span> <span class='ocrx_word' id='word_1_484' title='bbox 1991 3083 2116 3186; x_wconf 38' lang='lat' dir='ltr'>(au:</span> <span class='ocrx_word' id='word_1_485' title='bbox 2131 3113 2186 3186; x_wconf 80' lang='lat' dir='ltr'><strong>C</strong></span> <span class='ocrx_word' id='word_1_486' title='bbox 2209 3090 2352 3156; x_wconf 74' lang='lat' dir='ltr'>ﬁcta,</span> <span class='ocrx_word' id='word_1_487' title='bbox 2379 3103 2480 3157; x_wconf 77' lang='lat' dir='ltr'>per</span> <span class='ocrx_word' id='word_1_488' title='bbox 2504 3102 2659 3140; x_wconf 82' lang='lat' dir='ltr'>arma</span> <span class='ocrx_word' id='word_1_489' title='bbox 2675 3087 2910 3155; x_wconf 49' lang='lat' dir='ltr'>justiti;</span> <span class='ocrx_word' id='word_1_490' title='bbox 2934 3103 2969 3140; x_wconf 83' lang='grc' dir='ltr'><em>α</em></span> <span class='ocrx_word' id='word_1_491' title='bbox 2995 3085 3203 3140; x_wconf 63' lang='lat' dir='ltr'>dextris</span> <span class='ocrx_word' id='word_1_492' title='bbox 3245 3089 3294 3140; x_wconf 71' lang='lat' dir='ltr'>et</span> <span class='ocrx_word' id='word_1_493' title='bbox 3331 3101 3365 3138; x_wconf 76' lang='grc' dir='ltr'><strong>α</strong></span> <span class='ocrx_word' id='word_1_494' title='bbox 3401 3087 3654 3140; x_wconf 70' lang='grc' dir='ltr'>είηίδτηζς,</span> <span class='ocrx_word' id='word_1_495' title='bbox 3693 3085 3852 3154; x_wconf 69' lang='lat' dir='ltr'>Ergo</span> 
     </span>
    </p>
   </div>
   <div class='ocr_carea' id='block_1_57' title="bbox 481 3175 3847 3248">
    <p class='ocr_par' dir='ltr' id='par_1_57' title="bbox 481 3175 3847 3248">
     <span class='ocr_line' id='line_1_57' title="bbox 481 3175 3847 3248; baseline -0.001 -16"><span class='ocrx_word' id='word_1_496' title='bbox 481 3178 600 3232; x_wconf 87' lang='lat' dir='ltr'>dem</span> <span class='ocrx_word' id='word_1_497' title='bbox 641 3181 691 3232; x_wconf 88' lang='lat' dir='ltr'>et</span> <span class='ocrx_word' id='word_1_498' title='bbox 729 3178 962 3246; x_wconf 89' lang='lat' dir='ltr'>gloriam</span> <span class='ocrx_word' id='word_1_499' title='bbox 1009 3181 1058 3230; x_wconf 91' lang='lat' dir='ltr'>et</span> <span class='ocrx_word' id='word_1_500' title='bbox 1100 3177 1478 3232; x_wconf 76' lang='lat' dir='ltr'>reuelationem</span> <span class='ocrx_word' id='word_1_501' title='bbox 1511 3179 1637 3231; x_wconf 77' lang='lat' dir='ltr'>Iesu</span> <span class='ocrx_word' id='word_1_502' title='bbox 1671 3175 1870 3230; x_wconf 84' lang='lat' dir='ltr'>Christi</span> <span class='ocrx_word' id='word_1_503' title='bbox 1899 3177 2116 3230; x_wconf 85' lang='lat' dir='ltr'>Domini</span> <span class='ocrx_word' id='word_1_504' title='bbox 2140 3175 2186 3186; x_wconf 63' lang='grc' dir='ltr'>ν</span> <span class='ocrx_word' id='word_1_505' title='bbox 2214 3183 2522 3234; x_wconf 89' lang='lat' dir='ltr'>sectatores</span> <span class='ocrx_word' id='word_1_506' title='bbox 2568 3179 2841 3234; x_wconf 89' lang='lat' dir='ltr'>debemus</span> <span class='ocrx_word' id='word_1_507' title='bbox 2877 3195 2998 3237; x_wconf 90' lang='lat' dir='ltr'>esse</span> <span class='ocrx_word' id='word_1_508' title='bbox 3039 3179 3326 3233; x_wconf 88' lang='lat' dir='ltr'>bonorum</span> <span class='ocrx_word' id='word_1_509' title='bbox 3376 3195 3639 3248; x_wconf 89' lang='lat' dir='ltr'>operum,</span> <span class='ocrx_word' id='word_1_510' title='bbox 3682 3181 3748 3230; x_wconf 90' lang='lat' dir='ltr'>ut</span> <span class='ocrx_word' id='word_1_511' title='bbox 3787 3177 3847 3231; x_wconf 89' lang='lat' dir='ltr'>in</span> 
     </span>
    </p>
   </div>
   <div class='ocr_carea' id='block_1_58' title="bbox 481 3268 2111 3332">
    <p class='ocr_par' dir='ltr' id='par_1_58' title="bbox 481 3268 2111 3332">
     <span class='ocr_line' id='line_1_58' title="bbox 481 3268 2111 3332; baseline -0.002 -7"><span class='ocrx_word' id='word_1_512' title='bbox 481 3273 676 3332; x_wconf 84' lang='lat' dir='ltr'>nostri,</span> <span class='ocrx_word' id='word_1_513' title='bbox 707 3276 759 3326; x_wconf 92' lang='lat' dir='ltr'>et</span> <span class='ocrx_word' id='word_1_514' title='bbox 799 3271 1102 3326; x_wconf 69' lang='lat' dir='ltr'>Saluatoris</span> <span class='ocrx_word' id='word_1_515' title='bbox 1143 3271 1316 3325; x_wconf 85' lang='lat' dir='ltr'>nostri</span> <span class='ocrx_word' id='word_1_516' title='bbox 1353 3271 1480 3324; x_wconf 82' lang='lat' dir='ltr'>Jcsu</span> <span class='ocrx_word' id='word_1_517' title='bbox 1519 3270 1737 3326; x_wconf 86' lang='lat' dir='ltr'>Christi.</span> <span class='ocrx_word' id='word_1_518' title='bbox 1783 3268 2111 3322; x_wconf 88' lang='lat' dir='ltr'>Notandum</span> 
     </span>
    </p>
   </div>
   <div class='ocr_carea' id='block_1_59' title="bbox 477 3360 2108 3436">
    <p class='ocr_par' dir='ltr' id='par_1_59' title="bbox 477 3360 2108 3436">
     <span class='ocr_line' id='line_1_59' title="bbox 477 3360 2108 3436; baseline -0.002 -19"><span class='ocrx_word' id='word_1_519' title='bbox 477 3363 632 3436; x_wconf 93' lang='lat' dir='ltr'>quod</span> <span class='ocrx_word' id='word_1_520' title='bbox 661 3363 718 3417; x_wconf 92' lang='lat' dir='ltr'>in</span> <span class='ocrx_word' id='word_1_521' title='bbox 747 3363 853 3418; x_wconf 92' lang='lat' dir='ltr'>hac</span> <span class='ocrx_word' id='word_1_522' title='bbox 878 3361 1033 3417; x_wconf 89' lang='lat' dir='ltr'>brevi</span> <span class='ocrx_word' id='word_1_523' title='bbox 1059 3361 1310 3433; x_wconf 88' lang='lat' dir='ltr'>Epistola</span> <span class='ocrx_word' id='word_1_524' title='bbox 1331 3361 1418 3416; x_wconf 89' lang='lat' dir='ltr'>bis</span> <span class='ocrx_word' id='word_1_525' title='bbox 1447 3363 1628 3416; x_wconf 87' lang='lat' dir='ltr'>Deum</span> <span class='ocrx_word' id='word_1_526' title='bbox 1658 3360 1982 3415; x_wconf 90' lang='lat' dir='ltr'>nominavit</span> <span class='ocrx_word' id='word_1_527' title='bbox 2001 3361 2108 3414; x_wconf 58' lang='lat' dir='ltr'>Do-</span> 
     </span>
    </p>
   </div>
   <div class='ocr_carea' id='block_1_60' title="bbox 481 3453 2109 3527">
    <p class='ocr_par' dir='ltr' id='par_1_60' title="bbox 481 3453 2109 3527">
     <span class='ocr_line' id='line_1_60' title="bbox 481 3453 2109 3527; baseline -0.002 -15"><span class='ocrx_word' id='word_1_528' title='bbox 481 3457 706 3512; x_wconf 89' lang='lat' dir='ltr'>minum</span> <span class='ocrx_word' id='word_1_529' title='bbox 731 3458 760 3512; x_wconf 75' lang='grc' dir='ltr'>Ι</span> <span class='ocrx_word' id='word_1_530' title='bbox 766 3473 958 3522; x_wconf 90' lang='lat' dir='ltr'>esum;</span> <span class='ocrx_word' id='word_1_531' title='bbox 993 3472 1166 3527; x_wconf 89' lang='lat' dir='ltr'>supra</span> <span class='ocrx_word' id='word_1_532' title='bbox 1198 3453 1296 3510; x_wconf 89' lang='lat' dir='ltr'>ubi</span> <span class='ocrx_word' id='word_1_533' title='bbox 1326 3455 1405 3509; x_wconf 88' lang='lat' dir='ltr'>ait</span> <span class='ocrx_word' id='word_1_534' title='bbox 1437 3473 1450 3509; x_wconf 90' lang='lat'><strong>:</strong></span> <span class='ocrx_word' id='word_1_535' title='bbox 1479 3455 1760 3525; x_wconf 84' lang='lat' dir='ltr'>Apparuit</span> <span class='ocrx_word' id='word_1_536' title='bbox 1784 3455 1965 3522; x_wconf 85' lang='lat' dir='ltr'>gratia</span> <span class='ocrx_word' id='word_1_537' title='bbox 1983 3455 2109 3510; x_wconf 88' lang='lat' dir='ltr'>Sal-</span> 
     </span>
    </p>
   </div>
   <div class='ocr_carea' id='block_1_61' title="bbox 477 3548 2108 3617">
    <p class='ocr_par' dir='ltr' id='par_1_61' title="bbox 477 3548 2108 3617">
     <span class='ocr_line' id='line_1_61' title="bbox 477 3548 2108 3617; baseline -0.002 -12"><span class='ocrx_word' id='word_1_538' title='bbox 477 3553 680 3606; x_wconf 77' lang='lat' dir='ltr'>uatoris</span> <span class='ocrx_word' id='word_1_539' title='bbox 714 3552 885 3606; x_wconf 81' lang='lat' dir='ltr'>nostri</span> <span class='ocrx_word' id='word_1_540' title='bbox 916 3552 1028 3605; x_wconf 88' lang='lat' dir='ltr'>Dei.</span> <span class='ocrx_word' id='word_1_541' title='bbox 1067 3550 1136 3604; x_wconf 89' lang='lat' dir='ltr'>Et</span> <span class='ocrx_word' id='word_1_542' title='bbox 1176 3548 1268 3603; x_wconf 92' lang='lat' dir='ltr'>hic</span> <span class='ocrx_word' id='word_1_543' title='bbox 1297 3565 1428 3602; x_wconf 89' lang='lat' dir='ltr'>cum</span> <span class='ocrx_word' id='word_1_544' title='bbox 1461 3548 1597 3603; x_wconf 90' lang='lat' dir='ltr'>dicit</span> <span class='ocrx_word' id='word_1_545' title='bbox 1628 3565 1640 3602; x_wconf 89' lang='lat'><strong>:</strong></span> <span class='ocrx_word' id='word_1_546' title='bbox 1673 3549 1966 3602; x_wconf 80' lang='lat' dir='ltr'>adventum</span> <span class='ocrx_word' id='word_1_547' title='bbox 1995 3549 2108 3617; x_wconf 87' lang='lat' dir='ltr'>glo-</span> 
     </span>
    </p>
   </div>
   <div class='ocr_carea' id='block_1_62' title="bbox 480 3643 2112 3711">
    <p class='ocr_par' dir='ltr' id='par_1_62' title="bbox 480 3643 2112 3711">
     <span class='ocr_line' id='line_1_62' title="bbox 480 3643 2112 3711; baseline -0.002 -13"><span class='ocrx_word' id='word_1_548' title='bbox 480 3646 578 3697; x_wconf 70' lang='lat' dir='ltr'>ria:</span> <span class='ocrx_word' id='word_1_549' title='bbox 603 3646 791 3711; x_wconf 87' lang='lat' dir='ltr'>magni</span> <span class='ocrx_word' id='word_1_550' title='bbox 815 3645 911 3698; x_wconf 88' lang='lat' dir='ltr'>Dei</span> <span class='ocrx_word' id='word_1_551' title='bbox 945 3647 996 3697; x_wconf 91' lang='lat' dir='ltr'>et</span> <span class='ocrx_word' id='word_1_552' title='bbox 1021 3643 1322 3697; x_wconf 78' lang='lat' dir='ltr'>Saluatoris</span> <span class='ocrx_word' id='word_1_553' title='bbox 1349 3645 1521 3697; x_wconf 84' lang='lat' dir='ltr'>nostri</span> <span class='ocrx_word' id='word_1_554' title='bbox 1552 3645 1676 3697; x_wconf 85' lang='lat' dir='ltr'>Jesu</span> <span class='ocrx_word' id='word_1_555' title='bbox 1706 3643 1922 3699; x_wconf 87' lang='lat' dir='ltr'>Christi.</span> <span class='ocrx_word' id='word_1_556' title='bbox 1951 3643 2112 3696; x_wconf 87' lang='lat' dir='ltr'>Jesus</span> 
     </span>
    </p>
   </div>
   <div class='ocr_carea' id='block_1_63' title="bbox 481 3733 2110 3806">
    <p class='ocr_par' dir='ltr' id='par_1_63' title="bbox 481 3733 2110 3806">
     <span class='ocr_line' id='line_1_63' title="bbox 481 3733 2110 3806; baseline 0 -18"><span class='ocrx_word' id='word_1_557' title='bbox 481 3735 778 3806; x_wconf 89' lang='lat' dir='ltr'>proprium</span> <span class='ocrx_word' id='word_1_558' title='bbox 822 3751 1035 3788; x_wconf 89' lang='lat' dir='ltr'>nomen</span> <span class='ocrx_word' id='word_1_559' title='bbox 1083 3737 1187 3802; x_wconf 87' lang='lat' dir='ltr'>est,</span> <span class='ocrx_word' id='word_1_560' title='bbox 1230 3733 1642 3804; x_wconf 86' lang='lat' dir='ltr'>interpretatur</span> <span class='ocrx_word' id='word_1_561' title='bbox 1690 3733 1950 3789; x_wconf 87' lang='lat' dir='ltr'>Salvator</span> <span class='ocrx_word' id='word_1_562' title='bbox 1996 3733 2110 3788; x_wconf 88' lang='lat' dir='ltr'>sive</span> 
     </span>
    </p>
   </div>
   <div class='ocr_carea' id='block_1_64' title="bbox 481 3825 2112 3890">
    <p class='ocr_par' dir='ltr' id='par_1_64' title="bbox 481 3825 2112 3890">
     <span class='ocr_line' id='line_1_64' title="bbox 481 3825 2112 3890; baseline -0.001 -8"><span class='ocrx_word' id='word_1_563' title='bbox 481 3827 761 3890; x_wconf 76' lang='lat' dir='ltr'>salutaris.</span> <span class='ocrx_word' id='word_1_564' title='bbox 783 3827 1038 3882; x_wconf 88' lang='lat' dir='ltr'>Christus</span> <span class='ocrx_word' id='word_1_565' title='bbox 1056 3843 1190 3880; x_wconf 87' lang='lat' dir='ltr'>vero</span> <span class='ocrx_word' id='word_1_566' title='bbox 1220 3827 1291 3880; x_wconf 87' lang='lat' dir='ltr'>ab</span> <span class='ocrx_word' id='word_1_567' title='bbox 1318 3826 1584 3881; x_wconf 90' lang='lat' dir='ltr'>unctione</span> <span class='ocrx_word' id='word_1_568' title='bbox 1613 3825 1839 3881; x_wconf 87' lang='lat' dir='ltr'>dicitur.</span> <span class='ocrx_word' id='word_1_569' title='bbox 1857 3827 2112 3881; x_wconf 85' lang='lat' dir='ltr'>Chrisma</span> 
     </span>
    </p>
   </div>
   <div class='ocr_carea' id='block_1_65' title="bbox 483 3919 2112 3991">
    <p class='ocr_par' dir='ltr' id='par_1_65' title="bbox 483 3919 2112 3991">
     <span class='ocr_line' id='line_1_65' title="bbox 483 3919 2112 3991; baseline 0.001 -17"><span class='ocrx_word' id='word_1_570' title='bbox 483 3935 736 3990; x_wconf 88' lang='lat' dir='ltr'>namque</span> <span class='ocrx_word' id='word_1_571' title='bbox 756 3919 950 3973; x_wconf 89' lang='lat' dir='ltr'>unctio</span> <span class='ocrx_word' id='word_1_572' title='bbox 978 3920 1407 3989; x_wconf 88' lang='lat' dir='ltr'>interpretatur.</span> <span class='ocrx_word' id='word_1_573' title='bbox 1431 3921 1640 3974; x_wconf 89' lang='lat' dir='ltr'>Unctus</span> <span class='ocrx_word' id='word_1_574' title='bbox 1661 3923 1746 3972; x_wconf 91' lang='lat' dir='ltr'>est</span> <span class='ocrx_word' id='word_1_575' title='bbox 1763 3919 1884 3990; x_wconf 90' lang='lat' dir='ltr'>ipse</span> <span class='ocrx_word' id='word_1_576' title='bbox 1903 3920 2112 3991; x_wconf 88' lang='lat' dir='ltr'>specia-</span> 
     </span>
    </p>
   </div>
   <div class='ocr_carea' id='block_1_66' title="bbox 481 4011 2113 4083">
    <p class='ocr_par' dir='ltr' id='par_1_66' title="bbox 481 4011 2113 4083">
     <span class='ocr_line' id='line_1_66' title="bbox 481 4011 2113 4083; baseline 0.001 -17"><span class='ocrx_word' id='word_1_577' title='bbox 481 4011 612 4066; x_wconf 88' lang='lat' dir='ltr'>liter</span> <span class='ocrx_word' id='word_1_578' title='bbox 641 4029 760 4083; x_wconf 67' lang='lat' dir='ltr'>praa</span> <span class='ocrx_word' id='word_1_579' title='bbox 797 4012 1067 4067; x_wconf 86' lang='lat' dir='ltr'>omnibus</span> <span class='ocrx_word' id='word_1_580' title='bbox 1107 4011 1260 4066; x_wconf 89' lang='lat' dir='ltr'>dono</span> <span class='ocrx_word' id='word_1_581' title='bbox 1301 4011 1545 4082; x_wconf 76' lang='lat' dir='ltr'>Spiritus</span> <span class='ocrx_word' id='word_1_582' title='bbox 1572 4012 1770 4079; x_wconf 88' lang='lat' dir='ltr'>sancti,</span> <span class='ocrx_word' id='word_1_583' title='bbox 1800 4013 1943 4067; x_wconf 91' lang='lat' dir='ltr'>sicut</span> <span class='ocrx_word' id='word_1_584' title='bbox 1975 4013 2113 4067; x_wconf 90' lang='lat' dir='ltr'>dicit</span> 
     </span>
    </p>
   </div>
   <div class='ocr_carea' id='block_1_67' title="bbox 479 4105 2112 4178">
    <p class='ocr_par' dir='ltr' id='par_1_67' title="bbox 479 4105 2112 4178">
     <span class='ocr_line' id='line_1_67' title="bbox 479 4105 2112 4178; baseline 0.001 -18"><span class='ocrx_word' id='word_1_585' title='bbox 479 4105 764 4178; x_wconf 89' lang='lat' dir='ltr'>propheta</span> <span class='ocrx_word' id='word_1_586' title='bbox 796 4122 808 4161; x_wconf 92' lang='lat'><strong>:</strong></span> <span class='ocrx_word' id='word_1_587' title='bbox 848 4108 1014 4162; x_wconf 73' lang='lat' dir='ltr'>Unrit</span> <span class='ocrx_word' id='word_1_588' title='bbox 1043 4110 1091 4161; x_wconf 90' lang='lat' dir='ltr'>te</span> <span class='ocrx_word' id='word_1_589' title='bbox 1113 4109 1271 4168; x_wconf 87' lang='lat' dir='ltr'>Deus,</span> <span class='ocrx_word' id='word_1_590' title='bbox 1302 4108 1439 4160; x_wconf 88' lang='lat' dir='ltr'>Deus</span> <span class='ocrx_word' id='word_1_591' title='bbox 1474 4110 1598 4160; x_wconf 88' lang='lat' dir='ltr'>tuus</span> <span class='ocrx_word' id='word_1_592' title='bbox 1631 4106 1740 4160; x_wconf 90' lang='lat' dir='ltr'>oleo</span> <span class='ocrx_word' id='word_1_593' title='bbox 1770 4106 1970 4161; x_wconf 70' lang='lat' dir='ltr'>laetitiae</span> <span class='ocrx_word' id='word_1_594' title='bbox 1995 4123 2112 4177; x_wconf 73' lang='lat' dir='ltr'>pra:</span> 
     </span>
    </p>
   </div>
   <div class='ocr_carea' id='block_1_68' title="bbox 478 4198 2109 4269">
    <p class='ocr_par' dir='ltr' id='par_1_68' title="bbox 478 4198 2109 4269">
     <span class='ocr_line' id='line_1_68' title="bbox 478 4198 2109 4269; baseline -0.001 -13"><span class='ocrx_word' id='word_1_595' title='bbox 478 4200 806 4256; x_wconf 84' lang='lat' dir='ltr'>consortibus</span> <span class='ocrx_word' id='word_1_596' title='bbox 845 4202 971 4254; x_wconf 88' lang='lat' dir='ltr'>tuis.</span> <span class='ocrx_word' id='word_1_597' title='bbox 1013 4198 1221 4254; x_wconf 87' lang='lat' dir='ltr'>Idcirco</span> <span class='ocrx_word' id='word_1_598' title='bbox 1249 4201 1443 4253; x_wconf 90' lang='lat' dir='ltr'>autem</span> <span class='ocrx_word' id='word_1_599' title='bbox 1472 4199 1762 4269; x_wconf 90' lang='lat' dir='ltr'>apostolus</span> <span class='ocrx_word' id='word_1_600' title='bbox 1796 4198 1885 4254; x_wconf 92' lang='lat' dir='ltr'>bis</span> <span class='ocrx_word' id='word_1_601' title='bbox 1927 4201 2109 4255; x_wconf 92' lang='lat' dir='ltr'>Deum</span> 
     </span>
    </p>
   </div>
   <div class='ocr_carea' id='block_1_69' title="bbox 478 4291 2109 4364">
    <p class='ocr_par' dir='ltr' id='par_1_69' title="bbox 478 4291 2109 4364">
     <span class='ocr_line' id='line_1_69' title="bbox 478 4291 2109 4364; baseline 0 -15"><span class='ocrx_word' id='word_1_602' title='bbox 478 4291 818 4360; x_wconf 86' lang='lat' dir='ltr'>nominavit,</span> <span class='ocrx_word' id='word_1_603' title='bbox 847 4295 913 4347; x_wconf 90' lang='lat' dir='ltr'>ut</span> <span class='ocrx_word' id='word_1_604' title='bbox 949 4294 1075 4364; x_wconf 91' lang='lat' dir='ltr'>plus</span> <span class='ocrx_word' id='word_1_605' title='bbox 1111 4293 1362 4347; x_wconf 90' lang='lat' dir='ltr'>mulceat</span> <span class='ocrx_word' id='word_1_606' title='bbox 1393 4291 1710 4346; x_wconf 85' lang='lat' dir='ltr'>audientes.</span> <span class='ocrx_word' id='word_1_607' title='bbox 1740 4291 1898 4348; x_wconf 91' lang='lat' dir='ltr'>Sicut</span> <span class='ocrx_word' id='word_1_608' title='bbox 1935 4292 2109 4348; x_wconf 91' lang='lat' dir='ltr'>etiam</span> 
     </span>
    </p>
   </div>
   <div class='ocr_carea' id='block_1_70' title="bbox 479 4385 2106 4456">
    <p class='ocr_par' dir='ltr' id='par_1_70' title="bbox 479 4385 2106 4456">
     <span class='ocr_line' id='line_1_70' title="bbox 479 4385 2106 4456; baseline 0.001 -15"><span class='ocrx_word' id='word_1_609' title='bbox 479 4387 539 4441; x_wconf 91' lang='lat' dir='ltr'>in</span> <span class='ocrx_word' id='word_1_610' title='bbox 564 4385 803 4442; x_wconf 87' lang='lat' dir='ltr'>Psalmis</span> <span class='ocrx_word' id='word_1_611' title='bbox 836 4385 1042 4442; x_wconf 90' lang='lat' dir='ltr'>dicitur</span> <span class='ocrx_word' id='word_1_612' title='bbox 1071 4403 1083 4442; x_wconf 92' lang='lat'><strong>:</strong></span> <span class='ocrx_word' id='word_1_613' title='bbox 1113 4389 1272 4450; x_wconf 87' lang='lat' dir='ltr'>Deus,</span> <span class='ocrx_word' id='word_1_614' title='bbox 1306 4389 1442 4442; x_wconf 90' lang='lat' dir='ltr'>Deus</span> <span class='ocrx_word' id='word_1_615' title='bbox 1479 4401 1646 4450; x_wconf 88' lang='lat' dir='ltr'>meus,</span> <span class='ocrx_word' id='word_1_616' title='bbox 1675 4388 1877 4456; x_wconf 76' lang='lat' dir='ltr'>respice</span> <span class='ocrx_word' id='word_1_617' title='bbox 1908 4389 1968 4442; x_wconf 90' lang='lat' dir='ltr'>in</span> <span class='ocrx_word' id='word_1_618' title='bbox 2005 4403 2106 4442; x_wconf 87' lang='lat' dir='ltr'>me.</span> 
     </span>
    </p>
   </div>
   <div class='ocr_carea' id='block_1_71' title="bbox 2212 3271 3847 3345">
    <p class='ocr_par' dir='ltr' id='par_1_71' title="bbox 2212 3271 3847 3345">
     <span class='ocr_line' id='line_1_71' title="bbox 2212 3271 3847 3345; baseline -0.002 -18"><span class='ocrx_word' id='word_1_619' title='bbox 2212 3273 2380 3328; x_wconf 89' lang='lat' dir='ltr'>bonis</span> <span class='ocrx_word' id='word_1_620' title='bbox 2433 3272 2702 3345; x_wconf 87' lang='lat' dir='ltr'>operibus</span> <span class='ocrx_word' id='word_1_621' title='bbox 2749 3289 3091 3327; x_wconf 89' lang='lat' dir='ltr'>crescamus.</span> <span class='ocrx_word' id='word_1_622' title='bbox 3137 3275 3200 3327; x_wconf 91' lang='lat' dir='ltr'>ln</span> <span class='ocrx_word' id='word_1_623' title='bbox 3249 3271 3359 3326; x_wconf 90' lang='lat' dir='ltr'>illis</span> <span class='ocrx_word' id='word_1_624' title='bbox 3401 3271 3666 3325; x_wconf 85' lang='lat' dir='ltr'>videlicet</span> <span class='ocrx_word' id='word_1_625' title='bbox 3709 3287 3847 3340; x_wconf 73' lang='lat' dir='ltr'>quas</span> 
     </span>
    </p>
   </div>
   <div class='ocr_carea' id='block_1_72' title="bbox 2211 3364 3843 3436">
    <p class='ocr_par' dir='ltr' id='par_1_72' title="bbox 2211 3364 3843 3436">
     <span class='ocr_line' id='line_1_72' title="bbox 2211 3364 3843 3436; baseline -0.001 -18"><span class='ocrx_word' id='word_1_626' title='bbox 2211 3365 2518 3436; x_wconf 83' lang='lat' dir='ltr'>Apostolus</span> <span class='ocrx_word' id='word_1_627' title='bbox 2557 3368 2862 3420; x_wconf 87' lang='lat' dir='ltr'>enumerat</span> <span class='ocrx_word' id='word_1_628' title='bbox 2907 3364 3104 3418; x_wconf 89' lang='lat' dir='ltr'>dicens</span> <span class='ocrx_word' id='word_1_629' title='bbox 3152 3381 3165 3419; x_wconf 90' lang='lat'>:</span> <span class='ocrx_word' id='word_1_630' title='bbox 3215 3367 3440 3420; x_wconf 85' lang='lat' dir='ltr'>Fructus</span> <span class='ocrx_word' id='word_1_631' title='bbox 3475 3366 3711 3434; x_wconf 83' lang='lat' dir='ltr'>Spiritus</span> <span class='ocrx_word' id='word_1_632' title='bbox 3743 3369 3843 3417; x_wconf 76' lang='lat' dir='ltr'>est.</span> 
     </span>
    </p>
   </div>
   <div class='ocr_carea' id='block_1_73' title="bbox 2213 3457 3846 3530">
    <p class='ocr_par' dir='ltr' id='par_1_73' title="bbox 2213 3457 3846 3530">
     <span class='ocr_line' id='line_1_73' title="bbox 2213 3457 3846 3530; baseline -0.002 -17"><span class='ocrx_word' id='word_1_633' title='bbox 2213 3461 2337 3514; x_wconf 68' lang='lat' dir='ltr'>Haec</span> <span class='ocrx_word' id='word_1_634' title='bbox 2377 3459 2590 3528; x_wconf 85' lang='lat' dir='ltr'>loquere</span> <span class='ocrx_word' id='word_1_635' title='bbox 2619 3463 2668 3513; x_wconf 87' lang='lat' dir='ltr'>et</span> <span class='ocrx_word' id='word_1_636' title='bbox 2705 3460 3008 3513; x_wconf 60' lang='lat' dir='ltr'>«charta-re.</span> <span class='ocrx_word' id='word_1_637' title='bbox 3055 3459 3312 3530; x_wconf 89' lang='lat' dir='ltr'>Loquere</span> <span class='ocrx_word' id='word_1_638' title='bbox 3361 3458 3566 3524; x_wconf 86' lang='lat' dir='ltr'>verbis,</span> <span class='ocrx_word' id='word_1_639' title='bbox 3606 3457 3711 3512; x_wconf 89' lang='lat' dir='ltr'>hoc</span> <span class='ocrx_word' id='word_1_640' title='bbox 3755 3459 3846 3510; x_wconf 82' lang='lat' dir='ltr'>est</span> 
     </span>
    </p>
   </div>
   <div class='ocr_carea' id='block_1_74' title="bbox 2213 3551 3840 3622">
    <p class='ocr_par' dir='ltr' id='par_1_74' title="bbox 2213 3551 3840 3622">
     <span class='ocr_line' id='line_1_74' title="bbox 2213 3551 3840 3622; baseline 0 -18"><span class='ocrx_word' id='word_1_641' title='bbox 2213 3551 2490 3622; x_wconf 65' lang='lat' dir='ltr'>prmdica;</span> <span class='ocrx_word' id='word_1_642' title='bbox 2519 3552 2819 3605; x_wconf 87' lang='lat' dir='ltr'>exhortare</span> <span class='ocrx_word' id='word_1_643' title='bbox 2843 3551 3147 3622; x_wconf 83' lang='lat' dir='ltr'>exemplis;</span> <span class='ocrx_word' id='word_1_644' title='bbox 3181 3552 3331 3622; x_wconf 91' lang='lat' dir='ltr'>quod</span> <span class='ocrx_word' id='word_1_645' title='bbox 3363 3551 3521 3617; x_wconf 91' lang='lat' dir='ltr'>dicis,</span> <span class='ocrx_word' id='word_1_646' title='bbox 3547 3551 3635 3604; x_wconf 87' lang='lat' dir='ltr'>fac</span> <span class='ocrx_word' id='word_1_647' title='bbox 3661 3551 3840 3622; x_wconf 87' lang='lat' dir='ltr'>prius.</span> 
     </span>
    </p>
   </div>
   <div class='ocr_carea' id='block_1_75' title="bbox 2210 3643 3841 3715">
    <p class='ocr_par' dir='ltr' id='par_1_75' title="bbox 2210 3643 3841 3715">
     <span class='ocr_line' id='line_1_75' title="bbox 2210 3643 3841 3715; baseline -0.001 -17"><span class='ocrx_word' id='word_1_648' title='bbox 2210 3646 2365 3698; x_wconf 90' lang='lat' dir='ltr'>Tunc</span> <span class='ocrx_word' id='word_1_649' title='bbox 2397 3643 2551 3698; x_wconf 87' lang='lat' dir='ltr'>enim</span> <span class='ocrx_word' id='word_1_650' title='bbox 2596 3645 2705 3698; x_wconf 88' lang='lat' dir='ltr'>erit</span> <span class='ocrx_word' id='word_1_651' title='bbox 2729 3647 2864 3715; x_wconf 89' lang='lat' dir='ltr'>apta</span> <span class='ocrx_word' id='word_1_652' title='bbox 2891 3645 3124 3711; x_wconf 89' lang='lat' dir='ltr'>locutio,</span> <span class='ocrx_word' id='word_1_653' title='bbox 3156 3644 3202 3698; x_wconf 87' lang='lat' dir='ltr'>si</span> <span class='ocrx_word' id='word_1_654' title='bbox 3227 3645 3378 3714; x_wconf 92' lang='lat' dir='ltr'>quod</span> <span class='ocrx_word' id='word_1_655' title='bbox 3409 3644 3686 3714; x_wconf 73' lang='lat' dir='ltr'>praedicat</span> <span class='ocrx_word' id='word_1_656' title='bbox 3715 3661 3841 3697; x_wconf 86' lang='lat' dir='ltr'>ma-</span> 
     </span>
    </p>
   </div>
   <div class='ocr_carea' id='block_1_76' title="bbox 2213 3737 3846 3810">
    <p class='ocr_par' dir='ltr' id='par_1_76' title="bbox 2213 3737 3846 3810">
     <span class='ocr_line' id='line_1_76' title="bbox 2213 3737 3846 3810; baseline 0.001 -20"><span class='ocrx_word' id='word_1_657' title='bbox 2213 3737 2410 3810; x_wconf 87' lang='lat' dir='ltr'>gister,</span> <span class='ocrx_word' id='word_1_658' title='bbox 2439 3738 2596 3808; x_wconf 88' lang='lat' dir='ltr'>prius</span> <span class='ocrx_word' id='word_1_659' title='bbox 2627 3741 2896 3809; x_wconf 84' lang='lat' dir='ltr'>operatus</span> <span class='ocrx_word' id='word_1_660' title='bbox 2921 3738 3110 3806; x_wconf 87' lang='lat' dir='ltr'>fuerit,</span> <span class='ocrx_word' id='word_1_661' title='bbox 3135 3738 3279 3792; x_wconf 87' lang='lat' dir='ltr'>sicut</span> <span class='ocrx_word' id='word_1_662' title='bbox 3304 3739 3372 3792; x_wconf 90' lang='lat' dir='ltr'>de</span> <span class='ocrx_word' id='word_1_663' title='bbox 3403 3739 3644 3792; x_wconf 90' lang='lat' dir='ltr'>Domino</span> <span class='ocrx_word' id='word_1_664' title='bbox 3672 3737 3846 3808; x_wconf 87' lang='lat' dir='ltr'>scrip-</span> 
     </span>
    </p>
   </div>
   <div class='ocr_carea' id='block_1_77' title="bbox 2210 3831 3845 3901">
    <p class='ocr_par' dir='ltr' id='par_1_77' title="bbox 2210 3831 3845 3901">
     <span class='ocr_line' id='line_1_77' title="bbox 2210 3831 3845 3901; baseline 0.001 -17"><span class='ocrx_word' id='word_1_665' title='bbox 2210 3834 2332 3884; x_wconf 92' lang='lat' dir='ltr'>tum</span> <span class='ocrx_word' id='word_1_666' title='bbox 2365 3834 2452 3885; x_wconf 87' lang='lat' dir='ltr'>est</span> <span class='ocrx_word' id='word_1_667' title='bbox 2483 3849 2495 3885; x_wconf 91' lang='lat'><strong>:</strong></span> <span class='ocrx_word' id='word_1_668' title='bbox 2523 3831 2663 3897; x_wconf 89' lang='lat' dir='ltr'>Quia</span> <span class='ocrx_word' id='word_1_669' title='bbox 2691 3835 2849 3901; x_wconf 75' lang='lat' dir='ltr'>coepit</span> <span class='ocrx_word' id='word_1_670' title='bbox 2875 3833 3024 3886; x_wconf 87' lang='lat' dir='ltr'>Jesus</span> <span class='ocrx_word' id='word_1_671' title='bbox 3049 3833 3227 3899; x_wconf 82' lang='lat' dir='ltr'>facere</span> <span class='ocrx_word' id='word_1_672' title='bbox 3252 3836 3301 3886; x_wconf 91' lang='lat' dir='ltr'>et</span> <span class='ocrx_word' id='word_1_673' title='bbox 3330 3832 3530 3886; x_wconf 82' lang='lat' dir='ltr'>docere.</span> <span class='ocrx_word' id='word_1_674' title='bbox 3564 3831 3674 3886; x_wconf 80' lang='lat' dir='ltr'>Sed</span> <span class='ocrx_word' id='word_1_675' title='bbox 3702 3848 3732 3884; x_wconf 87' lang='lat' dir='ltr'>e</span> <span class='ocrx_word' id='word_1_676' title='bbox 3764 3831 3845 3885; x_wconf 88' lang='lat' dir='ltr'>di-</span> 
     </span>
    </p>
   </div>
   <div class='ocr_carea' id='block_1_78' title="bbox 2210 3924 3842 3994">
    <p class='ocr_par' dir='ltr' id='par_1_78' title="bbox 2210 3924 3842 3994">
     <span class='ocr_line' id='line_1_78' title="bbox 2210 3924 3842 3994; baseline 0.001 -17"><span class='ocrx_word' id='word_1_677' title='bbox 2210 3941 2372 3978; x_wconf 88' lang='lat' dir='ltr'>verso</span> <span class='ocrx_word' id='word_1_678' title='bbox 2395 3924 2657 3979; x_wconf 89' lang='lat' dir='ltr'>nonnulli</span> <span class='ocrx_word' id='word_1_679' title='bbox 2679 3924 2901 3994; x_wconf 87' lang='lat' dir='ltr'>majora</span> <span class='ocrx_word' id='word_1_680' title='bbox 2919 3924 3134 3991; x_wconf 87' lang='lat' dir='ltr'>dicunt,</span> <span class='ocrx_word' id='word_1_681' title='bbox 3151 3924 3378 3978; x_wconf 90' lang='lat' dir='ltr'>minora</span> <span class='ocrx_word' id='word_1_682' title='bbox 3401 3925 3589 3978; x_wconf 81' lang='lat' dir='ltr'>facere</span> <span class='ocrx_word' id='word_1_683' title='bbox 3612 3925 3842 3984; x_wconf 83' lang='lat' dir='ltr'>nolunt,</span> 
     </span>
    </p>
   </div>
   <div class='ocr_carea' id='block_1_79' title="bbox 2212 4017 3842 4088">
    <p class='ocr_par' dir='ltr' id='par_1_79' title="bbox 2212 4017 3842 4088">
     <span class='ocr_line' id='line_1_79' title="bbox 2212 4017 3842 4088; baseline -0.001 -17"><span class='ocrx_word' id='word_1_684' title='bbox 2212 4017 2356 4071; x_wconf 88' lang='lat' dir='ltr'>sicut</span> <span class='ocrx_word' id='word_1_685' title='bbox 2398 4017 2606 4071; x_wconf 66' lang='lat' dir='ltr'>Scriba:</span> <span class='ocrx_word' id='word_1_686' title='bbox 2651 4020 2709 4071; x_wconf 89' lang='lat' dir='ltr'>et</span> <span class='ocrx_word' id='word_1_687' title='bbox 2737 4017 3026 4084; x_wconf 67' lang='lat' dir='ltr'>Pharisaei,</span> <span class='ocrx_word' id='word_1_688' title='bbox 3057 4017 3127 4070; x_wconf 93' lang='lat' dir='ltr'>de</span> <span class='ocrx_word' id='word_1_689' title='bbox 3160 4017 3365 4088; x_wconf 90' lang='lat' dir='ltr'>quibus</span> <span class='ocrx_word' id='word_1_690' title='bbox 3394 4018 3664 4087; x_wconf 89' lang='lat' dir='ltr'>scriptum</span> <span class='ocrx_word' id='word_1_691' title='bbox 3703 4022 3793 4070; x_wconf 83' lang='lat' dir='ltr'>est</span> <span class='ocrx_word' id='word_1_692' title='bbox 3827 4034 3842 4071; x_wconf 92' lang='lat'>:</span> 
     </span>
    </p>
   </div>
   <div class='ocr_carea' id='block_1_80' title="bbox 2209 4111 3843 4180">
    <p class='ocr_par' dir='ltr' id='par_1_80' title="bbox 2209 4111 3843 4180">
     <span class='ocr_line' id='line_1_80' title="bbox 2209 4111 3843 4180; baseline -0.001 -14"><span class='ocrx_word' id='word_1_693' title='bbox 2209 4111 2460 4180; x_wconf 88' lang='lat' dir='ltr'>Alligant</span> <span class='ocrx_word' id='word_1_694' title='bbox 2486 4127 2648 4166; x_wconf 85' lang='lat' dir='ltr'>onera</span> <span class='ocrx_word' id='word_1_695' title='bbox 2675 4113 2869 4180; x_wconf 80' lang='lat' dir='ltr'>gravia</span> <span class='ocrx_word' id='word_1_696' title='bbox 2905 4115 2956 4166; x_wconf 86' lang='lat' dir='ltr'>et</span> <span class='ocrx_word' id='word_1_697' title='bbox 2981 4113 3263 4180; x_wconf 87' lang='lat' dir='ltr'>imponunt</span> <span class='ocrx_word' id='word_1_698' title='bbox 3294 4113 3352 4164; x_wconf 88' lang='lat' dir='ltr'>in</span> <span class='ocrx_word' id='word_1_699' title='bbox 3394 4112 3637 4164; x_wconf 84' lang='lat' dir='ltr'>humeros</span> <span class='ocrx_word' id='word_1_700' title='bbox 3663 4111 3843 4165; x_wconf 84' lang='lat' dir='ltr'>homi-</span> 
     </span>
    </p>
   </div>
   <div class='ocr_carea' id='block_1_81' title="bbox 2209 4202 3843 4276">
    <p class='ocr_par' dir='ltr' id='par_1_81' title="bbox 2209 4202 3843 4276">
     <span class='ocr_line' id='line_1_81' title="bbox 2209 4202 3843 4276; baseline 0.002 -18"><span class='ocrx_word' id='word_1_701' title='bbox 2209 4220 2359 4266; x_wconf 90' lang='lat' dir='ltr'>num,</span> <span class='ocrx_word' id='word_1_702' title='bbox 2385 4205 2556 4274; x_wconf 87' lang='lat' dir='ltr'>digito</span> <span class='ocrx_word' id='word_1_703' title='bbox 2584 4208 2763 4258; x_wconf 88' lang='lat' dir='ltr'>autem</span> <span class='ocrx_word' id='word_1_704' title='bbox 2789 4219 2892 4258; x_wconf 91' lang='lat' dir='ltr'>sua</span> <span class='ocrx_word' id='word_1_705' title='bbox 2919 4205 3106 4258; x_wconf 77' lang='lat' dir='ltr'>volunt</span> <span class='ocrx_word' id='word_1_706' title='bbox 3136 4202 3236 4276; x_wconf 86' lang='lat' dir='ltr'>[Ita</span> <span class='ocrx_word' id='word_1_707' title='bbox 3265 4202 3415 4276; x_wconf 83' lang='lat' dir='ltr'>Cod.]</span> <span class='ocrx_word' id='word_1_708' title='bbox 3439 4219 3502 4258; x_wconf 91' lang='lat' dir='ltr'>ea</span> <span class='ocrx_word' id='word_1_709' title='bbox 3523 4221 3749 4260; x_wconf 75' lang='lat' dir='ltr'>movere.</span> <span class='ocrx_word' id='word_1_710' title='bbox 3777 4207 3843 4262; x_wconf 86' lang='lat' dir='ltr'>Et</span> 
     </span>
    </p>
   </div>
   <div class='ocr_carea' id='block_1_82' title="bbox 2211 4295 3846 4368">
    <p class='ocr_par' dir='ltr' id='par_1_82' title="bbox 2211 4295 3846 4368">
     <span class='ocr_line' id='line_1_82' title="bbox 2211 4295 3846 4368; baseline 0.002 -19"><span class='ocrx_word' id='word_1_711' title='bbox 2211 4295 2348 4367; x_wconf 88' lang='lat' dir='ltr'>quia</span> <span class='ocrx_word' id='word_1_712' title='bbox 2375 4300 2608 4350; x_wconf 88' lang='lat' dir='ltr'>noverat</span> <span class='ocrx_word' id='word_1_713' title='bbox 2630 4296 2833 4350; x_wconf 88' lang='lat' dir='ltr'>beatus</span> <span class='ocrx_word' id='word_1_714' title='bbox 2853 4297 3058 4350; x_wconf 92' lang='lat' dir='ltr'>Paulus</span> <span class='ocrx_word' id='word_1_715' title='bbox 3083 4297 3372 4368; x_wconf 87' lang='lat' dir='ltr'>apostolus</span> <span class='ocrx_word' id='word_1_716' title='bbox 3399 4297 3676 4368; x_wconf 90' lang='lat' dir='ltr'>scriptum</span> <span class='ocrx_word' id='word_1_717' title='bbox 3699 4316 3714 4352; x_wconf 89' lang='lat'><strong>:</strong></span> <span class='ocrx_word' id='word_1_718' title='bbox 3738 4301 3846 4366; x_wconf 83' lang='lat' dir='ltr'>Qui</span> 
     </span>
    </p>
   </div>
   <div class='ocr_carea' id='block_1_83' title="bbox 2207 4390 3843 4448">
    <p class='ocr_par' dir='ltr' id='par_1_83' title="bbox 2207 4390 3843 4448">
     <span class='ocr_line' id='line_1_83' title="bbox 2207 4390 3843 4448; baseline 0.002 -4"><span class='ocrx_word' id='word_1_719' title='bbox 2207 4390 2427 4444; x_wconf 80' lang='lat' dir='ltr'>solverit</span> <span class='ocrx_word' id='word_1_720' title='bbox 2449 4405 2616 4444; x_wconf 89' lang='lat' dir='ltr'>unum</span> <span class='ocrx_word' id='word_1_721' title='bbox 2642 4390 2708 4444; x_wconf 86' lang='lat' dir='ltr'>de</span> <span class='ocrx_word' id='word_1_722' title='bbox 2732 4390 3009 4445; x_wconf 88' lang='lat' dir='ltr'>mandatis</span> <span class='ocrx_word' id='word_1_723' title='bbox 3029 4392 3148 4446; x_wconf 86' lang='lat' dir='ltr'>istis</span> <span class='ocrx_word' id='word_1_724' title='bbox 3171 4391 3406 4446; x_wconf 87' lang='lat' dir='ltr'>minimis</span> <span class='ocrx_word' id='word_1_725' title='bbox 3430 4395 3480 4446; x_wconf 88' lang='lat' dir='ltr'>et</span> <span class='ocrx_word' id='word_1_726' title='bbox 3505 4391 3752 4447; x_wconf 84' lang='lat' dir='ltr'>docuerit</span> <span class='ocrx_word' id='word_1_727' title='bbox 3767 4397 3843 4448; x_wconf 86' lang='lat' dir='ltr'>sic</span> 
     </span>
    </p>
   </div>
   <div class='ocr_carea' id='block_1_84' title="bbox 481 4478 3839 4554">
    <p class='ocr_par' dir='ltr' id='par_1_84' title="bbox 481 4478 3839 4554">
     <span class='ocr_line' id='line_1_84' title="bbox 481 4478 3839 4554; baseline 0.002 -20"><span class='ocrx_word' id='word_1_728' title='bbox 481 4478 585 4544; x_wconf 82' lang='lat' dir='ltr'>QUI</span> <span class='ocrx_word' id='word_1_729' title='bbox 631 4496 788 4535; x_wconf 82' lang='lat' dir='ltr'>DEDIT</span> <span class='ocrx_word' id='word_1_730' title='bbox 846 4495 1173 4536; x_wconf 75' lang='lat' dir='ltr'>sanarlpsuu</span> <span class='ocrx_word' id='word_1_731' title='bbox 1219 4495 1319 4535; x_wconf 70' lang='lat' dir='ltr'>eno</span> <span class='ocrx_word' id='word_1_732' title='bbox 1366 4495 1541 4535; x_wconf 78' lang='lat' dir='ltr'>uoms.</span> <span class='ocrx_word' id='word_1_733' title='bbox 1586 4481 1748 4535; x_wconf 85' lang='lat' dir='ltr'>Jesus</span> <span class='ocrx_word' id='word_1_734' title='bbox 1791 4479 1962 4535; x_wconf 88' lang='lat' dir='ltr'>Filius</span> <span class='ocrx_word' id='word_1_735' title='bbox 2009 4479 2462 4552; x_wconf 86' lang='lat' dir='ltr'>DeiDhomines,</span> <span class='ocrx_word' id='word_1_736' title='bbox 2496 4485 2750 4538; x_wconf 89' lang='lat' dir='ltr'>minimus</span> <span class='ocrx_word' id='word_1_737' title='bbox 2774 4484 3052 4539; x_wconf 83' lang='lat' dir='ltr'>vocabitur</span> <span class='ocrx_word' id='word_1_738' title='bbox 3094 4487 3152 4539; x_wconf 85' lang='lat' dir='ltr'>in</span> <span class='ocrx_word' id='word_1_739' title='bbox 3188 4500 3347 4554; x_wconf 89' lang='lat' dir='ltr'>regno</span> <span class='ocrx_word' id='word_1_740' title='bbox 3383 4485 3661 4551; x_wconf 78' lang='lat' dir='ltr'>caelorum;</span> <span class='ocrx_word' id='word_1_741' title='bbox 3706 4486 3839 4541; x_wconf 89' lang='lat' dir='ltr'>ideo</span> 
     </span>
    </p>
   </div>
   <div class='ocr_carea' id='block_1_85' title="bbox 482 4571 3839 4650">
    <p class='ocr_par' dir='ltr' id='par_1_85' title="bbox 482 4571 3839 4650">
     <span class='ocr_line' id='line_1_85' title="bbox 482 4571 3839 4650; baseline 0.002 -25"><span class='ocrx_word' id='word_1_742' title='bbox 482 4571 641 4626; x_wconf 90' lang='lat' dir='ltr'>dedit</span> <span class='ocrx_word' id='word_1_743' title='bbox 663 4573 1034 4644; x_wconf 88' lang='lat' dir='ltr'>semetipsum</span> <span class='ocrx_word' id='word_1_744' title='bbox 1067 4589 1172 4645; x_wconf 92' lang='lat' dir='ltr'>pro</span> <span class='ocrx_word' id='word_1_745' title='bbox 1202 4573 1388 4642; x_wconf 90' lang='lat' dir='ltr'>nobis,</span> <span class='ocrx_word' id='word_1_746' title='bbox 1421 4573 1556 4644; x_wconf 89' lang='lat' dir='ltr'>quia</span> <span class='ocrx_word' id='word_1_747' title='bbox 1580 4589 1685 4644; x_wconf 90' lang='lat' dir='ltr'>pro</span> <span class='ocrx_word' id='word_1_748' title='bbox 1725 4574 1906 4628; x_wconf 88' lang='lat' dir='ltr'>salute</span> <span class='ocrx_word' id='word_1_749' title='bbox 1939 4573 2116 4629; x_wconf 89' lang='lat' dir='ltr'>totius</span> <span class='ocrx_word' id='word_1_750' title='bbox 2215 4575 2504 4630; x_wconf 86' lang='lat' dir='ltr'>exhortari</span> <span class='ocrx_word' id='word_1_751' title='bbox 2532 4575 2745 4630; x_wconf 86' lang='lat' dir='ltr'>curavit</span> <span class='ocrx_word' id='word_1_752' title='bbox 2773 4576 3132 4648; x_wconf 89' lang='lat' dir='ltr'>discipulum,</span> <span class='ocrx_word' id='word_1_753' title='bbox 3165 4581 3226 4631; x_wconf 90' lang='lat' dir='ltr'>ut</span> <span class='ocrx_word' id='word_1_754' title='bbox 3263 4594 3390 4650; x_wconf 66' lang='lat' dir='ltr'>quae</span> <span class='ocrx_word' id='word_1_755' title='bbox 3433 4577 3681 4634; x_wconf 90' lang='lat' dir='ltr'>docebat</span> <span class='ocrx_word' id='word_1_756' title='bbox 3710 4597 3839 4634; x_wconf 77' lang='lat' dir='ltr'>ver-</span> 
     </span>
    </p>
   </div>
   <div class='ocr_carea' id='block_1_86' title="bbox 481 4663 2110 4737">
    <p class='ocr_par' dir='ltr' id='par_1_86' title="bbox 481 4663 2110 4737">
     <span class='ocr_line' id='line_1_86' title="bbox 481 4663 2110 4737; baseline 0.002 -19"><span class='ocrx_word' id='word_1_757' title='bbox 481 4663 707 4735; x_wconf 83' lang='lat' dir='ltr'>generis</span> <span class='ocrx_word' id='word_1_758' title='bbox 732 4665 973 4719; x_wconf 90' lang='lat' dir='ltr'>humani</span> <span class='ocrx_word' id='word_1_759' title='bbox 1004 4682 1063 4720; x_wconf 89' lang='lat' dir='ltr'>se</span> <span class='ocrx_word' id='word_1_760' title='bbox 1091 4665 1384 4720; x_wconf 88' lang='lat' dir='ltr'>immolari</span> <span class='ocrx_word' id='word_1_761' title='bbox 1413 4666 1673 4737; x_wconf 90' lang='lat' dir='ltr'>permisit</span> <span class='ocrx_word' id='word_1_762' title='bbox 1701 4667 1756 4721; x_wconf 92' lang='lat' dir='ltr'>in</span> <span class='ocrx_word' id='word_1_763' title='bbox 1785 4684 1887 4721; x_wconf 88' lang='lat' dir='ltr'>ara</span> <span class='ocrx_word' id='word_1_764' title='bbox 1911 4667 2110 4722; x_wconf 90' lang='lat' dir='ltr'>crucis.</span> 
     </span>
    </p>
   </div>
   <div class='ocr_carea' id='block_1_87' title="bbox 2212 4669 3190 4742">
    <p class='ocr_par' dir='ltr' id='par_1_87' title="bbox 2212 4669 3190 4742">
     <span class='ocr_line' id='line_1_87' title="bbox 2212 4669 3190 4742; baseline 0.002 -19"><span class='ocrx_word' id='word_1_765' title='bbox 2212 4669 2320 4736; x_wconf 87' lang='lat' dir='ltr'>bis,</span> <span class='ocrx_word' id='word_1_766' title='bbox 2351 4669 2618 4741; x_wconf 87' lang='lat' dir='ltr'>operibus</span> <span class='ocrx_word' id='word_1_767' title='bbox 2646 4669 2915 4742; x_wconf 90' lang='lat' dir='ltr'>impleret</span> <span class='ocrx_word' id='word_1_768' title='bbox 2939 4670 3114 4742; x_wconf 89' lang='lat' dir='ltr'>prius.</span> <span class='ocrx_word' id='word_1_769' title='bbox 3181 4686 3190 4694; x_wconf 79' lang='lat'><em>‘</em></span> 
     </span>
    </p>
   </div>
   <div class='ocr_carea' id='block_1_88' title="bbox 1979 4903 2348 5026">
    <p class='ocr_par' dir='ltr' id='par_1_88' title="bbox 1979 4903 2348 5026">
     <span class='ocr_line' id='line_1_88' title="bbox 1979 4903 2348 5026; baseline -0.003 0"><span class='ocrx_word' id='word_1_770' title='bbox 1979 4903 2348 5026; x_wconf 88' lang='lat' dir='ltr'><strong>XVII.</strong></span> 
     </span>
    </p>
   </div>
   <div class='ocr_carea' id='block_1_89' title="bbox 557 5086 3750 5179">
    <p class='ocr_par' dir='ltr' id='par_1_89' title="bbox 557 5086 3750 5179">
     <span class='ocr_line' id='line_1_89' title="bbox 557 5086 3750 5179; baseline 0.003 -30"><span class='ocrx_word' id='word_1_771' title='bbox 557 5086 771 5152; x_wconf 88' lang='lat' dir='ltr'>Lectio</span> <span class='ocrx_word' id='word_1_772' title='bbox 801 5089 1103 5172; x_wconf 63' lang='lat' dir='ltr'>Epistolas</span> <span class='ocrx_word' id='word_1_773' title='bbox 1133 5089 1306 5154; x_wconf 89' lang='lat' dir='ltr'>beati</span> <span class='ocrx_word' id='word_1_774' title='bbox 1339 5089 1522 5179; x_wconf 66' lang='lat' dir='ltr'>Pauli</span> <span class='ocrx_word' id='word_1_775' title='bbox 1553 5092 1832 5179; x_wconf 81' lang='lat' dir='ltr'>apostoli</span> <span class='ocrx_word' id='word_1_776' title='bbox 1862 5093 1945 5157; x_wconf 90' lang='lat' dir='ltr'>ad</span> <span class='ocrx_word' id='word_1_777' title='bbox 1988 5092 2296 5179; x_wconf 69' lang='lat' dir='ltr'>Hebraeos</span> <span class='ocrx_word' id='word_1_778' title='bbox 2329 5095 2395 5175; x_wconf 81' lang='grc' dir='ltr'>(ι,</span> <span class='ocrx_word' id='word_1_779' title='bbox 2431 5097 2488 5175; x_wconf 85' lang='grc'>1)</span> <span class='ocrx_word' id='word_1_780' title='bbox 2524 5115 2551 5179; x_wconf 94' lang='lat'>:_</span> <span class='ocrx_word' id='word_1_781' title='bbox 2571 5095 2940 5176; x_wconf 81' lang='lat' dir='ltr'>Multifarie</span> <span class='ocrx_word' id='word_1_782' title='bbox 2975 5097 3324 5179; x_wconf 81' lang='lat' dir='ltr'>multisque</span> <span class='ocrx_word' id='word_1_783' title='bbox 3352 5098 3567 5162; x_wconf 81' lang='lat' dir='ltr'>modis</span> <span class='ocrx_word' id='word_1_784' title='bbox 3593 5099 3750 5161; x_wconf 82' lang='lat' dir='ltr'>olim</span> 
     </span>
    </p>
   </div>
   <div class='ocr_carea' id='block_1_90' title="bbox 1435 5171 2864 5258">
    <p class='ocr_par' dir='ltr' id='par_1_90' title="bbox 1435 5171 2864 5258">
     <span class='ocr_line' id='line_1_90' title="bbox 1435 5171 2864 5258; baseline 0 -22"><span class='ocrx_word' id='word_1_785' title='bbox 1435 5171 1617 5236; x_wconf 76' lang='lat' dir='ltr'>Deus</span> <span class='ocrx_word' id='word_1_786' title='bbox 1637 5171 1901 5252; x_wconf 86' lang='lat' dir='ltr'>loquens</span> <span class='ocrx_word' id='word_1_787' title='bbox 1919 5174 2230 5255; x_wconf 82' lang='lat' dir='ltr'>patribus</span> <span class='ocrx_word' id='word_1_788' title='bbox 2261 5171 2710 5258; x_wconf 42' lang='lat' dir='ltr'>in&#39;prophetis,</span> <span class='ocrx_word' id='word_1_789' title='bbox 2743 5171 2864 5239; x_wconf 81' lang='lat' dir='ltr'>etc.</span> 
     </span>
    </p>
   </div>
   <div class='ocr_carea' id='block_1_91' title="bbox 1713 5292 2589 5350">
    <p class='ocr_par' dir='ltr' id='par_1_91' title="bbox 1713 5292 2589 5350">
     <span class='ocr_line' id='line_1_91' title="bbox 1713 5292 2589 5350; baseline 0.001 -4"><span class='ocrx_word' id='word_1_790' title='bbox 1713 5292 2129 5349; x_wconf 84' lang='lat' dir='ltr'>COMMENTUM</span> <span class='ocrx_word' id='word_1_791' title='bbox 2167 5294 2589 5350; x_wconf 83' lang='lat' dir='ltr'>LUCULENTI].</span> 
     </span>
    </p>
   </div>
   <div class='ocr_carea' id='block_1_92' title="bbox 546 5379 2104 5462">
    <p class='ocr_par' dir='ltr' id='par_1_92' title="bbox 546 5379 2104 5462">
     <span class='ocr_line' id='line_1_92' title="bbox 546 5379 2104 5462; baseline 0.007 -29"><span class='ocrx_word' id='word_1_792' title='bbox 546 5379 766 5435; x_wconf 68' lang='lat' dir='ltr'>Hebrmi</span> <span class='ocrx_word' id='word_1_793' title='bbox 787 5381 858 5434; x_wconf 87' lang='lat' dir='ltr'>ab</span> <span class='ocrx_word' id='word_1_794' title='bbox 879 5381 1061 5438; x_wconf 82' lang='lat' dir='ltr'>Heber</span> <span class='ocrx_word' id='word_1_795' title='bbox 1083 5392 1454 5460; x_wconf 89' lang='lat' dir='ltr'>sumpserunt</span> <span class='ocrx_word' id='word_1_796' title='bbox 1471 5405 1706 5459; x_wconf 89' lang='lat' dir='ltr'>nomen,</span> <span class='ocrx_word' id='word_1_797' title='bbox 1732 5389 1828 5461; x_wconf 91' lang='lat' dir='ltr'>qui</span> <span class='ocrx_word' id='word_1_798' title='bbox 1853 5389 1961 5444; x_wconf 86' lang='lat' dir='ltr'>fuit</span> <span class='ocrx_word' id='word_1_799' title='bbox 1981 5407 2104 5462; x_wconf 87' lang='lat' dir='ltr'>sep-</span> 
     </span>
    </p>
   </div>
   <div class='ocr_carea' id='block_1_93' title="bbox 475 5473 2098 5554">
    <p class='ocr_par' dir='ltr' id='par_1_93' title="bbox 475 5473 2098 5554">
     <span class='ocr_line' id='line_1_93' title="bbox 475 5473 2098 5554; baseline 0.006 -26"><span class='ocrx_word' id='word_1_800' title='bbox 475 5473 648 5529; x_wconf 90' lang='lat' dir='ltr'>timus</span> <span class='ocrx_word' id='word_1_801' title='bbox 683 5473 754 5530; x_wconf 85' lang='lat' dir='ltr'>ab</span> <span class='ocrx_word' id='word_1_802' title='bbox 791 5473 995 5530; x_wconf 90' lang='lat' dir='ltr'>Adam.</span> <span class='ocrx_word' id='word_1_803' title='bbox 1041 5477 1309 5535; x_wconf 70' lang='lat' dir='ltr'>Hebrasus</span> <span class='ocrx_word' id='word_1_804' title='bbox 1351 5483 1762 5554; x_wconf 90' lang='lat' dir='ltr'>interpretatur</span> <span class='ocrx_word' id='word_1_805' title='bbox 1792 5483 2098 5550; x_wconf 88' lang='lat' dir='ltr'>transiens,</span> 
     </span>
    </p>
   </div>
   <div class='ocr_carea' id='block_1_94' title="bbox 471 5566 2097 5648">
    <p class='ocr_par' dir='ltr' id='par_1_94' title="bbox 471 5566 2097 5648">
     <span class='ocr_line' id='line_1_94' title="bbox 471 5566 2097 5648; baseline 0.006 -24"><span class='ocrx_word' id='word_1_806' title='bbox 471 5566 694 5624; x_wconf 64' lang='lat' dir='ltr'>Hebraei</span> <span class='ocrx_word' id='word_1_807' title='bbox 741 5571 1124 5640; x_wconf 87' lang='lat' dir='ltr'>transeuntes,</span> <span class='ocrx_word' id='word_1_808' title='bbox 1158 5589 1332 5643; x_wconf 92' lang='lat' dir='ltr'>quam</span> <span class='ocrx_word' id='word_1_809' title='bbox 1378 5579 1612 5648; x_wconf 84' lang='lat' dir='ltr'>gentem</span> <span class='ocrx_word' id='word_1_810' title='bbox 1655 5578 1805 5632; x_wconf 90' lang='lat' dir='ltr'>Deus</span> <span class='ocrx_word' id='word_1_811' title='bbox 1853 5579 2097 5632; x_wconf 91' lang='lat' dir='ltr'>multum</span> 
     </span>
    </p>
   </div>
   <div class='ocr_carea' id='block_1_95' title="bbox 2200 5391 3836 5468">
    <p class='ocr_par' dir='ltr' id='par_1_95' title="bbox 2200 5391 3836 5468">
     <span class='ocr_line' id='line_1_95' title="bbox 2200 5391 3836 5468; baseline 0.002 -21"><span class='ocrx_word' id='word_1_812' title='bbox 2200 5391 2328 5461; x_wconf 87' lang='lat' dir='ltr'>ejus.</span> <span class='ocrx_word' id='word_1_813' title='bbox 2375 5392 2644 5462; x_wconf 86' lang='lat' dir='ltr'>Legimus</span> <span class='ocrx_word' id='word_1_814' title='bbox 2683 5391 2742 5446; x_wconf 90' lang='lat' dir='ltr'>in</span> <span class='ocrx_word' id='word_1_815' title='bbox 2774 5391 2918 5447; x_wconf 91' lang='lat' dir='ltr'>libro</span> <span class='ocrx_word' id='word_1_816' title='bbox 2951 5393 3245 5448; x_wconf 80' lang='lat' dir='ltr'>Geneseos</span> <span class='ocrx_word' id='word_1_817' title='bbox 3289 5395 3442 5466; x_wconf 88' lang='lat' dir='ltr'>quod</span> <span class='ocrx_word' id='word_1_818' title='bbox 3493 5398 3836 5468; x_wconf 86' lang='lat' dir='ltr'>congregati</span> 
     </span>
    </p>
   </div>
   <div class='ocr_carea' id='block_1_96' title="bbox 2201 5484 3832 5561">
    <p class='ocr_par' dir='ltr' id='par_1_96' title="bbox 2201 5484 3832 5561">
     <span class='ocr_line' id='line_1_96' title="bbox 2201 5484 3832 5561; baseline 0.004 -23"><span class='ocrx_word' id='word_1_819' title='bbox 2201 5484 2300 5538; x_wconf 84' lang='lat' dir='ltr'>ﬁlii</span> <span class='ocrx_word' id='word_1_820' title='bbox 2339 5485 2473 5540; x_wconf 85' lang='lat' dir='ltr'>Noae</span> <span class='ocrx_word' id='word_1_821' title='bbox 2512 5489 2642 5556; x_wconf 87' lang='lat' dir='ltr'>post</span> <span class='ocrx_word' id='word_1_822' title='bbox 2673 5501 2852 5555; x_wconf 89' lang='lat' dir='ltr'>aquas</span> <span class='ocrx_word' id='word_1_823' title='bbox 2895 5485 3090 5540; x_wconf 89' lang='lat' dir='ltr'>diluvii</span> <span class='ocrx_word' id='word_1_824' title='bbox 3121 5486 3179 5540; x_wconf 92' lang='lat' dir='ltr'>in</span> <span class='ocrx_word' id='word_1_825' title='bbox 3212 5490 3365 5542; x_wconf 84' lang='lat' dir='ltr'>terra</span> <span class='ocrx_word' id='word_1_826' title='bbox 3394 5489 3616 5544; x_wconf 89' lang='lat' dir='ltr'>Senaar</span> <span class='ocrx_word' id='word_1_827' title='bbox 3644 5507 3832 5561; x_wconf 83' lang='lat' dir='ltr'>coepe-</span> 
     </span>
    </p>
   </div>
   <div class='ocr_carea' id='block_1_97' title="bbox 2199 5577 3838 5654">
    <p class='ocr_par' dir='ltr' id='par_1_97' title="bbox 2199 5577 3838 5654">
     <span class='ocr_line' id='line_1_97' title="bbox 2199 5577 3838 5654; baseline 0.004 -23"><span class='ocrx_word' id='word_1_828' title='bbox 2199 5581 2334 5632; x_wconf 91' lang='lat' dir='ltr'>runt</span> <span class='ocrx_word' id='word_1_829' title='bbox 2360 5577 2646 5634; x_wconf 64' lang='lat' dir='ltr'>aedificare</span> <span class='ocrx_word' id='word_1_830' title='bbox 2674 5582 2913 5646; x_wconf 85' lang='lat' dir='ltr'>turrem,</span> <span class='ocrx_word' id='word_1_831' title='bbox 2944 5579 3014 5633; x_wconf 92' lang='lat' dir='ltr'>de</span> <span class='ocrx_word' id='word_1_832' title='bbox 3043 5595 3159 5650; x_wconf 90' lang='lat' dir='ltr'>qua</span> <span class='ocrx_word' id='word_1_833' title='bbox 3186 5580 3471 5650; x_wconf 83' lang='lat' dir='ltr'>dixerunt,</span> <span class='ocrx_word' id='word_1_834' title='bbox 3490 5583 3646 5654; x_wconf 89' lang='lat' dir='ltr'>quod</span> <span class='ocrx_word' id='word_1_835' title='bbox 3675 5599 3838 5638; x_wconf 74' lang='lat' dir='ltr'>cacu~</span> 
     </span>
    </p>
   </div>
   <div class='ocr_carea' id='block_1_98' title="bbox 471 5661 3836 5748">
    <p class='ocr_par' dir='ltr' id='par_1_98' title="bbox 471 5661 3836 5748">
     <span class='ocr_line' id='line_1_98' title="bbox 471 5661 3836 5748; baseline 0.004 -31"><span class='ocrx_word' id='word_1_836' title='bbox 471 5661 686 5732; x_wconf 83' lang='lat' dir='ltr'>dilexit,</span> <span class='ocrx_word' id='word_1_837' title='bbox 737 5663 795 5718; x_wconf 90' lang='lat' dir='ltr'>in</span> <span class='ocrx_word' id='word_1_838' title='bbox 842 5665 1068 5720; x_wconf 87' lang='lat' dir='ltr'>tantum</span> <span class='ocrx_word' id='word_1_839' title='bbox 1124 5668 1186 5720; x_wconf 89' lang='lat' dir='ltr'>ut</span> <span class='ocrx_word' id='word_1_840' title='bbox 1237 5665 1390 5722; x_wconf 89' lang='lat' dir='ltr'>dicat</span> <span class='ocrx_word' id='word_1_841' title='bbox 1433 5685 1446 5722; x_wconf 87' lang='lat'><strong>:</strong></span> <span class='ocrx_word' id='word_1_842' title='bbox 1503 5671 1673 5724; x_wconf 89' lang='lat' dir='ltr'>Israel</span> <span class='ocrx_word' id='word_1_843' title='bbox 1710 5673 2098 5742; x_wconf 85' lang='lat' dir='ltr'>primogenitus</span> <span class='ocrx_word' id='word_1_844' title='bbox 2197 5687 2330 5726; x_wconf 90' lang='lat' dir='ltr'>men</span> <span class='ocrx_word' id='word_1_845' title='bbox 2357 5671 2509 5726; x_wconf 90' lang='lat' dir='ltr'>illius</span> <span class='ocrx_word' id='word_1_846' title='bbox 2539 5671 2894 5748; x_wconf 88' lang='lat' dir='ltr'>pertingeret</span> <span class='ocrx_word' id='word_1_847' title='bbox 2919 5689 3099 5744; x_wconf 89' lang='lat' dir='ltr'>usque</span> <span class='ocrx_word' id='word_1_848' title='bbox 3127 5673 3200 5728; x_wconf 91' lang='lat' dir='ltr'>ad</span> <span class='ocrx_word' id='word_1_849' title='bbox 3223 5675 3447 5740; x_wconf 88' lang='lat' dir='ltr'>coelum,</span> <span class='ocrx_word' id='word_1_850' title='bbox 3473 5678 3530 5729; x_wconf 87' lang='lat' dir='ltr'>et</span> <span class='ocrx_word' id='word_1_851' title='bbox 3551 5675 3595 5730; x_wconf 84' lang='lat' dir='ltr'>si</span> <span class='ocrx_word' id='word_1_852' title='bbox 3623 5675 3836 5732; x_wconf 87' lang='lat' dir='ltr'>iterum</span> 
     </span>
    </p>
   </div>
   <div class='ocr_carea' id='block_1_99' title="bbox 467 5761 3837 5838">
    <p class='ocr_par' dir='ltr' id='par_1_99' title="bbox 467 5761 3837 5838">
     <span class='ocr_line' id='line_1_99' title="bbox 467 5761 3837 5838; baseline 0.004 -26"><span class='ocrx_word' id='word_1_853' title='bbox 467 5771 648 5826; x_wconf 79' lang='lat' dir='ltr'>meus;</span> <span class='ocrx_word' id='word_1_854' title='bbox 702 5763 753 5814; x_wconf 84' lang='lat' dir='ltr'>et</span> <span class='ocrx_word' id='word_1_855' title='bbox 801 5763 1019 5818; x_wconf 86' lang='lat' dir='ltr'>sanctus</span> <span class='ocrx_word' id='word_1_856' title='bbox 1067 5761 1240 5818; x_wconf 84' lang='lat' dir='ltr'>Israel</span> <span class='ocrx_word' id='word_1_857' title='bbox 1275 5763 1518 5826; x_wconf 90' lang='lat' dir='ltr'>Domino,</span> <span class='ocrx_word' id='word_1_858' title='bbox 1569 5765 1832 5832; x_wconf 66' lang='lat' dir='ltr'>primitur</span> <span class='ocrx_word' id='word_1_859' title='bbox 1867 5768 2096 5836; x_wconf 73' lang='lat' dir='ltr'>frugum</span> <span class='ocrx_word' id='word_1_860' title='bbox 2196 5765 2527 5824; x_wconf 86' lang='lat' dir='ltr'>inundasset</span> <span class='ocrx_word' id='word_1_861' title='bbox 2559 5765 2835 5822; x_wconf 87' lang='lat' dir='ltr'>diluvium</span> <span class='ocrx_word' id='word_1_862' title='bbox 2874 5783 2986 5822; x_wconf 87' lang='lat' dir='ltr'>non</span> <span class='ocrx_word' id='word_1_863' title='bbox 3027 5767 3299 5838; x_wconf 86' lang='lat' dir='ltr'>perirent,</span> <span class='ocrx_word' id='word_1_864' title='bbox 3333 5767 3477 5826; x_wconf 88' lang='lat' dir='ltr'>sicut</span> <span class='ocrx_word' id='word_1_865' title='bbox 3507 5768 3731 5825; x_wconf 89' lang='lat' dir='ltr'>dudum</span> <span class='ocrx_word' id='word_1_866' title='bbox 3756 5771 3837 5826; x_wconf 87' lang='lat' dir='ltr'>illi</span> 
     </span>
    </p>
   </div>
  </div>
