4054 6186
254 327 362 385 853

1522 331 1586 384 ΙΝ
1627 333 1772 386 CAP.
1818 334 1835 386 l
1875 334 1962 387 AD
2003 334 2350 390 llEBllAﬂOS.

3515 344 3620 400 85's

253 434 356 506 qui
390 437 524 489 ante
561 451 661 490 eos
701 435 1054 492 exstiterant.
1084 437 1208 490 Non
1247 437 1689 491 reminiscentes
1725 439 1880 510 quod
1904 443 2041 524 Ain
2063 442 2312 497 adventu
2332 443 2454 499 Filii
2473 443 2574 499 Dei
2595 443 2966 515 spiritualiter
2989 445 3160 500 fuisse
3178 445 3513 518 adimpleta.
3538 450 3618 505 De

250 527 475 584 dixerat
501 531 648 584 Deus
677 529 752 584 ad
779 531 894 584 Noe
926 545 939 584 :
966 531 1171 584 Ponam
1196 545 1380 584 arcum
1417 547 1592 586 meum
1636 533 1696 586 in
1730 533 1886 586 nubi-

249 623 349 677 bus
379 623 516 684 cali,
565 627 616 677 et
655 623 978 676 recordabar
1005 624 1224 690 foederis
1265 625 1388 686 mei,
1429 629 1489 678 ut
1526 641 1632 679 non
1655 626 1888 696 perdam

251 718 412 784 aquis
439 716 639 769 diluvii
674 730 878 769 omnem
911 731 1140 770 carnem.
1177 717 1488 770 Creverant
1507 717 1664 772 enim
1694 718 1884 786 nimis,

252 812 314 862 et
343 807 513 862 simul
537 807 797 862 habitare
824 823 940 861 non
973 811 1280 880 poterant:
1326 813 1638 879 antequam
1669 810 1884 864 divide-

249 903 455 955 rentur
484 900 542 954 in
569 900 838 971 regiones
882 901 968 954 vel
999 905 1199 968 terras,
1227 901 1531 955 voluerunt
1555 903 1658 956 sibi
1688 902 1884 974 acqui-

250 1010 383 1048 rere
437 1009 651 1048 nomen
705 993 1133 1065 sempiternale.
1180 994 1626 1066 Habueruntque
1676 997 1885 1049 lateres

247 1103 357 1159 pro
379 1086 524 1142 saxis
549 1090 608 1140 et
631 1087 918 1141 bitumum
937 1087 1040 1157 [Ita
1063 1087 1213 1158 Cod.J
1237 1103 1342 1158 pro
1365 1091 1669 1154 caemento,
1701 1092 1758 1142 et
1783 1104 1886 1143 coe-

250 1183 465 1252 perunt
495 1179 778 1234 aedificare
810 1180 969 1250 cujus
993 1179 1184 1250 operis
1221 1183 1422 1236 auctor
1465 1180 1676 1234 exstitit
1713 1182 1885 1235 Nem-

252 1273 449 1344 phrot.
472 1273 686 1327 Videns
712 1288 849 1327 vero
875 1273 1024 1326 Deus
1045 1289 1249 1327 eorum
1280 1273 1650 1328 irrevocabile
1680 1289 1887 1344 propo-

250 1366 448 1432 situm,
484 1365 564 1420 ait
614 1383 628 1420 :
666 1369 851 1422 Venite
891 1367 1243 1421 ascendamus
1283 1371 1332 1421 et
1379 1367 1780 1434 confundamus
1810 1368 1890 1421 ibi

253 1460 500 1527 linguam
522 1475 726 1514 eorum.
757 1458 960 1530 Sicque
1008 1460 1225 1513 factum
1256 1461 1342 1514 est
1383 1462 1446 1514 ut
1471 1458 1568 1530 qui
1599 1475 1774 1516 unam
1801 1460 1885 1513 lo-

255 1553 602 1623 quebantur,
625 1551 1017 1606 dividerentur
1035 1551 1093 1604 in
1114 1551 1478 1622 septuaginta
1503 1551 1638 1607 duo.
1666 1551 1888 1623 Lingua

254 1661 409 1710 vero,
441 1661 553 1714 qua
581 1660 782 1702 omnes
819 1644 1204 1715 loquebantur
1231 1648 1421 1715 antea,
1456 1661 1572 1700 non
1610 1645 1889 1700 remansit

255 1737 366 1792 nisi
398 1737 762 1792 solummodo
788 1737 846 1791 in
877 1737 1052 1790 domo
1085 1736 1288 1792 Heber.

1987 552 2100 607 qua
2129 537 2378 606 Epistola
2403 537 2568 592 multi
2595 537 2927 592 Latinorum
2968 538 3183 607 dicunt,
3213 540 3370 611 quod
3397 557 3512 596 non
3542 543 3616 597 sit

1987 631 2228 700 apostoli
2279 631 2458 697 Pauli,
2515 647 2582 685 eo
2641 631 2796 702 quod
2851 648 3063 686 nomen
3117 633 3292 703 ipsius
3336 633 3396 688 in
3429 635 3614 705 capite

1984 723 2396 796 praetitulatum
2423 739 2538 778 non
2570 723 2659 789 sit,
2687 723 2786 777 sed
2824 725 3100 779 Barnabas
3125 725 3288 795 juxta
3313 728 3613 782 Tertullia-

1988 833 2150 884 num,
2181 817 2268 870 vel
2300 817 2482 882 Lucae,
2511 819 2611 870 aut
2635 817 2965 883 Clementis,
2997 821 3094 871 aut
3133 817 3372 888 alicujus
3405 836 3471 874 ex
3499 820 3612 874 dis-

1986 909 2185 980 cipulis
2246 910 2656 980 apostolorum.
2719 909 2933 973 Quibus
2980 911 3451 981 respondendum
3508 917 3612 981 est,

1988 1002 2122 1072 quia
2149 1003 2196 1055 si
2223 1002 2653 1072 apostoli.Pauli
2685 1018 2803 1056 non
2837 1006 2941 1070 est,
2974 1019 3077 1074 pro
3107 1019 3176 1058 eo
3211 1004 3366 1074 quod
3397 1022 3614 1060 nomen

1987 1095 2163 1166 ipsius
2185 1095 2244 1149 in
2271 1095 2456 1166 capite
2487 1095 2898 1167 prastitulatum
2931 1112 3047 1150 non
3075 1099 3179 1163 est,
3213 1113 3352 1169 ergo
3385 1115 3488 1152 nec
3518 1099 3616 1153 ali-

1987 1189 2147 1258 cujus
2184 1187 2414 1243 illorum
2453 1189 2580 1256 erit,
2629 1188 2761 1260 quia
2796 1190 2981 1242 nullus
3021 1205 3222 1243 eorum
3269 1191 3514 1246 habetur
3553 1192 3614 1246 in

1988 1281 2192 1353 capite.
2223 1281 2336 1336 Sed
2369 1282 2606 1337 omnino
2649 1283 2789 1336 scire
2818 1282 3098 1336 debemus
3123 1282 3298 1353 ipsius
3321 1299 3444 1338 esse
3467 1285 3616 1340 hanc

1987 1374 2317 1445 Epistolam.
2350 1375 2516 1438 Quod
2539 1391 2676 1429 vero
2706 1391 2920 1429 nomen
2945 1392 3112 1430 suum
3138 1375 3196 1429 in
3228 1377 3410 1446 capite
3433 1377 3619 1448 prasti-

1987 1469 2172 1522 tulare
2202 1467 2384 1522 noluit
2411 1509 2424 1536 ,
2465 1467 2536 1521 ob
2581 1467 2767 1521 varias
2805 1485 3002 1522 causas
3038 1469 3174 1537 egit.
3221 1468 3411 1524 Prima
3445 1487 3616 1526 causa

1989 1561 2216 1628 exstitit,
2248 1561 2383 1632 quia
2411 1564 2652 1615 noverat
2678 1561 2754 1614 ibi
2783 1561 2966 1614 Deum
2988 1563 3046 1614 et
3075 1561 3416 1632 magistrum
3447 1580 3615 1620 suum

1989 1654 2428 1710 fundamentum
2457 1653 2729 1724 posuisse.
2759 1653 2890 1708 Ideo
2930 1671 3047 1708 non
3087 1654 3194 1708 fuit
3224 1671 3393 1710 ausus
3417 1657 3621 1723 funda-

1987 1752 2221 1803 mentum
2241 1763 2439 1818 ponere
2464 1751 2664 1817 praeter
2697 1747 2758 1800 id
2795 1747 2939 1815 quod
2963 1749 3203 1818 positum
3242 1753 3338 1810 est,
3372 1750 3517 1818 quod
3544 1757 3622 1806 est

329 1831 407 1884 De
423 1831 584 1901 cujus
609 1831 782 1885 domo
804 1831 978 1900 longo
994 1834 1124 1900 post
1148 1834 1405 1900 tempore
1429 1835 1595 1884 natus
1617 1833 1702 1884 est
1717 1831 1889 1885 Abra-
1909 1809 1966 1880 B
1992 1809 2418 1899 Christus-Iesus.
2464 1809 2726 1894 Secunda
2768 1809 2936 1892 causa
2963 1809 3092 1902 fuit,
3129 1841 3264 1910 quia
3309 1809 3425 1896 noh
3459 1859 3618 1899 acce-

253 1924 414 1989 ham,
447 1938 619 1994 quem
648 1923 798 1977 Deus
824 1925 1072 1976 multum
1101 1923 1314 1977 dilexit.
1357 1922 1522 1978 Dedit
1559 1922 1609 1976 ei
1651 1923 1890 1976 circum-

252 2015 532 2070 cisionem
573 2016 932 2086 signaculum
975 2015 1132 2085 fidei,
1177 2022 1229 2069 et
1267 2020 1576 2086 reputatum
1609 2020 1688 2070 est
1721 2018 1772 2070 ei
1815 2016 1890 2070 ad

239 2111 528 2178 justitiam
548 2127 566 2162 :
593 2108 831 2179 insuper
857 2109 1206 2180 promissum
1225 2112 1311 2162 est
1332 2109 1383 2163 ei
1406 2109 1562 2180 quod
1587 2109 1645 2162 in
1669 2109 1888 2164 semine

251 2202 379 2272 ejus
407 2201 826 2256 benedicentur
853 2218 1053 2256 omnes
1083 2205 1305 2274 gentes,
1334 2202 1421 2256 his
1440 2202 1625 2256 verbis
1657 2202 1884 2257 dicens:

249 2297 320 2350 In
349 2297 550 2350 semine
576 2300 668 2350 tuo
697 2295 1068 2350 benedicentur
1093 2311 1271 2351 omnes
1297 2299 1494 2363 gentes.
1517 2295 1680 2360 Quod
1709 2311 1886 2366 expo-

253 2404 402 2442 nens
432 2389 732 2459 Apostolus
751 2405 763 2442 :
781 2391 899 2447 Non
929 2389 1080 2451 dicit,
1111 2389 1316 2459 inquit,
1345 2393 1394 2443 et
1419 2389 1710 2443 seminibus
1731 2391 1890 2458 quasi

253 2485 316 2536 in
361 2483 571 2544 multis,
619 2483 714 2536 sed
748 2484 908 2551 quasi
957 2485 1014 2536 in
1061 2498 1187 2544 uno,
1223 2487 1273 2536 et
1315 2485 1506 2536 semini
1551 2487 1639 2536 tuo
1682 2485 1780 2552 qui
1810 2486 1890 2537 est

256 2576 520 2633 Christus.
559 2574 724 2630 Dedit
753 2575 807 2628 ei
846 2576 996 2628 Isaac
1041 2574 1222 2628 filium
1265 2591 1432 2628 suum
1468 2575 1526 2628 in
1571 2577 1884 2642 senectute,

253 2685 430 2738 quem
458 2668 550 2722 die
575 2671 774 2722 octavo
805 2667 1161 2722 circumcidit
1183 2668 1242 2722 in
1274 2671 1472 2738 typum
1492 2668 1673 2725 nostri
1701 2669 1890 2724 Salva-

255 2760 393 2816 toris
424 2777 438 2814 ε
473 2765 530 2816 et
573 2764 726 2818 Isaac
750 2761 946 2829 Jacob,
985 2763 1046 2816 et
1083 2761 1256 2816 lacob
1304 2761 1608 2816 duodecim
1645 2761 1884 2832 patriar-

253 2855 409 2921 chas,
441 2854 537 2924 qui
587 2855 741 2910 ducti
789 2855 944 2908 fame
985 2853 1406 2908 descenderunt
1450 2854 1510 2907 in
1557 2856 1884 2925 Egyptum,

255 2947 355 3002 ubi
379 2947 745 3020 multiplicati
769 2947 938 3001 nimis
967 2947 1162 3002 afﬂicti
1187 2950 1320 3001 sunt
1347 2947 1739 3002 vehementer.
1774 2948 1888 3002 Sed

257 3041 314 3094 in
357 3057 538 3094 manu
570 3041 760 3095 valida
799 3041 1043 3107 liberati,
1077 3041 1135 3094 in
1181 3040 1357 3110 signis
1403 3044 1460 3094 et
1503 3040 1784 3112 portentis
1815 3040 1887 3094 de

254 3136 498 3204 ASgypto
528 3133 736 3200 educti,
761 3134 1116 3188 transierunt
1141 3150 1301 3188 mare
1324 3134 1600 3202 Rubrum,
1628 3150 1730 3205 per
1751 3151 1887 3206 qua-

254 3227 528 3297 draginta
566 3243 745 3282 annos
782 3243 998 3281 manna
1031 3227 1149 3281 aliti
1179 3231 1328 3296 sunt,
1359 3244 1478 3282 non
1517 3232 1649 3282 sunt
1691 3227 1886 3282 attrita

254 3319 598 3374 vestimenta
617 3335 838 3374 eorum.
859 3320 1007 3374 Deus
1025 3319 1184 3374 dedit
1208 3319 1318 3374 illis
1343 3321 1549 3391 legem,
1581 3321 1882 3391 templum,

255 3429 442 3480 aram,
483 3429 765 3480 mensam,
805 3430 982 3484 panes
1029 3413 1462 3484 propositionis,
1504 3415 1692 3468 velum
1734 3413 1884 3467 inte-

255 3507 394 3573 rius,
417 3505 696 3572 victimas,
720 3507 1071 3574 holocausta,
1104 3506 1395 3561 sacriﬁcia.
1423 3505 1887 3577 Insuperpromi-

256 3601 330 3654 sit
355 3605 412 3654 et
441 3599 644 3654 Filium
673 3617 837 3654 suum
866 3600 936 3654 de
963 3600 1163 3654 eadem
1181 3601 1353 3670 stirpe
1377 3600 1748 3654 nasciturum.
1779 3599 1885 3663 Qui

255 3692 491 3748 veniens
520 3693 856 3764 adimplevit
886 3709 1012 3764 quas
1041 3694 1210 3748 Pater
1249 3693 1606 3764 promiserat,
1648 3693 1783 3763 quia
1814 3693 1885 3746 de

255 3802 462 3841 eorum
509 3785 685 3856 stirpe
731 3785 1046 3840 secundum
1085 3803 1322 3840 carnem
1377 3789 1545 3840 natus
1587 3787 1691 3852 est,
1745 3784 1889 3840 sicut

255 3881 503 3934 testatur
532 3880 740 3934 Paulus
777 3895 790 3932 :
831 3881 956 3934 Dico
995 3882 1135 3934 enim
1175 3879 1446 3934 Christum
1486 3881 1664 3934 Iesum
1695 3879 1884 3932 minis-

255 3979 402 4027 trum
442 3974 614 4040 fuisse
655 3973 1070 4028 circumcisionis
1102 3976 1328 4042 propter
1364 3973 1643 4026 veritatem
1689 3973 1784 4026 Dei
1812 3971 1889 4025 ad

252 4053 658 4134 conﬁrmandus
693 4067 1072 4136 promissiones
1127 4070 1368 4134 patrum.
1407 4064 1588 4128 Quem
1632 4063 1888 4118 videntes

254 4174 376 4212 non
401 4157 546 4211 sicut
575 4157 897 4213 debuerant
919 4161 1280 4228 receperunt,
1303 4157 1403 4212 sed
1428 4156 1720 4228 ejicientes
1733 4159 1890 4210 extra

251 4252 485 4306 vineam
511 4250 862 4305 occiderunt.
907 4252 1031 4305 Non
1063 4251 1132 4305 de
1165 4251 1431 4305 omnibus
1469 4250 1616 4318 dico,
1650 4249 1784 4321 quia
1817 4266 1888 4304 ex

251 4345 340 4399 eis
366 4343 645 4414 processit
676 4343 838 4398 radix
881 4347 1080 4398 sancta
1117 4347 1174 4399 et
1207 4360 1417 4406 massa,
1450 4343 1559 4398 hoc
1589 4347 1676 4398 est
1708 4341 1888 4396 sancti

252 4437 502 4508 apostoli
530 4439 590 4491 et
611 4436 781 4508 primi
808 4437 1128 4504 credentes,
1157 4437 1256 4490 sed
1286 4453 1459 4507 quam
1491 4436 1679 4506 plures
1700 4435 1760 4489 in
1787 4450 1888 4489 caa-

1989 1935 2156 2006 perat
2183 1933 2244 1986 in
2267 1935 2347 1986 eis
2369 1932 2623 1987 ofﬁcium
2649 1931 3088 2003 praedicationis,
3113 1932 3215 1988 sed
3241 1933 3300 1988 in
3330 1935 3616 2006 gentibus,

1991 2026 2216 2080 dicente
2259 2025 2474 2096 Spiritu
2517 2028 2714 2080 sancto
2749 2042 2762 2080 :
2805 2027 3089 2096 Segregate
3133 2028 3269 2082 mihi
3309 2029 3541 2084 Paulum
3569 2035 3621 2085 et

1987 2121 2320 2186 Barnabam,
2351 2122 2410 2174 in
2432 2134 2566 2190 opus
2593 2135 2695 2189 quo
2722 2121 2991 2190 assumpsi
3015 2135 3118 2175 eos.
3147 2119 3292 2185 Quia
3320 2122 3618 2194 unusquis-

1990 2212 2100 2284 que
2130 2230 2292 2268 suam
2334 2211 2686 2284 provinciam
2725 2212 2798 2266 ad
2839 2212 3268 2282 praedicandum
3301 2219 3616 2287 acceperat,

1989 2306 2142 2360 unde
2173 2307 2292 2376 ipse
2329 2306 2410 2360 ait
2441 2322 2454 2360 :
2489 2307 2596 2372 Qui
2619 2309 2871 2375 operatus
2912 2311 2990 2359 est
3019 2307 3181 2374 Petro
3213 2309 3270 2361 in
3311 2310 3622 2378 apostolatu

1987 2401 2424 2461 circumcisionis,
2451 2403 2703 2468 operatus
2722 2403 2800 2452 est
2824 2403 2874 2452 et
2891 2399 3025 2452 mihi
3042 2401 3184 2453 inter
3206 2405 3407 2467 gentes.
3430 2403 3620 2457 Tertia

1989 2508 2160 2548 causa
2199 2492 2306 2546 fuit
2343 2491 2477 2562 quia
2518 2507 2752 2546 exosum
2793 2507 2926 2547 eum
2973 2491 3264 2546 habebant
3300 2493 3502 2561 Judaei,
3549 2511 3618 2551 eo

1990 2584 2141 2656 quod
2155 2587 2454 2638 evacuaret
2473 2600 2704 2638 omnem
2725 2583 2900 2637 ritum
2918 2583 3078 2654 legis.
3103 2583 3348 2648 Quidam
3367 2587 3523 2641 enim
3545 2587 3620 2643 ad

1988 2677 2164 2732 fidem
2190 2677 2502 2746 venientes,
2535 2676 2684 2731 filios
2715 2693 2847 2731 suos
2880 2677 3170 2747 baptizare
3196 2679 3414 2748 pariter
3435 2683 3492 2734 et
3511 2680 3618 2734 cir-

1989 2769 2314 2824 cumcidere
2335 2769 2624 2837 volebant,
2649 2769 2805 2840 quod
2827 2771 3032 2824 Paulus
3051 2770 3306 2825 funditus
3330 2771 3624 2842 prohibuit

1991 2863 2186 2918 dicens
2213 2879 2226 2917 :
2258 2865 2318 2920 Si
2336 2863 2798 2925 circumcidimini,
2823 2862 3066 2917 Christus
3089 2864 3238 2919 vobis
3263 2867 3404 2919 nihil
3430 2867 3622 2936 prode-

1988 2959 2082 3019 rit,
2104 2959 2164 3010 in
2185 2955 2394 3033 Christo
2413 2957 2552 3010 enim
2570 2958 2695 3010 Jesu
2720 2971 2888 3026 neque
2911 2959 3240 3012 circumcisio
3263 2960 3477 3028 aliquid
3518 2977 3616 3015 va-

1991 3051 2080 3112 let,
2111 3065 2281 3120 neque
2305 3051 2654 3119 praeputium,
2695 3049 2790 3103 sed
2833 3050 2964 3118 ﬁdes
3001 3066 3122 3118 quae
3161 3053 3622 3121 praedilectionem

1989 3149 2263 3213 operatur.
2298 3143 2464 3207 Quod
2494 3141 2540 3195 si
2564 3157 2777 3196 nomen
2808 3159 2974 3196 suum
3001 3143 3406 3213 praetitulasset
3429 3145 3488 3200 in
3529 3163 3616 3214 ea,

1985 3236 2226 3290 forsitan
2267 3251 2381 3290 non
2423 3251 2552 3290 eam
2587 3235 2942 3306 reciperent,
2989 3236 3124 3306 quia
3167 3237 3407 3308 quilibet
3445 3239 3618 3294 homo

1987 3347 2120 3384 eum
2167 3346 2340 3400 quem
2379 3329 2512 3384 odio
2567 3329 2758 3396 habet,
2791 3346 2908 3384 non
2949 3331 3134 3384 solum
3164 3331 3467 3401 epistolam
3496 3333 3620 3404 ejus

1987 3439 2103 3478 non
2136 3422 2354 3492 recipit,
2385 3423 2484 3476 sed
2512 3421 2682 3476 etiam
2704 3438 2920 3477 nomen
2943 3423 3092 3476 illius
3107 3423 3306 3478 audire
3333 3441 3449 3478 non
3479 3427 3614 3481 vult.

1989 3515 2200 3579 Quarta
2231 3531 2401 3568 causa
2441 3514 2783 3568 humilitatis
2813 3515 3043 3582 exstitit,
3075 3515 3256 3570 sciens
3285 3532 3486 3572 eorum
3524 3535 3616 3573 su-

1989 3607 2245 3679 perbiam
2272 3609 2330 3660 et
2358 3623 2520 3660 suam
2553 3605 2962 3670 humilitatem,
2988 3623 3202 3662 nomen
3235 3625 3401 3663 suum
3434 3611 3620 3665 noluit

1988 3702 2121 3754 ante
2149 3716 2386 3770 ponere.
2412 3699 2587 3770 Hujus
2611 3699 2696 3752 rei
2723 3715 2894 3753 causa
2921 3700 3095 3754 etiam
3121 3699 3324 3756 beatus
3347 3703 3617 3772 Joannes,

1985 3792 2046 3846 in
2077 3793 2261 3864 capite
2288 3792 2554 3864 Epistolae
2587 3809 2702 3846 sua:
2741 3809 2858 3847 non
2900 3793 3155 3864 protulit.
3197 3794 3402 3850 Dicunt
3443 3797 3620 3852 etiam

1989 3903 2117 3940 eam
2139 3886 2269 3940 ideo
2298 3901 2414 3940 non
2442 3901 2562 3940 esse
2586 3885 2767 3952 Pauli,
2797 3885 2934 3957 quia
2955 3890 3190 3942 caeteras
3207 3887 3488 3960 Epistolas
3504 3906 3618 3946 non

1988 3979 2066 4034 sic
2093 3978 2379 4033 rhetorico
2424 3995 2692 4033 sermone
2733 3979 3070 4050 composuit,
3100 3983 3159 4034 et
3196 3997 3262 4035 ex
3292 3983 3482 4038 Veteri
3506 3985 3617 4040 No-

1987 4088 2169 4144 voque
2197 4073 2578 4128 Testamento
2595 4071 2829 4141 fulcivit,
2853 4073 3145 4144 quomodo
3169 4073 3278 4129 ista
3301 4077 3622 4148 composita

1989 4169 2075 4220 est
2099 4182 2228 4236 quae
2253 4164 2328 4220 ad
2353 4165 2616 4220 Hebraeos
2643 4164 2871 4235 legitur.
2905 4165 3120 4230 Quibus
3147 4168 3618 4237 respondendum

1989 4257 2092 4321 est,
2139 4253 2272 4325 quia
2325 4256 2562 4308 caeteras
2608 4253 2886 4324 Epistolas
2929 4253 2989 4308 in
3037 4254 3343 4324 peregrina
3396 4257 3620 4328 scripsit

1987 4347 2204 4418 lingua,
2242 4347 2392 4400 hanc
2433 4362 2568 4400 vero
2613 4345 2672 4400 in
2719 4345 2973 4416 propria,
3019 4349 3256 4401 caeteras
3301 4347 3360 4402 in
3403 4349 3616 4420 Graeca,

1987 4439 2137 4494 hanc
2167 4439 2227 4492 in
2257 4437 2516 4492 Hebraea.
2548 4438 2660 4492 Nec
2686 4437 2899 4491 mirum
2920 4437 2966 4491 si
2987 4437 3368 4509 eloquentior,
3399 4457 3527 4512 quas
3557 4441 3618 4498 in

251 4530 427 4585 citate
453 4534 889 4598 remanserunt;
925 4531 996 4584 de
1022 4529 1228 4600 quibus
1253 4529 1526 4600 scriptum
1555 4533 1684 4582 est:
1722 4529 1884 4586 Caci-
1906 4529 2218 4602 Dpropria
2263 4531 2459 4600 lingua
2506 4529 2716 4599 scripta
2764 4532 2868 4596 est,
2909 4545 3082 4600 quam
3129 4547 3258 4602 quas
3295 4532 3358 4588 in
3401 4533 3617 4592 Graeca.

255 4629 345 4679 tas
368 4639 437 4678 em
453 4628 609 4694 parte
631 4625 855 4690 contigit
881 4625 938 4678 in
962 4624 1130 4678 Israel
1157 4623 1321 4678 donec
1345 4621 1629 4693 plenitudo
1653 4621 1890 4689 gentium

256 4720 514 4780 introeat,
540 4721 590 4771 et
614 4719 692 4772 sic
712 4719 883 4772 omnis
905 4717 1076 4772 Israel
1101 4717 1285 4771 salvus
1313 4717 1431 4770 erit.
1465 4713 1533 4768 Hi
1550 4729 1685 4768 vero
1705 4713 1802 4784 qui
1826 4713 1887 4766 in

257 4808 598 4864 inﬁdelitate
640 4813 1064 4876 remanserunt,
1099 4826 1196 4864 eos
1237 4808 1333 4880 qui
1372 4807 1447 4862 ad
1483 4806 1660 4862 fidem
1700 4805 1888 4861 venie-

256 4903 404 4958 bant
437 4919 638 4958 eorum
680 4903 1061 4958 substantiam
1101 4901 1468 4972 diripiebant,
1502 4899 1602 4954 sed
1645 4899 1754 4970 ipsi
1791 4915 1888 4969 pa-

257 4997 472 5050 tienter
500 4997 911 5052 substinebant.
945 4997 1098 5060 Quos
1123 4993 1411 5049 collaudat
1433 4992 1720 5064 apostolus
1747 4984 1890 5048 Pau-

257 5090 348 5143 lus
376 5105 390 5143 :
423 5091 567 5145 Nam
601 5093 654 5144 et
689 5091 863 5144 vincti
886 5090 1151 5159 compassi
1176 5089 1320 5148 estis,
1356 5091 1408 5142 et
1447 5089 1702 5156 rapinam
1729 5087 1890 5140 bono-

255 5199 382 5238 rum
399 5187 694 5238 vestrorum
717 5199 838 5238 cum
871 5182 1074 5250 gaudio
1098 5181 1422 5251 suscepistis.
1453 5181 1665 5235 Eorum
1694 5194 1892 5233 curam

259 5293 472 5348 gerens
495 5292 597 5347 per
629 5276 882 5345 singulos
916 5291 1098 5330 annos
1115 5275 1412 5329 collectam
1433 5273 1679 5328 faciebat
1699 5271 1895 5326 dicens

261 5369 534 5424 fratribus
566 5386 580 5424 :
607 5369 984 5426 Recordamini
1003 5371 1248 5436 fratrum
1279 5367 1452 5439 [Cod.,
1479 5364 1766 5438 fratribus]
1799 5367 1896 5435 qui

258 5468 389 5518 sunt
405 5465 465 5517 in
489 5465 814 5530 Jerusalem;
850 5461 1230 5531 mittebatque
1263 5459 1364 5514 eis.

331 5556 601 5611 Scribens
629 5556 805 5610 etiam
831 5555 1144 5626 Epistolam
1174 5551 1332 5607 misit
1357 5553 1459 5617 eis,
1481 5551 1540 5604 in
1572 5566 1686 5622 qua
1715 5549 1897 5604 voluit

261 5649 588 5716 ostendere,
619 5648 816 5703 omnia
841 5665 967 5720 quae
988 5651 1127 5702 tunc
1149 5646 1221 5702 ad
1244 5645 1496 5700 litteram
1525 5643 1892 5714 gerebantur,

261 5747 572 5803 sabbatum
609 5746 844 5814 scilicet,
873 5743 1391 5810 circumcisionem,
1426 5741 1814 5808 neomeniam,
1841 5744 1899 5796 et

267 5844 479 5897 caetera
509 5857 638 5914 quas
661 5841 749 5896 lex
769 5840 1156 5912 praecipiebat,
1186 5837 1387 5894 omnia
1408 5835 1598 5908 typica
1620 5835 1812 5906 fuisse,
1841 5839 1900 5891 et

1987 4623 2236 4694 Dignum
2263 4623 2418 4678 enim
2445 4623 2522 4678 sic
2553 4626 2678 4677 erat
2705 4624 2765 4676 ut
2785 4639 2854 4678 ea
2875 4639 3050 4694 quam
3081 4623 3142 4678 in
3167 4625 3401 4697 propria
3422 4627 3621 4699 lingua

1989 4717 2271 4772 scribebat
2302 4717 2430 4788 plus
2471 4716 2766 4771 luculento
2815 4733 3086 4772 sermone
3130 4725 3523 4790 componeret,
3565 4726 3624 4777 et

1987 4809 2174 4865 Veteri
2201 4811 2472 4880 Novoque
2503 4810 2864 4865 Testamento
2907 4810 3151 4866 fulciret.
3189 4812 3360 4883 Cujus
3387 4829 3621 4870 sensum

1991 4907 2048 4959 et
2073 4903 2335 4958 ordinem
2362 4907 2565 4958 tenens
2599 4903 2944 4974 evangelista
2975 4905 3151 4958 Lucas
3181 4909 3309 4975 post
3334 4923 3622 4962 excessum

1989 4996 2229 5068 apostoli
2255 4995 2412 5052 Pauli
2444 4997 2640 5052 Graeco
2675 5013 2942 5051 sermone
2981 4998 3320 5068 composuit.
3355 4999 3470 5056 Sed
3489 5000 3617 5071 jam

1991 5107 2142 5145 nunc
2175 5089 2358 5161 ipsam
2391 5091 2766 5162 apostolicam
2805 5089 3117 5162 Epistolam
3147 5093 3460 5148 tractemus
3497 5110 3626 5166 quas

1991 5183 2072 5238 ita
2100 5183 2394 5239 exordium
2421 5184 2616 5240 habet.

2061 5277 2391 5334 MULTIFARIE
2433 5291 2736 5340 HULTISQUE
2787 5290 2950 5332 MODIS
3005 5292 3135 5334 OLIM
3201 5295 3334 5336 DEUS
3381 5296 3628 5346 LOQUENB

1995 5387 2252 5427 PATRIRUS
2284 5387 2337 5427 IN
2371 5385 2691 5426 PROPHETIS.
2724 5368 2888 5434 Quod
2910 5369 3047 5426 dicit
3074 5374 3400 5442 multifarie,
3433 5378 3626 5430 osten-

1993 5463 2076 5518 dit
2105 5463 2396 5534 quoddam
2433 5461 2768 5518 vaticinium
2817 5462 2988 5519 fuisse
3021 5481 3086 5520 ex
3121 5465 3257 5522 Filio
3297 5467 3418 5520 Dei.
3455 5467 3627 5522 Phari

1995 5557 2206 5622 Graece,
2242 5556 2440 5611 Latine
2474 5555 2632 5628 loqui
2667 5555 2895 5612 dicitur.
2925 5558 3225 5614 Multifarie
3252 5559 3406 5623 dicit,
3435 5559 3630 5612 multis

1996 5647 2396 5703 locutionibus.
2417 5649 2602 5704 Multis
2619 5649 2776 5704 enim
2800 5650 2991 5706 modis
3015 5652 3236 5706 locutus
3255 5653 3339 5705 est
3357 5650 3628 5710 Dominus

1997 5741 2382 5797 anteriorihus
2420 5743 2705 5813 Patribus,
2734 5745 2832 5815 qui
2859 5745 3087 5798 fuerunt
3119 5743 3184 5797 in
3213 5743 3401 5822 Veteri
3435 5745 3625 5800 Testa-

2000 5839 2199 5893 mento
2224 5851 2238 5890 :
2265 5836 2569 5910 aliquoties
2596 5855 2700 5910 per
2723 5837 2989 5903 visiones,
3021 5834 3324 5906 aliquoties
3346 5853 3450 5909 per
3476 5837 3630 5896 simi-
