4054 6186
423 304 526 362 855

1481 299 1878 357 LUCULENTI]
1915 300 1979 353 IN
2019 301 2165 355 CAP.
2208 300 2228 354 l
2265 299 2353 354 AD
2391 297 2734 355 HEBRJEOS.

3694 301 3794 358 856

422 411 714 479 litudines,
743 411 1044 482 aliquoties
1074 426 1178 480 per
1207 407 1558 462 modos.Per
1580 406 1846 474 visiones,
1876 410 1936 460 ut
1965 410 2052 461 est
2071 418 2130 494 Α
2151 404 2257 459 dor
2285 404 2504 476 gloriae,
2527 406 2636 460 hoc
2665 408 2752 461 est
2778 405 2928 459 Deus
2948 405 3020 459 de
3040 403 3158 460 Deo
3185 446 3200 472 ,
3227 405 3426 460 lumen
3455 406 3525 460 de
3552 407 3793 478 lumine,

421 505 562 560 illud
595 522 608 560 :
632 509 744 574 Ego
770 521 974 575 quoque
997 505 1224 558 visiones
1243 501 1625 571 multiplicavi,
1655 503 1781 556 etin
1803 501 2052 556 manibus

413 600 807 670 prophetarum
832 597 1164 652 assimilatas
1189 611 1323 650 sum.
1353 596 1596 650 Locutus
1628 597 1715 648 est
1739 611 1842 666 per
1860 594 2051 649 simili-

422 693 670 758 tudines,
705 692 850 744 sicut
880 690 1072 744 multis
1103 691 1240 744 locis
1265 689 1508 744 inveniri
1539 688 1764 744 dicitur.
1800 687 1889 743 Sic
1920 689 2052 743 Eze-

423 787 566 840 chiel
600 801 729 840 cum
754 784 834 838 ait
865 800 876 838 :
909 787 978 839 Et
1004 788 1084 846 tu,
1107 785 1191 854 ﬁli
1217 785 1466 846 hominis,
1489 783 1718 852 perfode
1749 783 1849 836 tibi
1867 784 2049 852 parie-

424 886 525 936 tem
553 879 856 932 manu.Per
886 877 1079 944 verba,
1109 877 1253 931 sicut
1270 877 1425 932 Isaiae
1447 877 1744 948 prophetae
1778 891 1790 929 :
1817 877 2047 930 Verbum

418 973 634 1026 Domini
675 972 820 1040 quod
863 974 1070 1038 factum
1101 976 1178 1024 est
1217 971 1294 1024 ad
1337 973 1537 1025 Isaiam
1579 971 1918 1039 prophetam.
1945 969 2048 1022 Per

419 1063 870 1130 revelationem,
915 1063 1058 1117 sicut
1095 1062 1335 1117 Danieli.
1384 1065 1492 1116 Per
1535 1079 1593 1114 se
1650 1062 1858 1132 ipsum,
1905 1062 2047 1114 sicut

415 1157 658 1213 Abrahae
692 1174 706 1211 :
740 1159 849 1211 Eri
889 1158 955 1211 de
990 1161 1135 1211 terra
1176 1162 1290 1210 tua.
1335 1157 1402 1210 Et
1443 1154 1614 1225 Moysi
1655 1171 1666 1207 :
1703 1155 2046 1224 Loqucbatur

413 1253 624 1319 Moyses
651 1266 770 1304 cum
817 1252 924 1304 Deo
961 1252 1100 1317 facie
1149 1250 1223 1303 ad
1267 1251 1482 1316 faciem.
1536 1250 1602 1302 Et
1629 1248 1736 1301 hoc
1767 1251 1850 1300 est
1889 1247 2043 1318 quod

417 1344 552 1398 dicit
585 1361 597 1398 :
628 1345 937 1412 Multifaric
972 1349 1022 1398 et
1062 1345 1247 1398 multis
1280 1343 1472 1397 modis.
1517 1342 1676 1405 Olim,
1710 1341 1846 1394 dicit
1885 1345 2038 1410 ante,

411 1438 472 1492 in
493 1437 685 1492 Veteri
704 1440 1069 1492 Testamento
1089 1436 1317 1490 scilicet.
1344 1435 1680 1503 Novissime,
1703 1434 1837 1488 dicit
1862 1435 2042 1489 novis-

413 1532 557 1587 simo
583 1535 866 1602 tempore,
894 1531 1094 1584 diebus
1115 1529 1525 1585 incarnationis
1546 1529 1792 1584 Domini.
1824 1531 1898 1583 De
1921 1527 2041 1598 qui-

411 1626 517 1678 bus
566 1625 766 1679 diebus
803 1624 957 1678 idem
997 1625 1201 1678 Paulus
1236 1623 1411 1676 dicit:
1440 1625 1548 1679 Nos
1571 1637 1774 1684 sumus,
1816 1625 1873 1675 in
1908 1636 2040 1690 quos

407 1723 541 1790 ﬁnes
565 1721 878 1773 saeculorum
913 1719 1258 1771 devenerunt.
1288 1717 1355 1769 Et
1378 1717 1630 1770 Joannes
1663 1732 1675 1769 :
1709 1715 1908 1778 Filioli,
1939 1731 2035 1769 no-

2152 497 2520 570 omnipotens
2537 499 2608 553 de
2630 497 3050 570 omnipotente,
3080 497 3254 552 Filius
3290 497 3362 553 de
3381 499 3569 568 Patre,
3591 501 3692 572 qui
3713 501 3792 556 di-

2150 591 2226 645 cit
2257 607 2275 644 :
2303 593 2414 660 Ego
2437 608 2556 647 sum
2576 593 2692 646 lum.
2725 593 2795 648 Et
2815 591 2887 646 de
2912 608 3025 664 quo
3047 592 3302 648 Joannes
3327 608 3339 646 :
3368 593 3504 648 Erat
3534 594 3634 648 tua:
3662 611 3791 650 vera

2149 701 2266 754 qua
2289 686 2564 741 illuminat
2580 701 2784 741 omnem
2800 686 3064 740 hominem
3083 688 3376 742 venientem
3397 689 3458 741 in
3476 687 3623 742 hunc
3642 703 3789 742 mun-

2149 779 2296 832 dum.
2323 781 2396 834 Er
2425 795 2620 835 FIGURA
2641 795 2982 835 sunsrmna
3007 795 3150 835 EJL'S.
3171 780 3314 834 Cum
3338 779 3499 834 audis
3518 780 3782 851 ﬁguram,

2149 871 2264 926 noli
2307 871 2716 938 scandalizari;
2769 872 3013 943 figuram
3062 872 3221 926 enim
3259 871 3348 926 vel
3391 873 3784 928 characterem

2146 965 2255 1020 hoc
2298 965 2357 1019 in
2399 967 2524 1020 loco
2566 982 2681 1019 non
2715 982 2818 1036 pro
2863 965 3260 1031 similitudine,
3293 966 3391 1020 sed
3422 983 3526 1037 pro
3551 967 3784 1022 veritate

2147 1057 2472 1129 intelligere
2507 1059 2702 1126 debes,
2733 1058 2980 1130 qualiter
3001 1058 3047 1112 si
3074 1058 3283 1113 videris
3315 1058 3634 1130 imaginem
3667 1059 3784 1130 pic-

2143 1155 2262 1206 tam
2309 1153 2364 1205 in
2411 1152 2627 1222 pariete
2667 1155 2724 1207 et
2751 1151 2906 1206 dicas
2938 1168 2952 1203 :
2984 1153 3123 1206 Ecce
3157 1153 3351 1218 homo,
3385 1169 3513 1208 ecce
3554 1171 3786 1220 manus,

2145 1266 2273 1302 ecce
2308 1249 2498 1320 pedes.
2533 1249 2647 1304 Sed
2675 1249 2839 1304 aliter
2866 1252 2953 1304 est
2978 1249 3193 1320 imago,
3229 1249 3394 1304 aliter
3413 1253 3508 1319 tu;
3555 1251 3658 1304 illa
3681 1269 3812 1322 per.

2143 1341 2596 1411 similitudinem,
2625 1346 2687 1396 tu
2712 1359 2816 1414 per
2847 1342 3171 1397 veritatem.
3207 1345 3566 1406 PORTANSQUE
3611 1360 3784 1401 ornus

2141 1452 2317 1491 vaaao
2340 1452 2588 1491 VIRTUTIS
2627 1451 2759 1491 sua.
2787 1436 3039 1490 Verbum
3073 1440 3132 1490 et
3159 1437 3368 1491 veritas
3395 1437 3652 1492 Christus
3677 1443 3783 1503 est,

2141 1529 2212 1583 de
2245 1545 2356 1600 quo
2387 1530 2594 1584 Paulus
2625 1546 2638 1583 :
2673 1531 2914 1588 Christus
2940 1531 3036 1584 Dei
3062 1533 3236 1584 virtus
3265 1536 3313 1584 et
3348 1533 3444 1586 Dei
3473 1534 3777 1600 sapientia.

2138 1623 2206 1676 Et
2234 1622 2304 1675 de
2331 1639 2444 1693 quo
2475 1623 2726 1678 Joannes
2769 1639 2784 1676 :
2821 1625 2885 1677 In
2905 1625 3176 1694 principio
3202 1629 3318 1678 erat
3352 1625 3592 1678 verbum.
3627 1624 3774 1678 Dicit

2139 1719 2332 1768 autem
2359 1717 2664 1786 Apostolus
2699 1716 2768 1769 de
2809 1717 2945 1770 Filio
2976 1716 3092 1785 Dei,
3133 1717 3288 1787 quod
3313 1721 3543 1787 portans
3569 1722 3775 1780 omnia,

406 1787 625 1866 uissilna
650 1813 780 1866 hora
806 1816 902 1865 est.
929 1811 996 1864 Et
1019 1810 1228 1863 iterum
1255 1809 1461 1863 Paulus
1496 1825 1508 1862 :
1539 1809 1613 1864 At
1636 1809 1730 1862 ubi
1750 1811 1897 1863 venit
1913 1809 2036 1878 ple-
2057 1787 2115 1860 B
2138 1809 2379 1863 destruit
2399 1809 2746 1864 Arianorum
2778 1809 3092 1876 vesaniam,
3122 1809 3221 1880 qui
3249 1809 3464 1876 dicunt,
3499 1811 3655 1881 quod
3675 1811 3776 1864 Pa-

407 1907 599 1960 nitudo
627 1906 898 1974 temporis,
938 1905 1084 1958 misit
1121 1905 1259 1957 Deus
1289 1904 1488 1957 Filium
1515 1918 1691 1958 suum.
1727 1903 1870 1957 Cum
1902 1918 2036 1956 vero

408 1997 586 2052 dicit:
618 2000 928 2053 Norissnns
970 2013 1157 2052 DIEBUS
1200 2011 1354 2063 lSTlS,
1392 2012 1630 2052 LOCUTUS
1669 2013 1762 2050 EST
1792 2011 1950 2051 NOBlS
1980 2011 2035 2050 IN

406 2094 556 2148 FILIO
577 2109 590 2159 ;
614 2107 679 2146 ac
699 2091 914 2146 sidicat
937 2107 949 2145 :
977 2089 1115 2160 quid
1143 2090 1350 2144 mirum
1380 2089 1426 2143 si
1454 2089 1710 2160 patribus
1735 2089 1892 2143 misit
1909 2106 2036 2160 pro-

404 2186 626 2255 phetas,
660 2189 716 2239 et
746 2201 850 2254 per
875 2201 973 2238 eos
1005 2184 1087 2238 eis
1113 2184 1333 2238 locutus
1363 2187 1465 2250 est,
1490 2182 1586 2253 qui
1620 2183 1784 2237 nobis
1812 2199 1916 2254 per
1944 2183 2032 2236 Fi-

405 2279 545 2333 lium
574 2282 657 2332 est
705 2277 962 2332 locutus?
1003 2278 1113 2330 Illis
1156 2277 1468 2348 prophetas
1513 2275 1837 2340 destinavit,
1871 2275 2034 2329 nobis

406 2372 604 2424 Filium
635 2388 799 2425 suum
831 2370 1006 2436 misit,
1032 2374 1088 2423 et
1108 2387 1212 2441 per
1235 2387 1370 2424 eum
1399 2369 1552 2440 loqui
1582 2369 1742 2423 nobis
1763 2368 2033 2440 dignatus

404 2468 506 2518 est.
545 2467 620 2520 De
656 2481 770 2535 quo
804 2465 1096 2518 Matthaeus
1147 2463 1283 2516 dicit
1323 2480 1336 2516 :
1379 2467 1514 2519 Erat
1542 2464 1734 2517 docens
1765 2479 1848 2518 eos
1895 2466 2034 2517 sicut

397 2563 716 2628 potestatem
741 2559 960 2620 habens,
987 2573 1091 2611 non
1137 2559 1272 2610 sicut
1307 2557 1620 2611 Scribarum
1650 2561 1700 2610 et
1734 2558 2028 2611 Pharisaeo-

401 2669 537 2706 rum.
559 2655 679 2722 lpsc
699 2651 1107 2722 quiquondam
1137 2667 1240 2721 per
1256 2650 1607 2720 patriarchas
1636 2653 1692 2703 ct
1721 2651 2032 2720 prophetas

407 2745 768 2816 loquebatur,
804 2762 910 2815 per
931 2745 1302 2814 semetipsum
1335 2743 1492 2814 loqui
1519 2743 1788 2813 dignatus
1821 2747 1922 2796 est.

467 2842 616 2906 Quen
663 2854 977 2894 consrrrurr
1024 2853 1286 2892 nauseam
1331 2853 1729 2892 UNIVERSORIYM.
1776 2836 2024 2890 Haeredi-

402 2937 485 2985 las
515 2933 585 2986 ab
613 2933 774 2998 hero,
811 2931 868 2985 id
901 2935 986 2985 est
1013 2948 1045 2984 a
1071 2932 1188 2986 Deo
1221 2930 1372 2983 dicta
1411 2933 1516 2996 est,
1546 2930 1700 3000 quod
1748 2947 1817 2983 ea
1845 2929 2029 2983 libera

401 3027 678 3092 potestate
707 3024 971 3078 donetur.
994 3023 1299 3077 Constituit
1324 3025 1490 3076 Pater
1512 3022 1714 3076 Filium
1738 3021 2026 3076 hazredem

401 3116 812 3182 universorum,
842 3116 900 3170 id
931 3120 1016 3169 est
1039 3117 1213 3170 totius
1243 3115 1444 3168 mundi
1472 3131 1602 3168 cum
1642 3114 1808 3170 dicit:
1835 3116 2026 3172 Omnia
2047 3153 2101 3227 Ο

409 3226 414 3227 ,
471 3211 522 3227 Ι·
591 3212 673 3227 ογιο
772 3211 784 3227 l
867 3210 1039 3227 ,I-l,,,
1077 3210 1177 3227 7).-
1227 3208 1373 3227 lvd];
1413 3208 1624 3227 ,13j_,,4
1656 3208 1822 3227 ΠῖιξηΑ
1859 3208 2016 3227 1⁸Α²ιΑ

395 3211 673 3278 subjecisti
697 3210 1042 3278 subpedibus
1065 3210 1199 3276 ejus.
1227 3208 1382 3262 Unde
1405 3212 1460 3260 ct
1481 3208 1634 3261 idem
1656 3208 1826 3262 Filius
1848 3208 1984 3262 dicit
2007 3225 2020 3263 :

403 3307 506 3372 Ego
531 3308 707 3357 autem
737 3305 1062 3357 constitutus
1089 3317 1208 3356 sum
1226 3318 1323 3355 rex
1339 3303 1406 3354 ab
1424 3317 1500 3355 co.
1531 3301 1854 3371 Resurgens
1883 3318 2021 3372 ergo

394 3416 425 3450 a
459 3397 700 3451 mortuis
727 3396 923 3450 datam
955 3397 1058 3450 sibi
1088 3395 1290 3449 asserit
1316 3396 1842 3466 potestatem;sicut
1871 3395 2023 3450 idem

397 3494 531 3544 Data
560 3496 635 3545 est
661 3492 796 3545 mihi
811 3493 982 3544 omnis
1003 3497 1240 3560 potestas
1267 3491 1324 3542 in
1347 3490 1471 3542 ca’lo
1491 3495 1537 3543 et
1559 3492 1614 3543 in
1638 3494 1801 3543 terra.
1826 3491 1894 3544 Et
1917 3491 2017 3544 ite-

395 3601 518 3637 rum
550 3600 566 3636 :
599 3587 759 3638 Pater
795 3601 900 3637 non
930 3584 1151 3652 judicat
1191 3599 1534 3652 quemquam,
1572 3583 1668 3636 sed
1693 3599 1845 3637 omne
1859 3583 2016 3651 judi-

391 3680 531 3730 cium
559 3679 707 3731 dedit
732 3679 888 3730 Filio.
919 3679 1066 3746 Ergo
1111 3694 1226 3731 non
1262 3676 1384 3746 jam
1427 3676 1614 3746 portio
1643 3675 1869 3730 Domini
1901 3679 2021 3730 tan-

393 3774 514 3822 tum
545 3770 740 3835 Jacob,
763 3774 820 3822 et
844 3787 965 3824 sors
989 3770 1111 3840 ejus
1137 3769 1542 3823 tantummodo
1569 3771 1760 3836 Israel,
1789 3769 1889 3823 sed
1905 3786 2020 3823 om-

395 3878 493 3914 nes
523 3865 724 3930 gentes
750 3866 806 3914 ct
838 3861 1120 3927 nationes,
1155 3865 1273 3916 toto
1307 3863 1443 3915 orbe
1471 3861 1723 3928 diffusas,
1759 3862 1816 3916 in
1845 3863 2022 3917 haere-

389 3954 629 4008 ditatem
653 3953 946 4024 sanguinis
965 3953 1166 4008 Christi
1189 3955 1607 4024 amplectimur.
1641 3958 1709 4010 Ut
1731 3957 1786 4009 in
1813 3959 2020 4010 nomine

387 4050 515 4101 Jesu
545 4064 697 4102 omne
722 4063 864 4116 genu
892 4050 1167 4115 ﬂectatur;
1198 4047 1258 4100 in
1289 4047 1345 4100 id
1369 4048 1522 4118 quod
1544 4049 1719 4102 homo
1751 4050 2021 4103 constitu-

391 4147 478 4195 tus
498 4145 584 4195 est
601 4159 632 4195 a
655 4143 842 4207 Patre,
863 4145 920 4194 ct
941 4140 1138 4194 omnia
1159 4141 1210 4194 ei
1234 4140 1489 4210 subjecta
1517 4142 1734 4195 suntab
1756 4159 1862 4210 eo;
1885 4143 2018 4196 inid

386 4235 536 4305 quod
583 4235 817 4306 aequalis
846 4235 1018 4300 Patri,
1065 4234 1220 4288 idem
1253 4233 1423 4287 Filius
1464 4234 1640 4288 dicit:
1673 4237 1866 4292 Omnia
1902 4253 2018 4291 mea

382 4334 477 4383 tua
501 4335 646 4391 sunt,
675 4335 724 4382 et
751 4335 844 4383 tua
876 4345 1010 4383 mea.
1043 4330 1154 4383 Par.
1175 4344 1319 4391 QUEM
1347 4344 1499 4383 rem
1530 4344 1765 4385 secum.
1794 4329 2014 4384 Subau-

384 4421 536 4476 ditur
560 4439 664 4493 pcr
691 4422 891 4476 filium.
910 4422 1098 4477 Utitur
1119 4422 1227 4476 hoc
1251 4421 1405 4492 apud
1426 4423 1728 4477 hirreticos
1751 4423 1846 4494 qui
1871 4423 2016 4479 dice-

2139 1905 2226 1954 ter
2274 1900 2534 1973 prmcipit
2573 1901 2802 1967 dicens:
2845 1904 2968 1956 Fiat
3013 1903 3108 1957 ιιιω
3147 1905 3206 1956 et
3249 1902 3416 1956 Filius
3455 1902 3774 1968 obedierit;

2138 1993 2269 2065 quia
2287 1994 2718 2066 ostendit,quod
2731 2011 2832 2048 suo
2849 1995 3022 2049 verbo
3041 1998 3246 2049 cuncta
3261 1995 3774 2065 perfecit,portans,

2136 2086 2339 2158 inquit,
2372 2090 2572 2150 omnia,
2603 2087 2660 2141 id
2695 2092 2780 2141 est
2805 2087 3154 2156 gubernans.
3203 2088 3468 2142 Continet
3515 2105 3772 2159 namque

2135 2180 2421 2246 cadentia,
2457 2184 2514 2235 et
2541 2181 2610 2235 ad
2641 2181 2880 2234 nihilum
2907 2181 3228 2234 tendentia.
3259 2181 3417 2236 Sicut
3451 2181 3608 2235 enim
3638 2182 3768 2235 abs-

2135 2289 2244 2344 que
2272 2274 2386 2328 ullo
2412 2274 2608 2328 labore
2645 2276 2848 2328 cuncta
2870 2274 3083 2327 creavit
3109 2290 3174 2327 ex
3200 2273 3398 2340 nihilo,
3421 2275 3582 2344 juxta
3613 2277 3774 2345 quod

2133 2367 2407 2438 scriptum
2437 2371 2556 2420 est:
2597 2369 2703 2434 Qui
2728 2372 2906 2422 manet
2942 2369 2997 2420 in
3024 2373 3300 2430 aeternum,
3333 2374 3524 2422 cuncta
3563 2372 3772 2423 crearit

2129 2461 2324 2525 simul;
2343 2459 2420 2513 sic
2442 2461 2637 2514 omnia
2660 2459 3145 2530 regitetcontinct
3166 2465 3223 2513 et
3238 2461 3656 2532 portatabsque
3676 2462 3764 2515 la-

2131 2553 2292 2607 bore.
2338 2555 2400 2607 In
2444 2555 2560 2622 ipso
2600 2555 2737 2607 enim
2777 2555 3024 2614 vivimus,
3070 2570 3342 2608 movemur
3381 2559 3434 2608 et
3472 2569 3680 2617 sumus,
3708 2559 3772 2608 et

2129 2650 2308 2702 omnia
2338 2649 2396 2700 in
2418 2649 2534 2718 ipso
2551 2651 2816 2712 constant,
2847 2645 2990 2700 sicut
3009 2646 3164 2700 idem
3188 2648 3480 2717 apostolus
3507 2646 3641 2700 alibi
3665 2649 3768 2702 ait.

2025 2755 2043 2763 ’
2130 2742 2324 2811 Neque
2350 2740 2505 2794 enim
2543 2739 2760 2810 aliquid
2799 2739 3104 2794 subsistere
3143 2743 3389 2811 poterat,
3420 2740 3532 2794 nisi
3573 2758 3677 2812 per
3706 2757 3772 2795 se

2131 2833 2326 2889 omnia
2357 2833 2698 2888 contineret.
2750 2834 2818 2886 Et
2855 2833 2962 2888 hoc
2992 2837 3076 2887 est
3107 2833 3258 2904 quod
3286 2833 3404 2904 ipse
3433 2833 3604 2888 Filius
3627 2833 3773 2887 dicit

2127 2927 2335 2982 Judmis
2396 2945 2410 2980 :
2455 2929 2618 2982 Pater
2663 2942 2808 2980 meus
2849 2942 3018 2997 usque
3064 2927 3219 2981 modo
3263 2932 3538 2997 operatur,
3582 2932 3632 2982 et
3672 2943 3772 2996 ego

2128 3037 2334 3090 operor.
2363 3022 2500 3075 Tam
2533 3021 2708 3091 [Cod.,
2739 3019 2876 3094 non]
2909 3021 3065 3074 enim
3093 3019 3300 3074 missus
3327 3023 3411 3074 est
3438 3021 3768 3092 gubernare

2127 3114 2406 3168 mundum
2453 3130 2628 3184 quam
2670 3130 2883 3167 creare.
2921 3113 3161 3178 Quando
3205 3113 3358 3168 enim
3402 3118 3635 3168 creatus
3677 3119 3768 3168 est

2125 3207 2396 3277 mundus,
2434 3223 2500 3260 ex
2533 3206 2713 3262 nihilo
2759 3207 2909 3260 facta
2945 3209 3078 3260 sunt
3115 3207 3317 3261 omnia
3361 3210 3423 3260 ut
3455 3211 3667 3262 essent.
3703 3209 3764 3261 ln

2124 3301 2539 3372 gubernatione
2567 3317 2700 3354 vero
2733 3301 2923 3371 agitur
2943 3303 3005 3355 ut
3019 3317 3088 3354 ea
3109 3317 3234 3370 qua:
3259 3304 3389 3355 sunt
3411 3300 3486 3354 ad
3513 3301 3765 3356 nihilum

2124 3412 2235 3448 non
2267 3394 2605 3463 redigantur
2633 3409 2740 3446 nec
2772 3398 3029 3464 pereant.

2190 3489 2581 3542 PURGATIONEM
2609 3502 2954 3542 peccsroacn
2988 3503 3226 3542 l-‘ACIENS.
3259 3489 3574 3559 Postquam
3603 3488 3762 3542 enim

2122 3581 2412 3651 apostolus
2435 3579 2702 3645 ostendit,
2728 3579 2862 3650 quia
2884 3579 3079 3634 omnia
3106 3580 3458 3650 gubernaret
3488 3585 3547 3634 et
3579 3581 3760 3635 conti-

2123 3678 2287 3727 neret
2308 3673 2477 3727 Filius
2496 3689 2622 3744 qua:
2651 3671 2804 3742 fecit,
2829 3672 3006 3726 voluit
3031 3673 3204 3727 etiam
3232 3673 3609 3728 manifestare
3635 3675 3761 3744 ejus

2120 3783 2337 3832 curam,
2361 3767 2482 3836 ejus
2505 3765 2982 3833 misericordiam,
3001 3783 3174 3837 quam
3195 3783 3333 3838 erga
3367 3783 3472 3823 nos
3483 3767 3759 3833 exhibuit,

2119 3860 2310 3915 dicens
2337 3877 2350 3915 :
2375 3862 2755 3926 Purgationem
2775 3865 3116 3930 peccatorum
3141 3862 3370 3928 faciens.
3415 3861 3570 3915 Fecit
3600 3860 3758 3915 enim

2119 3953 2523 4024 purgationem
2543 3956 2927 4024 peccatorum,
2947 3952 3176 4023 quando
3193 3953 3455 4024 pendens
3476 3953 3534 4007 in
3567 3970 3758 4018 cruce,

2119 4051 2317 4117 aperto
2345 4046 2523 4100 latere
2556 4046 2678 4116 ejus
2705 4045 2964 4099 manavit
3002 4046 3236 4116 sanguis
3263 4050 3320 4100 et
3343 4063 3495 4117 aqua
3524 4063 3628 4118 pro
3666 4064 3755 4100 re-

2118 4140 2453 4210 demptione
2487 4143 2700 4205 nostra,
2729 4139 2958 4193 dicente
2980 4141 3244 4210 apostolo
3274 4157 3287 4194 :
3317 4142 3502 4210 Empti
3521 4143 3664 4195 enim
3680 4157 3757 4194 es-

2118 4237 2186 4288 tis
2208 4235 2384 4304 pretio
2409 4249 2620 4300 magno.
2649 4234 2718 4286 Et
2743 4232 2882 4286 illud
2908 4248 2920 4285 :
2959 4232 3061 4298 Qui
3083 4233 3282 4288 dilexit
3304 4248 3400 4288 nos
3428 4237 3481 4288 et
3498 4235 3635 4288 lavit
3664 4251 3758 4289 nos

2114 4343 2150 4380 a
2173 4329 2406 4397 peccatis
2435 4329 2632 4381 nostris
2657 4329 2715 4380 in
2739 4328 3005 4396 sanguine
3032 4342 3148 4381 suo.
3179 4327 3258 4381 De
3285 4327 3390 4381 hac
3409 4327 3756 4398 purgatione

2114 4423 2486 4491 peccatorum
2513 4435 2617 4490 per
2651 4421 2882 4474 Petrum
2909 4418 3119 4474 dicitur
3149 4435 3162 4474 :
3197 4422 3303 4488 Qui
3323 4425 3549 4491 peccata
3572 4428 3759 4476 nostra

387 4515 521 4568 bant
545 4531 557 4568 :
591 4515 648 4569 Si
673 4518 756 4567 est
780 4515 1052 4583 Christus,
1081 4518 1205 4568 erat
1226 4518 1456 4586 tempus
1482 4517 1715 4587 quando
1738 4533 1853 4571 non
1876 4521 2016 4583 erat,
2039 4521 2098 4593 Ι)
2120 4516 2232 4584 ipse
2251 4514 2485 4583 pertulit
2513 4515 2571 4567 in
2600 4529 2818 4583 corpore
2844 4529 2940 4568 suo
2969 4529 3132 4584 super
3159 4513 3550 4582 lignum.Facit
3571 4515 3756 4586 quoti-

384 4607 480 4659 sed
519 4607 572 4660 in
609 4608 714 4660 hoc
745 4626 842 4662 eos
873 4607 1114 4662 destruit
1141 4625 1270 4662 cum
1301 4609 1474 4663 dicit:
1507 4612 1607 4663 Per
1634 4626 1790 4680 quem
1815 4613 1945 4677 fecit
1967 4617 2017 4666 et

382 4701 599 4753 sa‘cula.
633 4701 796 4764 Quod
829 4701 984 4755 enim
1013 4701 1166 4766 dicit,
1195 4705 1249 4755 et
1273 4719 1428 4771 quem
1457 4706 1735 4758 constituit
1755 4705 2014 4758 ha‘redem

379 4795 767 4855 universorum,
817 4793 886 4847 ad
926 4794 1345 4848 humanitatem
1389 4795 1656 4865 pertinet.
1687 4797 1851 4860 Quod
1883 4814 2013 4851 vero

372 4884 606 4950 addidit,
626 4902 722 4952 per
743 4903 898 4957 quem
923 4890 1052 4954 fecit
1095 4893 1145 4940 et
1165 4889 1382 4950 saecula,
1407 4889 1480 4941 ad
1502 4889 1882 4944 divinitatem.
1904 4891 2013 4944 Per

374 4978 577 5033 Filium
621 4981 774 5035 cnim
819 4981 953 5035 fecit
999 4982 1148 5034 Deus
1196 4981 1366 5034 Pater
1402 4983 1624 5048 smeula,
1667 4982 1805 5036 sicut
1839 4983 2011 5036 habes

374 5070 649 5140 scriptum
683 5091 696 5127 :
727 5077 792 5128 In
835 5076 1107 5144 principio
1141 5076 1274 5141 fecit
1316 5077 1456 5128 Deus
1496 5075 1684 5128 carlum
1713 5081 1762 5129 et
1789 5081 2006 5131 terram.

371 5162 632 5216 Ostendit
655 5182 786 5218 eum
809 5172 940 5220 ante
956 5168 1154 5221 omnia
1170 5167 1378 5220 saecula
1399 5166 1571 5221 fuisse
1593 5184 1721 5220 cum
1741 5170 1928 5235 Patre,
1955 5173 2008 5222 ct

371 5272 501 5309 cum
529 5272 596 5309 eo
626 5257 821 5312 omnia
849 5260 1188 5315 condidisse.
1221 5260 1378 5315 Unde
1412 5264 1466 5313 et
1494 5262 1744 5315 Joannes
1777 5277 1788 5314 :
1819 5263 2007 5318 Omnia

361 5369 464 5424 per
494 5355 670 5422 ipsum
701 5355 855 5420 facta
885 5363 1030 5412 sunt.
1062 5359 1128 5411 Et
1155 5358 1272 5428 ipse
1299 5359 1356 5411 in
1389 5359 1684 5430 Sapientia
1715 5359 2001 5430 loquitur:

368 5448 624 5498 Dominus
653 5445 889 5514 possedit
919 5463 998 5499 me
1032 5450 1086 5500 in
1125 5451 1282 5503 initio
1325 5453 1532 5506 ciarum
1572 5467 1816 5504 suarum.
1851 5449 2004 5505 Sicut

365 5539 522 5592 enim
539 5538 1256 5609 nemincmjudicatPater,
1273 5543 1369 5596 sed
1391 5544 1584 5598 omnia
1603 5543 2001 5614 dicitjudicare

363 5648 466 5701 per
497 5632 720 5700 Filium,
754 5650 926 5704 quem
947 5633 1204 5704 judicem
1238 5636 1454 5704 genuit,
1489 5638 1564 5691 sic
1592 5639 1765 5692 etiam
1798 5637 2003 5692 dicitur

361 5727 584 5794 operari
617 5743 718 5798 per
740 5727 964 5795 Filium,
991 5744 1162 5799 quem
1187 5731 1409 5782 constat
1429 5729 1689 5798 Opiﬁecm
1714 5731 1994 5796 genuisse.

432 5819 532 5884 ρω
562 5836 668 5876 cun
698 5837 781 5879 sn'
812 5839 1086 5880 SPLENDOR
1110 5838 1334 5878 GLORI.E.
1371 5824 1493 5892 Ipse
1529 5826 1609 5875 est
1633 5823 1786 5876 cnim
1815 5826 2000 5894 splen-

2117 4607 2211 4664 die
2224 4607 2630 4678 purgationem
2647 4610 3012 4678 peccatorum
3030 4624 3135 4678 per
3147 4607 3520 4679 baptismum;
3549 4608 3618 4662 de
3639 4625 3754 4680 quo

2115 4699 2322 4754 dicitur
2376 4717 2389 4754 :
2442 4703 2706 4771 Quotquot
2756 4701 3080 4763 credidistis,
3139 4703 3408 4759 Christum
3469 4702 3752 4758 induistis.

2115 4793 2265 4848 Facit
2287 4793 2460 4848 etiam
2484 4793 2884 4864 purgationem
2907 4797 3297 4864 peccatorum,
3325 4811 3457 4848 cum
3485 4794 3754 4850 ﬁdelibus

2113 4887 2225 4940 suis
2248 4904 2452 4958 corpus
2473 4891 2528 4940 et
2545 4887 2885 4958 sanguinem
2898 4904 3062 4941 suum
3075 4887 3173 4942 dat
3190 4887 3615 4943 comedendum
3633 4889 3752 4960 ipse

2113 4980 2209 5051 qui
2239 4981 2410 5034 dicit:
2441 4984 2550 5049 Ego
2578 4997 2694 5036 sum
2719 4984 2883 5050 panis
2911 4983 3065 5035 vivus
3091 4983 3186 5050 qui
3214 4983 3280 5034 de
3304 4983 3431 5035 cazIo
3469 4983 3749 5043 descendi;

2112 5078 2167 5127 et
2195 5091 2208 5128 :
2237 5075 2371 5129 Caro
2400 5090 2516 5130 mea
2556 5091 2675 5130 rere
2715 5080 2793 5128 est
2828 5075 2998 5136 cibus,
3028 5079 3078 5128 et
3108 5078 3330 5144 sanguis
3355 5092 3500 5130 meus
3523 5093 3646 5130 vere
3672 5083 3750 5130 est

2107 5173 2282 5238 potus.
2315 5170 2378 5223 Et
2415 5168 2621 5222 iterum
2671 5183 2682 5220 :
2718 5170 2830 5220 nisi
2868 5167 3326 5222 mandasaveritis
3363 5185 3579 5224 carnem
3617 5172 3752 5224 Filii

2108 5263 2334 5315 hominis
2359 5267 2407 5316 et
2432 5263 2670 5315 biberitis
2696 5261 2810 5327 ejus
2851 5262 3194 5329 sanguinem,
3227 5277 3332 5316 non
3361 5262 3626 5316 habebitis
3663 5267 3744 5315 ri-

2108 5355 2214 5404 tum
2250 5354 2299 5403 ."u
2332 5352 2496 5404 robis.
2523 5351 2586 5402 Et
2615 5366 2628 5403 :
2662 5351 2770 5416 Qui
2789 5349 3084 5403 manducet
3109 5364 3279 5403 meam
3304 5365 3522 5404 carnem
3542 5357 3592 5405 et
3614 5351 3749 5405 bibit

2103 5459 2277 5498 meum
2305 5446 2639 5514 sanguinem,
2682 5444 2740 5496 in
2787 5460 2867 5494 me
2911 5447 3090 5496 manet
3125 5447 3175 5495 et
3219 5458 3312 5509 ego
3365 5447 3420 5496 in
3459 5446 3590 5513 ipso.
3638 5447 3747 5500 ltu-

2104 5539 2198 5577 rus
2226 5540 2475 5594 namque
2503 5523 2574 5577 ad
2599 5521 2924 5593 passionem
2957 5519 3244 5590 discipulis
3267 5521 3346 5574 ait
3371 5538 3382 5574 :
3403 5524 3514 5576 Hoc
3540 5530 3616 5578 est
3635 5540 3748 5578 cor-

2096 5619 2202 5672 pus
2231 5619 2407 5657 meum
2445 5603 2592 5672 quod
2630 5617 2728 5672 pro
2773 5602 2920 5655 vobis
2967 5601 3216 5654 tradetur
3276 5604 3332 5655 in
3381 5605 3746 5658 remissionem

2067 5704 2073 5712 -
2093 5687 2454 5753 peccatorum.
2479 5683 2634 5737 Sicut
2659 5682 2812 5736 enim
2846 5680 2995 5753 ignis
3018 5681 3319 5753 liquel‘acit
3335 5697 3547 5748 ceram,
3580 5687 3637 5736 et
3676 5683 3747 5736 si-

2102 5750 2197 5806 cut
2223 5753 2457 5828 flamma
2487 5753 2770 5828 comburit
2810 5750 3096 5828 stipulam,
3127 5751 3206 5804 sic
3245 5750 3485 5828 minora,
3497 5758 3745 5828 peccata
3821 5817 3832 5828 _

2100 5841 2205 5894 per
2232 5824 2732 5896 participationem
2759 5823 3014 5894 corporis
3045 5827 3102 5877 et
3134 5822 3431 5893 sanguinis
3451 5822 3735 5879 Christi...
