  <div class='ocr_page' id='page_1' title='image "/cluster/home/n/w/nwhite01/storage/ocr_20150623/72/hvd.32044054758768/434.png"; bbox 0 0 4054 6186; ppageno 0'>
   <div class='ocr_carea' id='block_1_1' title="bbox 1716 524 2140 649">
    <p class='ocr_par' dir='ltr' id='par_1_1' title="bbox 1716 524 2140 649">
     <span class='ocr_line' id='line_1_1' title="bbox 1716 524 2140 649; baseline -0.002 0"><span class='ocrx_word' id='word_1_1' title='bbox 1716 524 2140 649; x_wconf 84' lang='lat' dir='ltr'><strong>XVIII.</strong></span> 
     </span>
    </p>
   </div>
   <div class='ocr_carea' id='block_1_2' title="bbox 242 723 3602 811">
    <p class='ocr_par' dir='ltr' id='par_1_2' title="bbox 242 723 3602 811">
     <span class='ocr_line' id='line_1_2' title="bbox 242 723 3602 811; baseline -0.001 -21"><span class='ocrx_word' id='word_1_2' title='bbox 242 726 465 790; x_wconf 82' lang='lat' dir='ltr'><strong>Lectio</strong></span> <span class='ocrx_word' id='word_1_3' title='bbox 493 724 796 807; x_wconf 61' lang='lat' dir='ltr'><strong>Epistolas</strong></span> <span class='ocrx_word' id='word_1_4' title='bbox 827 723 852 786; x_wconf 89' lang='grc' dir='ltr'>Ι</span> <span class='ocrx_word' id='word_1_5' title='bbox 880 725 1054 788; x_wconf 91' lang='lat' dir='ltr'><strong>beati</strong></span> <span class='ocrx_word' id='word_1_6' title='bbox 1083 724 1259 811; x_wconf 89' lang='lat' dir='ltr'><strong>Pet_r_i</strong></span> <span class='ocrx_word' id='word_1_7' title='bbox 1287 724 1565 811; x_wconf 81' lang='lat' dir='ltr'><strong>apostoli</strong></span> <span class='ocrx_word' id='word_1_8' title='bbox 1602 727 1686 806; x_wconf 87' lang='grc' dir='ltr'><strong>(ν,</strong></span> <span class='ocrx_word' id='word_1_9' title='bbox 1724 727 1835 811; x_wconf 91' lang='lat'><strong>6_)_:</strong></span> <span class='ocrx_word' id='word_1_10' title='bbox 1873 724 2289 811; x_wconf 73' lang='lat' dir='ltr'><strong>Qharissimi,</strong></span> <span class='ocrx_word' id='word_1_11' title='bbox 2321 727 2775 811; x_wconf 78' lang='lat' dir='ltr'><strong>humiliamini</strong></span> <span class='ocrx_word' id='word_1_12' title='bbox 2796 727 2916 790; x_wconf 88' lang='lat' dir='ltr'><strong>sub</strong></span> <span class='ocrx_word' id='word_1_13' title='bbox 2939 728 3192 811; x_wconf 85' lang='lat' dir='ltr'><strong>potenti</strong></span> <span class='ocrx_word' id='word_1_14' title='bbox 3215 744 3422 790; x_wconf 87' lang='lat' dir='ltr'><strong>manu</strong></span> <span class='ocrx_word' id='word_1_15' title='bbox 3449 725 3602 804; x_wconf 88' lang='lat' dir='ltr'><strong>Dei,</strong></span> 
     </span>
    </p>
   </div>
   <div class='ocr_carea' id='block_1_3' title="bbox 955 803 2934 894">
    <p class='ocr_par' dir='ltr' id='par_1_3' title="bbox 955 803 2934 894">
     <span class='ocr_line' id='line_1_3' title="bbox 955 803 2934 894; baseline 0.002 -28"><span class='ocrx_word' id='word_1_16' title='bbox 955 812 1030 867; x_wconf 88' lang='lat' dir='ltr'><strong>ut</strong></span> <span class='ocrx_word' id='word_1_17' title='bbox 1054 823 1167 868; x_wconf 84' lang='lat' dir='ltr'><strong>vos</strong></span> <span class='ocrx_word' id='word_1_18' title='bbox 1196 803 1396 885; x_wconf 84' lang='lat' dir='ltr'><strong>[Cod.,</strong></span> <span class='ocrx_word' id='word_1_19' title='bbox 1430 805 1566 886; x_wconf 88' lang='lat' dir='ltr'><strong>nos]</strong></span> <span class='ocrx_word' id='word_1_20' title='bbox 1598 803 1866 868; x_wconf 72' lang='lat' dir='ltr'><strong>extollat</strong></span> <span class='ocrx_word' id='word_1_21' title='bbox 1894 806 1964 869; x_wconf 86' lang='lat' dir='ltr'><strong>in</strong></span> <span class='ocrx_word' id='word_1_22' title='bbox 2011 814 2296 889; x_wconf 88' lang='lat' dir='ltr'><strong>tempore</strong></span> <span class='ocrx_word' id='word_1_23' title='bbox 2322 807 2740 885; x_wconf 75' lang='lat' dir='ltr'><strong>uisitationis,</strong></span> <span class='ocrx_word' id='word_1_24' title='bbox 2770 811 2893 871; x_wconf 91' lang='lat' dir='ltr'><strong>etc.</strong></span> <span class='ocrx_word' id='word_1_25' title='bbox 2929 885 2934 894; x_wconf 29' lang='grc' dir='ltr'>ι</span> 
     </span>
    </p>
   </div>
   <div class='ocr_carea' id='block_1_4' title="bbox 1597 938 2471 997">
    <p class='ocr_par' dir='ltr' id='par_1_4' title="bbox 1597 938 2471 997">
     <span class='ocr_line' id='line_1_4' title="bbox 1597 938 2471 997; baseline 0.002 -3"><span class='ocrx_word' id='word_1_26' title='bbox 1597 938 2013 997; x_wconf 81' lang='lat' dir='ltr'><strong>COMMENTUM</strong></span> <span class='ocrx_word' id='word_1_27' title='bbox 2051 941 2471 997; x_wconf 89' lang='lat' dir='ltr'><strong>LUCULENTII.</strong></span> 
     </span>
    </p>
   </div>
   <div class='ocr_carea' id='block_1_5' title="bbox 317 1055 3604 1143">
    <p class='ocr_par' dir='ltr' id='par_1_5' title="bbox 317 1055 3604 1143">
     <span class='ocr_line' id='line_1_5' title="bbox 317 1055 3604 1143; baseline -0.001 -31"><span class='ocrx_word' id='word_1_28' title='bbox 317 1056 638 1143; x_wconf 79' lang='lat' dir='ltr'><strong>Humiliatio</strong></span> <span class='ocrx_word' id='word_1_29' title='bbox 653 1057 804 1112; x_wconf 91' lang='lat' dir='ltr'><strong>enim</strong></span> <span class='ocrx_word' id='word_1_30' title='bbox 823 1057 1027 1112; x_wconf 90' lang='lat' dir='ltr'><strong>ultima</strong></span> <span class='ocrx_word' id='word_1_31' title='bbox 1047 1056 1559 1128; x_wconf 85' lang='lat' dir='ltr'><strong>intelligitur;nam</strong></span> <span class='ocrx_word' id='word_1_32' title='bbox 1579 1057 1878 1130; x_wconf 90' lang='lat' dir='ltr'><strong>unusquis—</strong></span> <span class='ocrx_word' id='word_1_33' title='bbox 1897 1069 1957 1143; x_wconf 77' lang='grc' dir='ltr'><strong>Α</strong></span> <span class='ocrx_word' id='word_1_34' title='bbox 1977 1058 2238 1114; x_wconf 88' lang='lat' dir='ltr'><strong>Diabolus</strong></span> <span class='ocrx_word' id='word_1_35' title='bbox 2272 1059 2426 1114; x_wconf 89' lang='lat' dir='ltr'><strong>enim</strong></span> <span class='ocrx_word' id='word_1_36' title='bbox 2465 1059 2816 1114; x_wconf 87' lang='lat' dir='ltr'><strong>adversarius</strong></span> <span class='ocrx_word' id='word_1_37' title='bbox 2857 1063 3027 1131; x_wconf 88' lang='lat' dir='ltr'><strong>atque</strong></span> <span class='ocrx_word' id='word_1_38' title='bbox 3067 1057 3243 1112; x_wconf 87' lang='lat' dir='ltr'><strong>hostis</strong></span> <span class='ocrx_word' id='word_1_39' title='bbox 3271 1059 3356 1112; x_wconf 90' lang='lat' dir='ltr'><strong>est</strong></span> <span class='ocrx_word' id='word_1_40' title='bbox 3381 1055 3604 1128; x_wconf 82' lang='lat' dir='ltr'><strong>generis</strong></span> 
     </span>
    </p>
   </div>
   <div class='ocr_carea' id='block_1_6' title="bbox 234 1137 1874 1223">
    <p class='ocr_par' dir='ltr' id='par_1_6' title="bbox 234 1137 1874 1223">
     <span class='ocr_line' id='line_1_6' title="bbox 234 1137 1874 1223; baseline -0.001 -17"><span class='ocrx_word' id='word_1_41' title='bbox 234 1168 355 1223; x_wconf 87' lang='lat' dir='ltr'><strong>que</strong></span> <span class='ocrx_word' id='word_1_42' title='bbox 381 1167 440 1206; x_wconf 88' lang='lat' dir='ltr'><strong>se</strong></span> <span class='ocrx_word' id='word_1_43' title='bbox 464 1137 767 1205; x_wconf 87' lang='lat' dir='ltr'><strong>humiliare</strong></span> <span class='ocrx_word' id='word_1_44' title='bbox 797 1151 963 1206; x_wconf 85' lang='lat' dir='ltr'><strong>debet</strong></span> <span class='ocrx_word' id='word_1_45' title='bbox 981 1150 1314 1222; x_wconf 88' lang='lat' dir='ltr'><strong>jejunando,</strong></span> <span class='ocrx_word' id='word_1_46' title='bbox 1347 1151 1578 1220; x_wconf 88' lang='lat' dir='ltr'><strong>orando,</strong></span> <span class='ocrx_word' id='word_1_47' title='bbox 1607 1151 1874 1206; x_wconf 87' lang='lat' dir='ltr'><strong>obedien-</strong></span> 
     </span>
    </p>
   </div>
   <div class='ocr_carea' id='block_1_7' title="bbox 235 1243 1877 1316">
    <p class='ocr_par' dir='ltr' id='par_1_7' title="bbox 235 1243 1877 1316">
     <span class='ocr_line' id='line_1_7' title="bbox 235 1243 1877 1316; baseline 0.001 -18"><span class='ocrx_word' id='word_1_48' title='bbox 235 1246 336 1309; x_wconf 89' lang='lat' dir='ltr'><strong>do,</strong></span> <span class='ocrx_word' id='word_1_49' title='bbox 365 1243 646 1316; x_wconf 82' lang='lat' dir='ltr'><strong>patienter</strong></span> <span class='ocrx_word' id='word_1_50' title='bbox 678 1243 908 1298; x_wconf 80' lang='lat' dir='ltr'><strong>adversa</strong></span> <span class='ocrx_word' id='word_1_51' title='bbox 935 1244 1245 1314; x_wconf 89' lang='lat' dir='ltr'><strong>tolerando,</strong></span> <span class='ocrx_word' id='word_1_52' title='bbox 1280 1248 1515 1316; x_wconf 85' lang='lat' dir='ltr'><strong>propter</strong></span> <span class='ocrx_word' id='word_1_53' title='bbox 1547 1244 1685 1300; x_wconf 91' lang='lat' dir='ltr'><strong>illud</strong></span> <span class='ocrx_word' id='word_1_54' title='bbox 1725 1244 1877 1316; x_wconf 90' lang='lat' dir='ltr'><strong>quod</strong></span> 
     </span>
    </p>
   </div>
   <div class='ocr_carea' id='block_1_8' title="bbox 233 1339 1878 1410">
    <p class='ocr_par' dir='ltr' id='par_1_8' title="bbox 233 1339 1878 1410">
     <span class='ocr_line' id='line_1_8' title="bbox 233 1339 1878 1410; baseline 0.001 -18"><span class='ocrx_word' id='word_1_55' title='bbox 233 1339 514 1410; x_wconf 84' lang='lat' dir='ltr'><strong>scriptum</strong></span> <span class='ocrx_word' id='word_1_56' title='bbox 550 1342 633 1392; x_wconf 85' lang='lat' dir='ltr'><strong>est</strong></span> <span class='ocrx_word' id='word_1_57' title='bbox 660 1356 674 1392; x_wconf 88' lang='lat'><strong>:</strong></span> <span class='ocrx_word' id='word_1_58' title='bbox 705 1339 888 1394; x_wconf 86' lang='lat' dir='ltr'><em>Omnis</em></span> <span class='ocrx_word' id='word_1_59' title='bbox 928 1341 1024 1408; x_wconf 90' lang='lat' dir='ltr'><strong>qui</strong></span> <span class='ocrx_word' id='word_1_60' title='bbox 1067 1354 1122 1393; x_wconf 90' lang='lat' dir='ltr'><strong>se</strong></span> <span class='ocrx_word' id='word_1_61' title='bbox 1159 1339 1365 1394; x_wconf 71' lang='lat' dir='ltr'><strong>eraltat</strong></span> <span class='ocrx_word' id='word_1_62' title='bbox 1399 1339 1798 1401; x_wconf 85' lang='lat' dir='ltr'><strong>humiliabitur,</strong></span> <span class='ocrx_word' id='word_1_63' title='bbox 1827 1343 1878 1394; x_wconf 89' lang='lat' dir='ltr'><strong>et</strong></span> 
     </span>
    </p>
   </div>
   <div class='ocr_carea' id='block_1_9' title="bbox 230 1431 1877 1504">
    <p class='ocr_par' dir='ltr' id='par_1_9' title="bbox 230 1431 1877 1504">
     <span class='ocr_line' id='line_1_9' title="bbox 230 1431 1877 1504; baseline 0 -18"><span class='ocrx_word' id='word_1_64' title='bbox 230 1435 340 1502; x_wconf 81' lang='lat' dir='ltr'><strong>qui</strong></span> <span class='ocrx_word' id='word_1_65' title='bbox 364 1448 420 1488; x_wconf 88' lang='lat' dir='ltr'><strong>se</strong></span> <span class='ocrx_word' id='word_1_66' title='bbox 440 1433 692 1486; x_wconf 83' lang='lat' dir='ltr'><strong>humiliat</strong></span> <span class='ocrx_word' id='word_1_67' title='bbox 735 1432 1080 1487; x_wconf 69' lang='lat' dir='ltr'><strong>eraltabitur.</strong></span> <span class='ocrx_word' id='word_1_68' title='bbox 1135 1431 1429 1486; x_wconf 89' lang='lat' dir='ltr'><strong>llumiliari</strong></span> <span class='ocrx_word' id='word_1_69' title='bbox 1471 1449 1577 1486; x_wconf 91' lang='lat' dir='ltr'><strong>nos</strong></span> <span class='ocrx_word' id='word_1_70' title='bbox 1619 1432 1877 1504; x_wconf 79' lang='lat' dir='ltr'><strong>praecipit</strong></span> 
     </span>
    </p>
   </div>
   <div class='ocr_carea' id='block_1_10' title="bbox 231 1525 1873 1598">
    <p class='ocr_par' dir='ltr' id='par_1_10' title="bbox 231 1525 1873 1598">
     <span class='ocr_line' id='line_1_10' title="bbox 231 1525 1873 1598; baseline 0.002 -19"><span class='ocrx_word' id='word_1_71' title='bbox 231 1527 525 1598; x_wconf 79' lang='lat' dir='ltr'><strong>apostolus</strong></span> <span class='ocrx_word' id='word_1_72' title='bbox 569 1527 765 1580; x_wconf 82' lang='lat' dir='ltr'><strong>Petrus</strong></span> <span class='ocrx_word' id='word_1_73' title='bbox 809 1525 1002 1580; x_wconf 84' lang='lat' dir='ltr'><strong>dicens</strong></span> <span class='ocrx_word' id='word_1_74' title='bbox 1044 1541 1058 1579; x_wconf 89' lang='lat'><strong>:</strong></span> <span class='ocrx_word' id='word_1_75' title='bbox 1110 1526 1468 1584; x_wconf 71' lang='lat' dir='ltr'><strong>HUMILIAIINI</strong></span> <span class='ocrx_word' id='word_1_76' title='bbox 1509 1541 1608 1582; x_wconf 81' lang='lat' dir='ltr'><strong>sus</strong></span> <span class='ocrx_word' id='word_1_77' title='bbox 1647 1542 1873 1582; x_wconf 71' lang='lat' dir='ltr'><strong>POTENTI</strong></span> 
     </span>
    </p>
   </div>
   <div class='ocr_carea' id='block_1_11' title="bbox 231 1619 1872 1690">
    <p class='ocr_par' dir='ltr' id='par_1_11' title="bbox 231 1619 1872 1690">
     <span class='ocr_line' id='line_1_11' title="bbox 231 1619 1872 1690; baseline -0.001 -15"><span class='ocrx_word' id='word_1_78' title='bbox 231 1636 389 1675; x_wconf 69' lang='lat' dir='ltr'><strong>sum:</strong></span> <span class='ocrx_word' id='word_1_79' title='bbox 406 1621 524 1674; x_wconf 82' lang='lat' dir='ltr'><strong>DEI.</strong></span> <span class='ocrx_word' id='word_1_80' title='bbox 548 1619 842 1674; x_wconf 85' lang='lat' dir='ltr'><strong>Humilitas</strong></span> <span class='ocrx_word' id='word_1_81' title='bbox 857 1619 1013 1674; x_wconf 88' lang='lat' dir='ltr'><strong>enim</strong></span> <span class='ocrx_word' id='word_1_82' title='bbox 1037 1619 1402 1675; x_wconf 83' lang='lat' dir='ltr'><strong>multiformis</strong></span> <span class='ocrx_word' id='word_1_83' title='bbox 1428 1624 1512 1674; x_wconf 90' lang='lat' dir='ltr'><strong>est</strong></span> <span class='ocrx_word' id='word_1_84' title='bbox 1533 1621 1736 1690; x_wconf 87' lang='lat' dir='ltr'><strong>gratia.</strong></span> <span class='ocrx_word' id='word_1_85' title='bbox 1757 1622 1872 1675; x_wconf 82' lang='lat' dir='ltr'><strong>Hu-</strong></span> 
     </span>
    </p>
   </div>
   <div class='ocr_carea' id='block_1_12' title="bbox 227 1712 1875 1785">
    <p class='ocr_par' dir='ltr' id='par_1_12' title="bbox 227 1712 1875 1785">
     <span class='ocr_line' id='line_1_12' title="bbox 227 1712 1875 1785; baseline 0.001 -19"><span class='ocrx_word' id='word_1_86' title='bbox 227 1713 400 1767; x_wconf 88' lang='lat' dir='ltr'><strong>miles</strong></span> <span class='ocrx_word' id='word_1_87' title='bbox 424 1729 538 1767; x_wconf 92' lang='lat' dir='ltr'><strong>non</strong></span> <span class='ocrx_word' id='word_1_88' title='bbox 563 1715 788 1784; x_wconf 83' lang='lat' dir='ltr'><strong>oportet</strong></span> <span class='ocrx_word' id='word_1_89' title='bbox 821 1728 940 1766; x_wconf 90' lang='lat' dir='ltr'><strong>esse</strong></span> <span class='ocrx_word' id='word_1_90' title='bbox 964 1716 1200 1784; x_wconf 84' lang='lat' dir='ltr'><strong>propter</strong></span> <span class='ocrx_word' id='word_1_91' title='bbox 1231 1712 1370 1766; x_wconf 89' lang='lat' dir='ltr'><strong>illud</strong></span> <span class='ocrx_word' id='word_1_92' title='bbox 1405 1713 1554 1785; x_wconf 91' lang='lat' dir='ltr'><strong>quod</strong></span> <span class='ocrx_word' id='word_1_93' title='bbox 1605 1714 1875 1768; x_wconf 87' lang='lat' dir='ltr'><strong>Dominus</strong></span> 
     </span>
    </p>
   </div>
   <div class='ocr_carea' id='block_1_13' title="bbox 225 1807 1870 1876">
    <p class='ocr_par' dir='ltr' id='par_1_13' title="bbox 225 1807 1870 1876">
     <span class='ocr_line' id='line_1_13' title="bbox 225 1807 1870 1876; baseline 0.002 -16"><span class='ocrx_word' id='word_1_94' title='bbox 225 1807 314 1862; x_wconf 90' lang='lat' dir='ltr'><strong>ait</strong></span> <span class='ocrx_word' id='word_1_95' title='bbox 344 1823 357 1860; x_wconf 93' lang='lat'><strong>:</strong></span> <span class='ocrx_word' id='word_1_96' title='bbox 390 1809 582 1862; x_wconf 80' lang='lat' dir='ltr'><strong>Discite</strong></span> <span class='ocrx_word' id='word_1_97' title='bbox 621 1823 655 1860; x_wconf 91' lang='lat' dir='ltr'><strong>a</strong></span> <span class='ocrx_word' id='word_1_98' title='bbox 690 1822 772 1860; x_wconf 86' lang='lat' dir='ltr'><strong>me</strong></span> <span class='ocrx_word' id='word_1_99' title='bbox 797 1807 927 1876; x_wconf 81' lang='lat' dir='ltr'><strong>quia</strong></span> <span class='ocrx_word' id='word_1_100' title='bbox 962 1808 1128 1868; x_wconf 89' lang='lat' dir='ltr'><strong>mitis,</strong></span> <span class='ocrx_word' id='word_1_101' title='bbox 1170 1822 1308 1868; x_wconf 90' lang='lat' dir='ltr'><strong>sum,</strong></span> <span class='ocrx_word' id='word_1_102' title='bbox 1337 1812 1386 1862; x_wconf 89' lang='lat' dir='ltr'><strong>et</strong></span> <span class='ocrx_word' id='word_1_103' title='bbox 1429 1807 1648 1862; x_wconf 82' lang='lat' dir='ltr'><strong>humilis</strong></span> <span class='ocrx_word' id='word_1_104' title='bbox 1695 1808 1870 1863; x_wconf 88' lang='lat' dir='ltr'><strong>corde.</strong></span> 
     </span>
    </p>
   </div>
   <div class='ocr_carea' id='block_1_14' title="bbox 227 1899 1869 1971">
    <p class='ocr_par' dir='ltr' id='par_1_14' title="bbox 227 1899 1869 1971">
     <span class='ocr_line' id='line_1_14' title="bbox 227 1899 1869 1971; baseline 0 -16"><span class='ocrx_word' id='word_1_105' title='bbox 227 1901 303 1955; x_wconf 87' lang='lat' dir='ltr'><strong>Et</strong></span> <span class='ocrx_word' id='word_1_106' title='bbox 325 1899 456 1954; x_wconf 85' lang='lat' dir='ltr'><strong>alibi</strong></span> <span class='ocrx_word' id='word_1_107' title='bbox 489 1916 504 1954; x_wconf 89' lang='lat'>:</span> <span class='ocrx_word' id='word_1_108' title='bbox 536 1901 708 1969; x_wconf 82' lang='lat' dir='ltr'><strong>Super</strong></span> <span class='ocrx_word' id='word_1_109' title='bbox 731 1915 887 1969; x_wconf 82' lang='lat' dir='ltr'><strong>quem</strong></span> <span class='ocrx_word' id='word_1_110' title='bbox 911 1902 1256 1970; x_wconf 83' lang='lat' dir='ltr'><strong>requiescam,</strong></span> <span class='ocrx_word' id='word_1_111' title='bbox 1289 1903 1399 1955; x_wconf 85' lang='lat' dir='ltr'><strong>nisi</strong></span> <span class='ocrx_word' id='word_1_112' title='bbox 1417 1915 1580 1971; x_wconf 83' lang='lat' dir='ltr'><strong>super</strong></span> <span class='ocrx_word' id='word_1_113' title='bbox 1599 1901 1869 1964; x_wconf 78' lang='lat' dir='ltr'><strong>humilem,</strong></span> 
     </span>
    </p>
   </div>
   <div class='ocr_carea' id='block_1_15' title="bbox 223 1995 1877 2066">
    <p class='ocr_par' dir='ltr' id='par_1_15' title="bbox 223 1995 1877 2066">
     <span class='ocr_line' id='line_1_15' title="bbox 223 1995 1877 2066; baseline -0.001 -18"><span class='ocrx_word' id='word_1_114' title='bbox 223 1999 282 2048; x_wconf 84' lang='lat' dir='ltr'><strong>et</strong></span> <span class='ocrx_word' id='word_1_115' title='bbox 313 1997 573 2064; x_wconf 87' lang='lat' dir='ltr'><strong>quietum,</strong></span> <span class='ocrx_word' id='word_1_116' title='bbox 605 1999 654 2046; x_wconf 85' lang='lat' dir='ltr'><strong>et</strong></span> <span class='ocrx_word' id='word_1_117' title='bbox 693 1997 997 2048; x_wconf 88' lang='lat' dir='ltr'><strong>trementem</strong></span> <span class='ocrx_word' id='word_1_118' title='bbox 1023 2009 1286 2048; x_wconf 82' lang='lat' dir='ltr'><strong>sermones</strong></span> <span class='ocrx_word' id='word_1_119' title='bbox 1331 1996 1513 2049; x_wconf 85' lang='lat' dir='ltr'><strong>meos?</strong></span> <span class='ocrx_word' id='word_1_120' title='bbox 1535 1995 1645 2050; x_wconf 89' lang='lat' dir='ltr'><strong>Sub</strong></span> <span class='ocrx_word' id='word_1_121' title='bbox 1666 1997 1877 2066; x_wconf 81' lang='lat' dir='ltr'><strong>potenti</strong></span> 
     </span>
    </p>
   </div>
   <div class='ocr_carea' id='block_1_16' title="bbox 224 2085 1871 2158">
    <p class='ocr_par' dir='ltr' id='par_1_16' title="bbox 224 2085 1871 2158">
     <span class='ocr_line' id='line_1_16' title="bbox 224 2085 1871 2158; baseline 0 -18"><span class='ocrx_word' id='word_1_122' title='bbox 224 2103 398 2141; x_wconf 86' lang='lat' dir='ltr'><strong>manu</strong></span> <span class='ocrx_word' id='word_1_123' title='bbox 421 2088 536 2142; x_wconf 87' lang='lat' dir='ltr'><strong>Dei.</strong></span> <span class='ocrx_word' id='word_1_124' title='bbox 563 2087 758 2140; x_wconf 88' lang='lat' dir='ltr'><strong>Manus</strong></span> <span class='ocrx_word' id='word_1_125' title='bbox 786 2085 940 2140; x_wconf 89' lang='lat' dir='ltr'><strong>enim</strong></span> <span class='ocrx_word' id='word_1_126' title='bbox 969 2085 1064 2140; x_wconf 88' lang='lat' dir='ltr'><strong>Dei</strong></span> <span class='ocrx_word' id='word_1_127' title='bbox 1092 2086 1388 2158; x_wconf 82' lang='lat' dir='ltr'><strong>aliquoties</strong></span> <span class='ocrx_word' id='word_1_128' title='bbox 1425 2086 1763 2158; x_wconf 83' lang='lat' dir='ltr'><strong>intelligitur</strong></span> <span class='ocrx_word' id='word_1_129' title='bbox 1789 2087 1871 2141; x_wconf 86' lang='lat' dir='ltr'><strong>Fi-</strong></span> 
     </span>
    </p>
   </div>
   <div class='ocr_carea' id='block_1_17' title="bbox 221 2178 1871 2252">
    <p class='ocr_par' dir='ltr' id='par_1_17' title="bbox 221 2178 1871 2252">
     <span class='ocr_line' id='line_1_17' title="bbox 221 2178 1871 2252; baseline 0.002 -19"><span class='ocrx_word' id='word_1_130' title='bbox 221 2180 361 2249; x_wconf 91' lang='lat' dir='ltr'><strong>lius,</strong></span> <span class='ocrx_word' id='word_1_131' title='bbox 390 2178 687 2250; x_wconf 84' lang='lat' dir='ltr'><strong>aliquoties</strong></span> <span class='ocrx_word' id='word_1_132' title='bbox 729 2179 1005 2250; x_wconf 90' lang='lat' dir='ltr'><strong>protectio</strong></span> <span class='ocrx_word' id='word_1_133' title='bbox 1048 2178 1268 2248; x_wconf 84' lang='lat' dir='ltr'><strong>divina;</strong></span> <span class='ocrx_word' id='word_1_134' title='bbox 1309 2179 1482 2234; x_wconf 89' lang='lat' dir='ltr'><strong>Filius</strong></span> <span class='ocrx_word' id='word_1_135' title='bbox 1533 2180 1871 2252; x_wconf 80' lang='lat' dir='ltr'><strong>intelligitur</strong></span> 
     </span>
    </p>
   </div>
   <div class='ocr_carea' id='block_1_18' title="bbox 1975 1151 3604 1223">
    <p class='ocr_par' dir='ltr' id='par_1_18' title="bbox 1975 1151 3604 1223">
     <span class='ocr_line' id='line_1_18' title="bbox 1975 1151 3604 1223; baseline -0.001 -17"><span class='ocrx_word' id='word_1_136' title='bbox 1975 1151 2232 1222; x_wconf 86' lang='lat' dir='ltr'><strong>humani,</strong></span> <span class='ocrx_word' id='word_1_137' title='bbox 2264 1153 2362 1223; x_wconf 87' lang='lat' dir='ltr'><strong>qui</strong></span> <span class='ocrx_word' id='word_1_138' title='bbox 2387 1153 2457 1207; x_wconf 91' lang='lat' dir='ltr'><strong>ab</strong></span> <span class='ocrx_word' id='word_1_139' title='bbox 2485 1153 2643 1208; x_wconf 84' lang='lat' dir='ltr'><strong>initio</strong></span> <span class='ocrx_word' id='word_1_140' title='bbox 2681 1152 2880 1207; x_wconf 91' lang='lat' dir='ltr'><strong>mundi</strong></span> <span class='ocrx_word' id='word_1_141' title='bbox 2917 1167 3142 1223; x_wconf 86' lang='lat' dir='ltr'><strong>semper</strong></span> <span class='ocrx_word' id='word_1_142' title='bbox 3170 1154 3386 1205; x_wconf 89' lang='lat' dir='ltr'><strong>sanctos</strong></span> <span class='ocrx_word' id='word_1_143' title='bbox 3413 1166 3604 1221; x_wconf 88' lang='lat' dir='ltr'><strong>perse-</strong></span> 
     </span>
    </p>
   </div>
   <div class='ocr_carea' id='block_1_19' title="bbox 1975 1243 3606 1317">
    <p class='ocr_par' dir='ltr' id='par_1_19' title="bbox 1975 1243 3606 1317">
     <span class='ocr_line' id='line_1_19' title="bbox 1975 1243 3606 1317; baseline -0.002 -18"><span class='ocrx_word' id='word_1_144' title='bbox 1975 1245 2074 1317; x_wconf 88' lang='lat' dir='ltr'><strong>qui</strong></span> <span class='ocrx_word' id='word_1_145' title='bbox 2110 1261 2225 1301; x_wconf 90' lang='lat' dir='ltr'><strong>non</strong></span> <span class='ocrx_word' id='word_1_146' title='bbox 2271 1245 2500 1316; x_wconf 86' lang='lat' dir='ltr'><strong>destitit,</strong></span> <span class='ocrx_word' id='word_1_147' title='bbox 2542 1250 2714 1316; x_wconf 89' lang='lat' dir='ltr'><strong>atque</strong></span> <span class='ocrx_word' id='word_1_148' title='bbox 2757 1245 2942 1300; x_wconf 86' lang='lat' dir='ltr'><strong>caulas</strong></span> <span class='ocrx_word' id='word_1_149' title='bbox 2985 1244 3238 1300; x_wconf 83' lang='lat' dir='ltr'><strong>ﬁdelium</strong></span> <span class='ocrx_word' id='word_1_150' title='bbox 3281 1243 3606 1314; x_wconf 85' lang='lat' dir='ltr'><strong>dispergere</strong></span> 
     </span>
    </p>
   </div>
   <div class='ocr_carea' id='block_1_20' title="bbox 1975 1338 3608 1410">
    <p class='ocr_par' dir='ltr' id='par_1_20' title="bbox 1975 1338 3608 1410">
     <span class='ocr_line' id='line_1_20' title="bbox 1975 1338 3608 1410; baseline -0.001 -17"><span class='ocrx_word' id='word_1_151' title='bbox 1975 1338 2196 1394; x_wconf 90' lang='lat' dir='ltr'><strong>nititur.</strong></span> <span class='ocrx_word' id='word_1_152' title='bbox 2239 1339 2348 1393; x_wconf 85' lang='lat' dir='ltr'><strong>Leo</strong></span> <span class='ocrx_word' id='word_1_153' title='bbox 2387 1355 2636 1410; x_wconf 89' lang='lat' dir='ltr'><strong>namque</strong></span> <span class='ocrx_word' id='word_1_154' title='bbox 2675 1339 2882 1394; x_wconf 83' lang='lat' dir='ltr'><strong>dicitur</strong></span> <span class='ocrx_word' id='word_1_155' title='bbox 2917 1338 3192 1404; x_wconf 89' lang='lat' dir='ltr'><strong>diabolus,</strong></span> <span class='ocrx_word' id='word_1_156' title='bbox 3224 1353 3340 1392; x_wconf 90' lang='lat' dir='ltr'><strong>non</strong></span> <span class='ocrx_word' id='word_1_157' title='bbox 3378 1340 3608 1408; x_wconf 87' lang='lat' dir='ltr'><strong>propter</strong></span> 
     </span>
    </p>
   </div>
   <div class='ocr_carea' id='block_1_21' title="bbox 1973 1429 3606 1504">
    <p class='ocr_par' dir='ltr' id='par_1_21' title="bbox 1973 1429 3606 1504">
     <span class='ocr_line' id='line_1_21' title="bbox 1973 1429 3606 1504; baseline -0.002 -18"><span class='ocrx_word' id='word_1_158' title='bbox 1973 1431 2382 1501; x_wconf 80' lang='lat' dir='ltr'><strong>fortitudinem,</strong></span> <span class='ocrx_word' id='word_1_159' title='bbox 2416 1433 2512 1488; x_wconf 92' lang='lat' dir='ltr'><strong>sed</strong></span> <span class='ocrx_word' id='word_1_160' title='bbox 2539 1435 2772 1504; x_wconf 88' lang='lat' dir='ltr'><strong>propter</strong></span> <span class='ocrx_word' id='word_1_161' title='bbox 2795 1431 3094 1500; x_wconf 75' lang='lat' dir='ltr'><strong>saevitiam;</strong></span> <span class='ocrx_word' id='word_1_162' title='bbox 3118 1430 3250 1502; x_wconf 89' lang='lat' dir='ltr'><strong>quia</strong></span> <span class='ocrx_word' id='word_1_163' title='bbox 3276 1447 3390 1486; x_wconf 92' lang='lat' dir='ltr'><strong>non</strong></span> <span class='ocrx_word' id='word_1_164' title='bbox 3422 1429 3606 1484; x_wconf 89' lang='lat' dir='ltr'><strong>solum</strong></span> 
     </span>
    </p>
   </div>
   <div class='ocr_carea' id='block_1_22' title="bbox 1974 1523 3608 1598">
    <p class='ocr_par' dir='ltr' id='par_1_22' title="bbox 1974 1523 3608 1598">
     <span class='ocr_line' id='line_1_22' title="bbox 1974 1523 3608 1598; baseline -0.002 -18"><span class='ocrx_word' id='word_1_165' title='bbox 1974 1526 2189 1581; x_wconf 88' lang='lat' dir='ltr'><strong>occulte</strong></span> <span class='ocrx_word' id='word_1_166' title='bbox 2217 1526 2529 1596; x_wconf 88' lang='lat' dir='ltr'><strong>insidiatur,</strong></span> <span class='ocrx_word' id='word_1_167' title='bbox 2552 1543 2749 1581; x_wconf 87' lang='lat' dir='ltr'><strong>verum</strong></span> <span class='ocrx_word' id='word_1_168' title='bbox 2775 1526 2945 1582; x_wconf 89' lang='lat' dir='ltr'><strong>etiam</strong></span> <span class='ocrx_word' id='word_1_169' title='bbox 2965 1530 3156 1598; x_wconf 89' lang='lat' dir='ltr'><strong>aperte</strong></span> <span class='ocrx_word' id='word_1_170' title='bbox 3180 1524 3357 1579; x_wconf 77' lang='lat' dir='ltr'><strong>saevit.</strong></span> <span class='ocrx_word' id='word_1_171' title='bbox 3380 1523 3608 1578; x_wconf 78' lang='lat' dir='ltr'><strong>Occulta</strong></span> 
     </span>
    </p>
   </div>
   <div class='ocr_carea' id='block_1_23' title="bbox 1973 1616 3603 1692">
    <p class='ocr_par' dir='ltr' id='par_1_23' title="bbox 1973 1616 3603 1692">
     <span class='ocr_line' id='line_1_23' title="bbox 1973 1616 3603 1692; baseline -0.003 -18"><span class='ocrx_word' id='word_1_172' title='bbox 1973 1619 2291 1687; x_wconf 89' lang='lat' dir='ltr'><strong>insidiatur,</strong></span> <span class='ocrx_word' id='word_1_173' title='bbox 2327 1621 2457 1691; x_wconf 88' lang='lat' dir='ltr'><strong>quia</strong></span> <span class='ocrx_word' id='word_1_174' title='bbox 2495 1637 2913 1692; x_wconf 89' lang='lat' dir='ltr'><strong>nonnunquam</strong></span> <span class='ocrx_word' id='word_1_175' title='bbox 2956 1637 3058 1692; x_wconf 87' lang='lat' dir='ltr'><strong>per</strong></span> <span class='ocrx_word' id='word_1_176' title='bbox 3109 1618 3350 1674; x_wconf 88' lang='lat' dir='ltr'><strong>nefarias</strong></span> <span class='ocrx_word' id='word_1_177' title='bbox 3395 1616 3603 1688; x_wconf 89' lang='lat' dir='ltr'><strong>cogita-</strong></span> 
     </span>
    </p>
   </div>
   <div class='ocr_carea' id='block_1_24' title="bbox 1972 1710 3602 1786">
    <p class='ocr_par' dir='ltr' id='par_1_24' title="bbox 1972 1710 3602 1786">
     <span class='ocr_line' id='line_1_24' title="bbox 1972 1710 3602 1786; baseline -0.001 -19"><span class='ocrx_word' id='word_1_178' title='bbox 1972 1713 2156 1768; x_wconf 87' lang='lat' dir='ltr'><strong>tiones</strong></span> <span class='ocrx_word' id='word_1_179' title='bbox 2185 1714 2382 1768; x_wconf 87' lang='lat' dir='ltr'><strong>suadet</strong></span> <span class='ocrx_word' id='word_1_180' title='bbox 2398 1713 2668 1786; x_wconf 85' lang='lat' dir='ltr'><strong>aliquem,</strong></span> <span class='ocrx_word' id='word_1_181' title='bbox 2684 1730 2787 1785; x_wconf 87' lang='lat' dir='ltr'><strong>per</strong></span> <span class='ocrx_word' id='word_1_182' title='bbox 2805 1713 3280 1785; x_wconf 84' lang='lat' dir='ltr'><strong>gastrimargiam,</strong></span> <span class='ocrx_word' id='word_1_183' title='bbox 3301 1727 3402 1783; x_wconf 91' lang='lat' dir='ltr'><strong>per</strong></span> <span class='ocrx_word' id='word_1_184' title='bbox 3421 1710 3602 1765; x_wconf 86' lang='lat' dir='ltr'><strong>ebrie-</strong></span> 
     </span>
    </p>
   </div>
   <div class='ocr_carea' id='block_1_25' title="bbox 1974 1804 3606 1879">
    <p class='ocr_par' dir='ltr' id='par_1_25' title="bbox 1974 1804 3606 1879">
     <span class='ocr_line' id='line_1_25' title="bbox 1974 1804 3606 1879; baseline -0.001 -19"><span class='ocrx_word' id='word_1_185' title='bbox 1974 1810 2165 1876; x_wconf 80' lang='lat' dir='ltr'><strong>tatem,</strong></span> <span class='ocrx_word' id='word_1_186' title='bbox 2196 1823 2300 1878; x_wconf 89' lang='lat' dir='ltr'><strong>per</strong></span> <span class='ocrx_word' id='word_1_187' title='bbox 2319 1807 2635 1875; x_wconf 83' lang='lat' dir='ltr'><strong>avaritiam,</strong></span> <span class='ocrx_word' id='word_1_188' title='bbox 2659 1807 2985 1879; x_wconf 87' lang='lat' dir='ltr'><strong>supplantat</strong></span> <span class='ocrx_word' id='word_1_189' title='bbox 3005 1806 3316 1873; x_wconf 85' lang='lat' dir='ltr'><strong>iracundia,</strong></span> <span class='ocrx_word' id='word_1_190' title='bbox 3342 1804 3424 1860; x_wconf 78' lang='lat' dir='ltr'><strong>vel</strong></span> <span class='ocrx_word' id='word_1_191' title='bbox 3444 1805 3606 1859; x_wconf 79' lang='lat' dir='ltr'><strong>luxu-</strong></span> 
     </span>
    </p>
   </div>
   <div class='ocr_carea' id='block_1_26' title="bbox 1973 1898 3608 1973">
    <p class='ocr_par' dir='ltr' id='par_1_26' title="bbox 1973 1898 3608 1973">
     <span class='ocr_line' id='line_1_26' title="bbox 1973 1898 3608 1973; baseline -0.001 -19"><span class='ocrx_word' id='word_1_192' title='bbox 1973 1899 2058 1954; x_wconf 85' lang='lat' dir='ltr'><strong>ria</strong></span> <span class='ocrx_word' id='word_1_193' title='bbox 2103 1899 2362 1972; x_wconf 89' lang='lat' dir='ltr'><strong>inquinat</strong></span> <span class='ocrx_word' id='word_1_194' title='bbox 2407 1918 2419 1956; x_wconf 91' lang='lat'>:</span> <span class='ocrx_word' id='word_1_195' title='bbox 2461 1901 2708 1973; x_wconf 84' lang='lat' dir='ltr'><strong>aliquem</strong></span> <span class='ocrx_word' id='word_1_196' title='bbox 2757 1917 2886 1956; x_wconf 91' lang='lat' dir='ltr'><strong>vero</strong></span> <span class='ocrx_word' id='word_1_197' title='bbox 2938 1905 3000 1956; x_wconf 89' lang='lat' dir='ltr'><strong>ut</strong></span> <span class='ocrx_word' id='word_1_198' title='bbox 3051 1900 3140 1955; x_wconf 91' lang='lat' dir='ltr'><strong>leo</strong></span> <span class='ocrx_word' id='word_1_199' title='bbox 3191 1898 3366 1968; x_wconf 65' lang='lat' dir='ltr'><strong>suavit,</strong></span> <span class='ocrx_word' id='word_1_200' title='bbox 3413 1901 3608 1970; x_wconf 88' lang='lat' dir='ltr'><strong>aperte</strong></span> 
     </span>
    </p>
   </div>
   <div class='ocr_carea' id='block_1_27' title="bbox 1973 1992 3603 2064">
    <p class='ocr_par' dir='ltr' id='par_1_27' title="bbox 1973 1992 3603 2064">
     <span class='ocr_line' id='line_1_27' title="bbox 1973 1992 3603 2064; baseline -0.001 -18"><span class='ocrx_word' id='word_1_201' title='bbox 1973 1993 2330 2064; x_wconf 84' lang='lat' dir='ltr'><strong>persequitur</strong></span> <span class='ocrx_word' id='word_1_202' title='bbox 2356 1993 2670 2062; x_wconf 86' lang='lat' dir='ltr'><strong>hominem,</strong></span> <span class='ocrx_word' id='word_1_203' title='bbox 2703 1994 2846 2048; x_wconf 87' lang='lat' dir='ltr'><strong>sicut</strong></span> <span class='ocrx_word' id='word_1_204' title='bbox 2876 1993 2967 2048; x_wconf 82' lang='lat' dir='ltr'><strong>hic</strong></span> <span class='ocrx_word' id='word_1_205' title='bbox 2993 1992 3126 2048; x_wconf 90' lang='lat' dir='ltr'><strong>dicit</strong></span> <span class='ocrx_word' id='word_1_206' title='bbox 3157 1994 3353 2047; x_wconf 90' lang='lat' dir='ltr'><strong>Petrus</strong></span> <span class='ocrx_word' id='word_1_207' title='bbox 3384 1995 3603 2062; x_wconf 87' lang='lat' dir='ltr'><strong>aposto-</strong></span> 
     </span>
    </p>
   </div>
   <div class='ocr_carea' id='block_1_28' title="bbox 1969 2086 3604 2158">
    <p class='ocr_par' dir='ltr' id='par_1_28' title="bbox 1969 2086 3604 2158">
     <span class='ocr_line' id='line_1_28' title="bbox 1969 2086 3604 2158; baseline 0.004 -18"><span class='ocrx_word' id='word_1_208' title='bbox 1969 2086 2056 2140; x_wconf 89' lang='lat' dir='ltr'><strong>lus</strong></span> <span class='ocrx_word' id='word_1_209' title='bbox 2085 2103 2099 2140; x_wconf 87' lang='lat'>:</span> <span class='ocrx_word' id='word_1_210' title='bbox 2129 2086 2496 2142; x_wconf 65' lang='lat' dir='ltr'><strong>Adversarius</strong></span> <span class='ocrx_word' id='word_1_211' title='bbox 2516 2093 2690 2142; x_wconf 79' lang='lat' dir='ltr'><strong>vester</strong></span> <span class='ocrx_word' id='word_1_212' title='bbox 2705 2089 2952 2142; x_wconf 80' lang='lat' dir='ltr'><strong>diabolus</strong></span> <span class='ocrx_word' id='word_1_213' title='bbox 2975 2091 3237 2158; x_wconf 87' lang='lat' dir='ltr'><strong>tanquam</strong></span> <span class='ocrx_word' id='word_1_214' title='bbox 3263 2087 3340 2140; x_wconf 88' lang='lat' dir='ltr'><strong>leo</strong></span> <span class='ocrx_word' id='word_1_215' title='bbox 3365 2087 3604 2155; x_wconf 79' lang='lat' dir='ltr'><strong>rugiens.</strong></span> 
     </span>
    </p>
   </div>
   <div class='ocr_carea' id='block_1_29' title="bbox 1969 2177 3607 2251">
    <p class='ocr_par' dir='ltr' id='par_1_29' title="bbox 1969 2177 3607 2251">
     <span class='ocr_line' id='line_1_29' title="bbox 1969 2177 3607 2251; baseline -0.002 -17"><span class='ocrx_word' id='word_1_216' title='bbox 1969 2182 2163 2235; x_wconf 81' lang='lat' dir='ltr'><strong>circuit</strong></span> <span class='ocrx_word' id='word_1_217' title='bbox 2195 2197 2438 2250; x_wconf 69' lang='lat' dir='ltr'><strong>quaerens</strong></span> <span class='ocrx_word' id='word_1_218' title='bbox 2480 2198 2637 2251; x_wconf 86' lang='lat' dir='ltr'><strong>quem</strong></span> <span class='ocrx_word' id='word_1_219' title='bbox 2679 2183 2910 2237; x_wconf 86' lang='lat' dir='ltr'><strong>devoret.</strong></span> <span class='ocrx_word' id='word_1_220' title='bbox 2941 2181 3204 2236; x_wconf 90' lang='lat' dir='ltr'><strong>Diabolus</strong></span> <span class='ocrx_word' id='word_1_221' title='bbox 3230 2179 3385 2235; x_wconf 89' lang='lat' dir='ltr'><strong>enim</strong></span> <span class='ocrx_word' id='word_1_222' title='bbox 3409 2177 3607 2234; x_wconf 90' lang='lat' dir='ltr'><strong>circuit</strong></span> 
     </span>
    </p>
   </div>
   <div class='ocr_carea' id='block_1_30' title="bbox 221 2272 3606 2358">
    <p class='ocr_par' dir='ltr' id='par_1_30' title="bbox 221 2272 3606 2358">
     <span class='ocr_line' id='line_1_30' title="bbox 221 2272 3606 2358; baseline -0.001 -30"><span class='ocrx_word' id='word_1_223' title='bbox 221 2289 454 2342; x_wconf 89' lang='lat' dir='ltr'><strong>manus,</strong></span> <span class='ocrx_word' id='word_1_224' title='bbox 497 2277 566 2328; x_wconf 90' lang='lat' dir='ltr'><strong>ut</strong></span> <span class='ocrx_word' id='word_1_225' title='bbox 608 2277 693 2328; x_wconf 90' lang='lat' dir='ltr'><strong>est</strong></span> <span class='ocrx_word' id='word_1_226' title='bbox 736 2272 874 2328; x_wconf 92' lang='lat' dir='ltr'><strong>illud</strong></span> <span class='ocrx_word' id='word_1_227' title='bbox 918 2272 1318 2344; x_wconf 83' lang='lat' dir='ltr'><strong>prOpheticum</strong></span> <span class='ocrx_word' id='word_1_228' title='bbox 1351 2291 1366 2329; x_wconf 92' lang='lat'><strong>:</strong></span> <span class='ocrx_word' id='word_1_229' title='bbox 1404 2275 1604 2330; x_wconf 82' lang='lat' dir='ltr'><strong>Emitte</strong></span> <span class='ocrx_word' id='word_1_230' title='bbox 1651 2291 1900 2358; x_wconf 35' lang='lat' dir='ltr'><strong>manum,</strong></span> <span class='ocrx_word' id='word_1_231' title='bbox 1973 2289 2442 2345; x_wconf 88' lang='lat' dir='ltr'><strong>unumquemque</strong></span> <span class='ocrx_word' id='word_1_232' title='bbox 2468 2279 2748 2345; x_wconf 90' lang='lat' dir='ltr'><strong>nostrum,</strong></span> <span class='ocrx_word' id='word_1_233' title='bbox 2765 2273 3111 2348; x_wconf 89' lang='lat' dir='ltr'><strong>prospiciens</strong></span> <span class='ocrx_word' id='word_1_234' title='bbox 3137 2273 3241 2329; x_wconf 89' lang='lat' dir='ltr'><strong>sibi</strong></span> <span class='ocrx_word' id='word_1_235' title='bbox 3259 2273 3477 2328; x_wconf 87' lang='lat' dir='ltr'><strong>aditum</strong></span> <span class='ocrx_word' id='word_1_236' title='bbox 3503 2287 3606 2343; x_wconf 89' lang='lat' dir='ltr'><strong>per</strong></span> 
     </span>
    </p>
   </div>
   <div class='ocr_carea' id='block_1_31' title="bbox 217 2365 3606 2440">
    <p class='ocr_par' dir='ltr' id='par_1_31' title="bbox 217 2365 3606 2440">
     <span class='ocr_line' id='line_1_31' title="bbox 217 2365 3606 2440; baseline -0.001 -18"><span class='ocrx_word' id='word_1_237' title='bbox 217 2373 381 2422; x_wconf 82' lang='lat' dir='ltr'><strong>tuam</strong></span> <span class='ocrx_word' id='word_1_238' title='bbox 409 2367 476 2421; x_wconf 92' lang='lat' dir='ltr'><strong>de</strong></span> <span class='ocrx_word' id='word_1_239' title='bbox 499 2366 632 2421; x_wconf 90' lang='lat' dir='ltr'><strong>alto.</strong></span> <span class='ocrx_word' id='word_1_240' title='bbox 660 2365 936 2421; x_wconf 89' lang='lat' dir='ltr'><strong>Protectio</strong></span> <span class='ocrx_word' id='word_1_241' title='bbox 966 2365 1172 2434; x_wconf 85' lang='lat' dir='ltr'><strong>divina,</strong></span> <span class='ocrx_word' id='word_1_242' title='bbox 1201 2371 1266 2422; x_wconf 89' lang='lat' dir='ltr'><strong>ut</strong></span> <span class='ocrx_word' id='word_1_243' title='bbox 1291 2371 1375 2422; x_wconf 91' lang='lat' dir='ltr'><strong>est</strong></span> <span class='ocrx_word' id='word_1_244' title='bbox 1390 2367 1530 2422; x_wconf 90' lang='lat' dir='ltr'><strong>illud</strong></span> <span class='ocrx_word' id='word_1_245' title='bbox 1555 2384 1568 2422; x_wconf 91' lang='lat'><strong>:</strong></span> <span class='ocrx_word' id='word_1_246' title='bbox 1598 2369 1766 2423; x_wconf 86' lang='lat' dir='ltr'><strong>Facta</strong></span> <span class='ocrx_word' id='word_1_247' title='bbox 1791 2374 1870 2424; x_wconf 89' lang='lat' dir='ltr'><strong>est</strong></span> <span class='ocrx_word' id='word_1_248' title='bbox 1893 2436 1936 2440; x_wconf 85' lang='lat'><em>_</em></span> <span class='ocrx_word' id='word_1_249' title='bbox 1973 2383 2146 2438; x_wconf 88' lang='lat' dir='ltr'><strong>quem</strong></span> <span class='ocrx_word' id='word_1_250' title='bbox 2178 2367 2496 2439; x_wconf 88' lang='lat' dir='ltr'><strong>irrumpere</strong></span> <span class='ocrx_word' id='word_1_251' title='bbox 2521 2369 2715 2440; x_wconf 89' lang='lat' dir='ltr'><strong>possit,</strong></span> <span class='ocrx_word' id='word_1_252' title='bbox 2735 2373 2905 2440; x_wconf 88' lang='lat' dir='ltr'><strong>atque</strong></span> <span class='ocrx_word' id='word_1_253' title='bbox 2933 2367 3212 2440; x_wconf 90' lang='lat' dir='ltr'><strong>decipere,</strong></span> <span class='ocrx_word' id='word_1_254' title='bbox 3234 2367 3293 2423; x_wconf 92' lang='lat' dir='ltr'><strong>in</strong></span> <span class='ocrx_word' id='word_1_255' title='bbox 3317 2383 3430 2438; x_wconf 91' lang='lat' dir='ltr'><strong>qua</strong></span> <span class='ocrx_word' id='word_1_256' title='bbox 3448 2369 3606 2436; x_wconf 89' lang='lat' dir='ltr'><strong>parte</strong></span> 
     </span>
    </p>
   </div>
   <div class='ocr_carea' id='block_1_32' title="bbox 221 2436 3606 2534">
    <p class='ocr_par' dir='ltr' id='par_1_32' title="bbox 221 2436 3606 2534">
     <span class='ocr_line' id='line_1_32' title="bbox 221 2436 3606 2534; baseline -0.001 -19"><span class='ocrx_word' id='word_1_257' title='bbox 221 2475 396 2532; x_wconf 82' lang='lat' dir='ltr'><strong>super</strong></span> <span class='ocrx_word' id='word_1_258' title='bbox 406 2475 491 2514; x_wconf 90' lang='lat' dir='ltr'><strong>me</strong></span> <span class='ocrx_word' id='word_1_259' title='bbox 504 2475 698 2515; x_wconf 88' lang='lat' dir='ltr'><strong>manus</strong></span> <span class='ocrx_word' id='word_1_260' title='bbox 715 2462 948 2516; x_wconf 87' lang='lat' dir='ltr'><strong>Domini.</strong></span> <span class='ocrx_word' id='word_1_261' title='bbox 970 2459 1078 2515; x_wconf 92' lang='lat' dir='ltr'><strong>Sed</strong></span> <span class='ocrx_word' id='word_1_262' title='bbox 1098 2459 1155 2514; x_wconf 92' lang='lat' dir='ltr'><strong>in</strong></span> <span class='ocrx_word' id='word_1_263' title='bbox 1177 2460 1286 2515; x_wconf 90' lang='lat' dir='ltr'><strong>hoc</strong></span> <span class='ocrx_word' id='word_1_264' title='bbox 1305 2459 1426 2516; x_wconf 93' lang='lat' dir='ltr'><strong>loco</strong></span> <span class='ocrx_word' id='word_1_265' title='bbox 1446 2459 1720 2532; x_wconf 90' lang='lat' dir='ltr'><strong>protectio</strong></span> <span class='ocrx_word' id='word_1_266' title='bbox 1739 2461 1874 2517; x_wconf 89' lang='lat' dir='ltr'><strong>divi-</strong></span> <span class='ocrx_word' id='word_1_267' title='bbox 1893 2436 1950 2508; x_wconf 83' lang='lat' dir='ltr'><strong>B</strong></span> <span class='ocrx_word' id='word_1_268' title='bbox 1973 2460 2041 2516; x_wconf 89' lang='lat' dir='ltr'><strong>ad</strong></span> <span class='ocrx_word' id='word_1_269' title='bbox 2069 2461 2421 2532; x_wconf 86' lang='lat' dir='ltr'><strong>peccandum</strong></span> <span class='ocrx_word' id='word_1_270' title='bbox 2440 2462 2591 2519; x_wconf 87' lang='lat' dir='ltr'><strong>videt</strong></span> <span class='ocrx_word' id='word_1_271' title='bbox 2617 2479 2737 2518; x_wconf 89' lang='lat' dir='ltr'><strong>esse</strong></span> <span class='ocrx_word' id='word_1_272' title='bbox 2763 2462 3156 2534; x_wconf 86' lang='lat' dir='ltr'><strong>procliviorem</strong></span> <span class='ocrx_word' id='word_1_273' title='bbox 3181 2461 3242 2516; x_wconf 89' lang='lat' dir='ltr'><strong>in</strong></span> <span class='ocrx_word' id='word_1_274' title='bbox 3269 2477 3335 2516; x_wconf 87' lang='lat' dir='ltr'><strong>ea</strong></span> <span class='ocrx_word' id='word_1_275' title='bbox 3362 2459 3606 2530; x_wconf 88' lang='lat' dir='ltr'><strong>amplius</strong></span> 
     </span>
    </p>
   </div>
   <div class='ocr_carea' id='block_1_33' title="bbox 225 2551 1875 2626">
    <p class='ocr_par' dir='ltr' id='par_1_33' title="bbox 225 2551 1875 2626">
     <span class='ocr_line' id='line_1_33' title="bbox 225 2551 1875 2626; baseline 0.001 -17"><span class='ocrx_word' id='word_1_276' title='bbox 225 2570 310 2609; x_wconf 89' lang='lat' dir='ltr'><strong>na</strong></span> <span class='ocrx_word' id='word_1_277' title='bbox 334 2551 695 2625; x_wconf 87' lang='lat' dir='ltr'><strong>intelligitur,</strong></span> <span class='ocrx_word' id='word_1_278' title='bbox 717 2557 859 2609; x_wconf 88' lang='lat' dir='ltr'><strong>teste</strong></span> <span class='ocrx_word' id='word_1_279' title='bbox 885 2552 1209 2626; x_wconf 90' lang='lat' dir='ltr'><strong>psalmista:</strong></span> <span class='ocrx_word' id='word_1_280' title='bbox 1238 2555 1530 2609; x_wconf 70' lang='lat' dir='ltr'><strong>Protexisti</strong></span> <span class='ocrx_word' id='word_1_281' title='bbox 1549 2571 1648 2618; x_wconf 88' lang='lat' dir='ltr'><strong>me,</strong></span> <span class='ocrx_word' id='word_1_282' title='bbox 1666 2558 1875 2618; x_wconf 90' lang='lat' dir='ltr'><strong>Deus,a</strong></span> 
     </span>
    </p>
   </div>
   <div class='ocr_carea' id='block_1_34' title="bbox 224 2647 1874 2718">
    <p class='ocr_par' dir='ltr' id='par_1_34' title="bbox 224 2647 1874 2718">
     <span class='ocr_line' id='line_1_34' title="bbox 224 2647 1874 2718; baseline 0.002 -17"><span class='ocrx_word' id='word_1_283' title='bbox 224 2652 495 2702; x_wconf 81' lang='lat' dir='ltr'><strong>conventu</strong></span> <span class='ocrx_word' id='word_1_284' title='bbox 508 2647 950 2716; x_wconf 85' lang='lat' dir='ltr'><strong>malignantium.</strong></span> <span class='ocrx_word' id='word_1_285' title='bbox 968 2647 1082 2702; x_wconf 89' lang='lat' dir='ltr'><strong>Sub</strong></span> <span class='ocrx_word' id='word_1_286' title='bbox 1095 2647 1256 2718; x_wconf 90' lang='lat' dir='ltr'><strong>cujus</strong></span> <span class='ocrx_word' id='word_1_287' title='bbox 1274 2663 1447 2701; x_wconf 90' lang='lat' dir='ltr'><strong>manu</strong></span> <span class='ocrx_word' id='word_1_288' title='bbox 1466 2663 1568 2702; x_wconf 91' lang='lat' dir='ltr'><strong>nos</strong></span> <span class='ocrx_word' id='word_1_289' title='bbox 1583 2648 1874 2704; x_wconf 90' lang='lat' dir='ltr'><strong>humiliari</strong></span> 
     </span>
    </p>
   </div>
   <div class='ocr_carea' id='block_1_35' title="bbox 225 2739 1872 2812">
    <p class='ocr_par' dir='ltr' id='par_1_35' title="bbox 225 2739 1872 2812">
     <span class='ocr_line' id='line_1_35' title="bbox 225 2739 1872 2812; baseline 0.002 -18"><span class='ocrx_word' id='word_1_290' title='bbox 225 2739 526 2808; x_wconf 88' lang='lat' dir='ltr'><strong>debemus,</strong></span> <span class='ocrx_word' id='word_1_291' title='bbox 546 2741 756 2796; x_wconf 84' lang='lat' dir='ltr'><strong>scilicet</strong></span> <span class='ocrx_word' id='word_1_292' title='bbox 780 2741 884 2794; x_wconf 86' lang='lat' dir='ltr'><strong>sub</strong></span> <span class='ocrx_word' id='word_1_293' title='bbox 908 2739 1096 2795; x_wconf 90' lang='lat' dir='ltr'><strong>divina</strong></span> <span class='ocrx_word' id='word_1_294' title='bbox 1116 2740 1485 2812; x_wconf 89' lang='lat' dir='ltr'><strong>protectione,</strong></span> <span class='ocrx_word' id='word_1_295' title='bbox 1501 2746 1565 2796; x_wconf 91' lang='lat' dir='ltr'><strong>ut</strong></span> <span class='ocrx_word' id='word_1_296' title='bbox 1593 2758 1696 2796; x_wconf 89' lang='lat' dir='ltr'><strong>nos</strong></span> <span class='ocrx_word' id='word_1_297' title='bbox 1715 2743 1872 2797; x_wconf 84' lang='lat' dir='ltr'><strong>exal-</strong></span> 
     </span>
    </p>
   </div>
   <div class='ocr_carea' id='block_1_36' title="bbox 223 2833 1870 2907">
    <p class='ocr_par' dir='ltr' id='par_1_36' title="bbox 223 2833 1870 2907">
     <span class='ocr_line' id='line_1_36' title="bbox 223 2833 1870 2907; baseline 0.001 -18"><span class='ocrx_word' id='word_1_298' title='bbox 223 2841 353 2889; x_wconf 85' lang='lat' dir='ltr'><strong>tare</strong></span> <span class='ocrx_word' id='word_1_299' title='bbox 382 2834 649 2907; x_wconf 87' lang='lat' dir='ltr'><strong>dignetur</strong></span> <span class='ocrx_word' id='word_1_300' title='bbox 671 2834 730 2889; x_wconf 92' lang='lat' dir='ltr'><strong>in</strong></span> <span class='ocrx_word' id='word_1_301' title='bbox 759 2833 850 2888; x_wconf 91' lang='lat' dir='ltr'><strong>die</strong></span> <span class='ocrx_word' id='word_1_302' title='bbox 875 2833 1224 2889; x_wconf 86' lang='lat' dir='ltr'><strong>visitationis.</strong></span> <span class='ocrx_word' id='word_1_303' title='bbox 1255 2835 1328 2889; x_wconf 84' lang='lat' dir='ltr'><strong>Er</strong></span> <span class='ocrx_word' id='word_1_304' title='bbox 1370 2851 1424 2888; x_wconf 84' lang='lat' dir='ltr'>IN</span> <span class='ocrx_word' id='word_1_305' title='bbox 1461 2851 1709 2892; x_wconf 73' lang='lat' dir='ltr'><strong>rsurona</strong></span> <span class='ocrx_word' id='word_1_306' title='bbox 1735 2853 1870 2892; x_wconf 80' lang='lat' dir='ltr'><strong>VISI-</strong></span> 
     </span>
    </p>
   </div>
   <div class='ocr_carea' id='block_1_37' title="bbox 226 2927 1876 3000">
    <p class='ocr_par' dir='ltr' id='par_1_37' title="bbox 226 2927 1876 3000">
     <span class='ocr_line' id='line_1_37' title="bbox 226 2927 1876 3000; baseline 0 -16"><span class='ocrx_word' id='word_1_307' title='bbox 226 2943 521 2997; x_wconf 73' lang='lat' dir='ltr'><strong>TATlOle;</strong></span> <span class='ocrx_word' id='word_1_308' title='bbox 549 2927 656 2983; x_wconf 88' lang='lat' dir='ltr'><strong>hoc</strong></span> <span class='ocrx_word' id='word_1_309' title='bbox 686 2932 768 2982; x_wconf 90' lang='lat' dir='ltr'><strong>est</strong></span> <span class='ocrx_word' id='word_1_310' title='bbox 794 2927 851 2981; x_wconf 92' lang='lat' dir='ltr'><strong>in</strong></span> <span class='ocrx_word' id='word_1_311' title='bbox 877 2927 967 2982; x_wconf 92' lang='lat' dir='ltr'><strong>die</strong></span> <span class='ocrx_word' id='word_1_312' title='bbox 989 2927 1192 2998; x_wconf 89' lang='lat' dir='ltr'><strong>judicii</strong></span> <span class='ocrx_word' id='word_1_313' title='bbox 1220 2927 1448 3000; x_wconf 87' lang='lat' dir='ltr'><strong>quando</strong></span> <span class='ocrx_word' id='word_1_314' title='bbox 1475 2945 1674 2984; x_wconf 87' lang='lat' dir='ltr'><strong>omnes</strong></span> <span class='ocrx_word' id='word_1_315' title='bbox 1688 2929 1876 2984; x_wconf 88' lang='lat' dir='ltr'><strong>humi-</strong></span> 
     </span>
    </p>
   </div>
   <div class='ocr_carea' id='block_1_38' title="bbox 223 3020 1875 3093">
    <p class='ocr_par' dir='ltr' id='par_1_38' title="bbox 223 3020 1875 3093">
     <span class='ocr_line' id='line_1_38' title="bbox 223 3020 1875 3093; baseline 0.001 -17"><span class='ocrx_word' id='word_1_316' title='bbox 223 3023 314 3077; x_wconf 85' lang='lat' dir='ltr'><strong>les</strong></span> <span class='ocrx_word' id='word_1_317' title='bbox 344 3020 576 3076; x_wconf 89' lang='lat' dir='ltr'><strong>exaltari</strong></span> <span class='ocrx_word' id='word_1_318' title='bbox 609 3021 999 3088; x_wconf 90' lang='lat' dir='ltr'><strong>merebuntur,</strong></span> <span class='ocrx_word' id='word_1_319' title='bbox 1032 3025 1088 3075; x_wconf 91' lang='lat' dir='ltr'><strong>et</strong></span> <span class='ocrx_word' id='word_1_320' title='bbox 1113 3021 1340 3093; x_wconf 86' lang='lat' dir='ltr'><strong>superbi</strong></span> <span class='ocrx_word' id='word_1_321' title='bbox 1382 3022 1694 3089; x_wconf 89' lang='lat' dir='ltr'><strong>humiliari,</strong></span> <span class='ocrx_word' id='word_1_322' title='bbox 1730 3023 1875 3078; x_wconf 89' lang='lat' dir='ltr'><strong>sicut</strong></span> 
     </span>
    </p>
   </div>
   <div class='ocr_carea' id='block_1_39' title="bbox 215 3114 1869 3187">
    <p class='ocr_par' dir='ltr' id='par_1_39' title="bbox 215 3114 1869 3187">
     <span class='ocr_line' id='line_1_39' title="bbox 215 3114 1869 3187; baseline 0 -17"><span class='ocrx_word' id='word_1_323' title='bbox 215 3116 352 3187; x_wconf 89' lang='lat' dir='ltr'><strong>jam</strong></span> <span class='ocrx_word' id='word_1_324' title='bbox 379 3115 636 3186; x_wconf 90' lang='lat' dir='ltr'><strong>superius</strong></span> <span class='ocrx_word' id='word_1_325' title='bbox 661 3115 873 3169; x_wconf 90' lang='lat' dir='ltr'><strong>dictum</strong></span> <span class='ocrx_word' id='word_1_326' title='bbox 903 3117 990 3168; x_wconf 90' lang='lat' dir='ltr'><strong>est</strong></span> <span class='ocrx_word' id='word_1_327' title='bbox 1020 3131 1033 3168; x_wconf 91' lang='lat'>:</span> <span class='ocrx_word' id='word_1_328' title='bbox 1064 3114 1247 3170; x_wconf 86' lang='lat' dir='ltr'><strong>Omnis</strong></span> <span class='ocrx_word' id='word_1_329' title='bbox 1274 3117 1441 3185; x_wconf 88' lang='lat' dir='ltr'><strong>quise</strong></span> <span class='ocrx_word' id='word_1_330' title='bbox 1460 3117 1669 3171; x_wconf 71' lang='lat' dir='ltr'><strong>emaltat</strong></span> <span class='ocrx_word' id='word_1_331' title='bbox 1695 3117 1869 3172; x_wconf 86' lang='lat' dir='ltr'><strong>humi-</strong></span> 
     </span>
    </p>
   </div>
   <div class='ocr_carea' id='block_1_40' title="bbox 227 3207 1870 3279">
    <p class='ocr_par' dir='ltr' id='par_1_40' title="bbox 227 3207 1870 3279">
     <span class='ocr_line' id='line_1_40' title="bbox 227 3207 1870 3279; baseline 0.001 -15"><span class='ocrx_word' id='word_1_332' title='bbox 227 3211 484 3272; x_wconf 85' lang='lat' dir='ltr'><strong>Iiabitur,</strong></span> <span class='ocrx_word' id='word_1_333' title='bbox 512 3213 563 3264; x_wconf 89' lang='lat' dir='ltr'><strong>et</strong></span> <span class='ocrx_word' id='word_1_334' title='bbox 589 3210 685 3279; x_wconf 88' lang='lat' dir='ltr'><strong>qui</strong></span> <span class='ocrx_word' id='word_1_335' title='bbox 707 3224 762 3264; x_wconf 89' lang='lat' dir='ltr'><strong>se</strong></span> <span class='ocrx_word' id='word_1_336' title='bbox 787 3207 1039 3262; x_wconf 70' lang='lat' dir='ltr'><strong>humiliat</strong></span> <span class='ocrx_word' id='word_1_337' title='bbox 1063 3209 1417 3264; x_wconf 69' lang='lat' dir='ltr'><strong>eraltabitur.</strong></span> <span class='ocrx_word' id='word_1_338' title='bbox 1451 3211 1519 3264; x_wconf 88' lang='lat' dir='ltr'><strong>Et</strong></span> <span class='ocrx_word' id='word_1_339' title='bbox 1556 3226 1753 3265; x_wconf 87' lang='lat' dir='ltr'><strong>omnes</strong></span> <span class='ocrx_word' id='word_1_340' title='bbox 1783 3227 1870 3266; x_wconf 90' lang='lat' dir='ltr'><strong>re-</strong></span> 
     </span>
    </p>
   </div>
   <div class='ocr_carea' id='block_1_41' title="bbox 223 3301 1870 3374">
    <p class='ocr_par' dir='ltr' id='par_1_41' title="bbox 223 3301 1870 3374">
     <span class='ocr_line' id='line_1_41' title="bbox 223 3301 1870 3374; baseline 0.002 -18"><span class='ocrx_word' id='word_1_341' title='bbox 223 3301 400 3374; x_wconf 83' lang='lat' dir='ltr'><strong>probi</strong></span> <span class='ocrx_word' id='word_1_342' title='bbox 425 3319 538 3357; x_wconf 90' lang='lat' dir='ltr'><strong>una</strong></span> <span class='ocrx_word' id='word_1_343' title='bbox 562 3318 693 3356; x_wconf 91' lang='lat' dir='ltr'><strong>cum</strong></span> <span class='ocrx_word' id='word_1_344' title='bbox 718 3301 900 3373; x_wconf 90' lang='lat' dir='ltr'><strong>capite</strong></span> <span class='ocrx_word' id='word_1_345' title='bbox 929 3318 1030 3356; x_wconf 92' lang='lat' dir='ltr'><strong>suo</strong></span> <span class='ocrx_word' id='word_1_346' title='bbox 1070 3302 1448 3373; x_wconf 86' lang='lat' dir='ltr'><strong>projicientur</strong></span> <span class='ocrx_word' id='word_1_347' title='bbox 1475 3302 1534 3357; x_wconf 91' lang='lat' dir='ltr'><strong>in</strong></span> <span class='ocrx_word' id='word_1_348' title='bbox 1560 3302 1870 3359; x_wconf 90' lang='lat' dir='ltr'><strong>infernum.</strong></span> 
     </span>
    </p>
   </div>
   <div class='ocr_carea' id='block_1_42' title="bbox 228 3397 1870 3464">
    <p class='ocr_par' dir='ltr' id='par_1_42' title="bbox 228 3397 1870 3464">
     <span class='ocr_line' id='line_1_42' title="bbox 228 3397 1870 3464; baseline 0 -12"><span class='ocrx_word' id='word_1_349' title='bbox 228 3397 433 3452; x_wconf 63' lang='lat' dir='ltr'><strong>OSINEI</strong></span> <span class='ocrx_word' id='word_1_350' title='bbox 472 3410 912 3451; x_wconf 73' lang='lat' dir='ltr'><strong>SOLLICITL&#39;DINEM</strong></span> <span class='ocrx_word' id='word_1_351' title='bbox 955 3411 1197 3450; x_wconf 72' lang='lat' dir='ltr'><strong>YESTRAM</strong></span> <span class='ocrx_word' id='word_1_352' title='bbox 1240 3411 1614 3452; x_wconf 76' lang='lat' dir='ltr'><strong>PROJICIENTES</strong></span> <span class='ocrx_word' id='word_1_353' title='bbox 1653 3413 1707 3452; x_wconf 90' lang='lat' dir='ltr'><strong>IN</strong></span> <span class='ocrx_word' id='word_1_354' title='bbox 1743 3414 1870 3464; x_wconf 81' lang='lat' dir='ltr'><strong>EUM,</strong></span> 
     </span>
    </p>
   </div>
   <div class='ocr_carea' id='block_1_43' title="bbox 231 3488 1873 3562">
    <p class='ocr_par' dir='ltr' id='par_1_43' title="bbox 231 3488 1873 3562">
     <span class='ocr_line' id='line_1_43' title="bbox 231 3488 1873 3562; baseline -0.001 -16"><span class='ocrx_word' id='word_1_355' title='bbox 231 3506 483 3553; x_wconf 69' lang='lat' dir='ltr'><strong>oromm</strong></span> <span class='ocrx_word' id='word_1_356' title='bbox 511 3506 612 3544; x_wconf 78' lang='lat' dir='ltr'><strong>lPBl</strong></span> <span class='ocrx_word' id='word_1_357' title='bbox 643 3505 783 3546; x_wconf 65' lang='lat' dir='ltr'><strong>cum</strong></span> <span class='ocrx_word' id='word_1_358' title='bbox 805 3506 898 3544; x_wconf 77' lang='lat' dir='ltr'><strong>ssr</strong></span> <span class='ocrx_word' id='word_1_359' title='bbox 930 3506 994 3544; x_wconf 75' lang='lat' dir='ltr'><strong>ne</strong></span> <span class='ocrx_word' id='word_1_360' title='bbox 1026 3505 1200 3544; x_wconf 79' lang='lat' dir='ltr'><strong>venis.</strong></span> <span class='ocrx_word' id='word_1_361' title='bbox 1230 3488 1422 3544; x_wconf 89' lang='lat' dir='ltr'><strong>Simile</strong></span> <span class='ocrx_word' id='word_1_362' title='bbox 1453 3493 1537 3544; x_wconf 89' lang='lat' dir='ltr'><strong>est</strong></span> <span class='ocrx_word' id='word_1_363' title='bbox 1562 3489 1702 3544; x_wconf 93' lang='lat' dir='ltr'><strong>illud</strong></span> <span class='ocrx_word' id='word_1_364' title='bbox 1721 3491 1873 3562; x_wconf 90' lang='lat' dir='ltr'><strong>quod</strong></span> 
     </span>
    </p>
   </div>
   <div class='ocr_carea' id='block_1_44' title="bbox 226 3583 1874 3651">
    <p class='ocr_par' dir='ltr' id='par_1_44' title="bbox 226 3583 1874 3651">
     <span class='ocr_line' id='line_1_44' title="bbox 226 3583 1874 3651; baseline 0 -13"><span class='ocrx_word' id='word_1_365' title='bbox 226 3585 313 3638; x_wconf 89' lang='lat' dir='ltr'><strong>ait</strong></span> <span class='ocrx_word' id='word_1_366' title='bbox 357 3583 646 3638; x_wconf 89' lang='lat' dir='ltr'><strong>Psalmista</strong></span> <span class='ocrx_word' id='word_1_367' title='bbox 680 3600 693 3637; x_wconf 90' lang='lat'>:</span> <span class='ocrx_word' id='word_1_368' title='bbox 732 3586 888 3638; x_wconf 84' lang='lat' dir='ltr'><strong>Jacta</strong></span> <span class='ocrx_word' id='word_1_369' title='bbox 933 3586 1223 3651; x_wconf 87' lang='lat' dir='ltr'><strong>cogitatum</strong></span> <span class='ocrx_word' id='word_1_370' title='bbox 1264 3587 1417 3636; x_wconf 90' lang='lat' dir='ltr'><strong>tuum</strong></span> <span class='ocrx_word' id='word_1_371' title='bbox 1447 3585 1505 3637; x_wconf 88' lang='lat' dir='ltr'><strong>in</strong></span> <span class='ocrx_word' id='word_1_372' title='bbox 1537 3585 1773 3638; x_wconf 88' lang='lat' dir='ltr'><strong>Domino.</strong></span> <span class='ocrx_word' id='word_1_373' title='bbox 1808 3584 1874 3638; x_wconf 88' lang='lat' dir='ltr'><strong>Et</strong></span> 
     </span>
    </p>
   </div>
   <div class='ocr_carea' id='block_1_45' title="bbox 229 3677 1868 3750">
    <p class='ocr_par' dir='ltr' id='par_1_45' title="bbox 229 3677 1868 3750">
     <span class='ocr_line' id='line_1_45' title="bbox 229 3677 1868 3750; baseline 0 -19"><span class='ocrx_word' id='word_1_374' title='bbox 229 3677 508 3732; x_wconf 87' lang='lat' dir='ltr'><strong>Dominus</strong></span> <span class='ocrx_word' id='word_1_375' title='bbox 533 3677 590 3731; x_wconf 93' lang='lat' dir='ltr'><strong>in</strong></span> <span class='ocrx_word' id='word_1_376' title='bbox 625 3677 925 3750; x_wconf 87' lang='lat' dir='ltr'><strong>Evangelio</strong></span> <span class='ocrx_word' id='word_1_377' title='bbox 957 3693 970 3731; x_wconf 87' lang='lat'>:</span> <span class='ocrx_word' id='word_1_378' title='bbox 1012 3677 1190 3732; x_wconf 82' lang='lat' dir='ltr'><strong>Nolite</strong></span> <span class='ocrx_word' id='word_1_379' title='bbox 1213 3677 1434 3731; x_wconf 84' lang='lat' dir='ltr'><strong>solliciti</strong></span> <span class='ocrx_word' id='word_1_380' title='bbox 1457 3691 1567 3732; x_wconf 90' lang='lat' dir='ltr'><strong>esse</strong></span> <span class='ocrx_word' id='word_1_381' title='bbox 1591 3677 1823 3732; x_wconf 86' lang='lat' dir='ltr'><strong>dicentes</strong></span> <span class='ocrx_word' id='word_1_382' title='bbox 1851 3697 1868 3731; x_wconf 88' lang='lat'><strong><em>:</em></strong></span> 
     </span>
    </p>
   </div>
   <div class='ocr_carea' id='block_1_46' title="bbox 227 3770 1944 3876">
    <p class='ocr_par' dir='ltr' id='par_1_46' title="bbox 227 3770 1944 3876">
     <span class='ocr_line' id='line_1_46' title="bbox 227 3770 1944 3876; baseline -0.001 -51"><span class='ocrx_word' id='word_1_383' title='bbox 227 3771 379 3837; x_wconf 78' lang='lat' dir='ltr'><strong>Quid</strong></span> <span class='ocrx_word' id='word_1_384' title='bbox 404 3771 968 3833; x_wconf 87' lang='lat' dir='ltr'><strong>manducabimus,aut</strong></span> <span class='ocrx_word' id='word_1_385' title='bbox 989 3771 1124 3840; x_wconf 86' lang='lat' dir='ltr'><strong>quid</strong></span> <span class='ocrx_word' id='word_1_386' title='bbox 1141 3770 1376 3825; x_wconf 86' lang='lat' dir='ltr'><strong>bibemus</strong></span> <span class='ocrx_word' id='word_1_387' title='bbox 1389 3771 1531 3825; x_wconf 84' lang='lat' dir='ltr'><strong>?scit</strong></span> <span class='ocrx_word' id='word_1_388' title='bbox 1549 3772 1689 3824; x_wconf 88' lang='lat' dir='ltr'><strong>enim</strong></span> <span class='ocrx_word' id='word_1_389' title='bbox 1708 3771 1871 3825; x_wconf 87' lang='lat' dir='ltr'><strong>Pater</strong></span> <span class='ocrx_word' id='word_1_390' title='bbox 1889 3802 1944 3876; x_wconf 81' lang='lat' dir='ltr'>C</span> 
     </span>
    </p>
   </div>
   <div class='ocr_carea' id='block_1_47' title="bbox 227 3861 1869 3935">
    <p class='ocr_par' dir='ltr' id='par_1_47' title="bbox 227 3861 1869 3935">
     <span class='ocr_line' id='line_1_47' title="bbox 227 3861 1869 3935; baseline -0.001 -16"><span class='ocrx_word' id='word_1_391' title='bbox 227 3869 407 3921; x_wconf 74' lang='lat' dir='ltr'><strong>tester</strong></span> <span class='ocrx_word' id='word_1_392' title='bbox 429 3865 564 3935; x_wconf 88' lang='lat' dir='ltr'><strong>quid</strong></span> <span class='ocrx_word' id='word_1_393' title='bbox 589 3865 738 3919; x_wconf 76' lang='lat' dir='ltr'><strong>vobis</strong></span> <span class='ocrx_word' id='word_1_394' title='bbox 763 3879 896 3934; x_wconf 89' lang='lat' dir='ltr'><strong>opus</strong></span> <span class='ocrx_word' id='word_1_395' title='bbox 922 3870 1020 3919; x_wconf 83' lang='lat' dir='ltr'><strong>est.</strong></span> <span class='ocrx_word' id='word_1_396' title='bbox 1041 3863 1168 3918; x_wconf 88' lang='lat' dir='ltr'><strong>ldeo</strong></span> <span class='ocrx_word' id='word_1_397' title='bbox 1187 3879 1416 3918; x_wconf 89' lang='lat' dir='ltr'><strong>omnem</strong></span> <span class='ocrx_word' id='word_1_398' title='bbox 1437 3861 1869 3918; x_wconf 89' lang='lat' dir='ltr'><strong>sollicitudinem</strong></span> 
     </span>
    </p>
   </div>
   <div class='ocr_carea' id='block_1_48' title="bbox 229 3955 1872 4029">
    <p class='ocr_par' dir='ltr' id='par_1_48' title="bbox 229 3955 1872 4029">
     <span class='ocr_line' id='line_1_48' title="bbox 229 3955 1872 4029; baseline -0.001 -16"><span class='ocrx_word' id='word_1_399' title='bbox 229 3963 489 4013; x_wconf 86' lang='lat' dir='ltr'><strong>nostram</strong></span> <span class='ocrx_word' id='word_1_400' title='bbox 521 3959 578 4012; x_wconf 93' lang='lat' dir='ltr'><strong>in</strong></span> <span class='ocrx_word' id='word_1_401' title='bbox 605 3973 736 4012; x_wconf 88' lang='lat' dir='ltr'><strong>eum</strong></span> <span class='ocrx_word' id='word_1_402' title='bbox 766 3957 1044 4029; x_wconf 88' lang='lat' dir='ltr'><strong>projicere</strong></span> <span class='ocrx_word' id='word_1_403' title='bbox 1074 3955 1368 4027; x_wconf 89' lang='lat' dir='ltr'><strong>debemus,</strong></span> <span class='ocrx_word' id='word_1_404' title='bbox 1393 3973 1558 4028; x_wconf 88' lang='lat' dir='ltr'><strong>aquo</strong></span> <span class='ocrx_word' id='word_1_405' title='bbox 1589 3973 1758 4012; x_wconf 89' lang='lat' dir='ltr'><strong>omne</strong></span> <span class='ocrx_word' id='word_1_406' title='bbox 1778 3957 1872 4012; x_wconf 90' lang='lat' dir='ltr'><strong>bo-</strong></span> 
     </span>
    </p>
   </div>
   <div class='ocr_carea' id='block_1_49' title="bbox 232 4049 1871 4124">
    <p class='ocr_par' dir='ltr' id='par_1_49' title="bbox 232 4049 1871 4124">
     <span class='ocr_line' id='line_1_49' title="bbox 232 4049 1871 4124; baseline -0.002 -16"><span class='ocrx_word' id='word_1_407' title='bbox 232 4069 375 4108; x_wconf 89' lang='lat' dir='ltr'><strong>num</strong></span> <span class='ocrx_word' id='word_1_408' title='bbox 399 4051 598 4124; x_wconf 87' lang='lat' dir='ltr'><strong>largiri</strong></span> <span class='ocrx_word' id='word_1_409' title='bbox 627 4051 926 4106; x_wconf 84' lang='lat' dir='ltr'><strong>credimus.</strong></span> <span class='ocrx_word' id='word_1_410' title='bbox 957 4051 1022 4104; x_wconf 86' lang='lat' dir='ltr'><strong>Et</strong></span> <span class='ocrx_word' id='word_1_411' title='bbox 1041 4049 1320 4122; x_wconf 87' lang='lat' dir='ltr'><strong>quidquid</strong></span> <span class='ocrx_word' id='word_1_412' title='bbox 1345 4049 1679 4122; x_wconf 86' lang='lat' dir='ltr'><strong>perfectum,</strong></span> <span class='ocrx_word' id='word_1_413' title='bbox 1712 4050 1871 4122; x_wconf 89' lang='lat' dir='ltr'><strong>quid-</strong></span> 
     </span>
    </p>
   </div>
   <div class='ocr_carea' id='block_1_50' title="bbox 231 4143 1868 4220">
    <p class='ocr_par' dir='ltr' id='par_1_50' title="bbox 231 4143 1868 4220">
     <span class='ocr_line' id='line_1_50' title="bbox 231 4143 1868 4220; baseline -0.001 -20"><span class='ocrx_word' id='word_1_414' title='bbox 231 4145 376 4220; x_wconf 84' lang='lat' dir='ltr'><strong>quid</strong></span> <span class='ocrx_word' id='word_1_415' title='bbox 415 4146 628 4200; x_wconf 89' lang='lat' dir='ltr'><strong>bonum</strong></span> <span class='ocrx_word' id='word_1_416' title='bbox 672 4149 756 4200; x_wconf 88' lang='lat' dir='ltr'><strong>est</strong></span> <span class='ocrx_word' id='word_1_417' title='bbox 801 4144 950 4216; x_wconf 88' lang='lat' dir='ltr'><strong>quod</strong></span> <span class='ocrx_word' id='word_1_418' title='bbox 994 4143 1114 4216; x_wconf 86' lang='lat' dir='ltr'><strong>agit</strong></span> <span class='ocrx_word' id='word_1_419' title='bbox 1155 4143 1345 4214; x_wconf 88' lang='lat' dir='ltr'><strong>homo,</strong></span> <span class='ocrx_word' id='word_1_420' title='bbox 1377 4143 1448 4198; x_wconf 90' lang='lat' dir='ltr'><strong>ab</strong></span> <span class='ocrx_word' id='word_1_421' title='bbox 1485 4143 1606 4216; x_wconf 90' lang='lat' dir='ltr'><strong>ipso</strong></span> <span class='ocrx_word' id='word_1_422' title='bbox 1647 4144 1868 4218; x_wconf 88' lang='lat' dir='ltr'><strong>accipit,</strong></span> 
     </span>
    </p>
   </div>
   <div class='ocr_carea' id='block_1_51' title="bbox 231 4237 1874 4310">
    <p class='ocr_par' dir='ltr' id='par_1_51' title="bbox 231 4237 1874 4310">
     <span class='ocr_line' id='line_1_51' title="bbox 231 4237 1874 4310; baseline 0.001 -16"><span class='ocrx_word' id='word_1_423' title='bbox 231 4243 377 4295; x_wconf 86' lang='lat' dir='ltr'><strong>teste</strong></span> <span class='ocrx_word' id='word_1_424' title='bbox 400 4238 606 4294; x_wconf 82' lang='lat' dir='ltr'><strong>Jacobo</strong></span> <span class='ocrx_word' id='word_1_425' title='bbox 633 4237 731 4310; x_wconf 88' lang='lat' dir='ltr'><strong>qui</strong></span> <span class='ocrx_word' id='word_1_426' title='bbox 759 4237 893 4293; x_wconf 90' lang='lat' dir='ltr'><strong>dicit</strong></span> <span class='ocrx_word' id='word_1_427' title='bbox 923 4253 936 4292; x_wconf 89' lang='lat'><strong>:</strong></span> <span class='ocrx_word' id='word_1_428' title='bbox 967 4239 1130 4294; x_wconf 89' lang='lat' dir='ltr'><strong>Omne</strong></span> <span class='ocrx_word' id='word_1_429' title='bbox 1157 4238 1349 4292; x_wconf 84' lang='lat' dir='ltr'><strong>datum</strong></span> <span class='ocrx_word' id='word_1_430' title='bbox 1373 4239 1633 4308; x_wconf 85' lang='lat' dir='ltr'><strong>optimum</strong></span> <span class='ocrx_word' id='word_1_431' title='bbox 1655 4243 1705 4294; x_wconf 89' lang='lat' dir='ltr'><strong>et</strong></span> <span class='ocrx_word' id='word_1_432' title='bbox 1723 4255 1874 4295; x_wconf 88' lang='lat' dir='ltr'><strong>omne</strong></span> 
     </span>
    </p>
   </div>
   <div class='ocr_carea' id='block_1_52' title="bbox 232 4330 1867 4403">
    <p class='ocr_par' dir='ltr' id='par_1_52' title="bbox 232 4330 1867 4403">
     <span class='ocr_line' id='line_1_52' title="bbox 232 4330 1867 4403; baseline 0.001 -17"><span class='ocrx_word' id='word_1_433' title='bbox 232 4335 436 4388; x_wconf 82' lang='lat' dir='ltr'><strong>donum</strong></span> <span class='ocrx_word' id='word_1_434' title='bbox 466 4334 768 4403; x_wconf 80' lang='lat' dir='ltr'><strong>perfectum</strong></span> <span class='ocrx_word' id='word_1_435' title='bbox 803 4331 1082 4386; x_wconf 84' lang='lat' dir='ltr'><strong>desursum</strong></span> <span class='ocrx_word' id='word_1_436' title='bbox 1123 4335 1219 4386; x_wconf 88' lang='lat' dir='ltr'><strong>est.</strong></span> <span class='ocrx_word' id='word_1_437' title='bbox 1266 4332 1334 4385; x_wconf 89' lang='lat' dir='ltr'><strong>Et</strong></span> <span class='ocrx_word' id='word_1_438' title='bbox 1380 4330 1512 4386; x_wconf 89' lang='lat' dir='ltr'><strong>alibi</strong></span> <span class='ocrx_word' id='word_1_439' title='bbox 1553 4331 1825 4403; x_wconf 89' lang='lat' dir='ltr'><strong>scriptum</strong></span> <span class='ocrx_word' id='word_1_440' title='bbox 1855 4349 1867 4387; x_wconf 92' lang='lat'>:</span> 
     </span>
    </p>
   </div>
   <div class='ocr_carea' id='block_1_53' title="bbox 232 4426 1472 4496">
    <p class='ocr_par' dir='ltr' id='par_1_53' title="bbox 232 4426 1472 4496">
     <span class='ocr_line' id='line_1_53' title="bbox 232 4426 1472 4496; baseline -0.002 -15"><span class='ocrx_word' id='word_1_441' title='bbox 232 4428 367 4494; x_wconf 78' lang='lat' dir='ltr'><strong>Quis</strong></span> <span class='ocrx_word' id='word_1_442' title='bbox 388 4427 627 4496; x_wconf 81' lang='lat' dir='ltr'><strong>speravit</strong></span> <span class='ocrx_word' id='word_1_443' title='bbox 645 4427 702 4479; x_wconf 89' lang='lat' dir='ltr'><strong>in</strong></span> <span class='ocrx_word' id='word_1_444' title='bbox 730 4426 952 4480; x_wconf 87' lang='lat' dir='ltr'><strong>Domino</strong></span> <span class='ocrx_word' id='word_1_445' title='bbox 982 4429 1033 4480; x_wconf 89' lang='lat' dir='ltr'><strong>et</strong></span> <span class='ocrx_word' id='word_1_446' title='bbox 1067 4427 1322 4492; x_wconf 82' lang='lat' dir='ltr'><strong>confusus</strong></span> <span class='ocrx_word' id='word_1_447' title='bbox 1349 4427 1472 4479; x_wconf 88' lang='lat' dir='ltr'><strong>est?</strong></span> 
     </span>
    </p>
   </div>
   <div class='ocr_carea' id='block_1_54' title="bbox 303 4516 1868 4588">
    <p class='ocr_par' dir='ltr' id='par_1_54' title="bbox 303 4516 1868 4588">
     <span class='ocr_line' id='line_1_54' title="bbox 303 4516 1868 4588; baseline -0.002 -13"><span class='ocrx_word' id='word_1_448' title='bbox 303 4519 490 4575; x_wconf 80' lang='lat' dir='ltr'><strong>Soaau</strong></span> <span class='ocrx_word' id='word_1_449' title='bbox 515 4535 723 4573; x_wconf 77' lang='lat' dir='ltr'><strong>ESTOTE.</strong></span> <span class='ocrx_word' id='word_1_450' title='bbox 753 4516 1032 4572; x_wconf 88' lang='lat' dir='ltr'><strong>Sobrietas</strong></span> <span class='ocrx_word' id='word_1_451' title='bbox 1060 4517 1217 4571; x_wconf 89' lang='lat' dir='ltr'><strong>enim</strong></span> <span class='ocrx_word' id='word_1_452' title='bbox 1246 4533 1362 4571; x_wconf 91' lang='lat' dir='ltr'><strong>non</strong></span> <span class='ocrx_word' id='word_1_453' title='bbox 1385 4516 1569 4571; x_wconf 89' lang='lat' dir='ltr'><strong>solum</strong></span> <span class='ocrx_word' id='word_1_454' title='bbox 1597 4518 1868 4588; x_wconf 89' lang='lat' dir='ltr'><strong>corporis,</strong></span> 
     </span>
    </p>
   </div>
   <div class='ocr_carea' id='block_1_55' title="bbox 230 4609 1873 4684">
    <p class='ocr_par' dir='ltr' id='par_1_55' title="bbox 230 4609 1873 4684">
     <span class='ocr_line' id='line_1_55' title="bbox 230 4609 1873 4684; baseline 0 -19"><span class='ocrx_word' id='word_1_455' title='bbox 230 4614 331 4669; x_wconf 66' lang='lat' dir='ltr'><strong>red</strong></span> <span class='ocrx_word' id='word_1_456' title='bbox 358 4618 416 4684; x_wconf 85' lang='lat' dir='ltr'><strong>et</strong></span> <span class='ocrx_word' id='word_1_457' title='bbox 450 4612 655 4667; x_wconf 71' lang='lat' dir='ltr'><strong>anima:</strong></span> <span class='ocrx_word' id='word_1_458' title='bbox 699 4609 1064 4682; x_wconf 89' lang='lat' dir='ltr'><strong>intelligenda</strong></span> <span class='ocrx_word' id='word_1_459' title='bbox 1105 4614 1209 4665; x_wconf 91' lang='lat' dir='ltr'><strong>est.</strong></span> <span class='ocrx_word' id='word_1_460' title='bbox 1257 4610 1412 4665; x_wconf 88' lang='lat' dir='ltr'><strong>Sicut</strong></span> <span class='ocrx_word' id='word_1_461' title='bbox 1453 4610 1608 4664; x_wconf 90' lang='lat' dir='ltr'><strong>enim</strong></span> <span class='ocrx_word' id='word_1_462' title='bbox 1653 4611 1873 4665; x_wconf 90' lang='lat' dir='ltr'><strong>sobrius</strong></span> 
     </span>
    </p>
   </div>
   <div class='ocr_carea' id='block_1_56' title="bbox 229 4702 1875 4775">
    <p class='ocr_par' dir='ltr' id='par_1_56' title="bbox 229 4702 1875 4775">
     <span class='ocr_line' id='line_1_56' title="bbox 229 4702 1875 4775; baseline 0 -15"><span class='ocrx_word' id='word_1_463' title='bbox 229 4707 402 4762; x_wconf 60' lang='lat' dir='ltr'><strong>debet</strong></span> <span class='ocrx_word' id='word_1_464' title='bbox 439 4721 558 4762; x_wconf 86' lang='lat' dir='ltr'><strong>esse</strong></span> <span class='ocrx_word' id='word_1_465' title='bbox 600 4705 772 4759; x_wconf 90' lang='lat' dir='ltr'><strong>homo</strong></span> <span class='ocrx_word' id='word_1_466' title='bbox 802 4703 1068 4771; x_wconf 81' lang='lat' dir='ltr'><strong>exterior,</strong></span> <span class='ocrx_word' id='word_1_467' title='bbox 1098 4720 1300 4775; x_wconf 89' lang='lat' dir='ltr'><strong>parcus</strong></span> <span class='ocrx_word' id='word_1_468' title='bbox 1327 4702 1580 4759; x_wconf 77' lang='lat' dir='ltr'><strong>videlicet</strong></span> <span class='ocrx_word' id='word_1_469' title='bbox 1604 4721 1637 4758; x_wconf 89' lang='lat' dir='ltr'><strong>a</strong></span> <span class='ocrx_word' id='word_1_470' title='bbox 1663 4704 1787 4760; x_wconf 91' lang='lat' dir='ltr'><strong>cibo</strong></span> <span class='ocrx_word' id='word_1_471' title='bbox 1816 4707 1875 4760; x_wconf 90' lang='lat' dir='ltr'><strong>et</strong></span> 
     </span>
    </p>
   </div>
   <div class='ocr_carea' id='block_1_57' title="bbox 231 4796 1872 4872">
    <p class='ocr_par' dir='ltr' id='par_1_57' title="bbox 231 4796 1872 4872">
     <span class='ocr_line' id='line_1_57' title="bbox 231 4796 1872 4872; baseline 0 -18"><span class='ocrx_word' id='word_1_472' title='bbox 231 4805 392 4872; x_wconf 74' lang='grc' dir='ltr'><strong>ιυιιι,</strong></span> <span class='ocrx_word' id='word_1_473' title='bbox 421 4803 657 4872; x_wconf 87' lang='lat' dir='ltr'><strong>propter</strong></span> <span class='ocrx_word' id='word_1_474' title='bbox 698 4797 839 4852; x_wconf 91' lang='lat' dir='ltr'><strong>illud</strong></span> <span class='ocrx_word' id='word_1_475' title='bbox 877 4797 1028 4870; x_wconf 89' lang='lat' dir='ltr'><strong>quod</strong></span> <span class='ocrx_word' id='word_1_476' title='bbox 1067 4796 1336 4852; x_wconf 89' lang='lat' dir='ltr'><strong>Dominus</strong></span> <span class='ocrx_word' id='word_1_477' title='bbox 1383 4797 1518 4852; x_wconf 89' lang='lat' dir='ltr'><strong>dicit</strong></span> <span class='ocrx_word' id='word_1_478' title='bbox 1551 4814 1565 4852; x_wconf 88' lang='lat'>:</span> <span class='ocrx_word' id='word_1_479' title='bbox 1595 4799 1872 4854; x_wconf 83' lang='lat' dir='ltr'><strong>Attendite</strong></span> 
     </span>
    </p>
   </div>
   <div class='ocr_carea' id='block_1_58' title="bbox 230 4891 1871 4965">
    <p class='ocr_par' dir='ltr' id='par_1_58' title="bbox 230 4891 1871 4965">
     <span class='ocr_line' id='line_1_58' title="bbox 230 4891 1871 4965; baseline -0.001 -16"><span class='ocrx_word' id='word_1_480' title='bbox 230 4913 297 4949; x_wconf 68' lang='lat' dir='ltr'><strong>nc</strong></span> <span class='ocrx_word' id='word_1_481' title='bbox 323 4897 618 4965; x_wconf 79' lang='lat' dir='ltr'><strong>graventur</strong></span> <span class='ocrx_word' id='word_1_482' title='bbox 645 4892 810 4948; x_wconf 86' lang='lat' dir='ltr'><strong>corda</strong></span> <span class='ocrx_word' id='word_1_483' title='bbox 852 4896 1034 4946; x_wconf 84' lang='lat' dir='ltr'><strong>vestra</strong></span> <span class='ocrx_word' id='word_1_484' title='bbox 1060 4894 1116 4945; x_wconf 90' lang='lat' dir='ltr'><strong>in</strong></span> <span class='ocrx_word' id='word_1_485' title='bbox 1141 4891 1367 4960; x_wconf 85' lang='lat' dir='ltr'><strong>crapula</strong></span> <span class='ocrx_word' id='word_1_486' title='bbox 1396 4895 1446 4946; x_wconf 87' lang='lat' dir='ltr'><strong>et</strong></span> <span class='ocrx_word' id='word_1_487' title='bbox 1473 4892 1764 4960; x_wconf 76' lang='lat' dir='ltr'><strong>ebrietate;</strong></span> <span class='ocrx_word' id='word_1_488' title='bbox 1798 4893 1871 4947; x_wconf 85' lang='lat' dir='ltr'><strong>ita</strong></span> 
     </span>
    </p>
   </div>
   <div class='ocr_carea' id='block_1_59' title="bbox 229 4983 1874 5056">
    <p class='ocr_par' dir='ltr' id='par_1_59' title="bbox 229 4983 1874 5056">
     <span class='ocr_line' id='line_1_59' title="bbox 229 4983 1874 5056; baseline -0.001 -13"><span class='ocrx_word' id='word_1_489' title='bbox 229 4991 414 5044; x_wconf 81' lang='lat' dir='ltr'><strong>homo</strong></span> <span class='ocrx_word' id='word_1_490' title='bbox 437 4986 676 5042; x_wconf 87' lang='lat' dir='ltr'><strong>interior</strong></span> <span class='ocrx_word' id='word_1_491' title='bbox 712 4985 774 5040; x_wconf 89' lang='lat' dir='ltr'><strong>in</strong></span> <span class='ocrx_word' id='word_1_492' title='bbox 806 4983 1034 5056; x_wconf 86' lang='lat' dir='ltr'><strong>vigiliis,</strong></span> <span class='ocrx_word' id='word_1_493' title='bbox 1058 4983 1312 5055; x_wconf 84' lang='lat' dir='ltr'><strong>jejuniis,</strong></span> <span class='ocrx_word' id='word_1_494' title='bbox 1342 4987 1400 5039; x_wconf 91' lang='lat' dir='ltr'><strong>et</strong></span> <span class='ocrx_word' id='word_1_495' title='bbox 1422 4985 1786 5055; x_wconf 83' lang='lat' dir='ltr'><strong>orationibus,</strong></span> <span class='ocrx_word' id='word_1_496' title='bbox 1817 4991 1874 5042; x_wconf 91' lang='lat' dir='ltr'><strong>et</strong></span> 
     </span>
    </p>
   </div>
   <div class='ocr_carea' id='block_1_60' title="bbox 228 5078 1870 5150">
    <p class='ocr_par' dir='ltr' id='par_1_60' title="bbox 228 5078 1870 5150">
     <span class='ocr_line' id='line_1_60' title="bbox 228 5078 1870 5150; baseline 0.001 -18"><span class='ocrx_word' id='word_1_497' title='bbox 228 5081 455 5138; x_wconf 74' lang='lat' dir='ltr'><strong>r-zrteris</strong></span> <span class='ocrx_word' id='word_1_498' title='bbox 489 5080 652 5135; x_wconf 90' lang='lat' dir='ltr'><strong>bonis</strong></span> <span class='ocrx_word' id='word_1_499' title='bbox 689 5078 972 5150; x_wconf 89' lang='lat' dir='ltr'><strong>operibus.</strong></span> <span class='ocrx_word' id='word_1_500' title='bbox 1027 5079 1099 5134; x_wconf 82' lang='lat' dir='ltr'><strong>Er</strong></span> <span class='ocrx_word' id='word_1_501' title='bbox 1139 5093 1382 5133; x_wconf 76' lang='lat' dir='ltr'><strong>VlGlLA&#39;l‘F.</strong></span> <span class='ocrx_word' id='word_1_502' title='bbox 1413 5079 1586 5149; x_wconf 88' lang='lat' dir='ltr'><strong>juste.</strong></span> <span class='ocrx_word' id='word_1_503' title='bbox 1624 5079 1870 5150; x_wconf 84' lang='lat' dir='ltr'><strong>Vigilare</strong></span> 
     </span>
    </p>
   </div>
   <div class='ocr_carea' id='block_1_61' title="bbox 1975 2551 3606 2629">
    <p class='ocr_par' dir='ltr' id='par_1_61' title="bbox 1975 2551 3606 2629">
     <span class='ocr_line' id='line_1_61' title="bbox 1975 2551 3606 2629; baseline 0 -22"><span class='ocrx_word' id='word_1_504' title='bbox 1975 2554 2296 2610; x_wconf 88' lang='lat' dir='ltr'><strong>inardescit.</strong></span> <span class='ocrx_word' id='word_1_505' title='bbox 2330 2555 2555 2612; x_wconf 89' lang='lat' dir='ltr'><strong>Scilicet</strong></span> <span class='ocrx_word' id='word_1_506' title='bbox 2583 2561 2682 2612; x_wconf 90' lang='lat' dir='ltr'><strong>aut</strong></span> <span class='ocrx_word' id='word_1_507' title='bbox 2719 2572 2823 2629; x_wconf 86' lang='lat' dir='ltr'><strong>per</strong></span> <span class='ocrx_word' id='word_1_508' title='bbox 2845 2557 3134 2612; x_wconf 78' lang='lat' dir='ltr'><strong>dexteram</strong></span> <span class='ocrx_word' id='word_1_509' title='bbox 3156 2573 3174 2624; x_wconf 71' lang='grc' dir='ltr'><strong><em>ς</em></strong></span> <span class='ocrx_word' id='word_1_510' title='bbox 3207 2557 3430 2621; x_wconf 81' lang='lat' dir='ltr'><strong>tentans</strong></span> <span class='ocrx_word' id='word_1_511' title='bbox 3453 2551 3606 2608; x_wconf 90' lang='lat' dir='ltr'><strong>enim</strong></span> 
     </span>
    </p>
   </div>
   <div class='ocr_carea' id='block_1_62' title="bbox 1973 2645 3604 2720">
    <p class='ocr_par' dir='ltr' id='par_1_62' title="bbox 1973 2645 3604 2720">
     <span class='ocr_line' id='line_1_62' title="bbox 1973 2645 3604 2720; baseline -0.001 -20"><span class='ocrx_word' id='word_1_512' title='bbox 1973 2646 2266 2702; x_wconf 86' lang='lat' dir='ltr'><strong>hominem</strong></span> <span class='ocrx_word' id='word_1_513' title='bbox 2295 2647 2353 2703; x_wconf 91' lang='lat' dir='ltr'><strong>in</strong></span> <span class='ocrx_word' id='word_1_514' title='bbox 2379 2649 2598 2720; x_wconf 84' lang='lat' dir='ltr'><strong>majora</strong></span> <span class='ocrx_word' id='word_1_515' title='bbox 2621 2649 2777 2715; x_wconf 85' lang='lat' dir='ltr'><strong>vitia,</strong></span> <span class='ocrx_word' id='word_1_516' title='bbox 2808 2649 2854 2704; x_wconf 91' lang='lat' dir='ltr'><strong>si</strong></span> <span class='ocrx_word' id='word_1_517' title='bbox 2880 2649 3136 2720; x_wconf 89' lang='lat' dir='ltr'><strong>decipere</strong></span> <span class='ocrx_word' id='word_1_518' title='bbox 3170 2664 3285 2704; x_wconf 90' lang='lat' dir='ltr'><strong>non</strong></span> <span class='ocrx_word' id='word_1_519' title='bbox 3318 2645 3604 2718; x_wconf 65' lang='lat' dir='ltr'><strong>praevalet,</strong></span> 
     </span>
    </p>
   </div>
   <div class='ocr_carea' id='block_1_63' title="bbox 1973 2739 3606 2814">
    <p class='ocr_par' dir='ltr' id='par_1_63' title="bbox 1973 2739 3606 2814">
     <span class='ocr_line' id='line_1_63' title="bbox 1973 2739 3606 2814; baseline -0.001 -20"><span class='ocrx_word' id='word_1_520' title='bbox 1973 2740 2195 2795; x_wconf 90' lang='lat' dir='ltr'><strong>minora</strong></span> <span class='ocrx_word' id='word_1_521' title='bbox 2239 2741 2432 2812; x_wconf 83' lang='lat' dir='ltr'><strong>infert,</strong></span> <span class='ocrx_word' id='word_1_522' title='bbox 2480 2747 2536 2797; x_wconf 91' lang='lat' dir='ltr'><strong>et</strong></span> <span class='ocrx_word' id='word_1_523' title='bbox 2587 2743 2656 2798; x_wconf 90' lang='lat' dir='ltr'><strong>de</strong></span> <span class='ocrx_word' id='word_1_524' title='bbox 2697 2743 2848 2797; x_wconf 91' lang='lat' dir='ltr'><strong>bono</strong></span> <span class='ocrx_word' id='word_1_525' title='bbox 2891 2743 3043 2814; x_wconf 89' lang='lat' dir='ltr'><strong>quod</strong></span> <span class='ocrx_word' id='word_1_526' title='bbox 3086 2741 3236 2797; x_wconf 88' lang='lat' dir='ltr'><strong>videt</strong></span> <span class='ocrx_word' id='word_1_527' title='bbox 3279 2739 3606 2810; x_wconf 87' lang='lat' dir='ltr'><strong>superbiam</strong></span> 
     </span>
    </p>
   </div>
   <div class='ocr_carea' id='block_1_64' title="bbox 1973 2831 3602 2907">
    <p class='ocr_par' dir='ltr' id='par_1_64' title="bbox 1973 2831 3602 2907">
     <span class='ocr_line' id='line_1_64' title="bbox 1973 2831 3602 2907; baseline -0.002 -19"><span class='ocrx_word' id='word_1_528' title='bbox 1973 2834 2201 2906; x_wconf 88' lang='lat' dir='ltr'><strong>ingerit,</strong></span> <span class='ocrx_word' id='word_1_529' title='bbox 2217 2838 2279 2890; x_wconf 90' lang='lat' dir='ltr'><strong>ut</strong></span> <span class='ocrx_word' id='word_1_530' title='bbox 2293 2834 2371 2889; x_wconf 90' lang='lat' dir='ltr'><strong>sic</strong></span> <span class='ocrx_word' id='word_1_531' title='bbox 2387 2851 2490 2906; x_wconf 90' lang='lat' dir='ltr'><strong>per</strong></span> <span class='ocrx_word' id='word_1_532' title='bbox 2509 2836 2796 2891; x_wconf 84' lang='lat' dir='ltr'><strong>dexteram</strong></span> <span class='ocrx_word' id='word_1_533' title='bbox 2819 2839 3036 2907; x_wconf 87' lang='lat' dir='ltr'><strong>partem</strong></span> <span class='ocrx_word' id='word_1_534' title='bbox 3057 2833 3428 2906; x_wconf 87' lang='lat' dir='ltr'><strong>ingrediatur.</strong></span> <span class='ocrx_word' id='word_1_535' title='bbox 3441 2831 3602 2900; x_wconf 84' lang='lat' dir='ltr'><strong>Quia,</strong></span> 
     </span>
    </p>
   </div>
   <div class='ocr_carea' id='block_1_65' title="bbox 1972 2925 3606 3002">
    <p class='ocr_par' dir='ltr' id='par_1_65' title="bbox 1972 2925 3606 3002">
     <span class='ocr_line' id='line_1_65' title="bbox 1972 2925 3606 3002; baseline -0.001 -21"><span class='ocrx_word' id='word_1_536' title='bbox 1972 2933 2036 2982; x_wconf 87' lang='lat' dir='ltr'><strong>ut</strong></span> <span class='ocrx_word' id='word_1_537' title='bbox 2061 2927 2176 2982; x_wconf 83' lang='lat' dir='ltr'><strong>dixi</strong></span> <span class='ocrx_word' id='word_1_538' title='bbox 2201 2927 2270 2982; x_wconf 85' lang='lat' dir='ltr'><strong>ab</strong></span> <span class='ocrx_word' id='word_1_539' title='bbox 2297 2928 2477 2999; x_wconf 90' lang='lat' dir='ltr'><strong>initio,</strong></span> <span class='ocrx_word' id='word_1_540' title='bbox 2512 2945 2580 2984; x_wconf 87' lang='lat' dir='ltr'><strong>ex</strong></span> <span class='ocrx_word' id='word_1_541' title='bbox 2607 2946 2720 3002; x_wconf 90' lang='lat' dir='ltr'><strong>quo</strong></span> <span class='ocrx_word' id='word_1_542' title='bbox 2746 2929 2963 3000; x_wconf 90' lang='lat' dir='ltr'><strong>primus</strong></span> <span class='ocrx_word' id='word_1_543' title='bbox 2995 2929 3168 2984; x_wconf 90' lang='lat' dir='ltr'><strong>homo</strong></span> <span class='ocrx_word' id='word_1_544' title='bbox 3186 2929 3376 2999; x_wconf 89' lang='lat' dir='ltr'><strong>justus</strong></span> <span class='ocrx_word' id='word_1_545' title='bbox 3404 2925 3544 2980; x_wconf 86' lang='lat' dir='ltr'><strong>Abel</strong></span> <span class='ocrx_word' id='word_1_546' title='bbox 3572 2941 3606 2980; x_wconf 88' lang='lat' dir='ltr'><strong>a</strong></span> 
     </span>
    </p>
   </div>
   <div class='ocr_carea' id='block_1_66' title="bbox 1977 3022 3606 3094">
    <p class='ocr_par' dir='ltr' id='par_1_66' title="bbox 1977 3022 3606 3094">
     <span class='ocr_line' id='line_1_66' title="bbox 1977 3022 3606 3094; baseline -0.001 -20"><span class='ocrx_word' id='word_1_547' title='bbox 1977 3022 2096 3076; x_wconf 70' lang='lat' dir='ltr'><strong>(Jan</strong></span> <span class='ocrx_word' id='word_1_548' title='bbox 2136 3022 2308 3077; x_wconf 77' lang='lat' dir='ltr'><strong>fratre</strong></span> <span class='ocrx_word' id='word_1_549' title='bbox 2337 3037 2442 3076; x_wconf 90' lang='lat' dir='ltr'><strong>suo</strong></span> <span class='ocrx_word' id='word_1_550' title='bbox 2472 3038 2575 3094; x_wconf 89' lang='lat' dir='ltr'><strong>per</strong></span> <span class='ocrx_word' id='word_1_551' title='bbox 2600 3022 2870 3078; x_wconf 87' lang='lat' dir='ltr'><strong>invidiam</strong></span> <span class='ocrx_word' id='word_1_552' title='bbox 2899 3027 2984 3078; x_wconf 89' lang='lat' dir='ltr'><strong>est</strong></span> <span class='ocrx_word' id='word_1_553' title='bbox 3009 3023 3404 3094; x_wconf 90' lang='lat' dir='ltr'><strong>interemptus,</strong></span> <span class='ocrx_word' id='word_1_554' title='bbox 3425 3033 3606 3091; x_wconf 89' lang='lat' dir='ltr'><strong>usque</strong></span> 
     </span>
    </p>
   </div>
   <div class='ocr_carea' id='block_1_67' title="bbox 1974 3113 3604 3188">
    <p class='ocr_par' dir='ltr' id='par_1_67' title="bbox 1974 3113 3604 3188">
     <span class='ocr_line' id='line_1_67' title="bbox 1974 3113 3604 3188; baseline -0.001 -20"><span class='ocrx_word' id='word_1_555' title='bbox 1974 3115 2046 3168; x_wconf 89' lang='lat' dir='ltr'><strong>ad</strong></span> <span class='ocrx_word' id='word_1_556' title='bbox 2075 3113 2344 3169; x_wconf 87' lang='lat' dir='ltr'><strong>ultimum</strong></span> <span class='ocrx_word' id='word_1_557' title='bbox 2372 3120 2650 3186; x_wconf 87' lang='lat' dir='ltr'><strong>sanctum,</strong></span> <span class='ocrx_word' id='word_1_558' title='bbox 2681 3116 2779 3188; x_wconf 85' lang='lat' dir='ltr'><strong>qui</strong></span> <span class='ocrx_word' id='word_1_559' title='bbox 2818 3117 2878 3171; x_wconf 90' lang='lat' dir='ltr'><strong>in</strong></span> <span class='ocrx_word' id='word_1_560' title='bbox 2919 3115 3092 3170; x_wconf 87' lang='lat' dir='ltr'><strong>ﬁnem</strong></span> <span class='ocrx_word' id='word_1_561' title='bbox 3138 3115 3455 3170; x_wconf 87' lang='lat' dir='ltr'><strong>nasciturus</strong></span> <span class='ocrx_word' id='word_1_562' title='bbox 3499 3114 3604 3180; x_wconf 90' lang='lat' dir='ltr'><strong>est,</strong></span> 
     </span>
    </p>
   </div>
   <div class='ocr_carea' id='block_1_68' title="bbox 1973 3207 3606 3280">
    <p class='ocr_par' dir='ltr' id='par_1_68' title="bbox 1973 3207 3606 3280">
     <span class='ocr_line' id='line_1_68' title="bbox 1973 3207 3606 3280; baseline 0 -20"><span class='ocrx_word' id='word_1_563' title='bbox 1973 3207 2224 3262; x_wconf 86' lang='lat' dir='ltr'><strong>diabolus</strong></span> <span class='ocrx_word' id='word_1_564' title='bbox 2270 3209 2533 3280; x_wconf 87' lang='lat' dir='ltr'><strong>persequi</strong></span> <span class='ocrx_word' id='word_1_565' title='bbox 2578 3225 2694 3264; x_wconf 89' lang='lat' dir='ltr'><strong>non</strong></span> <span class='ocrx_word' id='word_1_566' title='bbox 2731 3213 2926 3265; x_wconf 84' lang='lat' dir='ltr'><strong>cessat.</strong></span> <span class='ocrx_word' id='word_1_567' title='bbox 2965 3212 3064 3265; x_wconf 78' lang='lat' dir='ltr'><strong>CUI</strong></span> <span class='ocrx_word' id='word_1_568' title='bbox 3101 3225 3374 3264; x_wconf 77' lang='lat' dir='ltr'><strong>RESISTITE</strong></span> <span class='ocrx_word' id='word_1_569' title='bbox 3415 3221 3606 3261; x_wconf 64' lang='lat' dir='ltr'><strong>nonres</strong></span> 
     </span>
    </p>
   </div>
   <div class='ocr_carea' id='block_1_69' title="bbox 1975 3301 3606 3374">
    <p class='ocr_par' dir='ltr' id='par_1_69' title="bbox 1975 3301 3606 3374">
     <span class='ocr_line' id='line_1_69' title="bbox 1975 3301 3606 3374; baseline -0.002 -19"><span class='ocrx_word' id='word_1_570' title='bbox 1975 3317 2024 3356; x_wconf 76' lang='lat' dir='ltr'>IN</span> <span class='ocrx_word' id='word_1_571' title='bbox 2060 3317 2198 3356; x_wconf 75' lang='lat' dir='ltr'><strong>rma.</strong></span> <span class='ocrx_word' id='word_1_572' title='bbox 2232 3301 2536 3356; x_wconf 87' lang='lat' dir='ltr'><strong>lmitamini</strong></span> <span class='ocrx_word' id='word_1_573' title='bbox 2564 3319 2700 3374; x_wconf 89' lang='lat' dir='ltr'><strong>ergo</strong></span> <span class='ocrx_word' id='word_1_574' title='bbox 2725 3303 3034 3373; x_wconf 88' lang='lat' dir='ltr'><strong>Christum,</strong></span> <span class='ocrx_word' id='word_1_575' title='bbox 3056 3303 3154 3374; x_wconf 82' lang='lat' dir='ltr'><strong>qui</strong></span> <span class='ocrx_word' id='word_1_576' title='bbox 3181 3301 3467 3356; x_wconf 89' lang='lat' dir='ltr'><strong>diabolum</strong></span> <span class='ocrx_word' id='word_1_577' title='bbox 3487 3304 3606 3354; x_wconf 90' lang='lat' dir='ltr'><strong>ten-</strong></span> 
     </span>
    </p>
   </div>
   <div class='ocr_carea' id='block_1_70' title="bbox 1973 3393 3600 3466">
    <p class='ocr_par' dir='ltr' id='par_1_70' title="bbox 1973 3393 3600 3466">
     <span class='ocr_line' id='line_1_70' title="bbox 1973 3393 3600 3466; baseline -0.001 -18"><span class='ocrx_word' id='word_1_578' title='bbox 1973 3399 2211 3448; x_wconf 81' lang='lat' dir='ltr'><strong>tatorem</strong></span> <span class='ocrx_word' id='word_1_579' title='bbox 2239 3395 2294 3448; x_wconf 92' lang='lat' dir='ltr'><strong>in</strong></span> <span class='ocrx_word' id='word_1_580' title='bbox 2323 3395 2545 3450; x_wconf 85' lang='lat' dir='ltr'><strong>deserto</strong></span> <span class='ocrx_word' id='word_1_581' title='bbox 2575 3395 2722 3452; x_wconf 84' lang='lat' dir='ltr'><strong>vicit.</strong></span> <span class='ocrx_word' id='word_1_582' title='bbox 2757 3398 2822 3452; x_wconf 87' lang='lat' dir='ltr'><strong>Et</strong></span> <span class='ocrx_word' id='word_1_583' title='bbox 2848 3401 3002 3466; x_wconf 88' lang='lat' dir='ltr'><strong>nota,</strong></span> <span class='ocrx_word' id='word_1_584' title='bbox 3035 3395 3166 3466; x_wconf 90' lang='lat' dir='ltr'><strong>quia</strong></span> <span class='ocrx_word' id='word_1_585' title='bbox 3199 3411 3328 3449; x_wconf 90' lang='lat' dir='ltr'><strong>cum</strong></span> <span class='ocrx_word' id='word_1_586' title='bbox 3359 3393 3493 3447; x_wconf 89' lang='lat' dir='ltr'><strong>dicit</strong></span> <span class='ocrx_word' id='word_1_587' title='bbox 3517 3407 3600 3446; x_wconf 85' lang='lat' dir='ltr'><strong>re-</strong></span> 
     </span>
    </p>
   </div>
   <div class='ocr_carea' id='block_1_71' title="bbox 1968 3481 3605 3560">
    <p class='ocr_par' dir='ltr' id='par_1_71' title="bbox 1968 3481 3605 3560">
     <span class='ocr_line' id='line_1_71' title="bbox 1968 3481 3605 3560; baseline -0.002 -18"><span class='ocrx_word' id='word_1_588' title='bbox 1968 3490 2158 3550; x_wconf 83' lang='lat' dir='ltr'><strong>sistite,</strong></span> <span class='ocrx_word' id='word_1_589' title='bbox 2189 3487 2404 3543; x_wconf 90' lang='lat' dir='ltr'><strong>addidit</strong></span> <span class='ocrx_word' id='word_1_590' title='bbox 2442 3491 2500 3543; x_wconf 88' lang='lat' dir='ltr'><strong>in</strong></span> <span class='ocrx_word' id='word_1_591' title='bbox 2541 3490 2666 3558; x_wconf 85' lang='lat' dir='ltr'><strong>ﬁde,</strong></span> <span class='ocrx_word' id='word_1_592' title='bbox 2697 3489 2831 3560; x_wconf 88' lang='lat' dir='ltr'><strong>quia</strong></span> <span class='ocrx_word' id='word_1_593' title='bbox 2857 3489 3018 3543; x_wconf 90' lang='lat' dir='ltr'><strong>nulla</strong></span> <span class='ocrx_word' id='word_1_594' title='bbox 3058 3488 3235 3542; x_wconf 88' lang='lat' dir='ltr'><strong>virtus</strong></span> <span class='ocrx_word' id='word_1_595' title='bbox 3278 3485 3354 3540; x_wconf 89' lang='lat' dir='ltr'><strong>sic</strong></span> <span class='ocrx_word' id='word_1_596' title='bbox 3397 3481 3605 3556; x_wconf 76' lang='lat' dir='ltr'><strong>pritcrit</strong></span> 
     </span>
    </p>
   </div>
   <div class='ocr_carea' id='block_1_72' title="bbox 1971 3579 3603 3654">
    <p class='ocr_par' dir='ltr' id='par_1_72' title="bbox 1971 3579 3603 3654">
     <span class='ocr_line' id='line_1_72' title="bbox 1971 3579 3603 3654; baseline -0.002 -19"><span class='ocrx_word' id='word_1_597' title='bbox 1971 3580 2259 3636; x_wconf 89' lang='lat' dir='ltr'><strong>diabolum</strong></span> <span class='ocrx_word' id='word_1_598' title='bbox 2289 3586 2570 3652; x_wconf 87' lang='lat' dir='ltr'><strong>prostrare</strong></span> <span class='ocrx_word' id='word_1_599' title='bbox 2599 3581 2884 3654; x_wconf 89' lang='lat' dir='ltr'><strong>quomodo</strong></span> <span class='ocrx_word' id='word_1_600' title='bbox 2913 3582 3050 3637; x_wconf 75' lang='lat' dir='ltr'><strong>fides</strong></span> <span class='ocrx_word' id='word_1_601' title='bbox 3085 3581 3356 3652; x_wconf 86' lang='lat' dir='ltr'><strong>perfecta,</strong></span> <span class='ocrx_word' id='word_1_602' title='bbox 3390 3579 3460 3634; x_wconf 89' lang='lat' dir='ltr'><strong>de</strong></span> <span class='ocrx_word' id='word_1_603' title='bbox 3487 3595 3603 3650; x_wconf 87' lang='lat' dir='ltr'><strong>qua</strong></span> 
     </span>
    </p>
   </div>
   <div class='ocr_carea' id='block_1_73' title="bbox 1970 3672 3600 3746">
    <p class='ocr_par' dir='ltr' id='par_1_73' title="bbox 1970 3672 3600 3746">
     <span class='ocr_line' id='line_1_73' title="bbox 1970 3672 3600 3746; baseline -0.002 -17"><span class='ocrx_word' id='word_1_604' title='bbox 1970 3675 2244 3730; x_wconf 91' lang='lat' dir='ltr'><strong>Dominus</strong></span> <span class='ocrx_word' id='word_1_605' title='bbox 2279 3691 2292 3730; x_wconf 91' lang='lat'>:</span> <span class='ocrx_word' id='word_1_606' title='bbox 2327 3675 2389 3730; x_wconf 90' lang='lat' dir='ltr'><strong>Si</strong></span> <span class='ocrx_word' id='word_1_607' title='bbox 2410 3676 2675 3730; x_wconf 83' lang='lat' dir='ltr'><strong>haberetis</strong></span> <span class='ocrx_word' id='word_1_608' title='bbox 2697 3677 2856 3746; x_wconf 82' lang='lat' dir='ltr'><strong>ﬁdem</strong></span> <span class='ocrx_word' id='word_1_609' title='bbox 2891 3680 2952 3730; x_wconf 88' lang='lat' dir='ltr'><strong>ut</strong></span> <span class='ocrx_word' id='word_1_610' title='bbox 2986 3691 3216 3743; x_wconf 83' lang='lat' dir='ltr'><strong>granum</strong></span> <span class='ocrx_word' id='word_1_611' title='bbox 3267 3675 3474 3744; x_wconf 84' lang='lat' dir='ltr'><strong>sinapis</strong></span> <span class='ocrx_word' id='word_1_612' title='bbox 3513 3672 3600 3726; x_wconf 89' lang='lat' dir='ltr'><strong>di-</strong></span> 
     </span>
    </p>
   </div>
   <div class='ocr_carea' id='block_1_74' title="bbox 1968 3769 3246 3832">
    <p class='ocr_par' dir='ltr' id='par_1_74' title="bbox 1968 3769 3246 3832">
     <span class='ocr_line' id='line_1_74' title="bbox 1968 3769 3246 3832; baseline 0.001 -9"><span class='ocrx_word' id='word_1_613' title='bbox 1968 3772 2154 3824; x_wconf 86' lang='lat' dir='ltr'><strong>ceretis</strong></span> <span class='ocrx_word' id='word_1_614' title='bbox 2180 3770 2301 3824; x_wconf 88' lang='lat' dir='ltr'><strong>huic</strong></span> <span class='ocrx_word' id='word_1_615' title='bbox 2322 3771 2506 3832; x_wconf 86' lang='lat' dir='ltr'><strong>monti,</strong></span> <span class='ocrx_word' id='word_1_616' title='bbox 2536 3772 2791 3832; x_wconf 86' lang='lat' dir='ltr'><strong>transire,</strong></span> <span class='ocrx_word' id='word_1_617' title='bbox 2819 3771 3056 3826; x_wconf 88' lang='lat' dir='ltr'><strong>obcdiret</strong></span> <span class='ocrx_word' id='word_1_618' title='bbox 3079 3769 3246 3824; x_wconf 80' lang='lat' dir='ltr'><strong>vobis.</strong></span> 
     </span>
    </p>
   </div>
   <div class='ocr_carea' id='block_1_75' title="bbox 2041 3863 3600 3928">
    <p class='ocr_par' dir='ltr' id='par_1_75' title="bbox 2041 3863 3600 3928">
     <span class='ocr_line' id='line_1_75' title="bbox 2041 3863 3600 3928; baseline -0.001 -10"><span class='ocrx_word' id='word_1_619' title='bbox 2041 3863 2302 3918; x_wconf 80' lang='lat' dir='ltr'><strong>SCIENTES</strong></span> <span class='ocrx_word' id='word_1_620' title='bbox 2337 3879 2554 3919; x_wconf 72' lang='lat' dir='ltr'><strong>EAMDEM</strong></span> <span class='ocrx_word' id='word_1_621' title='bbox 2589 3879 2892 3920; x_wconf 77' lang='lat' dir='ltr'><strong>PASSIONEM</strong></span> <span class='ocrx_word' id='word_1_622' title='bbox 2929 3881 2978 3920; x_wconf 83' lang='grc' dir='ltr'><strong>ΕΙ</strong></span> <span class='ocrx_word' id='word_1_623' title='bbox 3011 3879 3132 3927; x_wconf 68' lang='grc' dir='ltr'><strong>ρυλε</strong></span> <span class='ocrx_word' id='word_1_624' title='bbox 3169 3879 3224 3920; x_wconf 81' lang='lat' dir='ltr'><strong>IN</strong></span> <span class='ocrx_word' id='word_1_625' title='bbox 3259 3878 3443 3918; x_wconf 69' lang='lat' dir='ltr'><strong>HUNDO</strong></span> <span class='ocrx_word' id='word_1_626' title='bbox 3488 3877 3600 3928; x_wconf 82' lang='lat' dir='ltr'><strong>EST,</strong></span> 
     </span>
    </p>
   </div>
   <div class='ocr_carea' id='block_1_76' title="bbox 1970 3956 3603 4028">
    <p class='ocr_par' dir='ltr' id='par_1_76' title="bbox 1970 3956 3603 4028">
     <span class='ocr_line' id='line_1_76' title="bbox 1970 3956 3603 4028; baseline -0.001 -17"><span class='ocrx_word' id='word_1_627' title='bbox 1970 3973 2179 4012; x_wconf 61' lang='lat' dir='ltr'><strong>vasus;</strong></span> <span class='ocrx_word' id='word_1_628' title='bbox 2243 3973 2655 4014; x_wconf 73' lang='lat' dir='ltr'><strong>FRATEBNITATIS</strong></span> <span class='ocrx_word' id='word_1_629' title='bbox 2717 3974 2878 4013; x_wconf 77' lang='lat' dir='ltr'><strong>FlEltl.</strong></span> <span class='ocrx_word' id='word_1_630' title='bbox 2951 3957 3220 4012; x_wconf 86' lang='lat' dir='ltr'><strong>Eamdem</strong></span> <span class='ocrx_word' id='word_1_631' title='bbox 3283 3956 3603 4028; x_wconf 89' lang='lat' dir='ltr'><strong>passionem</strong></span> 
     </span>
    </p>
   </div>
   <div class='ocr_carea' id='block_1_77' title="bbox 1972 4049 3606 4124">
    <p class='ocr_par' dir='ltr' id='par_1_77' title="bbox 1972 4049 3606 4124">
     <span class='ocr_line' id='line_1_77' title="bbox 1972 4049 3606 4124; baseline 0 -20"><span class='ocrx_word' id='word_1_632' title='bbox 1972 4050 2109 4104; x_wconf 87' lang='lat' dir='ltr'><strong>dicit</strong></span> <span class='ocrx_word' id='word_1_633' title='bbox 2133 4051 2192 4105; x_wconf 92' lang='lat' dir='ltr'><strong>in</strong></span> <span class='ocrx_word' id='word_1_634' title='bbox 2217 4051 2452 4119; x_wconf 89' lang='lat' dir='ltr'><strong>mundo,</strong></span> <span class='ocrx_word' id='word_1_635' title='bbox 2475 4050 2684 4106; x_wconf 84' lang='lat' dir='ltr'><strong>scilicet</strong></span> <span class='ocrx_word' id='word_1_636' title='bbox 2713 4068 2886 4124; x_wconf 90' lang='lat' dir='ltr'><strong>quam</strong></span> <span class='ocrx_word' id='word_1_637' title='bbox 2919 4050 3176 4106; x_wconf 77' lang='lat' dir='ltr'><strong>universa</strong></span> <span class='ocrx_word' id='word_1_638' title='bbox 3195 4049 3407 4122; x_wconf 88' lang='lat' dir='ltr'><strong>patitur</strong></span> <span class='ocrx_word' id='word_1_639' title='bbox 3426 4050 3606 4105; x_wconf 85' lang='lat' dir='ltr'><strong>Eccle-</strong></span> 
     </span>
    </p>
   </div>
   <div class='ocr_carea' id='block_1_78' title="bbox 1971 4143 3605 4216">
    <p class='ocr_par' dir='ltr' id='par_1_78' title="bbox 1971 4143 3605 4216">
     <span class='ocr_line' id='line_1_78' title="bbox 1971 4143 3605 4216; baseline -0.001 -18"><span class='ocrx_word' id='word_1_640' title='bbox 1971 4145 2072 4199; x_wconf 89' lang='lat' dir='ltr'><strong>sia.</strong></span> <span class='ocrx_word' id='word_1_641' title='bbox 2103 4145 2298 4199; x_wconf 87' lang='lat' dir='ltr'><strong>Nullus</strong></span> <span class='ocrx_word' id='word_1_642' title='bbox 2326 4145 2479 4200; x_wconf 87' lang='lat' dir='ltr'><strong>enim</strong></span> <span class='ocrx_word' id='word_1_643' title='bbox 2511 4145 2692 4200; x_wconf 86' lang='lat' dir='ltr'><strong>ﬁdelis</strong></span> <span class='ocrx_word' id='word_1_644' title='bbox 2717 4145 2779 4200; x_wconf 89' lang='lat' dir='ltr'><strong>in</strong></span> <span class='ocrx_word' id='word_1_645' title='bbox 2816 4145 3032 4200; x_wconf 89' lang='lat' dir='ltr'><strong>mundo</strong></span> <span class='ocrx_word' id='word_1_646' title='bbox 3066 4148 3169 4214; x_wconf 91' lang='lat' dir='ltr'><strong>est,</strong></span> <span class='ocrx_word' id='word_1_647' title='bbox 3205 4144 3305 4216; x_wconf 89' lang='lat' dir='ltr'><strong>qni</strong></span> <span class='ocrx_word' id='word_1_648' title='bbox 3346 4143 3605 4198; x_wconf 90' lang='lat' dir='ltr'><strong>bravium</strong></span> 
     </span>
    </p>
   </div>
   <div class='ocr_carea' id='block_1_79' title="bbox 1972 4236 3696 4311">
    <p class='ocr_par' dir='ltr' id='par_1_79' title="bbox 1972 4236 3696 4311">
     <span class='ocr_line' id='line_1_79' title="bbox 1972 4236 3696 4311; baseline -0.001 -21"><span class='ocrx_word' id='word_1_649' title='bbox 1972 4237 2098 4293; x_wconf 68' lang='lat' dir='ltr'><strong>vitae</strong></span> <span class='ocrx_word' id='word_1_650' title='bbox 2141 4243 2368 4294; x_wconf 64' lang='lat' dir='ltr'><strong>internae</strong></span> <span class='ocrx_word' id='word_1_651' title='bbox 2411 4239 2698 4311; x_wconf 88' lang='lat' dir='ltr'><strong>percipere</strong></span> <span class='ocrx_word' id='word_1_652' title='bbox 2739 4239 2947 4310; x_wconf 89' lang='lat' dir='ltr'><strong>cupiat,</strong></span> <span class='ocrx_word' id='word_1_653' title='bbox 2981 4242 3042 4292; x_wconf 88' lang='lat' dir='ltr'><strong>ut</strong></span> <span class='ocrx_word' id='word_1_654' title='bbox 3075 4239 3195 4292; x_wconf 91' lang='lat' dir='ltr'><strong>sine</strong></span> <span class='ocrx_word' id='word_1_655' title='bbox 3233 4237 3490 4308; x_wconf 89' lang='lat' dir='ltr'><strong>passione</strong></span> <span class='ocrx_word' id='word_1_656' title='bbox 3533 4236 3604 4290; x_wconf 87' lang='lat' dir='ltr'><strong>ad</strong></span> <span class='ocrx_word' id='word_1_657' title='bbox 3691 4253 3696 4258; x_wconf 74' lang='grc'><em>’</em></span> 
     </span>
    </p>
   </div>
   <div class='ocr_carea' id='block_1_80' title="bbox 1971 4331 3598 4404">
    <p class='ocr_par' dir='ltr' id='par_1_80' title="bbox 1971 4331 3598 4404">
     <span class='ocr_line' id='line_1_80' title="bbox 1971 4331 3598 4404; baseline -0.002 -20"><span class='ocrx_word' id='word_1_658' title='bbox 1971 4337 2199 4402; x_wconf 84' lang='lat' dir='ltr'><strong>portum</strong></span> <span class='ocrx_word' id='word_1_659' title='bbox 2230 4333 2520 4404; x_wconf 87' lang='lat' dir='ltr'><strong>pervenire</strong></span> <span class='ocrx_word' id='word_1_660' title='bbox 2549 4331 2740 4403; x_wconf 89' lang='lat' dir='ltr'><strong>possit,</strong></span> <span class='ocrx_word' id='word_1_661' title='bbox 2771 4332 2936 4402; x_wconf 86' lang='lat' dir='ltr'><strong>juxta</strong></span> <span class='ocrx_word' id='word_1_662' title='bbox 2973 4331 3123 4403; x_wconf 89' lang='lat' dir='ltr'><strong>quod</strong></span> <span class='ocrx_word' id='word_1_663' title='bbox 3163 4331 3432 4400; x_wconf 90' lang='lat' dir='ltr'><strong>scriptum</strong></span> <span class='ocrx_word' id='word_1_664' title='bbox 3475 4331 3598 4382; x_wconf 86' lang='lat' dir='ltr'><strong>est:</strong></span> 
     </span>
    </p>
   </div>
   <div class='ocr_carea' id='block_1_81' title="bbox 1971 4424 3606 4494">
    <p class='ocr_par' dir='ltr' id='par_1_81' title="bbox 1971 4424 3606 4494">
     <span class='ocr_line' id='line_1_81' title="bbox 1971 4424 3606 4494; baseline -0.002 -14"><span class='ocrx_word' id='word_1_665' title='bbox 1971 4427 2158 4480; x_wconf 79' lang='lat' dir='ltr'><strong>Multae</strong></span> <span class='ocrx_word' id='word_1_666' title='bbox 2183 4426 2554 4480; x_wconf 79' lang='lat' dir='ltr'><strong>tribalationcs</strong></span> <span class='ocrx_word' id='word_1_667' title='bbox 2569 4426 2866 4494; x_wconf 85' lang='lat' dir='ltr'><strong>justorum,</strong></span> <span class='ocrx_word' id='word_1_668' title='bbox 2884 4431 2932 4480; x_wconf 86' lang='lat' dir='ltr'><strong>ct</strong></span> <span class='ocrx_word' id='word_1_669' title='bbox 2951 4426 3017 4479; x_wconf 86' lang='lat' dir='ltr'><strong>de</strong></span> <span class='ocrx_word' id='word_1_670' title='bbox 3038 4428 3120 4479; x_wconf 80' lang='lat' dir='ltr'><strong>his</strong></span> <span class='ocrx_word' id='word_1_671' title='bbox 3146 4425 3386 4479; x_wconf 82' lang='lat' dir='ltr'><strong>omnibus</strong></span> <span class='ocrx_word' id='word_1_672' title='bbox 3413 4424 3606 4478; x_wconf 85' lang='lat' dir='ltr'><strong>libera-</strong></span> 
     </span>
    </p>
   </div>
   <div class='ocr_carea' id='block_1_82' title="bbox 1976 4516 3606 4590">
    <p class='ocr_par' dir='ltr' id='par_1_82' title="bbox 1976 4516 3606 4590">
     <span class='ocr_line' id='line_1_82' title="bbox 1976 4516 3606 4590; baseline -0.002 -18"><span class='ocrx_word' id='word_1_673' title='bbox 1976 4522 2049 4572; x_wconf 74' lang='lat' dir='ltr'><strong>vit</strong></span> <span class='ocrx_word' id='word_1_674' title='bbox 2076 4533 2179 4572; x_wconf 85' lang='lat' dir='ltr'><strong>eos.</strong></span> <span class='ocrx_word' id='word_1_675' title='bbox 2220 4520 2286 4573; x_wconf 88' lang='lat' dir='ltr'><strong>Et</strong></span> <span class='ocrx_word' id='word_1_676' title='bbox 2316 4517 2462 4587; x_wconf 89' lang='lat' dir='ltr'><strong>ideo,</strong></span> <span class='ocrx_word' id='word_1_677' title='bbox 2495 4519 2537 4572; x_wconf 77' lang='lat' dir='ltr'><strong>si</strong></span> <span class='ocrx_word' id='word_1_678' title='bbox 2567 4518 2840 4572; x_wconf 85' lang='lat' dir='ltr'><strong>fuerimus</strong></span> <span class='ocrx_word' id='word_1_679' title='bbox 2871 4518 3002 4572; x_wconf 90' lang='lat' dir='ltr'><strong>socii</strong></span> <span class='ocrx_word' id='word_1_680' title='bbox 3035 4517 3326 4590; x_wconf 89' lang='lat' dir='ltr'><strong>passionis,</strong></span> <span class='ocrx_word' id='word_1_681' title='bbox 3357 4516 3522 4572; x_wconf 88' lang='lat' dir='ltr'><strong>simul</strong></span> <span class='ocrx_word' id='word_1_682' title='bbox 3548 4519 3606 4570; x_wconf 90' lang='lat' dir='ltr'><strong>et</strong></span> 
     </span>
    </p>
   </div>
   <div class='ocr_carea' id='block_1_83' title="bbox 1972 4611 3608 4674">
    <p class='ocr_par' dir='ltr' id='par_1_83' title="bbox 1972 4611 3608 4674">
     <span class='ocr_line' id='line_1_83' title="bbox 1972 4611 3608 4674; baseline 0 -10"><span class='ocrx_word' id='word_1_683' title='bbox 1972 4611 2396 4666; x_wconf 77' lang='lat' dir='ltr'><strong>resurrectionis</strong></span> <span class='ocrx_word' id='word_1_684' title='bbox 2423 4611 2653 4666; x_wconf 90' lang='lat' dir='ltr'><strong>erimus.</strong></span> <span class='ocrx_word' id='word_1_685' title='bbox 2677 4613 2744 4665; x_wconf 87' lang='lat' dir='ltr'><strong>Et</strong></span> <span class='ocrx_word' id='word_1_686' title='bbox 2761 4611 2891 4665; x_wconf 88' lang='lat' dir='ltr'><strong>alibi</strong></span> <span class='ocrx_word' id='word_1_687' title='bbox 2925 4628 2938 4666; x_wconf 91' lang='lat'><strong>:</strong></span> <span class='ocrx_word' id='word_1_688' title='bbox 2967 4615 3088 4670; x_wconf 85' lang='lat' dir='ltr'><strong>Non</strong></span> <span class='ocrx_word' id='word_1_689' title='bbox 3115 4612 3480 4674; x_wconf 88' lang='lat' dir='ltr'><strong>coronabitur,</strong></span> <span class='ocrx_word' id='word_1_690' title='bbox 3498 4613 3608 4665; x_wconf 87' lang='lat' dir='ltr'><strong>nisi</strong></span> 
     </span>
    </p>
   </div>
   <div class='ocr_carea' id='block_1_84' title="bbox 1971 4705 3606 4778">
    <p class='ocr_par' dir='ltr' id='par_1_84' title="bbox 1971 4705 3606 4778">
     <span class='ocr_line' id='line_1_84' title="bbox 1971 4705 3606 4778; baseline -0.001 -19"><span class='ocrx_word' id='word_1_691' title='bbox 1971 4707 2069 4776; x_wconf 87' lang='lat' dir='ltr'><strong>qui</strong></span> <span class='ocrx_word' id='word_1_692' title='bbox 2111 4705 2342 4772; x_wconf 82' lang='lat' dir='ltr'><strong>legitime</strong></span> <span class='ocrx_word' id='word_1_693' title='bbox 2384 4707 2687 4760; x_wconf 82' lang='lat' dir='ltr'><strong>certaverit.</strong></span> <span class='ocrx_word' id='word_1_694' title='bbox 2747 4706 2814 4760; x_wconf 88' lang='lat' dir='ltr'><strong>Et</strong></span> <span class='ocrx_word' id='word_1_695' title='bbox 2859 4707 3061 4762; x_wconf 88' lang='lat' dir='ltr'><strong>Paulus</strong></span> <span class='ocrx_word' id='word_1_696' title='bbox 3101 4706 3384 4778; x_wconf 89' lang='lat' dir='ltr'><strong>apostolus</strong></span> <span class='ocrx_word' id='word_1_697' title='bbox 3415 4723 3428 4760; x_wconf 91' lang='lat'><strong>:</strong></span> <span class='ocrx_word' id='word_1_698' title='bbox 3457 4707 3606 4761; x_wconf 87' lang='lat' dir='ltr'><strong>Foris</strong></span> 
     </span>
    </p>
   </div>
   <div class='ocr_carea' id='block_1_85' title="bbox 1965 4799 3606 4870">
    <p class='ocr_par' dir='ltr' id='par_1_85' title="bbox 1965 4799 3606 4870">
     <span class='ocr_line' id='line_1_85' title="bbox 1965 4799 3606 4870; baseline 0.001 -18"><span class='ocrx_word' id='word_1_699' title='bbox 1965 4815 2185 4870; x_wconf 70' lang='lat' dir='ltr'><strong>pugnas,</strong></span> <span class='ocrx_word' id='word_1_700' title='bbox 2231 4802 2380 4854; x_wconf 82' lang='lat' dir='ltr'><strong>intus</strong></span> <span class='ocrx_word' id='word_1_701' title='bbox 2425 4801 2656 4854; x_wconf 84' lang='lat' dir='ltr'><strong>timores.</strong></span> <span class='ocrx_word' id='word_1_702' title='bbox 2707 4803 2964 4855; x_wconf 85' lang='lat' dir='ltr'><strong>Attamen</strong></span> <span class='ocrx_word' id='word_1_703' title='bbox 3007 4817 3115 4855; x_wconf 86' lang='lat' dir='ltr'><strong>non</strong></span> <span class='ocrx_word' id='word_1_704' title='bbox 3157 4805 3283 4856; x_wconf 88' lang='lat' dir='ltr'><strong>sunt</strong></span> <span class='ocrx_word' id='word_1_705' title='bbox 3327 4799 3606 4866; x_wconf 77' lang='lat' dir='ltr'><strong>condignae</strong></span> 
     </span>
    </p>
   </div>
   <div class='ocr_carea' id='block_1_86' title="bbox 1970 4893 3607 4964">
    <p class='ocr_par' dir='ltr' id='par_1_86' title="bbox 1970 4893 3607 4964">
     <span class='ocr_line' id='line_1_86' title="bbox 1970 4893 3607 4964; baseline -0.001 -17"><span class='ocrx_word' id='word_1_706' title='bbox 1970 4895 2244 4964; x_wconf 86' lang='lat' dir='ltr'><strong>passiones</strong></span> <span class='ocrx_word' id='word_1_707' title='bbox 2268 4893 2425 4962; x_wconf 82' lang='lat' dir='ltr'><strong>hujus</strong></span> <span class='ocrx_word' id='word_1_708' title='bbox 2453 4895 2706 4964; x_wconf 68' lang='lat' dir='ltr'><strong>temporis</strong></span> <span class='ocrx_word' id='word_1_709' title='bbox 2733 4894 2807 4948; x_wconf 82' lang='lat' dir='ltr'><strong>ad</strong></span> <span class='ocrx_word' id='word_1_710' title='bbox 2829 4896 3077 4962; x_wconf 81' lang='lat' dir='ltr'><strong>futuram</strong></span> <span class='ocrx_word' id='word_1_711' title='bbox 3103 4895 3354 4962; x_wconf 84' lang='lat' dir='ltr'><strong>gloriam,</strong></span> <span class='ocrx_word' id='word_1_712' title='bbox 3382 4908 3502 4962; x_wconf 60' lang='lat' dir='ltr'><strong>qua</strong></span> <span class='ocrx_word' id='word_1_713' title='bbox 3527 4908 3607 4946; x_wconf 87' lang='lat' dir='ltr'><strong>re-</strong></span> 
     </span>
    </p>
   </div>
   <div class='ocr_carea' id='block_1_87' title="bbox 1970 4987 3605 5054">
    <p class='ocr_par' dir='ltr' id='par_1_87' title="bbox 1970 4987 3605 5054">
     <span class='ocr_line' id='line_1_87' title="bbox 1970 4987 3605 5054; baseline 0.001 -14"><span class='ocrx_word' id='word_1_714' title='bbox 1970 4987 2237 5042; x_wconf 78' lang='lat' dir='ltr'><strong>rclabitur</strong></span> <span class='ocrx_word' id='word_1_715' title='bbox 2259 4987 2503 5042; x_wconf 84' lang='lat' dir='ltr'><strong>innobis.</strong></span> <span class='ocrx_word' id='word_1_716' title='bbox 2537 4989 2678 5043; x_wconf 66' lang='grc' dir='ltr'><strong>Πειέ</strong></span> <span class='ocrx_word' id='word_1_717' title='bbox 2717 5005 2892 5043; x_wconf 64' lang='grc' dir='ltr'><strong>,κυτιιιι</strong></span> <span class='ocrx_word' id='word_1_718' title='bbox 2930 5003 3096 5044; x_wconf 76' lang='lat' dir='ltr'><strong>OMNIS</strong></span> <span class='ocrx_word' id='word_1_719' title='bbox 3137 5003 3364 5054; x_wconf 65' lang='grc' dir='ltr'><strong>αιιΑΤιΑι,</strong></span> <span class='ocrx_word' id='word_1_720' title='bbox 3397 5003 3487 5050; x_wconf 74' lang='lat' dir='ltr'><strong>om</strong></span> <span class='ocrx_word' id='word_1_721' title='bbox 3519 5003 3605 5042; x_wconf 85' lang='lat' dir='ltr'><strong>vo-</strong></span> 
     </span>
    </p>
   </div>
   <div class='ocr_carea' id='block_1_88' title="bbox 1972 5065 3602 5137">
    <p class='ocr_par' dir='ltr' id='par_1_88' title="bbox 1972 5065 3602 5137">
     <span class='ocr_line' id='line_1_88' title="bbox 1972 5065 3602 5137; baseline 0 -1"><span class='ocrx_word' id='word_1_722' title='bbox 1972 5097 2128 5136; x_wconf 78' lang='lat' dir='ltr'><strong>CAVIT</strong></span> <span class='ocrx_word' id='word_1_723' title='bbox 2165 5097 2266 5136; x_wconf 72' lang='lat' dir='ltr'><strong>N05</strong></span> <span class='ocrx_word' id='word_1_724' title='bbox 2302 5097 2352 5136; x_wconf 89' lang='lat' dir='ltr'><strong>IN</strong></span> <span class='ocrx_word' id='word_1_725' title='bbox 2381 5097 2638 5137; x_wconf 45' lang='lat' dir='ltr'><strong>JETERNAM</strong></span> <span class='ocrx_word' id='word_1_726' title='bbox 2676 5098 2817 5137; x_wconf 81' lang='lat' dir='ltr'><strong>SI&#39;AM</strong></span> <span class='ocrx_word' id='word_1_727' title='bbox 2857 5099 3088 5137; x_wconf 73' lang='lat' dir='ltr'><strong>GRATIAM</strong></span> <span class='ocrx_word' id='word_1_728' title='bbox 3120 5099 3172 5136; x_wconf 85' lang='lat' dir='ltr'><strong>IN</strong></span> <span class='ocrx_word' id='word_1_729' title='bbox 3211 5097 3439 5137; x_wconf 80' lang='lat' dir='ltr'><strong>CHRISTO</strong></span> <span class='ocrx_word' id='word_1_730' title='bbox 3475 5065 3602 5137; x_wconf 53' lang='lat' dir='ltr'><strong>JESI.)</strong></span> 
     </span>
    </p>
   </div>
   <div class='ocr_carea' id='block_1_89' title="bbox 231 5171 3604 5246">
    <p class='ocr_par' dir='ltr' id='par_1_89' title="bbox 231 5171 3604 5246">
     <span class='ocr_line' id='line_1_89' title="bbox 231 5171 3604 5246; baseline -0 -16"><span class='ocrx_word' id='word_1_731' title='bbox 231 5196 332 5230; x_wconf 66' lang='lat' dir='ltr'><strong>nos</strong></span> <span class='ocrx_word' id='word_1_732' title='bbox 361 5179 587 5246; x_wconf 90' lang='lat' dir='ltr'><strong>oportet</strong></span> <span class='ocrx_word' id='word_1_733' title='bbox 615 5175 846 5244; x_wconf 91' lang='lat' dir='ltr'><strong>propter</strong></span> <span class='ocrx_word' id='word_1_734' title='bbox 872 5171 1011 5226; x_wconf 89' lang='lat' dir='ltr'><strong>illud</strong></span> <span class='ocrx_word' id='word_1_735' title='bbox 1046 5171 1194 5243; x_wconf 89' lang='lat' dir='ltr'><strong>quod</strong></span> <span class='ocrx_word' id='word_1_736' title='bbox 1223 5171 1499 5243; x_wconf 89' lang='lat' dir='ltr'><strong>scriptum</strong></span> <span class='ocrx_word' id='word_1_737' title='bbox 1524 5178 1606 5226; x_wconf 89' lang='lat' dir='ltr'><strong>est</strong></span> <span class='ocrx_word' id='word_1_738' title='bbox 1639 5188 1652 5226; x_wconf 92' lang='lat'>:</span> <span class='ocrx_word' id='word_1_739' title='bbox 1685 5175 1753 5226; x_wconf 86' lang='lat' dir='ltr'><strong>Et</strong></span> <span class='ocrx_word' id='word_1_740' title='bbox 1782 5176 1865 5226; x_wconf 79' lang='grc' dir='ltr'><strong>υἱ·</strong></span> <span class='ocrx_word' id='word_1_741' title='bbox 1888 5175 1946 5246; x_wconf 86' lang='lat' dir='ltr'><strong>D</strong></span> <span class='ocrx_word' id='word_1_742' title='bbox 1970 5191 2214 5230; x_wconf 70' lang='lat' dir='ltr'><strong>MODltlt&#39;M</strong></span> <span class='ocrx_word' id='word_1_743' title='bbox 2243 5191 2464 5230; x_wconf 72' lang='lat' dir='ltr'><strong>l&#39;ASSOS.</strong></span> <span class='ocrx_word' id='word_1_744' title='bbox 2491 5175 2711 5229; x_wconf 74' lang='lat' dir='ltr'><strong>Voravit</strong></span> <span class='ocrx_word' id='word_1_745' title='bbox 2740 5175 2890 5230; x_wconf 89' lang='lat' dir='ltr'><strong>enim</strong></span> <span class='ocrx_word' id='word_1_746' title='bbox 2931 5191 3034 5230; x_wconf 92' lang='lat' dir='ltr'><strong>nos</strong></span> <span class='ocrx_word' id='word_1_747' title='bbox 3072 5175 3214 5230; x_wconf 86' lang='lat' dir='ltr'><strong>Deus</strong></span> <span class='ocrx_word' id='word_1_748' title='bbox 3241 5175 3300 5229; x_wconf 89' lang='lat' dir='ltr'><strong>in</strong></span> <span class='ocrx_word' id='word_1_749' title='bbox 3329 5181 3604 5230; x_wconf 76' lang='lat' dir='ltr'><strong>aeternam</strong></span> 
     </span>
    </p>
   </div>
   <div class='ocr_carea' id='block_1_90' title="bbox 225 5265 1868 5337">
    <p class='ocr_par' dir='ltr' id='par_1_90' title="bbox 225 5265 1868 5337">
     <span class='ocr_line' id='line_1_90' title="bbox 225 5265 1868 5337; baseline -0.001 -16"><span class='ocrx_word' id='word_1_750' title='bbox 225 5273 306 5337; x_wconf 46' lang='grc' dir='ltr'><em>τίη</em></span> <span class='ocrx_word' id='word_1_751' title='bbox 327 5276 397 5324; x_wconf 74' lang='lat' dir='ltr'><strong>ita</strong></span> <span class='ocrx_word' id='word_1_752' title='bbox 429 5270 599 5336; x_wconf 77' lang='lat' dir='ltr'><strong>justc,</strong></span> <span class='ocrx_word' id='word_1_753' title='bbox 631 5272 679 5321; x_wconf 92' lang='lat' dir='ltr'><strong>et</strong></span> <span class='ocrx_word' id='word_1_754' title='bbox 708 5267 870 5322; x_wconf 88' lang='lat' dir='ltr'><strong>nolite</strong></span> <span class='ocrx_word' id='word_1_755' title='bbox 891 5281 1127 5336; x_wconf 82' lang='lat' dir='ltr'><strong>peccare.</strong></span> <span class='ocrx_word' id='word_1_756' title='bbox 1177 5266 1242 5319; x_wconf 86' lang='lat' dir='ltr'><strong>Et</strong></span> <span class='ocrx_word' id='word_1_757' title='bbox 1280 5265 1549 5319; x_wconf 85' lang='lat' dir='ltr'><strong>Dominus</strong></span> <span class='ocrx_word' id='word_1_758' title='bbox 1593 5265 1648 5318; x_wconf 90' lang='lat' dir='ltr'><strong>iu</strong></span> <span class='ocrx_word' id='word_1_759' title='bbox 1693 5266 1868 5320; x_wconf 81' lang='lat' dir='ltr'><strong>Evan-</strong></span> 
     </span>
    </p>
   </div>
   <div class='ocr_carea' id='block_1_91' title="bbox 229 5359 1866 5430">
    <p class='ocr_par' dir='ltr' id='par_1_91' title="bbox 229 5359 1866 5430">
     <span class='ocr_line' id='line_1_91' title="bbox 229 5359 1866 5430; baseline -0.002 -13"><span class='ocrx_word' id='word_1_760' title='bbox 229 5364 380 5426; x_wconf 63' lang='lat' dir='ltr'><strong>y.-.&#39;lio</strong></span> <span class='ocrx_word' id='word_1_761' title='bbox 410 5380 424 5417; x_wconf 92' lang='lat'><strong>:</strong></span> <span class='ocrx_word' id='word_1_762' title='bbox 463 5362 697 5430; x_wconf 79' lang='lat' dir='ltr'><strong>Vigilate</strong></span> <span class='ocrx_word' id='word_1_763' title='bbox 721 5377 786 5414; x_wconf 85' lang='lat' dir='ltr'><strong>ne</strong></span> <span class='ocrx_word' id='word_1_764' title='bbox 812 5363 910 5430; x_wconf 79' lang='lat' dir='ltr'><strong>ﬁat</strong></span> <span class='ocrx_word' id='word_1_765' title='bbox 936 5362 1076 5428; x_wconf 84' lang='lat' dir='ltr'><strong>fuga</strong></span> <span class='ocrx_word' id='word_1_766' title='bbox 1100 5363 1279 5414; x_wconf 73' lang='lat' dir='ltr'><strong>vestra</strong></span> <span class='ocrx_word' id='word_1_767' title='bbox 1307 5359 1496 5419; x_wconf 82' lang='lat' dir='ltr'><strong>hieme.</strong></span> <span class='ocrx_word' id='word_1_768' title='bbox 1523 5360 1604 5412; x_wconf 76' lang='lat' dir='ltr'><strong>vel</strong></span> <span class='ocrx_word' id='word_1_769' title='bbox 1625 5359 1866 5414; x_wconf 86' lang='lat' dir='ltr'><strong>sabbato.</strong></span> 
     </span>
    </p>
   </div>
   <div class='ocr_carea' id='block_1_92' title="bbox 229 5453 1867 5522">
    <p class='ocr_par' dir='ltr' id='par_1_92' title="bbox 229 5453 1867 5522">
     <span class='ocr_line' id='line_1_92' title="bbox 229 5453 1867 5522; baseline -0.002 -11"><span class='ocrx_word' id='word_1_770' title='bbox 229 5460 289 5512; x_wconf 72' lang='lat' dir='ltr'><strong>Et</strong></span> <span class='ocrx_word' id='word_1_771' title='bbox 323 5457 534 5511; x_wconf 85' lang='lat' dir='ltr'><strong>iterum</strong></span> <span class='ocrx_word' id='word_1_772' title='bbox 564 5473 576 5509; x_wconf 90' lang='lat'><strong>:</strong></span> <span class='ocrx_word' id='word_1_773' title='bbox 606 5457 717 5510; x_wconf 85' lang='lat' dir='ltr'><strong>Hoc</strong></span> <span class='ocrx_word' id='word_1_774' title='bbox 739 5457 917 5509; x_wconf 90' lang='lat' dir='ltr'><strong>autem</strong></span> <span class='ocrx_word' id='word_1_775' title='bbox 939 5454 1126 5508; x_wconf 81' lang='lat' dir='ltr'><strong>scitote</strong></span> <span class='ocrx_word' id='word_1_776' title='bbox 1159 5453 1287 5521; x_wconf 83' lang='lat' dir='ltr'><strong>quia</strong></span> <span class='ocrx_word' id='word_1_777' title='bbox 1334 5453 1387 5506; x_wconf 89' lang='lat' dir='ltr'><strong>si</strong></span> <span class='ocrx_word' id='word_1_778' title='bbox 1422 5454 1578 5507; x_wconf 85' lang='lat' dir='ltr'><strong>sciret</strong></span> <span class='ocrx_word' id='word_1_779' title='bbox 1614 5455 1867 5522; x_wconf 81' lang='lat' dir='ltr'><strong>paterfa-</strong></span> 
     </span>
    </p>
   </div>
   <div class='ocr_carea' id='block_1_93' title="bbox 227 5544 1869 5619">
    <p class='ocr_par' dir='ltr' id='par_1_93' title="bbox 227 5544 1869 5619">
     <span class='ocr_line' id='line_1_93' title="bbox 227 5544 1869 5619; baseline -0.002 -16"><span class='ocrx_word' id='word_1_780' title='bbox 227 5551 412 5605; x_wconf 83' lang='lat' dir='ltr'><strong>milias</strong></span> <span class='ocrx_word' id='word_1_781' title='bbox 432 5565 541 5619; x_wconf 89' lang='lat' dir='ltr'><strong>qua</strong></span> <span class='ocrx_word' id='word_1_782' title='bbox 569 5549 701 5603; x_wconf 86' lang='lat' dir='ltr'><strong>hora</strong></span> <span class='ocrx_word' id='word_1_783' title='bbox 728 5549 826 5615; x_wconf 84' lang='lat' dir='ltr'><strong>fur</strong></span> <span class='ocrx_word' id='word_1_784' title='bbox 850 5549 1072 5608; x_wconf 74' lang='lat' dir='ltr'><strong>veniret,</strong></span> <span class='ocrx_word' id='word_1_785' title='bbox 1101 5546 1354 5613; x_wconf 81' lang='lat' dir='ltr'><strong>vigilaret</strong></span> <span class='ocrx_word' id='word_1_786' title='bbox 1387 5548 1590 5614; x_wconf 86' lang='lat' dir='ltr'><strong>utique.</strong></span> <span class='ocrx_word' id='word_1_787' title='bbox 1627 5544 1734 5600; x_wconf 89' lang='lat' dir='ltr'><strong>Sed</strong></span> <span class='ocrx_word' id='word_1_788' title='bbox 1764 5545 1869 5600; x_wconf 83' lang='lat' dir='ltr'><strong>hoc</strong></span> 
     </span>
    </p>
   </div>
   <div class='ocr_carea' id='block_1_94' title="bbox 229 5637 1869 5714">
    <p class='ocr_par' dir='ltr' id='par_1_94' title="bbox 229 5637 1869 5714">
     <span class='ocr_line' id='line_1_94' title="bbox 229 5637 1869 5714; baseline -0.004 -16"><span class='ocrx_word' id='word_1_789' title='bbox 229 5645 288 5698; x_wconf 91' lang='lat' dir='ltr'><strong>in</strong></span> <span class='ocrx_word' id='word_1_790' title='bbox 317 5643 444 5698; x_wconf 85' lang='lat' dir='ltr'><strong>loco</strong></span> <span class='ocrx_word' id='word_1_791' title='bbox 465 5646 696 5714; x_wconf 89' lang='lat' dir='ltr'><strong>propter</strong></span> <span class='ocrx_word' id='word_1_792' title='bbox 711 5641 845 5713; x_wconf 88' lang='lat' dir='ltr'><strong>quid</strong></span> <span class='ocrx_word' id='word_1_793' title='bbox 865 5656 970 5694; x_wconf 88' lang='lat' dir='ltr'><strong>nos</strong></span> <span class='ocrx_word' id='word_1_794' title='bbox 988 5643 1211 5711; x_wconf 90' lang='lat' dir='ltr'><strong>oportet</strong></span> <span class='ocrx_word' id='word_1_795' title='bbox 1230 5638 1484 5709; x_wconf 86' lang='lat' dir='ltr'><strong>vigilare,</strong></span> <span class='ocrx_word' id='word_1_796' title='bbox 1509 5637 1869 5709; x_wconf 85' lang='lat' dir='ltr'><strong>insequenter</strong></span> 
     </span>
    </p>
   </div>
   <div class='ocr_carea' id='block_1_95' title="bbox 227 5736 1862 5805">
    <p class='ocr_par' dir='ltr' id='par_1_95' title="bbox 227 5736 1862 5805">
     <span class='ocr_line' id='line_1_95' title="bbox 227 5736 1862 5805; baseline -0.003 -13"><span class='ocrx_word' id='word_1_797' title='bbox 227 5736 566 5805; x_wconf 85' lang='lat' dir='ltr'><strong>ostenditur,</strong></span> <span class='ocrx_word' id='word_1_798' title='bbox 602 5752 728 5799; x_wconf 78' lang='grc' dir='ltr'><strong>ουιΑ</strong></span> <span class='ocrx_word' id='word_1_799' title='bbox 775 5749 1143 5790; x_wconf 62' lang='grc' dir='ltr'><strong>Αυγειιελιιιυε</strong></span> <span class='ocrx_word' id='word_1_800' title='bbox 1187 5747 1381 5787; x_wconf 72' lang='grc' dir='ltr'><strong>νεετιειι</strong></span> <span class='ocrx_word' id='word_1_801' title='bbox 1429 5747 1690 5787; x_wconf 68' lang='grc' dir='ltr'><strong>υιιιθοιιῖε</strong></span> <span class='ocrx_word' id='word_1_802' title='bbox 1731 5749 1862 5788; x_wconf 66' lang='grc' dir='ltr'><strong>ΠΝ-</strong></span> 
     </span>
    </p>
   </div>
   <div class='ocr_carea' id='block_1_96' title="bbox 230 5841 1859 5895">
    <p class='ocr_par' dir='ltr' id='par_1_96' title="bbox 230 5841 1859 5895">
     <span class='ocr_line' id='line_1_96' title="bbox 230 5841 1859 5895; baseline -0.005 -6"><span class='ocrx_word' id='word_1_803' title='bbox 230 5847 381 5895; x_wconf 70' lang='grc' dir='ltr'><strong>ΩΕΔΙ</strong></span> <span class='ocrx_word' id='word_1_804' title='bbox 431 5847 528 5887; x_wconf 72' lang='grc' dir='ltr'><strong>ι,Εο</strong></span> <span class='ocrx_word' id='word_1_805' title='bbox 571 5841 798 5887; x_wconf 67' lang='grc' dir='ltr'><strong>ηυαιιςιιε</strong></span> <span class='ocrx_word' id='word_1_806' title='bbox 845 5845 1056 5884; x_wconf 78' lang='lat' dir='ltr'><strong>CIRCL&#39;IT</strong></span> <span class='ocrx_word' id='word_1_807' title='bbox 1107 5842 1362 5890; x_wconf 63' lang='grc' dir='ltr'><strong>ουιεηειεε</strong></span> <span class='ocrx_word' id='word_1_808' title='bbox 1410 5841 1554 5888; x_wconf 69' lang='grc' dir='ltr'><strong>ΟΕΕΗ</strong></span> <span class='ocrx_word' id='word_1_809' title='bbox 1603 5843 1859 5882; x_wconf 68' lang='lat' dir='ltr'><strong>DlZVURET.</strong></span> 
     </span>
    </p>
   </div>
   <div class='ocr_carea' id='block_1_97' title="bbox 1975 5264 3604 5336">
    <p class='ocr_par' dir='ltr' id='par_1_97' title="bbox 1975 5264 3604 5336">
     <span class='ocr_line' id='line_1_97' title="bbox 1975 5264 3604 5336; baseline 0.001 -20"><span class='ocrx_word' id='word_1_810' title='bbox 1975 5280 2134 5318; x_wconf 90' lang='lat' dir='ltr'><strong>suam</strong></span> <span class='ocrx_word' id='word_1_811' title='bbox 2163 5264 2404 5336; x_wconf 89' lang='lat' dir='ltr'><strong>gloriam</strong></span> <span class='ocrx_word' id='word_1_812' title='bbox 2433 5265 2618 5336; x_wconf 88' lang='lat' dir='ltr'><strong>primo</strong></span> <span class='ocrx_word' id='word_1_813' title='bbox 2645 5264 2710 5317; x_wconf 84' lang='lat' dir='ltr'><strong>de</strong></span> <span class='ocrx_word' id='word_1_814' title='bbox 2738 5265 2965 5318; x_wconf 73' lang='lat' dir='ltr'><strong>tenebris</strong></span> <span class='ocrx_word' id='word_1_815' title='bbox 2995 5267 3056 5319; x_wconf 84' lang='lat' dir='ltr'><strong>in</strong></span> <span class='ocrx_word' id='word_1_816' title='bbox 3079 5265 3402 5320; x_wconf 86' lang='lat' dir='ltr'><strong>admirabile</strong></span> <span class='ocrx_word' id='word_1_817' title='bbox 3428 5266 3604 5319; x_wconf 84' lang='lat' dir='ltr'><strong>lumen</strong></span> 
     </span>
    </p>
   </div>
   <div class='ocr_carea' id='block_1_98' title="bbox 1969 5358 3602 5430">
    <p class='ocr_par' dir='ltr' id='par_1_98' title="bbox 1969 5358 3602 5430">
     <span class='ocr_line' id='line_1_98' title="bbox 1969 5358 3602 5430; baseline -0.001 -18"><span class='ocrx_word' id='word_1_818' title='bbox 1969 5374 2147 5420; x_wconf 83' lang='lat' dir='ltr'><strong>suum,</strong></span> <span class='ocrx_word' id='word_1_819' title='bbox 2181 5358 2316 5430; x_wconf 87' lang='lat' dir='ltr'><strong>quia</strong></span> <span class='ocrx_word' id='word_1_820' title='bbox 2342 5374 2474 5429; x_wconf 88' lang='lat' dir='ltr'><strong>quos</strong></span> <span class='ocrx_word' id='word_1_821' title='bbox 2495 5359 2772 5428; x_wconf 61' lang='lat' dir='ltr'><strong>praescirit</strong></span> <span class='ocrx_word' id='word_1_822' title='bbox 2800 5363 2850 5412; x_wconf 85' lang='lat' dir='ltr'><strong>et</strong></span> <span class='ocrx_word' id='word_1_823' title='bbox 2872 5360 3284 5428; x_wconf 66' lang='lat' dir='ltr'><strong>praedestinavit</strong></span> <span class='ocrx_word' id='word_1_824' title='bbox 3307 5362 3602 5427; x_wconf 85' lang='lat' dir='ltr'><strong>conformes</strong></span> 
     </span>
    </p>
   </div>
   <div class='ocr_carea' id='block_1_99' title="bbox 1966 5451 3604 5524">
    <p class='ocr_par' dir='ltr' id='par_1_99' title="bbox 1966 5451 3604 5524">
     <span class='ocr_line' id='line_1_99' title="bbox 1966 5451 3604 5524; baseline -0.001 -20"><span class='ocrx_word' id='word_1_825' title='bbox 1966 5454 2086 5520; x_wconf 85' lang='lat' dir='ltr'><strong>ﬁeri</strong></span> <span class='ocrx_word' id='word_1_826' title='bbox 2110 5454 2360 5520; x_wconf 84' lang='lat' dir='ltr'><strong>imaginis</strong></span> <span class='ocrx_word' id='word_1_827' title='bbox 2385 5451 2488 5521; x_wconf 82' lang='lat' dir='ltr'><strong>ﬁlii</strong></span> <span class='ocrx_word' id='word_1_828' title='bbox 2511 5453 2617 5514; x_wconf 87' lang='lat' dir='ltr'><strong>sui,</strong></span> <span class='ocrx_word' id='word_1_829' title='bbox 2646 5457 2706 5506; x_wconf 90' lang='lat' dir='ltr'><strong>ut</strong></span> <span class='ocrx_word' id='word_1_830' title='bbox 2730 5453 2801 5506; x_wconf 87' lang='lat' dir='ltr'><strong>sit</strong></span> <span class='ocrx_word' id='word_1_831' title='bbox 2826 5453 2938 5522; x_wconf 85' lang='lat' dir='ltr'><strong>ipse</strong></span> <span class='ocrx_word' id='word_1_832' title='bbox 2955 5456 3346 5524; x_wconf 85' lang='lat' dir='ltr'><strong>primogenitus</strong></span> <span class='ocrx_word' id='word_1_833' title='bbox 3376 5455 3433 5506; x_wconf 81' lang='lat' dir='ltr'><strong>in</strong></span> <span class='ocrx_word' id='word_1_834' title='bbox 3468 5451 3604 5505; x_wconf 89' lang='lat' dir='ltr'><strong>mul-</strong></span> 
     </span>
    </p>
   </div>
   <div class='ocr_carea' id='block_1_100' title="bbox 1969 5545 3599 5618">
    <p class='ocr_par' dir='ltr' id='par_1_100' title="bbox 1969 5545 3599 5618">
     <span class='ocr_line' id='line_1_100' title="bbox 1969 5545 3599 5618; baseline -0.002 -18"><span class='ocrx_word' id='word_1_835' title='bbox 1969 5548 2037 5600; x_wconf 84' lang='lat' dir='ltr'><strong>tis</strong></span> <span class='ocrx_word' id='word_1_836' title='bbox 2065 5547 2352 5612; x_wconf 77' lang='lat' dir='ltr'><strong>fratribus.</strong></span> <span class='ocrx_word' id='word_1_837' title='bbox 2385 5546 2596 5600; x_wconf 85' lang='lat' dir='ltr'><strong>Tamen</strong></span> <span class='ocrx_word' id='word_1_838' title='bbox 2635 5546 2924 5616; x_wconf 53' lang='lat' dir='ltr'><strong>praesentis</strong></span> <span class='ocrx_word' id='word_1_839' title='bbox 2965 5548 3236 5618; x_wconf 81' lang='lat' dir='ltr'><strong>temporis</strong></span> <span class='ocrx_word' id='word_1_840' title='bbox 3279 5545 3459 5616; x_wconf 87' lang='lat' dir='ltr'><strong>gloria</strong></span> <span class='ocrx_word' id='word_1_841' title='bbox 3487 5559 3599 5598; x_wconf 88' lang='lat' dir='ltr'><strong>non</strong></span> 
     </span>
    </p>
   </div>
   <div class='ocr_carea' id='block_1_101' title="bbox 1968 5635 3602 5712">
    <p class='ocr_par' dir='ltr' id='par_1_101' title="bbox 1968 5635 3602 5712">
     <span class='ocr_line' id='line_1_101' title="bbox 1968 5635 3602 5712; baseline 0 -21"><span class='ocrx_word' id='word_1_842' title='bbox 1968 5645 2051 5692; x_wconf 76' lang='lat' dir='ltr'><strong>est</strong></span> <span class='ocrx_word' id='word_1_843' title='bbox 2093 5644 2325 5701; x_wconf 66' lang='lat' dir='ltr'><strong>aeterna,</strong></span> <span class='ocrx_word' id='word_1_844' title='bbox 2371 5638 2504 5712; x_wconf 87' lang='lat' dir='ltr'><strong>quia</strong></span> <span class='ocrx_word' id='word_1_845' title='bbox 2547 5656 2956 5712; x_wconf 86' lang='lat' dir='ltr'><strong>nonnunquam</strong></span> <span class='ocrx_word' id='word_1_846' title='bbox 2993 5641 3197 5698; x_wconf 78' lang='lat' dir='ltr'><strong>dclicit.</strong></span> <span class='ocrx_word' id='word_1_847' title='bbox 3231 5640 3297 5692; x_wconf 81' lang='lat' dir='ltr'><strong>de</strong></span> <span class='ocrx_word' id='word_1_848' title='bbox 3328 5654 3435 5708; x_wconf 86' lang='lat' dir='ltr'><strong>qua</strong></span> <span class='ocrx_word' id='word_1_849' title='bbox 3467 5635 3602 5691; x_wconf 83' lang='lat' dir='ltr'><strong>dicit</strong></span> 
     </span>
    </p>
   </div>
   <div class='ocr_carea' id='block_1_102' title="bbox 1964 5731 3599 5805">
    <p class='ocr_par' dir='ltr' id='par_1_102' title="bbox 1964 5731 3599 5805">
     <span class='ocr_line' id='line_1_102' title="bbox 1964 5731 3599 5805; baseline -0.001 -20"><span class='ocrx_word' id='word_1_850' title='bbox 1964 5733 2207 5787; x_wconf 84' lang='lat' dir='ltr'><strong>Joannes</strong></span> <span class='ocrx_word' id='word_1_851' title='bbox 2249 5751 2262 5786; x_wconf 89' lang='lat'><strong>:</strong></span> <span class='ocrx_word' id='word_1_852' title='bbox 2313 5735 2513 5798; x_wconf 78' lang='lat' dir='ltr'><strong>Filioli,</strong></span> <span class='ocrx_word' id='word_1_853' title='bbox 2560 5751 2697 5790; x_wconf 80' lang='lat' dir='ltr'><strong>nunc</strong></span> <span class='ocrx_word' id='word_1_854' title='bbox 2748 5737 2852 5805; x_wconf 80' lang='lat' dir='ltr'><strong>ﬁlii</strong></span> <span class='ocrx_word' id='word_1_855' title='bbox 2897 5736 2990 5788; x_wconf 83' lang='lat' dir='ltr'><strong>Dei</strong></span> <span class='ocrx_word' id='word_1_856' title='bbox 3025 5749 3226 5792; x_wconf 86' lang='lat' dir='ltr'><strong>sumus,</strong></span> <span class='ocrx_word' id='word_1_857' title='bbox 3275 5737 3322 5785; x_wconf 87' lang='lat' dir='ltr'><strong>et</strong></span> <span class='ocrx_word' id='word_1_858' title='bbox 3364 5731 3599 5784; x_wconf 73' lang='lat' dir='ltr'><strong>uowlum</strong></span> 
     </span>
    </p>
   </div>
   <div class='ocr_carea' id='block_1_103' title="bbox 1965 5829 3604 5898">
    <p class='ocr_par' dir='ltr' id='par_1_103' title="bbox 1965 5829 3604 5898">
     <span class='ocr_line' id='line_1_103' title="bbox 1965 5829 3604 5898; baseline 0.001 -20"><span class='ocrx_word' id='word_1_859' title='bbox 1965 5833 2194 5898; x_wconf 76' lang='lat' dir='ltr'><strong>apparet</strong></span> <span class='ocrx_word' id='word_1_860' title='bbox 2232 5829 2365 5896; x_wconf 84' lang='lat' dir='ltr'><strong>quid</strong></span> <span class='ocrx_word' id='word_1_861' title='bbox 2402 5832 2620 5886; x_wconf 87' lang='lat' dir='ltr'><strong>erimus.</strong></span> <span class='ocrx_word' id='word_1_862' title='bbox 2655 5830 2746 5883; x_wconf 81' lang='lat' dir='ltr'><strong>llla</strong></span> <span class='ocrx_word' id='word_1_863' title='bbox 2774 5834 2849 5882; x_wconf 67' lang='lat' dir='ltr'><strong>est</strong></span> <span class='ocrx_word' id='word_1_864' title='bbox 2886 5831 3114 5893; x_wconf 66' lang='lat' dir='ltr'><strong>interna,</strong></span> <span class='ocrx_word' id='word_1_865' title='bbox 3150 5841 3276 5898; x_wconf 69' lang='lat' dir='ltr'><strong>qum</strong></span> <span class='ocrx_word' id='word_1_866' title='bbox 3307 5833 3604 5897; x_wconf 77' lang='lat' dir='ltr'><strong>permanet</strong></span> 
     </span>
    </p>
   </div>
  </div>
