3996 6188
411 271 512 324 859

1547 276 1863 344 JOANNES,
1906 281 2336 336 BICLARENSIS
2375 282 2604 337 ABBAS.

3659 283 3764 338 860

407 392 536 430 cum
564 379 702 445 Deo,
748 381 807 433 in
843 396 957 451 qua
979 381 1133 435 ibunt
1158 385 1332 436 sancti
1362 383 1428 437 de
1451 384 1651 439 virtute
1672 387 1730 439 in
1753 389 2030 442 virtutem.
2056 399 2114 472 Α
2137 389 2348 444 suntad
2361 390 2853 461 comparationem
2868 389 3074 443 futuras
3086 389 3476 444 beatitudinis.
3493 389 3590 445 Sic
3606 390 3763 445 enim

410 469 475 522 Et
497 469 676 524 hocin
703 473 910 529 Christo
925 475 1066 535 Iesu,
1091 474 1224 544 quia
1243 491 1342 545 per
1369 475 1572 530 Filium
1601 495 1796 532 sumus
1818 480 2036 534 redem-

407 563 511 632 pti,
542 567 599 617 et
618 581 722 634 per
749 565 932 635 ipsum
957 568 1332 621 remunerati.
1355 569 1504 622 Deus
1523 571 1690 625 Pater
1716 589 1818 642 per
1834 573 2034 628 Filium

409 672 574 710 suum
602 673 706 710 nos
733 657 1002 725 redemit,
1035 675 1140 729 per
1171 677 1343 730 quem
1371 666 1429 716 et
1457 664 1695 731 vocavit,
1730 681 1903 736 quem
1930 683 2034 736 pro

407 748 810 818 redemptione
831 751 1062 820 generis
1099 753 1333 807 humani
1363 755 1649 810 incarnari
1682 757 1855 827 [Cod.,
1886 758 2036 814 inco-

409 841 622 910 ronari]
655 842 966 897 constituit.
997 847 1268 900 Modicum
1290 863 1494 917 passos.
1543 848 1693 902 Bene
1738 849 1891 917 dicit,
1922 869 2030 908 mo-

405 933 584 986 dicum
593 950 802 1004 passos,
831 937 965 1006 quia
986 939 1279 1008 passiones
1303 941 1470 1010 hujus
1491 942 1769 1013 temporis
1792 944 2032 999 modicae

2136 482 2214 536 ait
2239 483 2550 537 Dominus:
2586 484 2764 540 Nolite
2801 484 2984 536 timere
3023 498 3107 537 eos
3133 485 3230 552 qui
3260 483 3508 538 occidunt
3547 498 3760 552 corpus,

2133 577 2372 629 animum
2401 581 2579 631 autem
2624 592 2730 630 non
2753 579 2980 646 possunt
3008 577 3261 630 occidere.
3291 578 3412 630 Ipse
3461 591 3758 640 mancus-1',

2136 667 2345 722 scilicet
2374 671 2539 734 Deus,
2563 669 2660 739 qui
2685 669 2904 724 vocavit
2925 686 3030 724 nos
3054 669 3111 722 in
3143 674 3421 722 mternam
3445 684 3620 722 suam
3647 670 3762 738 glo-

2134 759 2302 828 riam,
2332 762 2590 831 pertlciet
2620 779 2879 832 corpore,
2908 778 3260 818 CONFIBMABIT
3293 761 3510 826 animo,
3540 777 3754 816 sonos-

2134 870 2219 907 mr
2249 853 2484 924 spiritu:
2519 855 2776 925 perﬁciet
2807 855 2864 910 in
2894 855 3316 927 perseverantia
3360 855 3500 908 boni
3547 854 3756 924 operis,

2135 946 2502 1001 conﬁrmabit
2526 948 2786 1020 praemio,
2817 948 3080 1002 solidabit
3108 947 3302 1002 bravio
3333 947 3462 1000 vitae
3501 951 3756 1000 interna.

1052 1085 3759 1096 im

1802 1227 2013 1274 EODEM
2053 1231 2360 1276 TEMPORE.

1503 1351 2639 1584 JOANNES,

883 1630 2166 1754 ARELATENSIS
2247 1635 3263 1756 EPISGOPUS.

1553 1918 1830 1982 JOANNIS,
1866 1921 2286 1972 ARELATENSIS
2317 1921 2624 1984 EPISCOPI,

520 2018 1065 2108 EPISTOLA
1135 2025 1278 2108 AD
1349 2027 1876 2113 VIBGINES
1947 2031 2636 2116 MONASTERII
2711 2030 3166 2115 SANCTXE
3223 2025 3642 2111 MARUE.

1929 1825 2165 1836 -———_

2175 1826 2588 1835 ——_—_

475 2263 698 2321 Sanctis
723 2284 790 2322 ac
825 2273 1163 2343 venerandis
1196 2275 1256 2328 in
1293 2275 1515 2331 Christo
1555 2278 1861 2346 sororibus,
1895 2279 2029 2350 ipsis
2051 2293 2106 2364 B
2130 2279 2342 2351 itaque,
2371 2282 2725 2352 postulantes
2752 2283 3008 2334 sanctam
3036 2276 3374 2332 charitatem
3402 2278 3681 2336 vestram,

405 2357 611 2428 quibus
642 2366 854 2416 saneta:
892 2367 1190 2421 memoria:
1216 2369 1605 2439 praedecessor
1637 2377 1828 2426 noster
1857 2373 2030 2426 Aure-

403 2449 588 2504 lianus
629 2453 924 2526 episcopus
972 2461 1390 2516 monasterium
1428 2467 1638 2516 sanctae
1667 2465 1852 2519 Mariae
1883 2465 2031 2520 intra

401 2559 600 2599 muros
614 2547 960 2604 Arelatensis
980 2553 1134 2606 urbis
1155 2555 1468 2621 constituit,
1495 2562 1782 2628 praecepta
1803 2559 2029 2612 vivendi

401 2637 656 2705 sancivit,
684 2641 954 2710 Joannes,
981 2646 1168 2715 gratia
1199 2648 1424 2702 Domini
1459 2666 1523 2703 ac
1556 2651 1654 2704 Dei
1689 2651 1868 2706 nostri
1897 2653 2029 2708 Jcsu

399 2730 624 2799 Christi,
656 2723 974 2806 episcopus.

473 2825 614 2880 Cum
641 2827 976 2898 plenissime
1001 2833 1173 2887 series
1196 2837 1410 2906 regula:
1432 2837 1592 2890 vobis
1612 2838 1935 2892 constituta:
1956 2839 2029 2893 vi-

401 2921 524 2971 ctus
551 2922 607 2972 et
634 2921 866 2976 vestitus
913 2926 1251 2995 qualitatem
1297 2932 1354 2983 et
1397 2930 1780 3000 quantitatem
1826 2935 2028 2986 vestra}.

403 3010 718 3066 sanctitatis
737 3017 1048 3084 contineat,
1079 3019 1333 3092 nihilque
1357 3023 1664 3092 indignum
1691 3024 1748 3077 in
1765 3041 1850 3091 ea,
1875 3025 2028 3094 quod

402 3101 476 3156 ad
507 3106 977 3164 emendationem
1007 3111 1270 3168 formulae
1295 3115 1417 3184 ejus
1443 3115 1748 3186 pertineat,
1772 3117 2023 3172 invenia-

401 3199 528 3263 tur;
562 3199 757 3253 tamen
788 3219 892 3272 pro
934 3204 1210 3260 charitate
1259 3210 1317 3260 et
1358 3225 1494 3262 cura
1539 3209 1819 3280 ejusdem,
1853 3227 2028 3281 quam

403 3289 683 3345 Dominus
709 3295 966 3351 Ecclesia)
995 3315 1110 3351 sua:
1138 3301 1586 3368 commendavit,
1617 3303 2024 3370 admonemus,

401 3387 462 3437 ut
478 3400 608 3459 cupi
627 3391 843 3457 quanta
862 3407 1164 3461 possumus
1188 3393 1469 3449 industria
1489 3395 1808 3467 vigilemus,
1837 3414 1909 3451 ne
1930 3397 2026 3450 ali-

399 3493 576 3547 quam
626 3483 984 3539 occasionem
1041 3487 1278 3558 antiquo
1328 3489 1474 3543 hosti
1510 3490 1866 3560 subripiendi
1895 3508 2022 3544 san-

399 3574 554 3626 ctum
607 3592 846 3646 gregem
901 3579 1337 3650 relinquamus;
1387 3583 1668 3654 nobisque
1707 3585 1898 3637 futuro
1930 3585 2022 3654 ju-

2131 2373 2189 2426 in
2220 2373 2354 2444 ipsis
2394 2373 2767 2446 temporibus,
2801 2373 3005 2444 quibus
3024 2368 3331 2442 jejunandi
3371 2371 3429 2422 et
3459 2362 3767 2420 reﬁciendi

2130 2467 2288 2521 vobis
2313 2470 2525 2522 statuta
2554 2469 2842 2538 praecepta
2870 2468 3022 2532 sunt,
3049 2465 3204 2520 nulla
3229 2463 3300 2516 sit
3325 2459 3486 2516 vobis
3511 2475 3644 2514 cum
3677 2457 3764 2510 vi-

2129 2560 2206 2614 ris
2233 2564 2331 2614 aut
2350 2560 2684 2615 mulieribus
2715 2559 2997 2631 religiosis
3023 2561 3122 2612 aut
3145 2555 3322 2622 laicis,
3347 2552 3606 2626 quamvis
3635 2551 3771 2622 qui-

2129 2653 2374 2708 buslibet
2415 2653 2748 2726 propinquis
2779 2655 2877 2707 aut
2903 2650 3205 2717 extraneis,
3234 2647 3474 2721 potandi
3500 2645 3765 2700 licentia.

2131 2747 2242 2802 Sed
2287 2751 2344 2801 et
2391 2749 2616 2802 tantum
2655 2745 2810 2818 ipsis,
2859 2745 3064 2818 quibus
3111 2741 3334 2815 praefati
3385 2756 3599 2808 sumus,
3651 2754 3768 2809 pro

2129 2839 2421 2896 charitatis
2456 2839 2665 2907 ofﬁcio,
2695 2839 2839 2894 sicut
2880 2837 3162 2894 concedat
3185 2839 3434 2890 vestram
3485 2832 3766 2886 sanctita-

2128 2938 2266 2999 tem,
2311 2933 2564 3004 pociolos
2605 2933 2808 2988 offerre
2855 2931 3234 3003 praecipimus.
3281 2931 3391 2984 Vos
3441 2931 3638 2982 tamen
3705 2925 3768 2978 in

2130 3043 2330 3080 eorum
2357 3027 2660 3096 praesentia
2681 3025 2738 3080 in
2761 3025 3026 3080 omnibus
3049 3023 3329 3078 abstinete
3359 3039 3372 3088 ;
3399 3037 3473 3075 ne
3499 3020 3546 3072 si
3575 3019 3768 3072 licen-

2129 3119 2238 3173 tius
2281 3136 2411 3174 cum
2444 3120 2526 3174 eis
2571 3119 2793 3174 indulta
2828 3119 3126 3195 occasione
3158 3121 3370 3188 potatus
3419 3111 3670 3176 fueritis,
3703 3112 3768 3165 in

2127 3213 2474 3268 resolutione
2500 3213 2737 3284 potandi
2760 3215 2858 3267 aut
2887 3228 2984 3267 cor
3013 3215 3264 3265 vestrum
3287 3207 3576 3264 contraria
3601 3207 3772 3276 cogi-

2129 3306 2266 3360 tatio
2312 3306 2607 3377 subripiat,
2651 3309 2748 3360 aut
2784 3306 2950 3376 jocus
2993 3305 3264 3359 indecens
3307 3319 3414 3374 per
3457 3301 3655 3356 oculos
3703 3304 3767 3352 et

2127 3415 2312 3465 aures,
2344 3402 2402 3452 et
2418 3399 2590 3453 verba
2621 3403 2719 3453 aut
2737 3398 3048 3453 cachinnos
3077 3399 3433 3470 prorumpat.
3468 3395 3578 3450 Sed
3607 3393 3768 3447 sicut

2127 3492 2392 3559 diximIIs,
2422 3493 2493 3546 ab
2536 3491 2869 3563 hujusmodi
2913 3492 3142 3546 licentia
3176 3491 3233 3544 in
3270 3489 3546 3544 omnibus
3575 3486 3763 3540 absti-

2128 3590 2348 3652 nentes,
2388 3589 2446 3640 et
2488 3603 2591 3657 per
2617 3585 2829 3656 gradus
2872 3585 3128 3656 singulos
3171 3585 3385 3655 regulae
3433 3581 3765 3636 constitutae

401 3663 550 3719 dicio
591 3684 828 3723 censura
869 3688 974 3741 pro
1025 3675 1272 3744 torporis
1320 3675 1676 3746 negligentia
1709 3677 2024 3747 justissime
2047 3655 2100 3729 C
2127 3679 2511 3748 ambulantes,
2539 3679 2667 3734 vita:
2696 3679 2990 3750 praesentis
3017 3694 3243 3732 cursum
3265 3677 3510 3732 feliciter
3529 3674 3768 3746 gradia~

401 3755 733 3829 inferatur;
789 3763 979 3834 aliqua
1049 3769 1250 3820 vestrae
1321 3769 1609 3823 sanctitati
1667 3769 2024 3839 addicimus,

399 3865 502 3918 per
567 3869 715 3922 quae,
772 3860 834 3909 ut
899 3857 1059 3911 nobis
1120 3859 1381 3928 videtur,
1435 3863 1628 3916 liberis
1701 3864 2022 3932 gressibus,

401 3943 686 4014 nullisque
787 3949 1273 4019 prmpedientibus
1383 3955 1771 4010 occasionibus
1875 3957 2028 4010 inter

401 4034 588 4105 [forte
653 4037 806 4110 iter]
861 4043 1102 4096 caelestis
1167 4046 1528 4113 Jerusalem,
1606 4049 1827 4104 Christo
1913 4051 2021 4104 D0-

401 4127 562 4183 mino
620 4131 960 4204 praeviante,
1010 4135 1277 4191 incedere
1344 4140 1596 4195 valeatis.
1663 4141 2026 4213 Przecipimus

396 4275 1412 4316 EEEEEEEEEEEE;=========_.

2123 3772 2266 3826 mini
2293 3789 2305 3837 ;
2337 3775 2393 3826 et
2411 3772 2537 3827 vitae
2565 3777 2791 3827 interna:
2817 3772 3142 3827 mansiones
3163 3770 3539 3842 permissione
3566 3768 3768 3822 Domi-

2124 3865 2180 3918 ni
2213 3866 2390 3920 nostri
2417 3867 2546 3920 Jesu
2575 3865 2780 3922 Christi
2809 3865 3034 3937 ingredi
3073 3865 3373 3920 festinetis.
3415 3862 3581 3928 Quod
3627 3863 3764 3933 ipse

2125 3962 2394 4030 praestare
2424 3959 2714 4030 dignetur,
2741 3959 2840 4031 qui
2871 3976 3000 4014 cum
3026 3961 3190 4014 Patre
3221 3961 3274 4012 et
3305 3957 3521 4029 Spiritu
3557 3962 3766 4010 sancto

2126 4069 2273 4106 unus
2295 4053 2440 4106 Deus
2469 4059 2774 4123 permanet
2793 4070 2826 4106 a
2845 4053 3081 4120 saeculis,
3111 4069 3212 4123 per
3240 4053 3467 4118 saecula,
3493 4051 3554 4105 in
3579 4067 3767 4105 saecu-

2127 4146 2179 4199 la
2210 4145 2570 4201 saeculorum.

756 4307 3772 4326 i____________________________________

1801 4442 2006 4485 EODEM
2050 4443 2356 4487 TEMPORE.

1509 4549 2646 4782 JOANNES,

1112 4822 2316 4947 BIGLABENSIS
2393 4829 3037 4950 ABBAS.

1103 5000 1125 5019 ο
1589 4982 1910 5019 III/nllan
1973 4985 2240 5019 υξιιηηιι.
2308 4994 2330 5019 ι
2394 4988 2569 5019 VIII

1585 4982 1924 5064 (Gallana’.
1958 4985 2264 5050 Bz’blz’oth.
2304 4994 2348 5049 t.
2381 4988 2569 5070 XII.)

1029 5120 3759 5132 v___________________—___________

1814 5215 2312 5310 NOTITIA.

1925 5364 2207 5375 ...α-.-

469 5427 506 5482 l.
534 5428 804 5496 Joannes,
833 5431 1029 5486 Gothis
1057 5435 1352 5504 oriundus,
1377 5435 1598 5490 Scalabi
1629 5437 1686 5490 in
1716 5437 2023 5492 Lusitaniae

399 5521 691 5591 provincia
719 5527 908 5578 ortum
947 5526 1121 5581 duxit.
1153 5529 1233 5581 De
1280 5545 1347 5583 eo
1375 5529 1497 5582 lltPC
1529 5529 1776 5585 Isidorus
1824 5530 2020 5601 Hispa-

399 5617 702 5690 lensis(al:
737 5641 764 5674 «
799 5622 897 5677 Hic
940 5641 1071 5678 cum
1123 5629 1271 5676 esset
1312 5625 1666 5692 adolescens,
1697 5629 2018 5684 Constanti-

403 5777 405 5780 ‘
475 5767 546 5836 (α)
570 5767 696 5822 Isid.
730 5769 906 5840 Hisp.,
935 5771 1011 5824 lib
1041 5770 1111 5824 de
1139 5769 1251 5824 Vir.
1279 5770 1501 5840 illustr.,
1529 5789 1652 5843 cap.
1687 5779 1771 5828 3t.

2124 5440 2381 5510 nopolim
2405 5440 2675 5511 perrexit,
2702 5440 2895 5513 ibique
2915 5442 3110 5497 Graeca
3131 5447 3187 5497 et
3202 5442 3407 5496 Latina
3426 5443 3764 5500 eruditione

2126 5533 2388 5602 nutritus,
2421 5537 2553 5606 post
2577 5534 2778 5590 decem
2807 5540 2864 5590 et
2901 5538 3123 5606 septem
3165 5552 3350 5592 annos
3388 5536 3448 5590 in
3480 5536 3766 5608 Hispania

2123 5643 2383 5682 reversus
2406 5631 2492 5683 est
2514 5628 2717 5684 eodem
2737 5632 2990 5700 tempore
3009 5645 3143 5700 quo,
3173 5628 3452 5687 incitante
3465 5646 3602 5702 rege
3618 5630 3766 5687 Leu-
