  <div class='ocr_page' id='page_1' title='image "/cluster/home/n/w/nwhite01/storage/ocr_20150623/72/hvd.32044054758768/436.png"; bbox 0 0 3996 6188; ppageno 0'>
   <div class='ocr_carea' id='block_1_1' title="bbox 259 257 360 313">
    <p class='ocr_par' dir='ltr' id='par_1_1' title="bbox 259 257 360 313">
     <span class='ocr_line' id='line_1_1' title="bbox 259 257 360 313; baseline 0.02 -2"><span class='ocrx_word' id='word_1_1' title='bbox 259 257 360 313; x_wconf 85' lang='grc'>861</span> 
     </span>
    </p>
   </div>
   <div class='ocr_carea' id='block_1_2' title="bbox 1791 251 2076 309">
    <p class='ocr_par' dir='ltr' id='par_1_2' title="bbox 1791 251 2076 309">
     <span class='ocr_line' id='line_1_2' title="bbox 1791 251 2076 309; baseline -0.007 -1"><span class='ocrx_word' id='word_1_2' title='bbox 1791 251 2076 309; x_wconf 84' lang='grc' dir='ltr'>ΝΟΤΙΤΙΑ.</span> 
     </span>
    </p>
   </div>
   <div class='ocr_carea' id='block_1_3' title="bbox 3513 254 3616 307">
    <p class='ocr_par' dir='ltr' id='par_1_3' title="bbox 3513 254 3616 307">
     <span class='ocr_line' id='line_1_3' title="bbox 3513 254 3616 307; baseline 0 0"><span class='ocrx_word' id='word_1_3' title='bbox 3513 254 3616 307; x_wconf 85' lang='lat'>862</span> 
     </span>
    </p>
   </div>
   <div class='ocr_carea' id='block_1_4' title="bbox 255 365 3619 454">
    <p class='ocr_par' dir='ltr' id='par_1_4' title="bbox 255 365 3619 454">
     <span class='ocr_line' id='line_1_4' title="bbox 255 365 3619 454; baseline -0.001 -29"><span class='ocrx_word' id='word_1_4' title='bbox 255 372 490 443; x_wconf 83' lang='lat' dir='ltr'>vigildo,</span> <span class='ocrx_word' id='word_1_5' title='bbox 518 372 731 426; x_wconf 85' lang='lat' dir='ltr'>Ariana</span> <span class='ocrx_word' id='word_1_6' title='bbox 761 371 1020 425; x_wconf 85' lang='lat' dir='ltr'>fervebat</span> <span class='ocrx_word' id='word_1_7' title='bbox 1045 368 1286 424; x_wconf 87' lang='lat' dir='ltr'>insania.</span> <span class='ocrx_word' id='word_1_8' title='bbox 1315 370 1475 423; x_wconf 87' lang='lat' dir='ltr'>Hunc</span> <span class='ocrx_word' id='word_1_9' title='bbox 1504 383 1677 439; x_wconf 85' lang='lat' dir='ltr'><strong>supra</strong></span> <span class='ocrx_word' id='word_1_10' title='bbox 1703 367 1886 424; x_wconf 87' lang='lat' dir='ltr'>dictus</span> <span class='ocrx_word' id='word_1_11' title='bbox 1910 381 1968 454; x_wconf 71' lang='grc' dir='ltr'><strong>Α</strong></span> <span class='ocrx_word' id='word_1_12' title='bbox 1990 369 2106 424; x_wconf 91' lang='lat' dir='ltr'>nici</span> <span class='ocrx_word' id='word_1_13' title='bbox 2153 370 2435 424; x_wconf 83' lang='lat' dir='ltr'>editiones</span> <span class='ocrx_word' id='word_1_14' title='bbox 2465 388 2478 424; x_wconf 90' lang='lat'>:</span> <span class='ocrx_word' id='word_1_15' title='bbox 2527 371 2707 424; x_wconf 87' lang='lat' dir='ltr'>altera</span> <span class='ocrx_word' id='word_1_16' title='bbox 2751 367 3034 424; x_wconf 89' lang='lat' dir='ltr'>Francisci</span> <span class='ocrx_word' id='word_1_17' title='bbox 3077 368 3296 424; x_wconf 90' lang='lat' dir='ltr'>Schotti</span> <span class='ocrx_word' id='word_1_18' title='bbox 3326 365 3408 437; x_wconf 85' lang='lat' dir='ltr'>(j),</span> <span class='ocrx_word' id='word_1_19' title='bbox 3440 367 3619 422; x_wconf 90' lang='lat' dir='ltr'>altera</span> 
     </span>
    </p>
   </div>
   <div class='ocr_carea' id='block_1_5' title="bbox 258 461 1891 534">
    <p class='ocr_par' dir='ltr' id='par_1_5' title="bbox 258 461 1891 534">
     <span class='ocr_line' id='line_1_5' title="bbox 258 461 1891 534; baseline -0.001 -16"><span class='ocrx_word' id='word_1_20' title='bbox 258 481 359 519; x_wconf 82' lang='lat' dir='ltr'>rex</span> <span class='ocrx_word' id='word_1_21' title='bbox 387 481 516 520; x_wconf 89' lang='lat' dir='ltr'>cum</span> <span class='ocrx_word' id='word_1_22' title='bbox 548 464 620 519; x_wconf 88' lang='lat' dir='ltr'>ad</span> <span class='ocrx_word' id='word_1_23' title='bbox 652 464 918 518; x_wconf 67' lang='lat' dir='ltr'>nefanda:</span> <span class='ocrx_word' id='word_1_24' title='bbox 951 463 1182 518; x_wconf 68' lang='lat' dir='ltr'>haeresis</span> <span class='ocrx_word' id='word_1_25' title='bbox 1211 461 1609 517; x_wconf 79' lang='lat' dir='ltr'>credulitatem</span> <span class='ocrx_word' id='word_1_26' title='bbox 1635 463 1891 534; x_wconf 86' lang='lat' dir='ltr'>compel-</span> 
     </span>
    </p>
   </div>
   <div class='ocr_carea' id='block_1_6' title="bbox 257 556 1889 623">
    <p class='ocr_par' dir='ltr' id='par_1_6' title="bbox 257 556 1889 623">
     <span class='ocr_line' id='line_1_6' title="bbox 257 556 1889 623; baseline -0.001 -12"><span class='ocrx_word' id='word_1_27' title='bbox 257 559 428 623; x_wconf 85' lang='lat' dir='ltr'>leret,</span> <span class='ocrx_word' id='word_1_28' title='bbox 459 561 516 612; x_wconf 90' lang='lat' dir='ltr'>et</span> <span class='ocrx_word' id='word_1_29' title='bbox 535 557 626 612; x_wconf 91' lang='lat' dir='ltr'>hic</span> <span class='ocrx_word' id='word_1_30' title='bbox 652 557 891 612; x_wconf 87' lang='lat' dir='ltr'><strong>omnino</strong></span> <span class='ocrx_word' id='word_1_31' title='bbox 920 556 1230 623; x_wconf 81' lang='lat' dir='ltr'>resisteret,</span> <span class='ocrx_word' id='word_1_32' title='bbox 1261 556 1455 610; x_wconf 86' lang='lat' dir='ltr'>exsilio</span> <span class='ocrx_word' id='word_1_33' title='bbox 1478 559 1665 610; x_wconf 90' lang='lat' dir='ltr'>trusus</span> <span class='ocrx_word' id='word_1_34' title='bbox 1686 559 1743 610; x_wconf 91' lang='lat' dir='ltr'>et</span> <span class='ocrx_word' id='word_1_35' title='bbox 1764 558 1889 610; x_wconf 86' lang='lat' dir='ltr'>Bar-</span> 
     </span>
    </p>
   </div>
   <div class='ocr_carea' id='block_1_7' title="bbox 256 649 1888 720">
    <p class='ocr_par' dir='ltr' id='par_1_7' title="bbox 256 649 1888 720">
     <span class='ocr_line' id='line_1_7' title="bbox 256 649 1888 720; baseline 0 -16"><span class='ocrx_word' id='word_1_36' title='bbox 256 651 530 706; x_wconf 91' lang='lat' dir='ltr'>cinonem</span> <span class='ocrx_word' id='word_1_37' title='bbox 569 651 876 720; x_wconf 79' lang='lat' dir='ltr'>relegatus,</span> <span class='ocrx_word' id='word_1_38' title='bbox 910 666 1013 720; x_wconf 89' lang='lat' dir='ltr'>per</span> <span class='ocrx_word' id='word_1_39' title='bbox 1045 649 1247 704; x_wconf 89' lang='lat' dir='ltr'>decem</span> <span class='ocrx_word' id='word_1_40' title='bbox 1281 665 1462 704; x_wconf 89' lang='lat' dir='ltr'>annos</span> <span class='ocrx_word' id='word_1_41' title='bbox 1501 649 1712 703; x_wconf 90' lang='lat' dir='ltr'>multas</span> <span class='ocrx_word' id='word_1_42' title='bbox 1757 649 1888 704; x_wconf 89' lang='lat' dir='ltr'>insi-</span> 
     </span>
    </p>
   </div>
   <div class='ocr_carea' id='block_1_8' title="bbox 258 741 1885 815">
    <p class='ocr_par' dir='ltr' id='par_1_8' title="bbox 258 741 1885 815">
     <span class='ocr_line' id='line_1_8' title="bbox 258 741 1885 815; baseline 0 -17"><span class='ocrx_word' id='word_1_43' title='bbox 258 743 389 798; x_wconf 87' lang='lat' dir='ltr'>dias</span> <span class='ocrx_word' id='word_1_44' title='bbox 417 746 474 797; x_wconf 89' lang='lat' dir='ltr'>et</span> <span class='ocrx_word' id='word_1_45' title='bbox 511 743 937 815; x_wconf 85' lang='lat' dir='ltr'>persecutiones</span> <span class='ocrx_word' id='word_1_46' title='bbox 968 741 1040 796; x_wconf 86' lang='lat' dir='ltr'>ab</span> <span class='ocrx_word' id='word_1_47' title='bbox 1062 743 1289 798; x_wconf 85' lang='lat' dir='ltr'>Arianis</span> <span class='ocrx_word' id='word_1_48' title='bbox 1317 759 1618 813; x_wconf 90' lang='lat' dir='ltr'>perpessus</span> <span class='ocrx_word' id='word_1_49' title='bbox 1646 745 1748 797; x_wconf 88' lang='lat' dir='ltr'>est.</span> <span class='ocrx_word' id='word_1_50' title='bbox 1779 743 1885 808; x_wconf 86' lang='lat' dir='ltr'>Qui</span> 
     </span>
    </p>
   </div>
   <div class='ocr_carea' id='block_1_9' title="bbox 261 839 1884 912">
    <p class='ocr_par' dir='ltr' id='par_1_9' title="bbox 261 839 1884 912">
     <span class='ocr_line' id='line_1_9' title="bbox 261 839 1884 912; baseline 0.001 -18"><span class='ocrx_word' id='word_1_51' title='bbox 261 843 460 911; x_wconf 88' lang='lat' dir='ltr'>postea</span> <span class='ocrx_word' id='word_1_52' title='bbox 502 840 760 894; x_wconf 87' lang='lat' dir='ltr'>condidit</span> <span class='ocrx_word' id='word_1_53' title='bbox 801 839 1234 907; x_wconf 84' lang='lat' dir='ltr'>monasterium,</span> <span class='ocrx_word' id='word_1_54' title='bbox 1285 840 1440 912; x_wconf 90' lang='lat' dir='ltr'>quod</span> <span class='ocrx_word' id='word_1_55' title='bbox 1471 857 1624 895; x_wconf 87' lang='lat' dir='ltr'>nunc</span> <span class='ocrx_word' id='word_1_56' title='bbox 1667 842 1884 897; x_wconf 89' lang='lat' dir='ltr'>Biclaro</span> 
     </span>
    </p>
   </div>
   <div class='ocr_carea' id='block_1_10' title="bbox 259 933 1883 990">
    <p class='ocr_par' dir='ltr' id='par_1_10' title="bbox 259 933 1883 990">
     <span class='ocr_line' id='line_1_10' title="bbox 259 933 1883 990; baseline 0.001 -3"><span class='ocrx_word' id='word_1_57' title='bbox 259 933 488 988; x_wconf 89' lang='lat' dir='ltr'>dicitur.</span> <span class='ocrx_word' id='word_1_58' title='bbox 509 955 537 982; x_wconf 83' lang='lat'><strong>»</strong></span> <span class='ocrx_word' id='word_1_59' title='bbox 573 934 700 986; x_wconf 66' lang='lat' dir='ltr'>Haec</span> <span class='ocrx_word' id='word_1_60' title='bbox 730 933 846 986; x_wconf 90' lang='lat' dir='ltr'>ille.</span> <span class='ocrx_word' id='word_1_61' title='bbox 875 933 1014 987; x_wconf 86' lang='lat' dir='ltr'>Hinc</span> <span class='ocrx_word' id='word_1_62' title='bbox 1042 936 1238 988; x_wconf 87' lang='lat' dir='ltr'>noster</span> <span class='ocrx_word' id='word_1_63' title='bbox 1271 937 1470 988; x_wconf 86' lang='lat' dir='ltr'>auctor</span> <span class='ocrx_word' id='word_1_64' title='bbox 1501 936 1750 988; x_wconf 86' lang='lat' dir='ltr'>Joannes</span> <span class='ocrx_word' id='word_1_65' title='bbox 1780 935 1883 990; x_wconf 91' lang='lat' dir='ltr'>ab-</span> 
     </span>
    </p>
   </div>
   <div class='ocr_carea' id='block_1_11' title="bbox 255 1025 1879 1082">
    <p class='ocr_par' dir='ltr' id='par_1_11' title="bbox 255 1025 1879 1082">
     <span class='ocr_line' id='line_1_11' title="bbox 255 1025 1879 1082; baseline 0.001 -2"><span class='ocrx_word' id='word_1_66' title='bbox 255 1027 365 1080; x_wconf 86' lang='lat' dir='ltr'>bas</span> <span class='ocrx_word' id='word_1_67' title='bbox 395 1025 729 1080; x_wconf 87' lang='lat' dir='ltr'>Biclarensis</span> <span class='ocrx_word' id='word_1_68' title='bbox 753 1026 946 1080; x_wconf 86' lang='lat' dir='ltr'>vocari</span> <span class='ocrx_word' id='word_1_69' title='bbox 971 1027 1284 1081; x_wconf 82' lang='lat' dir='ltr'>consuevit.</span> <span class='ocrx_word' id='word_1_70' title='bbox 1317 1027 1397 1080; x_wconf 90' lang='lat' dir='ltr'>De</span> <span class='ocrx_word' id='word_1_71' title='bbox 1425 1027 1534 1082; x_wconf 92' lang='lat' dir='ltr'>hoc</span> <span class='ocrx_word' id='word_1_72' title='bbox 1556 1031 1749 1082; x_wconf 89' lang='lat' dir='ltr'>autem</span> <span class='ocrx_word' id='word_1_73' title='bbox 1771 1045 1879 1082; x_wconf 83' lang='lat' dir='ltr'>coe-</span> 
     </span>
    </p>
   </div>
   <div class='ocr_carea' id='block_1_12' title="bbox 255 1118 1886 1192">
    <p class='ocr_par' dir='ltr' id='par_1_12' title="bbox 255 1118 1886 1192">
     <span class='ocr_line' id='line_1_12' title="bbox 255 1118 1886 1192; baseline 0.001 -19"><span class='ocrx_word' id='word_1_74' title='bbox 255 1119 435 1174; x_wconf 89' lang='lat' dir='ltr'>nobio</span> <span class='ocrx_word' id='word_1_75' title='bbox 467 1119 684 1173; x_wconf 86' lang='lat' dir='ltr'>Biclaro</span> <span class='ocrx_word' id='word_1_76' title='bbox 707 1118 896 1189; x_wconf 78' lang='lat' dir='ltr'>(Vallis</span> <span class='ocrx_word' id='word_1_77' title='bbox 920 1119 1104 1190; x_wconf 58' lang='lat' dir='ltr'>clarae)</span> <span class='ocrx_word' id='word_1_78' title='bbox 1129 1120 1439 1190; x_wconf 88' lang='lat' dir='ltr'>appellato,</span> <span class='ocrx_word' id='word_1_79' title='bbox 1469 1119 1728 1191; x_wconf 87' lang='lat' dir='ltr'>plerique</span> <span class='ocrx_word' id='word_1_80' title='bbox 1757 1125 1886 1192; x_wconf 90' lang='lat' dir='ltr'>post</span> 
     </span>
    </p>
   </div>
   <div class='ocr_carea' id='block_1_13' title="bbox 254 1210 1886 1282">
    <p class='ocr_par' dir='ltr' id='par_1_13' title="bbox 254 1210 1886 1282">
     <span class='ocr_line' id='line_1_13' title="bbox 254 1210 1886 1282; baseline 0.001 -16"><span class='ocrx_word' id='word_1_81' title='bbox 254 1211 512 1266; x_wconf 76' lang='lat' dir='ltr'>Mariana</span> <span class='ocrx_word' id='word_1_82' title='bbox 550 1210 642 1280; x_wconf 72' lang='grc' dir='ltr'>(α),</span> <span class='ocrx_word' id='word_1_83' title='bbox 671 1214 1063 1266; x_wconf 85' lang='lat' dir='ltr'>constructum</span> <span class='ocrx_word' id='word_1_84' title='bbox 1089 1213 1164 1267; x_wconf 89' lang='lat' dir='ltr'>ad</span> <span class='ocrx_word' id='word_1_85' title='bbox 1191 1213 1451 1282; x_wconf 71' lang='lat' dir='ltr'>Pyrenaei</span> <span class='ocrx_word' id='word_1_86' title='bbox 1492 1213 1708 1268; x_wconf 88' lang='lat' dir='ltr'>montis</span> <span class='ocrx_word' id='word_1_87' title='bbox 1739 1214 1886 1268; x_wconf 83' lang='lat' dir='ltr'>radi-</span> 
     </span>
    </p>
   </div>
   <div class='ocr_carea' id='block_1_14' title="bbox 257 1304 1886 1376">
    <p class='ocr_par' dir='ltr' id='par_1_14' title="bbox 257 1304 1886 1376">
     <span class='ocr_line' id='line_1_14' title="bbox 257 1304 1886 1376; baseline 0.002 -18"><span class='ocrx_word' id='word_1_88' title='bbox 257 1321 353 1359; x_wconf 89' lang='lat' dir='ltr'>ces</span> <span class='ocrx_word' id='word_1_89' title='bbox 369 1304 693 1376; x_wconf 86' lang='lat' dir='ltr'>perhibent.</span> <span class='ocrx_word' id='word_1_90' title='bbox 713 1305 837 1368; x_wconf 85' lang='lat' dir='ltr'>Qua</span> <span class='ocrx_word' id='word_1_91' title='bbox 861 1305 927 1359; x_wconf 87' lang='lat' dir='ltr'>de</span> <span class='ocrx_word' id='word_1_92' title='bbox 954 1321 1014 1359; x_wconf 90' lang='lat' dir='ltr'>re</span> <span class='ocrx_word' id='word_1_93' title='bbox 1037 1305 1420 1360; x_wconf 87' lang='lat' dir='ltr'>consulendus</span> <span class='ocrx_word' id='word_1_94' title='bbox 1444 1306 1682 1361; x_wconf 88' lang='lat' dir='ltr'>omnino</span> <span class='ocrx_word' id='word_1_95' title='bbox 1697 1306 1886 1362; x_wconf 84' lang='lat' dir='ltr'>Mabil-</span> 
     </span>
    </p>
   </div>
   <div class='ocr_carea' id='block_1_15' title="bbox 252 1397 1880 1470">
    <p class='ocr_par' dir='ltr' id='par_1_15' title="bbox 252 1397 1880 1470">
     <span class='ocr_line' id='line_1_15' title="bbox 252 1397 1880 1470; baseline 0.002 -19"><span class='ocrx_word' id='word_1_96' title='bbox 252 1398 446 1452; x_wconf 82' lang='lat' dir='ltr'>ionius</span> <span class='ocrx_word' id='word_1_97' title='bbox 479 1399 568 1467; x_wconf 80' lang='grc' dir='ltr'><strong>(ὁ).</strong></span> <span class='ocrx_word' id='word_1_98' title='bbox 601 1397 880 1468; x_wconf 86' lang='lat' dir='ltr'>Deinceps</span> <span class='ocrx_word' id='word_1_99' title='bbox 908 1413 1042 1452; x_wconf 87' lang='lat' dir='ltr'>vero</span> <span class='ocrx_word' id='word_1_100' title='bbox 1071 1415 1105 1452; x_wconf 90' lang='lat' dir='ltr'>a</span> <span class='ocrx_word' id='word_1_101' title='bbox 1140 1398 1432 1453; x_wconf 78' lang='lat' dir='ltr'>Becaredo</span> <span class='ocrx_word' id='word_1_102' title='bbox 1457 1416 1594 1470; x_wconf 87' lang='lat' dir='ltr'>rege</span> <span class='ocrx_word' id='word_1_103' title='bbox 1623 1400 1880 1455; x_wconf 88' lang='lat' dir='ltr'>christia-</span> 
     </span>
    </p>
   </div>
   <div class='ocr_carea' id='block_1_16' title="bbox 255 1490 1881 1558">
    <p class='ocr_par' dir='ltr' id='par_1_16' title="bbox 255 1490 1881 1558">
     <span class='ocr_line' id='line_1_16' title="bbox 255 1490 1881 1558; baseline 0.002 -14"><span class='ocrx_word' id='word_1_104' title='bbox 255 1491 496 1545; x_wconf 85' lang='lat' dir='ltr'>nissimo</span> <span class='ocrx_word' id='word_1_105' title='bbox 539 1490 612 1544; x_wconf 89' lang='lat' dir='ltr'>ab</span> <span class='ocrx_word' id='word_1_106' title='bbox 637 1490 830 1544; x_wconf 89' lang='lat' dir='ltr'>exsilio</span> <span class='ocrx_word' id='word_1_107' title='bbox 865 1493 1181 1558; x_wconf 89' lang='lat' dir='ltr'>revocatus,</span> <span class='ocrx_word' id='word_1_108' title='bbox 1227 1491 1302 1546; x_wconf 85' lang='lat' dir='ltr'>ad</span> <span class='ocrx_word' id='word_1_109' title='bbox 1328 1493 1628 1547; x_wconf 89' lang='lat' dir='ltr'>ecclesiam</span> <span class='ocrx_word' id='word_1_110' title='bbox 1663 1494 1881 1549; x_wconf 83' lang='lat' dir='ltr'>Gerun-</span> 
     </span>
    </p>
   </div>
   <div class='ocr_carea' id='block_1_17' title="bbox 253 1583 1886 1657">
    <p class='ocr_par' dir='ltr' id='par_1_17' title="bbox 253 1583 1886 1657">
     <span class='ocr_line' id='line_1_17' title="bbox 253 1583 1886 1657; baseline 0.002 -19"><span class='ocrx_word' id='word_1_111' title='bbox 253 1585 499 1638; x_wconf 89' lang='lat' dir='ltr'>densem</span> <span class='ocrx_word' id='word_1_112' title='bbox 535 1583 854 1654; x_wconf 86' lang='lat' dir='ltr'>regendam</span> <span class='ocrx_word' id='word_1_113' title='bbox 883 1583 992 1638; x_wconf 85' lang='lat' dir='ltr'>fuit</span> <span class='ocrx_word' id='word_1_114' title='bbox 1019 1587 1245 1640; x_wconf 87' lang='lat' dir='ltr'>evectus</span> <span class='ocrx_word' id='word_1_115' title='bbox 1274 1603 1427 1640; x_wconf 87' lang='lat' dir='ltr'>anno</span> <span class='ocrx_word' id='word_1_116' title='bbox 1457 1589 1579 1652; x_wconf 89' lang='grc'><strong>592,</strong></span> <span class='ocrx_word' id='word_1_117' title='bbox 1609 1590 1673 1640; x_wconf 88' lang='lat' dir='ltr'>ut</span> <span class='ocrx_word' id='word_1_118' title='bbox 1696 1587 1886 1657; x_wconf 79' lang='lat' dir='ltr'>arguit</span> 
     </span>
    </p>
   </div>
   <div class='ocr_carea' id='block_1_18' title="bbox 253 1676 1883 1748">
    <p class='ocr_par' dir='ltr' id='par_1_18' title="bbox 253 1676 1883 1748">
     <span class='ocr_line' id='line_1_18' title="bbox 253 1676 1883 1748; baseline 0.002 -18"><span class='ocrx_word' id='word_1_119' title='bbox 253 1677 520 1737; x_wconf 74' lang='lat' dir='ltr'>Nicolaus</span> <span class='ocrx_word' id='word_1_120' title='bbox 545 1676 823 1730; x_wconf 82' lang='lat' dir='ltr'>Antonius</span> <span class='ocrx_word' id='word_1_121' title='bbox 869 1677 953 1748; x_wconf 76' lang='grc' dir='ltr'>(ο).</span> <span class='ocrx_word' id='word_1_122' title='bbox 991 1678 1164 1732; x_wconf 88' lang='lat' dir='ltr'>Porro</span> <span class='ocrx_word' id='word_1_123' title='bbox 1207 1678 1448 1733; x_wconf 90' lang='lat' dir='ltr'>concilio</span> <span class='ocrx_word' id='word_1_124' title='bbox 1481 1679 1883 1734; x_wconf 85' lang='lat' dir='ltr'>Barcinonensi</span> 
     </span>
    </p>
   </div>
   <div class='ocr_carea' id='block_1_19' title="bbox 250 1747 1960 1844">
    <p class='ocr_par' dir='ltr' id='par_1_19' title="bbox 250 1747 1960 1844">
     <span class='ocr_line' id='line_1_19' title="bbox 250 1747 1960 1844; baseline 0.003 -21"><span class='ocrx_word' id='word_1_125' title='bbox 250 1769 656 1840; x_wconf 85' lang='lat' dir='ltr'>subscripsisse</span> <span class='ocrx_word' id='word_1_126' title='bbox 709 1786 862 1824; x_wconf 87' lang='lat' dir='ltr'>anno</span> <span class='ocrx_word' id='word_1_127' title='bbox 896 1773 997 1825; x_wconf 89' lang='lat'>599</span> <span class='ocrx_word' id='word_1_128' title='bbox 1042 1771 1393 1842; x_wconf 90' lang='lat' dir='ltr'>comperitur</span> <span class='ocrx_word' id='word_1_129' title='bbox 1436 1771 1508 1844; x_wconf 77' lang='grc' dir='ltr'>(ἀ)</span> <span class='ocrx_word' id='word_1_130' title='bbox 1554 1789 1619 1827; x_wconf 87' lang='lat' dir='ltr'>ac</span> <span class='ocrx_word' id='word_1_131' title='bbox 1649 1747 1960 1828; x_wconf 80' lang='lat' dir='ltr'>demumB</span> 
     </span>
    </p>
   </div>
   <div class='ocr_carea' id='block_1_20' title="bbox 251 1861 1885 1937">
    <p class='ocr_par' dir='ltr' id='par_1_20' title="bbox 251 1861 1885 1937">
     <span class='ocr_line' id='line_1_20' title="bbox 251 1861 1885 1937; baseline 0.002 -21"><span class='ocrx_word' id='word_1_132' title='bbox 251 1861 554 1917; x_wconf 71' lang='lat' dir='ltr'>Svinthilze</span> <span class='ocrx_word' id='word_1_133' title='bbox 586 1862 739 1934; x_wconf 82' lang='lat' dir='ltr'>regis</span> <span class='ocrx_word' id='word_1_134' title='bbox 765 1865 954 1930; x_wconf 59' lang='lat' dir='ltr'>tritate,</span> <span class='ocrx_word' id='word_1_135' title='bbox 986 1863 1047 1917; x_wconf 90' lang='lat' dir='ltr'>id</span> <span class='ocrx_word' id='word_1_136' title='bbox 1077 1867 1181 1931; x_wconf 90' lang='lat' dir='ltr'>est,</span> <span class='ocrx_word' id='word_1_137' title='bbox 1216 1868 1344 1935; x_wconf 92' lang='lat' dir='ltr'>post</span> <span class='ocrx_word' id='word_1_138' title='bbox 1372 1881 1590 1920; x_wconf 90' lang='lat' dir='ltr'>annum</span> <span class='ocrx_word' id='word_1_139' title='bbox 1619 1869 1742 1932; x_wconf 89' lang='grc'><strong>621,</strong></span> <span class='ocrx_word' id='word_1_140' title='bbox 1769 1882 1885 1937; x_wconf 89' lang='lat' dir='ltr'>quo</span> 
     </span>
    </p>
   </div>
   <div class='ocr_carea' id='block_1_21' title="bbox 250 1955 1885 2028">
    <p class='ocr_par' dir='ltr' id='par_1_21' title="bbox 250 1955 1885 2028">
     <span class='ocr_line' id='line_1_21' title="bbox 250 1955 1885 2028; baseline 0.003 -20"><span class='ocrx_word' id='word_1_141' title='bbox 250 1956 351 2008; x_wconf 90' lang='lat' dir='ltr'>ille</span> <span class='ocrx_word' id='word_1_142' title='bbox 385 1971 629 2026; x_wconf 87' lang='lat' dir='ltr'>regnare</span> <span class='ocrx_word' id='word_1_143' title='bbox 666 1955 853 2026; x_wconf 87' lang='lat' dir='ltr'>coepit,</span> <span class='ocrx_word' id='word_1_144' title='bbox 885 1955 1150 2010; x_wconf 89' lang='lat' dir='ltr'>Sisebuto</span> <span class='ocrx_word' id='word_1_145' title='bbox 1182 1959 1239 2010; x_wconf 91' lang='lat' dir='ltr'>et</span> <span class='ocrx_word' id='word_1_146' title='bbox 1277 1957 1570 2014; x_wconf 81' lang='lat' dir='ltr'>Recaredo</span> <span class='ocrx_word' id='word_1_147' title='bbox 1603 1958 1725 2028; x_wconf 88' lang='lat' dir='ltr'>ejus</span> <span class='ocrx_word' id='word_1_148' title='bbox 1767 1959 1885 2013; x_wconf 82' lang='lat' dir='ltr'>tilio</span> 
     </span>
    </p>
   </div>
   <div class='ocr_carea' id='block_1_22' title="bbox 253 2047 1887 2128">
    <p class='ocr_par' dir='ltr' id='par_1_22' title="bbox 253 2047 1887 2128">
     <span class='ocr_line' id='line_1_22' title="bbox 253 2047 1887 2128; baseline 0.002 -26"><span class='ocrx_word' id='word_1_149' title='bbox 253 2051 449 2103; x_wconf 89' lang='lat' dir='ltr'>morte</span> <span class='ocrx_word' id='word_1_150' title='bbox 479 2047 736 2114; x_wconf 87' lang='lat' dir='ltr'>sublatis,</span> <span class='ocrx_word' id='word_1_151' title='bbox 758 2048 947 2119; x_wconf 90' lang='lat' dir='ltr'>ipsum</span> <span class='ocrx_word' id='word_1_152' title='bbox 979 2049 1053 2102; x_wconf 90' lang='lat' dir='ltr'>ad</span> <span class='ocrx_word' id='word_1_153' title='bbox 1074 2051 1245 2103; x_wconf 57' lang='lat' dir='ltr'>caelos</span> <span class='ocrx_word' id='word_1_154' title='bbox 1275 2049 1580 2128; x_wconf 71' lang='lat' dir='ltr'>migrasse,</span> <span class='ocrx_word' id='word_1_155' title='bbox 1613 2051 1887 2106; x_wconf 64' lang='lat' dir='ltr'>ecclesiae-</span> 
     </span>
    </p>
   </div>
   <div class='ocr_carea' id='block_1_23' title="bbox 250 2141 1888 2214">
    <p class='ocr_par' dir='ltr' id='par_1_23' title="bbox 250 2141 1888 2214">
     <span class='ocr_line' id='line_1_23' title="bbox 250 2141 1888 2214; baseline 0.002 -19"><span class='ocrx_word' id='word_1_156' title='bbox 250 2158 368 2213; x_wconf 87' lang='lat' dir='ltr'>que</span> <span class='ocrx_word' id='word_1_157' title='bbox 397 2141 782 2196; x_wconf 86' lang='lat' dir='ltr'>Gerundensis</span> <span class='ocrx_word' id='word_1_158' title='bbox 811 2141 1074 2212; x_wconf 88' lang='lat' dir='ltr'>regimen</span> <span class='ocrx_word' id='word_1_159' title='bbox 1099 2142 1307 2196; x_wconf 90' lang='lat' dir='ltr'>Nonito</span> <span class='ocrx_word' id='word_1_160' title='bbox 1338 2143 1656 2214; x_wconf 87' lang='lat' dir='ltr'>reliquisse,</span> <span class='ocrx_word' id='word_1_161' title='bbox 1683 2144 1888 2199; x_wconf 86' lang='lat' dir='ltr'>litteris</span> 
     </span>
    </p>
   </div>
   <div class='ocr_carea' id='block_1_24' title="bbox 249 2233 1888 2307">
    <p class='ocr_par' dir='ltr' id='par_1_24' title="bbox 249 2233 1888 2307">
     <span class='ocr_line' id='line_1_24' title="bbox 249 2233 1888 2307; baseline 0.003 -20"><span class='ocrx_word' id='word_1_162' title='bbox 249 2233 691 2290; x_wconf 84' lang='lat' dir='ltr'>commendavit</span> <span class='ocrx_word' id='word_1_163' title='bbox 715 2233 982 2289; x_wconf 88' lang='lat' dir='ltr'>laudatus</span> <span class='ocrx_word' id='word_1_164' title='bbox 1010 2234 1262 2290; x_wconf 85' lang='lat' dir='ltr'>Mariana</span> <span class='ocrx_word' id='word_1_165' title='bbox 1283 2235 1370 2307; x_wconf 79' lang='grc' dir='ltr'>(ε).</span> <span class='ocrx_word' id='word_1_166' title='bbox 1399 2237 1576 2292; x_wconf 90' lang='lat' dir='ltr'>Paulo</span> <span class='ocrx_word' id='word_1_167' title='bbox 1607 2237 1776 2292; x_wconf 88' lang='lat' dir='ltr'>aliter</span> <span class='ocrx_word' id='word_1_168' title='bbox 1801 2238 1888 2292; x_wconf 82' lang='lat' dir='ltr'>Ni-</span> 
     </span>
    </p>
   </div>
   <div class='ocr_carea' id='block_1_25' title="bbox 245 2327 1884 2402">
    <p class='ocr_par' dir='ltr' id='par_1_25' title="bbox 245 2327 1884 2402">
     <span class='ocr_line' id='line_1_25' title="bbox 245 2327 1884 2402; baseline 0.002 -20"><span class='ocrx_word' id='word_1_169' title='bbox 245 2329 450 2382; x_wconf 88' lang='lat' dir='ltr'>colaus</span> <span class='ocrx_word' id='word_1_170' title='bbox 479 2327 780 2394; x_wconf 86' lang='lat' dir='ltr'>Antonius,</span> <span class='ocrx_word' id='word_1_171' title='bbox 811 2345 877 2382; x_wconf 87' lang='lat' dir='ltr'>ex</span> <span class='ocrx_word' id='word_1_172' title='bbox 905 2343 1018 2398; x_wconf 90' lang='lat' dir='ltr'>quo</span> <span class='ocrx_word' id='word_1_173' title='bbox 1047 2345 1180 2382; x_wconf 89' lang='lat' dir='ltr'>eum</span> <span class='ocrx_word' id='word_1_174' title='bbox 1223 2328 1400 2383; x_wconf 87' lang='lat' dir='ltr'>vitam</span> <span class='ocrx_word' id='word_1_175' title='bbox 1431 2329 1884 2402; x_wconf 75' lang='lat' dir='ltr'>produxisseus-</span> 
     </span>
    </p>
   </div>
   <div class='ocr_carea' id='block_1_26' title="bbox 253 2421 1298 2493">
    <p class='ocr_par' dir='ltr' id='par_1_26' title="bbox 253 2421 1298 2493">
     <span class='ocr_line' id='line_1_26' title="bbox 253 2421 1298 2493; baseline 0.002 -19"><span class='ocrx_word' id='word_1_176' title='bbox 253 2436 372 2492; x_wconf 87' lang='lat' dir='ltr'>que</span> <span class='ocrx_word' id='word_1_177' title='bbox 399 2421 472 2474; x_wconf 91' lang='lat' dir='ltr'>ad</span> <span class='ocrx_word' id='word_1_178' title='bbox 497 2437 716 2474; x_wconf 89' lang='lat' dir='ltr'>annum</span> <span class='ocrx_word' id='word_1_179' title='bbox 745 2425 848 2475; x_wconf 89' lang='grc'><strong>620</strong></span> <span class='ocrx_word' id='word_1_180' title='bbox 875 2421 1187 2475; x_wconf 90' lang='lat' dir='ltr'>edocemur</span> <span class='ocrx_word' id='word_1_181' title='bbox 1215 2422 1298 2493; x_wconf 72' lang='grc' dir='ltr'>(Γ).</span> 
     </span>
    </p>
   </div>
   <div class='ocr_carea' id='block_1_27' title="bbox 325 2513 1889 2587">
    <p class='ocr_par' dir='ltr' id='par_1_27' title="bbox 325 2513 1889 2587">
     <span class='ocr_line' id='line_1_27' title="bbox 325 2513 1889 2587; baseline 0.002 -19"><span class='ocrx_word' id='word_1_182' title='bbox 325 2515 391 2569; x_wconf 89' lang='lat' dir='ltr'>ll.</span> <span class='ocrx_word' id='word_1_183' title='bbox 439 2513 678 2584; x_wconf 85' lang='lat' dir='ltr'>Scripsit</span> <span class='ocrx_word' id='word_1_184' title='bbox 710 2513 1036 2569; x_wconf 87' lang='lat' dir='ltr'>Chronicon</span> <span class='ocrx_word' id='word_1_185' title='bbox 1078 2514 1150 2568; x_wconf 90' lang='lat' dir='ltr'>ab</span> <span class='ocrx_word' id='word_1_186' title='bbox 1195 2531 1350 2569; x_wconf 90' lang='lat' dir='ltr'>anno</span> <span class='ocrx_word' id='word_1_187' title='bbox 1393 2519 1494 2570; x_wconf 90' lang='lat'>566</span> <span class='ocrx_word' id='word_1_188' title='bbox 1539 2533 1653 2587; x_wconf 91' lang='lat' dir='ltr'>quo</span> <span class='ocrx_word' id='word_1_189' title='bbox 1699 2517 1889 2572; x_wconf 86' lang='lat' dir='ltr'>Victor</span> 
     </span>
    </p>
   </div>
   <div class='ocr_carea' id='block_1_28' title="bbox 250 2605 1887 2678">
    <p class='ocr_par' dir='ltr' id='par_1_28' title="bbox 250 2605 1887 2678">
     <span class='ocr_line' id='line_1_28' title="bbox 250 2605 1887 2678; baseline 0.002 -17"><span class='ocrx_word' id='word_1_190' title='bbox 250 2605 616 2662; x_wconf 86' lang='lat' dir='ltr'>Tununensis</span> <span class='ocrx_word' id='word_1_191' title='bbox 642 2606 828 2674; x_wconf 90' lang='lat' dir='ltr'>desiit,</span> <span class='ocrx_word' id='word_1_192' title='bbox 860 2623 1037 2678; x_wconf 91' lang='lat' dir='ltr'>usque</span> <span class='ocrx_word' id='word_1_193' title='bbox 1061 2607 1133 2662; x_wconf 89' lang='lat' dir='ltr'>ad</span> <span class='ocrx_word' id='word_1_194' title='bbox 1161 2625 1378 2662; x_wconf 89' lang='lat' dir='ltr'>annum</span> <span class='ocrx_word' id='word_1_195' title='bbox 1406 2612 1530 2678; x_wconf 89' lang='lat'>590,</span> <span class='ocrx_word' id='word_1_196' title='bbox 1578 2609 1638 2664; x_wconf 87' lang='lat' dir='ltr'>id</span> <span class='ocrx_word' id='word_1_197' title='bbox 1683 2614 1786 2676; x_wconf 90' lang='lat' dir='ltr'>est,</span> <span class='ocrx_word' id='word_1_198' title='bbox 1815 2611 1887 2665; x_wconf 89' lang='lat' dir='ltr'>ab</span> 
     </span>
    </p>
   </div>
   <div class='ocr_carea' id='block_1_29' title="bbox 248 2699 1884 2774">
    <p class='ocr_par' dir='ltr' id='par_1_29' title="bbox 248 2699 1884 2774">
     <span class='ocr_line' id='line_1_29' title="bbox 248 2699 1884 2774; baseline 0.002 -20"><span class='ocrx_word' id='word_1_199' title='bbox 248 2716 412 2755; x_wconf 88' lang='lat' dir='ltr'>anno</span> <span class='ocrx_word' id='word_1_200' title='bbox 445 2703 466 2754; x_wconf 98' lang='grc'>1</span> <span class='ocrx_word' id='word_1_201' title='bbox 507 2699 712 2754; x_wconf 86' lang='lat' dir='ltr'>Justini</span> <span class='ocrx_word' id='word_1_202' title='bbox 743 2699 991 2769; x_wconf 89' lang='lat' dir='ltr'>junioris</span> <span class='ocrx_word' id='word_1_203' title='bbox 1022 2700 1095 2754; x_wconf 91' lang='lat' dir='ltr'>ad</span> <span class='ocrx_word' id='word_1_204' title='bbox 1123 2717 1341 2755; x_wconf 89' lang='lat' dir='ltr'>annum</span> <span class='ocrx_word' id='word_1_205' title='bbox 1370 2704 1402 2756; x_wconf 91' lang='lat'><strong>8</strong></span> <span class='ocrx_word' id='word_1_206' title='bbox 1427 2703 1672 2757; x_wconf 85' lang='lat' dir='ltr'>Mauritii</span> <span class='ocrx_word' id='word_1_207' title='bbox 1702 2703 1884 2774; x_wconf 91' lang='lat' dir='ltr'>impe-</span> 
     </span>
    </p>
   </div>
   <div class='ocr_carea' id='block_1_30' title="bbox 251 2793 1888 2866">
    <p class='ocr_par' dir='ltr' id='par_1_30' title="bbox 251 2793 1888 2866">
     <span class='ocr_line' id='line_1_30' title="bbox 251 2793 1888 2866; baseline 0.003 -20"><span class='ocrx_word' id='word_1_208' title='bbox 251 2793 466 2848; x_wconf 87' lang='lat' dir='ltr'>ratoris</span> <span class='ocrx_word' id='word_1_209' title='bbox 485 2795 543 2846; x_wconf 86' lang='lat' dir='ltr'>et</span> <span class='ocrx_word' id='word_1_210' title='bbox 561 2793 840 2848; x_wconf 80' lang='lat' dir='ltr'>Recaredi</span> <span class='ocrx_word' id='word_1_211' title='bbox 865 2793 1019 2864; x_wconf 85' lang='lat' dir='ltr'>regis</span> <span class='ocrx_word' id='word_1_212' title='bbox 1043 2795 1096 2848; x_wconf 80' lang='grc'><strong>4.</strong></span> <span class='ocrx_word' id='word_1_213' title='bbox 1121 2794 1306 2848; x_wconf 88' lang='lat' dir='ltr'>Adisis</span> <span class='ocrx_word' id='word_1_214' title='bbox 1330 2794 1571 2866; x_wconf 90' lang='lat' dir='ltr'>Pagium</span> <span class='ocrx_word' id='word_1_215' title='bbox 1599 2795 1692 2866; x_wconf 90' lang='lat' dir='ltr'>(g).</span> <span class='ocrx_word' id='word_1_216' title='bbox 1725 2796 1888 2851; x_wconf 90' lang='lat' dir='ltr'>Unde</span> 
     </span>
    </p>
   </div>
   <div class='ocr_carea' id='block_1_31' title="bbox 247 2885 1891 2956">
    <p class='ocr_par' dir='ltr' id='par_1_31' title="bbox 247 2885 1891 2956">
     <span class='ocr_line' id='line_1_31' title="bbox 247 2885 1891 2956; baseline 0.002 -16"><span class='ocrx_word' id='word_1_217' title='bbox 247 2886 484 2941; x_wconf 84' lang='lat' dir='ltr'>Vossius</span> <span class='ocrx_word' id='word_1_218' title='bbox 508 2885 906 2956; x_wconf 87' lang='lat' dir='ltr'>corrigendus,</span> <span class='ocrx_word' id='word_1_219' title='bbox 931 2887 1026 2956; x_wconf 88' lang='lat' dir='ltr'>qui</span> <span class='ocrx_word' id='word_1_220' title='bbox 1046 2887 1293 2942; x_wconf 85' lang='lat' dir='ltr'>Mauritii</span> <span class='ocrx_word' id='word_1_221' title='bbox 1323 2904 1542 2942; x_wconf 89' lang='lat' dir='ltr'>annum</span> <span class='ocrx_word' id='word_1_222' title='bbox 1569 2891 1601 2943; x_wconf 92' lang='lat'><strong>8</strong></span> <span class='ocrx_word' id='word_1_223' title='bbox 1631 2892 1689 2943; x_wconf 93' lang='lat' dir='ltr'>et</span> <span class='ocrx_word' id='word_1_224' title='bbox 1717 2891 1891 2944; x_wconf 84' lang='lat' dir='ltr'>Reca-</span> 
     </span>
    </p>
   </div>
   <div class='ocr_carea' id='block_1_32' title="bbox 249 2978 1888 3054">
    <p class='ocr_par' dir='ltr' id='par_1_32' title="bbox 249 2978 1888 3054">
     <span class='ocr_line' id='line_1_32' title="bbox 249 2978 1888 3054; baseline 0.003 -22"><span class='ocrx_word' id='word_1_225' title='bbox 249 2978 381 3034; x_wconf 89' lang='lat' dir='ltr'>redi</span> <span class='ocrx_word' id='word_1_226' title='bbox 403 2980 436 3032; x_wconf 86' lang='grc'>4</span> <span class='ocrx_word' id='word_1_227' title='bbox 456 2979 655 3032; x_wconf 82' lang='lat' dir='ltr'>statuit</span> <span class='ocrx_word' id='word_1_228' title='bbox 674 2978 880 3033; x_wconf 87' lang='lat' dir='ltr'>Christi</span> <span class='ocrx_word' id='word_1_229' title='bbox 903 2995 1121 3033; x_wconf 88' lang='lat' dir='ltr'>annum</span> <span class='ocrx_word' id='word_1_230' title='bbox 1145 2981 1267 3034; x_wconf 82' lang='grc'><strong>594.</strong></span> <span class='ocrx_word' id='word_1_231' title='bbox 1289 2982 1467 3035; x_wconf 90' lang='lat' dir='ltr'>Porro</span> <span class='ocrx_word' id='word_1_232' title='bbox 1490 2997 1557 3035; x_wconf 81' lang='lat' dir='ltr'>ex</span> <span class='ocrx_word' id='word_1_233' title='bbox 1573 2986 1888 3054; x_wconf 89' lang='lat' dir='ltr'>purpurato</span> 
     </span>
    </p>
   </div>
   <div class='ocr_carea' id='block_1_33' title="bbox 249 3071 1887 3146">
    <p class='ocr_par' dir='ltr' id='par_1_33' title="bbox 249 3071 1887 3146">
     <span class='ocr_line' id='line_1_33' title="bbox 249 3071 1887 3146; baseline 0.004 -21"><span class='ocrx_word' id='word_1_234' title='bbox 249 3075 422 3142; x_wconf 86' lang='lat' dir='ltr'>patre</span> <span class='ocrx_word' id='word_1_235' title='bbox 449 3071 520 3125; x_wconf 91' lang='lat' dir='ltr'>de</span> <span class='ocrx_word' id='word_1_236' title='bbox 561 3071 804 3143; x_wconf 88' lang='lat' dir='ltr'>Aguirre</span> <span class='ocrx_word' id='word_1_237' title='bbox 846 3071 1222 3142; x_wconf 74' lang='lat' dir='ltr'>intelligimus</span> <span class='ocrx_word' id='word_1_238' title='bbox 1257 3072 1350 3143; x_wconf 82' lang='lat' dir='ltr'>(h),</span> <span class='ocrx_word' id='word_1_239' title='bbox 1381 3077 1602 3128; x_wconf 86' lang='lat' dir='ltr'>exstare</span> <span class='ocrx_word' id='word_1_240' title='bbox 1644 3076 1797 3146; x_wconf 90' lang='lat' dir='ltr'>apud</span> <span class='ocrx_word' id='word_1_241' title='bbox 1830 3093 1887 3130; x_wconf 89' lang='lat' dir='ltr'>se</span> 
     </span>
    </p>
   </div>
   <div class='ocr_carea' id='block_1_34' title="bbox 247 3151 1886 3238">
    <p class='ocr_par' dir='ltr' id='par_1_34' title="bbox 247 3151 1886 3238">
     <span class='ocr_line' id='line_1_34' title="bbox 247 3151 1886 3238; baseline 0.002 -18"><span class='ocrx_word' id='word_1_242' title='bbox 247 3163 618 3220; x_wconf 86' lang='lat' dir='ltr'>additionem</span> <span class='ocrx_word' id='word_1_243' title='bbox 670 3164 871 3218; x_wconf 84' lang='lat' dir='ltr'>incerti</span> <span class='ocrx_word' id='word_1_244' title='bbox 918 3151 1165 3220; x_wconf 85' lang='lat' dir='ltr'>auctoris</span> <span class='ocrx_word' id='word_1_245' title='bbox 1219 3165 1292 3220; x_wconf 91' lang='lat' dir='ltr'>ad</span> <span class='ocrx_word' id='word_1_246' title='bbox 1341 3166 1492 3221; x_wconf 88' lang='lat' dir='ltr'>istud</span> <span class='ocrx_word' id='word_1_247' title='bbox 1542 3168 1886 3238; x_wconf 87' lang='lat' dir='ltr'>Chronicon,</span> 
     </span>
    </p>
   </div>
   <div class='ocr_carea' id='block_1_35' title="bbox 249 3259 1889 3333">
    <p class='ocr_par' dir='ltr' id='par_1_35' title="bbox 249 3259 1889 3333">
     <span class='ocr_line' id='line_1_35' title="bbox 249 3259 1889 3333; baseline 0.002 -20"><span class='ocrx_word' id='word_1_248' title='bbox 249 3259 747 3328; x_wconf 86' lang='lat' dir='ltr'>complectentem</span> <span class='ocrx_word' id='word_1_249' title='bbox 777 3261 938 3328; x_wconf 87' lang='lat' dir='ltr'>gesta</span> <span class='ocrx_word' id='word_1_250' title='bbox 968 3259 1040 3313; x_wconf 92' lang='lat' dir='ltr'>ab</span> <span class='ocrx_word' id='word_1_251' title='bbox 1077 3276 1230 3312; x_wconf 88' lang='lat' dir='ltr'>anno</span> <span class='ocrx_word' id='word_1_252' title='bbox 1252 3259 1456 3315; x_wconf 87' lang='lat' dir='ltr'>Christi</span> <span class='ocrx_word' id='word_1_253' title='bbox 1487 3264 1580 3316; x_wconf 89' lang='grc'>601</span> <span class='ocrx_word' id='word_1_254' title='bbox 1610 3279 1788 3333; x_wconf 91' lang='lat' dir='ltr'>usque</span> <span class='ocrx_word' id='word_1_255' title='bbox 1817 3263 1889 3318; x_wconf 88' lang='lat' dir='ltr'>ad</span> 
     </span>
    </p>
   </div>
   <div class='ocr_carea' id='block_1_36' title="bbox 249 3351 1886 3425">
    <p class='ocr_par' dir='ltr' id='par_1_36' title="bbox 249 3351 1886 3425">
     <span class='ocr_line' id='line_1_36' title="bbox 249 3351 1886 3425; baseline 0.003 -20"><span class='ocrx_word' id='word_1_256' title='bbox 249 3367 480 3406; x_wconf 87' lang='lat' dir='ltr'>annum</span> <span class='ocrx_word' id='word_1_257' title='bbox 505 3351 607 3405; x_wconf 75' lang='grc'>742</span> <span class='ocrx_word' id='word_1_258' title='bbox 637 3367 812 3421; x_wconf 88' lang='lat' dir='ltr'>quam</span> <span class='ocrx_word' id='word_1_259' title='bbox 835 3367 893 3404; x_wconf 90' lang='lat' dir='ltr'>sc</span> <span class='ocrx_word' id='word_1_260' title='bbox 916 3351 973 3404; x_wconf 90' lang='lat' dir='ltr'>in</span> <span class='ocrx_word' id='word_1_261' title='bbox 1015 3353 1202 3405; x_wconf 91' lang='lat' dir='ltr'>lucem</span> <span class='ocrx_word' id='word_1_262' title='bbox 1244 3352 1533 3408; x_wconf 91' lang='lat' dir='ltr'>editurum</span> <span class='ocrx_word' id='word_1_263' title='bbox 1565 3356 1886 3425; x_wconf 88' lang='lat' dir='ltr'>pollicetur.</span> 
     </span>
    </p>
   </div>
   <div class='ocr_carea' id='block_1_37' title="bbox 251 3442 1890 3515">
    <p class='ocr_par' dir='ltr' id='par_1_37' title="bbox 251 3442 1890 3515">
     <span class='ocr_line' id='line_1_37' title="bbox 251 3442 1890 3515; baseline 0.002 -16"><span class='ocrx_word' id='word_1_264' title='bbox 251 3445 389 3499; x_wconf 61' lang='lat' dir='ltr'>Hac</span> <span class='ocrx_word' id='word_1_265' title='bbox 405 3443 612 3513; x_wconf 83' lang='lat' dir='ltr'>Pagius</span> <span class='ocrx_word' id='word_1_266' title='bbox 634 3442 714 3514; x_wconf 89' lang='lat' dir='ltr'>(i).</span> <span class='ocrx_word' id='word_1_267' title='bbox 739 3442 1032 3513; x_wconf 88' lang='lat' dir='ltr'>Ejusmodi</span> <span class='ocrx_word' id='word_1_268' title='bbox 1047 3461 1182 3498; x_wconf 84' lang='lat' dir='ltr'>vero</span> <span class='ocrx_word' id='word_1_269' title='bbox 1203 3445 1382 3499; x_wconf 87' lang='lat' dir='ltr'>nostri</span> <span class='ocrx_word' id='word_1_270' title='bbox 1401 3447 1659 3515; x_wconf 79' lang='lat' dir='ltr'>praesulis</span> <span class='ocrx_word' id='word_1_271' title='bbox 1677 3448 1890 3502; x_wconf 83' lang='lat' dir='ltr'>Gerun-</span> 
     </span>
    </p>
   </div>
   <div class='ocr_carea' id='block_1_38' title="bbox 251 3535 1888 3607">
    <p class='ocr_par' dir='ltr' id='par_1_38' title="bbox 251 3535 1888 3607">
     <span class='ocr_line' id='line_1_38' title="bbox 251 3535 1888 3607; baseline 0.004 -17"><span class='ocrx_word' id='word_1_272' title='bbox 251 3535 454 3590; x_wconf 89' lang='lat' dir='ltr'>densis</span> <span class='ocrx_word' id='word_1_273' title='bbox 474 3535 820 3602; x_wconf 88' lang='lat' dir='ltr'>Chronicon,</span> <span class='ocrx_word' id='word_1_274' title='bbox 845 3536 1196 3607; x_wconf 87' lang='lat' dir='ltr'>descriptum</span> <span class='ocrx_word' id='word_1_275' title='bbox 1219 3537 1290 3592; x_wconf 89' lang='lat' dir='ltr'>ab</span> <span class='ocrx_word' id='word_1_276' title='bbox 1311 3538 1544 3592; x_wconf 86' lang='lat' dir='ltr'>Andrea</span> <span class='ocrx_word' id='word_1_277' title='bbox 1564 3539 1800 3595; x_wconf 88' lang='lat' dir='ltr'>Schotto</span> <span class='ocrx_word' id='word_1_278' title='bbox 1822 3558 1888 3596; x_wconf 84' lang='lat' dir='ltr'>ex</span> 
     </span>
    </p>
   </div>
   <div class='ocr_carea' id='block_1_39' title="bbox 252 3627 1890 3703">
    <p class='ocr_par' dir='ltr' id='par_1_39' title="bbox 252 3627 1890 3703">
     <span class='ocr_line' id='line_1_39' title="bbox 252 3627 1890 3703; baseline 0.002 -18"><span class='ocrx_word' id='word_1_279' title='bbox 252 3629 470 3685; x_wconf 84' lang='lat' dir='ltr'>Codice</span> <span class='ocrx_word' id='word_1_280' title='bbox 489 3627 847 3684; x_wconf 63' lang='lat' dir='ltr'>bibliothecae</span> <span class='ocrx_word' id='word_1_281' title='bbox 864 3631 1172 3697; x_wconf 71' lang='lat' dir='ltr'>Toletanaa,</span> <span class='ocrx_word' id='word_1_282' title='bbox 1190 3630 1409 3702; x_wconf 91' lang='lat' dir='ltr'>primus</span> <span class='ocrx_word' id='word_1_283' title='bbox 1425 3631 1636 3702; x_wconf 90' lang='lat' dir='ltr'>publici</span> <span class='ocrx_word' id='word_1_284' title='bbox 1649 3633 1796 3703; x_wconf 86' lang='lat' dir='ltr'>juris</span> <span class='ocrx_word' id='word_1_285' title='bbox 1812 3635 1890 3689; x_wconf 84' lang='lat' dir='ltr'>fe-</span> 
     </span>
    </p>
   </div>
   <div class='ocr_carea' id='block_1_40' title="bbox 252 3721 1891 3795">
    <p class='ocr_par' dir='ltr' id='par_1_40' title="bbox 252 3721 1891 3795">
     <span class='ocr_line' id='line_1_40' title="bbox 252 3721 1891 3795; baseline 0.004 -19"><span class='ocrx_word' id='word_1_286' title='bbox 252 3723 334 3776; x_wconf 88' lang='lat' dir='ltr'>cit</span> <span class='ocrx_word' id='word_1_287' title='bbox 357 3721 691 3792; x_wconf 84' lang='lat' dir='ltr'>Ingolstadii</span> <span class='ocrx_word' id='word_1_288' title='bbox 707 3739 861 3778; x_wconf 89' lang='lat' dir='ltr'>anno</span> <span class='ocrx_word' id='word_1_289' title='bbox 878 3725 1032 3789; x_wconf 89' lang='grc'><strong>1600,</strong></span> <span class='ocrx_word' id='word_1_290' title='bbox 1052 3740 1182 3777; x_wconf 91' lang='lat' dir='ltr'>cum</span> <span class='ocrx_word' id='word_1_291' title='bbox 1200 3723 1424 3793; x_wconf 75' lang='lat' dir='ltr'>Yictore</span> <span class='ocrx_word' id='word_1_292' title='bbox 1442 3725 1792 3795; x_wconf 91' lang='lat' dir='ltr'>Tununensi,</span> <span class='ocrx_word' id='word_1_293' title='bbox 1816 3729 1891 3782; x_wconf 92' lang='lat' dir='ltr'>le-</span> 
     </span>
    </p>
   </div>
   <div class='ocr_carea' id='block_1_41' title="bbox 253 3814 1886 3891">
    <p class='ocr_par' dir='ltr' id='par_1_41' title="bbox 253 3814 1886 3891">
     <span class='ocr_line' id='line_1_41' title="bbox 253 3814 1886 3891; baseline 0.003 -21"><span class='ocrx_word' id='word_1_294' title='bbox 253 3814 498 3886; x_wconf 85' lang='lat' dir='ltr'>gatione</span> <span class='ocrx_word' id='word_1_295' title='bbox 520 3815 851 3885; x_wconf 86' lang='lat' dir='ltr'>Luitprandi</span> <span class='ocrx_word' id='word_1_296' title='bbox 878 3815 1356 3886; x_wconf 88' lang='lat' dir='ltr'>adNicephorum</span> <span class='ocrx_word' id='word_1_297' title='bbox 1375 3815 1626 3872; x_wconf 29' lang='lat' dir='ltr'>Pho‘cam</span> <span class='ocrx_word' id='word_1_298' title='bbox 1647 3824 1705 3874; x_wconf 88' lang='lat' dir='ltr'>et</span> <span class='ocrx_word' id='word_1_299' title='bbox 1718 3837 1886 3891; x_wconf 77' lang='lat' dir='ltr'>syno-</span> 
     </span>
    </p>
   </div>
   <div class='ocr_carea' id='block_1_42' title="bbox 257 3906 1890 3983">
    <p class='ocr_par' dir='ltr' id='par_1_42' title="bbox 257 3906 1890 3983">
     <span class='ocr_line' id='line_1_42' title="bbox 257 3906 1890 3983; baseline 0.005 -23"><span class='ocrx_word' id='word_1_300' title='bbox 257 3907 336 3961; x_wconf 91' lang='lat' dir='ltr'>do</span> <span class='ocrx_word' id='word_1_301' title='bbox 355 3906 622 3961; x_wconf 81' lang='lat' dir='ltr'>Bavarica</span> <span class='ocrx_word' id='word_1_302' title='bbox 645 3907 916 3961; x_wconf 85' lang='lat' dir='ltr'>Henricus</span> <span class='ocrx_word' id='word_1_303' title='bbox 937 3908 1222 3975; x_wconf 87' lang='lat' dir='ltr'>Canisius;</span> <span class='ocrx_word' id='word_1_304' title='bbox 1247 3909 1403 3980; x_wconf 88' lang='lat' dir='ltr'>quod</span> <span class='ocrx_word' id='word_1_305' title='bbox 1421 3914 1620 3980; x_wconf 89' lang='lat' dir='ltr'>postea</span> <span class='ocrx_word' id='word_1_306' title='bbox 1637 3911 1890 3983; x_wconf 84' lang='lat' dir='ltr'>Scaliger</span> 
     </span>
    </p>
   </div>
   <div class='ocr_carea' id='block_1_43' title="bbox 255 3999 1888 4061">
    <p class='ocr_par' dir='ltr' id='par_1_43' title="bbox 255 3999 1888 4061">
     <span class='ocr_line' id='line_1_43' title="bbox 255 3999 1888 4061; baseline 0.004 -7"><span class='ocrx_word' id='word_1_307' title='bbox 255 3999 626 4054; x_wconf 86' lang='lat' dir='ltr'>emendatius</span> <span class='ocrx_word' id='word_1_308' title='bbox 645 3999 1044 4055; x_wconf 84' lang='lat' dir='ltr'>excudendum</span> <span class='ocrx_word' id='word_1_309' title='bbox 1071 4002 1288 4056; x_wconf 83' lang='lat' dir='ltr'>curavit</span> <span class='ocrx_word' id='word_1_310' title='bbox 1310 4003 1549 4058; x_wconf 87' lang='lat' dir='ltr'>Amstel.</span> <span class='ocrx_word' id='word_1_311' title='bbox 1575 4021 1728 4060; x_wconf 90' lang='lat' dir='ltr'>anno</span> <span class='ocrx_word' id='word_1_312' title='bbox 1756 4009 1888 4061; x_wconf 89' lang='grc'><strong>1606</strong></span> 
     </span>
    </p>
   </div>
   <div class='ocr_carea' id='block_1_44' title="bbox 255 4091 1889 4168">
    <p class='ocr_par' dir='ltr' id='par_1_44' title="bbox 255 4091 1889 4168">
     <span class='ocr_line' id='line_1_44' title="bbox 255 4091 1889 4168; baseline 0.006 -23"><span class='ocrx_word' id='word_1_313' title='bbox 255 4093 318 4146; x_wconf 90' lang='lat' dir='ltr'>in</span> <span class='ocrx_word' id='word_1_314' title='bbox 347 4091 635 4146; x_wconf 86' lang='lat' dir='ltr'>Thesauro</span> <span class='ocrx_word' id='word_1_315' title='bbox 661 4093 1008 4164; x_wconf 90' lang='lat' dir='ltr'>Temporum</span> <span class='ocrx_word' id='word_1_316' title='bbox 1038 4110 1170 4148; x_wconf 89' lang='lat' dir='ltr'>cum</span> <span class='ocrx_word' id='word_1_317' title='bbox 1190 4095 1432 4150; x_wconf 88' lang='lat' dir='ltr'>Eusebio</span> <span class='ocrx_word' id='word_1_318' title='bbox 1459 4095 1700 4168; x_wconf 88' lang='lat' dir='ltr'>aliisque</span> <span class='ocrx_word' id='word_1_319' title='bbox 1719 4099 1889 4154; x_wconf 51' lang='lat' dir='ltr'>Chro-</span> 
     </span>
    </p>
   </div>
   <div class='ocr_carea' id='block_1_45' title="bbox 257 4184 1890 4261">
    <p class='ocr_par' dir='ltr' id='par_1_45' title="bbox 257 4184 1890 4261">
     <span class='ocr_line' id='line_1_45' title="bbox 257 4184 1890 4261; baseline 0.004 -21"><span class='ocrx_word' id='word_1_320' title='bbox 257 4184 594 4256; x_wconf 85' lang='lat' dir='ltr'>uographis.</span> <span class='ocrx_word' id='word_1_321' title='bbox 617 4186 756 4240; x_wconf 60' lang='lat' dir='ltr'>Alite</span> <span class='ocrx_word' id='word_1_322' title='bbox 779 4186 903 4240; x_wconf 72' lang='lat' dir='ltr'>dua:</span> <span class='ocrx_word' id='word_1_323' title='bbox 921 4190 1202 4256; x_wconf 72' lang='lat' dir='ltr'>praeterea</span> <span class='ocrx_word' id='word_1_324' title='bbox 1221 4191 1442 4243; x_wconf 79' lang='lat' dir='ltr'>exstant</span> <span class='ocrx_word' id='word_1_325' title='bbox 1461 4191 1696 4261; x_wconf 91' lang='lat' dir='ltr'>hujusce</span> <span class='ocrx_word' id='word_1_326' title='bbox 1717 4191 1890 4248; x_wconf 80' lang='lat' dir='ltr'>Chro-</span> 
     </span>
    </p>
   </div>
   <div class='ocr_carea' id='block_1_46' title="bbox 247 4316 1885 4428">
    <p class='ocr_par' dir='ltr' id='par_1_46' title="bbox 247 4316 1885 4428">
     <span class='ocr_line' id='line_1_46' title="bbox 247 4316 1885 4428; baseline 0.007 -24"><span class='ocrx_word' id='word_1_327' title='bbox 247 4316 254 4322; x_wconf 31' lang='lat'>.</span> <span class='ocrx_word' id='word_1_328' title='bbox 337 4350 410 4428; x_wconf 51' lang='lat' dir='ltr'>ta)</span> <span class='ocrx_word' id='word_1_329' title='bbox 429 4352 714 4428; x_wconf 51' lang='lat' dir='ltr'>Mariam,</span> <span class='ocrx_word' id='word_1_330' title='bbox 731 4352 800 4407; x_wconf 91' lang='lat' dir='ltr'>de</span> <span class='ocrx_word' id='word_1_331' title='bbox 827 4353 968 4428; x_wconf 71' lang='lat' dir='ltr'>Bch.</span> <span class='ocrx_word' id='word_1_332' title='bbox 990 4353 1172 4428; x_wconf 73' lang='lat' dir='ltr'>llisp.,</span> <span class='ocrx_word' id='word_1_333' title='bbox 1195 4355 1294 4410; x_wconf 90' lang='lat' dir='ltr'>lib.</span> <span class='ocrx_word' id='word_1_334' title='bbox 1325 4372 1376 4421; x_wconf 81' lang='grc' dir='ltr'><strong>ν,</strong></span> <span class='ocrx_word' id='word_1_335' title='bbox 1413 4373 1536 4428; x_wconf 88' lang='lat' dir='ltr'>cap.</span> <span class='ocrx_word' id='word_1_336' title='bbox 1570 4361 1652 4425; x_wconf 80' lang='lat' dir='ltr'>l3,</span> <span class='ocrx_word' id='word_1_337' title='bbox 1681 4361 1822 4414; x_wconf 90' lang='lat' dir='ltr'>tom.</span> <span class='ocrx_word' id='word_1_338' title='bbox 1845 4363 1885 4428; x_wconf 90' lang='lat' dir='ltr'>l,</span> 
     </span>
    </p>
   </div>
   <div class='ocr_carea' id='block_1_47' title="bbox 256 4423 1236 4494">
    <p class='ocr_par' dir='ltr' id='par_1_47' title="bbox 256 4423 1236 4494">
     <span class='ocr_line' id='line_1_47' title="bbox 256 4423 1236 4494; baseline 0.002 -17"><span class='ocrx_word' id='word_1_339' title='bbox 256 4440 316 4494; x_wconf 93' lang='lat' dir='ltr'>p.</span> <span class='ocrx_word' id='word_1_340' title='bbox 355 4425 474 4488; x_wconf 87' lang='grc'><strong>188,</strong></span> <span class='ocrx_word' id='word_1_341' title='bbox 503 4423 640 4478; x_wconf 89' lang='lat' dir='ltr'>edit.</span> <span class='ocrx_word' id='word_1_342' title='bbox 673 4424 813 4493; x_wconf 87' lang='lat' dir='ltr'>Hag.</span> <span class='ocrx_word' id='word_1_343' title='bbox 845 4424 1048 4480; x_wconf 91' lang='lat' dir='ltr'>Comit.</span> <span class='ocrx_word' id='word_1_344' title='bbox 1082 4423 1236 4480; x_wconf 81' lang='grc'><strong>1733.</strong></span> 
     </span>
    </p>
   </div>
   <div class='ocr_carea' id='block_1_48' title="bbox 335 4477 1966 4567">
    <p class='ocr_par' dir='ltr' id='par_1_48' title="bbox 335 4477 1966 4567">
     <span class='ocr_line' id='line_1_48' title="bbox 335 4477 1966 4567; baseline 0 -20"><span class='ocrx_word' id='word_1_345' title='bbox 335 4494 405 4563; x_wconf 83' lang='lat' dir='ltr'>(b)</span> <span class='ocrx_word' id='word_1_346' title='bbox 437 4477 668 4560; x_wconf 66' lang='lat' dir='ltr'>Mabill.,</span> <span class='ocrx_word' id='word_1_347' title='bbox 711 4477 920 4548; x_wconf 52' lang='lat' dir='ltr'>Annal.</span> <span class='ocrx_word' id='word_1_348' title='bbox 969 4477 1335 4563; x_wconf 23' lang='lat' dir='ltr'>Bene—diilib,</span> <span class='ocrx_word' id='word_1_349' title='bbox 1374 4513 1457 4566; x_wconf 82' lang='grc' dir='ltr'>ιιι,</span> <span class='ocrx_word' id='word_1_350' title='bbox 1489 4495 1520 4567; x_wconf 85' lang='lat'>§</span> <span class='ocrx_word' id='word_1_351' title='bbox 1547 4501 1635 4563; x_wconf 92' lang='lat'>35,</span> <span class='ocrx_word' id='word_1_352' title='bbox 1663 4500 1812 4552; x_wconf 91' lang='lat' dir='ltr'>tom.</span> <span class='ocrx_word' id='word_1_353' title='bbox 1845 4501 1886 4566; x_wconf 87' lang='grc' dir='ltr'><strong>Ι,</strong></span> <span class='ocrx_word' id='word_1_354' title='bbox 1907 4477 1966 4547; x_wconf 89' lang='grc' dir='ltr'>Ῑ)</span> 
     </span>
    </p>
   </div>
   <div class='ocr_carea' id='block_1_49' title="bbox 261 4567 1887 4710">
    <p class='ocr_par' dir='ltr' id='par_1_49' title="bbox 261 4567 1887 4710">
     <span class='ocr_line' id='line_1_49' title="bbox 261 4567 1887 4710; baseline 0.005 -22"><span class='ocrx_word' id='word_1_355' title='bbox 261 4583 318 4635; x_wconf 56' lang='grc' dir='ltr'>ρ’</span> <span class='ocrx_word' id='word_1_356' title='bbox 337 4567 557 4705; x_wconf 46' lang='lat' dir='ltr'>((2);.Nic.</span> <span class='ocrx_word' id='word_1_357' title='bbox 577 4635 738 4710; x_wconf 64' lang='lat' dir='ltr'>Ant,</span> <span class='ocrx_word' id='word_1_358' title='bbox 773 4635 912 4690; x_wconf 87' lang='lat' dir='ltr'>Bibl.</span> <span class='ocrx_word' id='word_1_359' title='bbox 936 4639 1044 4690; x_wconf 84' lang='lat' dir='ltr'>vet.</span> <span class='ocrx_word' id='word_1_360' title='bbox 1078 4636 1254 4708; x_wconf 86' lang='lat' dir='ltr'>Hisp.,</span> <span class='ocrx_word' id='word_1_361' title='bbox 1281 4637 1379 4693; x_wconf 90' lang='lat' dir='ltr'>lib.</span> <span class='ocrx_word' id='word_1_362' title='bbox 1406 4655 1482 4705; x_wconf 77' lang='grc' dir='ltr'>ιγ,</span> <span class='ocrx_word' id='word_1_363' title='bbox 1510 4655 1636 4710; x_wconf 90' lang='lat' dir='ltr'>cap.</span> <span class='ocrx_word' id='word_1_364' title='bbox 1669 4643 1720 4708; x_wconf 90' lang='lat'>5,</span> <span class='ocrx_word' id='word_1_365' title='bbox 1741 4642 1887 4696; x_wconf 86' lang='lat' dir='ltr'>tom.</span> 
     </span>
    </p>
   </div>
   <div class='ocr_carea' id='block_1_50' title="bbox 259 4709 782 4776">
    <p class='ocr_par' dir='ltr' id='par_1_50' title="bbox 259 4709 782 4776">
     <span class='ocr_line' id='line_1_50' title="bbox 259 4709 782 4776; baseline 0.004 -18"><span class='ocrx_word' id='word_1_366' title='bbox 259 4709 303 4770; x_wconf 91' lang='grc'>1,</span> <span class='ocrx_word' id='word_1_367' title='bbox 330 4721 503 4776; x_wconf 75' lang='lat' dir='ltr'>pagg.</span> <span class='ocrx_word' id='word_1_368' title='bbox 532 4709 634 4759; x_wconf 88' lang='grc'>227</span> <span class='ocrx_word' id='word_1_369' title='bbox 663 4721 782 4776; x_wconf 84' lang='lat' dir='ltr'>seq.</span> 
     </span>
    </p>
   </div>
   <div class='ocr_carea' id='block_1_51' title="bbox 262 4775 1887 4901">
    <p class='ocr_par' dir='ltr' id='par_1_51' title="bbox 262 4775 1887 4901">
     <span class='ocr_line' id='line_1_51' title="bbox 262 4775 1887 4901; baseline -0.039 -13"><span class='ocrx_word' id='word_1_370' title='bbox 262 4775 424 4901; x_wconf 45' lang='lat' dir='ltr'>Lagi),</span> <span class='ocrx_word' id='word_1_371' title='bbox 446 4776 661 4832; x_wconf 62' lang='lat' dir='ltr'>concn&#39;</span> <span class='ocrx_word' id='word_1_372' title='bbox 716 4775 857 4832; x_wconf 60' lang='lat' dir='ltr'>tom&#39;</span> <span class='ocrx_word' id='word_1_373' title='bbox 908 4779 995 4846; x_wconf 64' lang='lat' dir='ltr'>VI:</span> <span class='ocrx_word' id='word_1_374' title='bbox 1047 4795 1102 4848; x_wconf 86' lang='lat' dir='ltr'>P.</span> <span class='ocrx_word' id='word_1_375' title='bbox 1143 4781 1294 4846; x_wconf 72' lang='grc'><strong>1340,</strong></span> <span class='ocrx_word' id='word_1_376' title='bbox 1343 4797 1391 4849; x_wconf 90' lang='lat' dir='ltr'>c,</span> <span class='ocrx_word' id='word_1_377' title='bbox 1436 4781 1576 4836; x_wconf 89' lang='lat' dir='ltr'>edit.</span> <span class='ocrx_word' id='word_1_378' title='bbox 1640 4785 1658 4836; x_wconf 91' lang='grc'>1</span> <span class='ocrx_word' id='word_1_379' title='bbox 1715 4784 1887 4838; x_wconf 86' lang='lat' dir='ltr'>Ven.-</span> 
     </span>
    </p>
   </div>
   <div class='ocr_carea' id='block_1_52' title="bbox 349 4916 942 5040">
    <p class='ocr_par' dir='ltr' id='par_1_52' title="bbox 349 4916 942 5040">
     <span class='ocr_line' id='line_1_52' title="bbox 349 4916 931 4987; baseline 0.005 -16"><span class='ocrx_word' id='word_1_380' title='bbox 349 4916 403 4987; x_wconf 72' lang='grc' dir='ltr'>ρ)</span> <span class='ocrx_word' id='word_1_381' title='bbox 428 4916 657 4984; x_wconf 83' lang='lat' dir='ltr'>Mabill.,</span> <span class='ocrx_word' id='word_1_382' title='bbox 691 4918 800 4973; x_wconf 92' lang='lat' dir='ltr'>loc.</span> <span class='ocrx_word' id='word_1_383' title='bbox 836 4919 931 4974; x_wconf 85' lang='lat' dir='ltr'>cit.</span> 
     </span>
     <span class='ocr_line' id='line_1_53' title="bbox 350 4988 942 5040; baseline 0 0"><span class='ocrx_word' id='word_1_384' title='bbox 350 4990 394 5040; x_wconf 70' lang='lat' dir='ltr'>fl</span> <span class='ocrx_word' id='word_1_385' title='bbox 424 4988 540 5040; x_wconf 83' lang='lat' dir='ltr'>Nic.</span> <span class='ocrx_word' id='word_1_386' title='bbox 573 4990 730 5040; x_wconf 87' lang='lat' dir='ltr'>Ant..</span> <span class='ocrx_word' id='word_1_387' title='bbox 762 4989 867 5040; x_wconf 91' lang='lat' dir='ltr'>loc.</span> <span class='ocrx_word' id='word_1_388' title='bbox 897 4990 942 5040; x_wconf 88' lang='lat' dir='ltr'>ci</span> 
     </span>
    </p>
   </div>
   <div class='ocr_carea' id='block_1_53' title="bbox 267 4989 1886 5183">
    <p class='ocr_par' dir='ltr' id='par_1_53' title="bbox 267 4989 1886 5183">
     <span class='ocr_line' id='line_1_54' title="bbox 328 4989 992 5127; baseline 0.005 -86"><span class='ocrx_word' id='word_1_389' title='bbox 328 4989 394 5127; x_wconf 38' lang='lat' dir='ltr'>gf)</span> <span class='ocrx_word' id='word_1_390' title='bbox 424 4989 540 5041; x_wconf 83' lang='lat' dir='ltr'>Nic.</span> <span class='ocrx_word' id='word_1_391' title='bbox 573 4990 730 5055; x_wconf 90' lang='lat' dir='ltr'>Ant.,</span> <span class='ocrx_word' id='word_1_392' title='bbox 762 4989 867 5044; x_wconf 91' lang='lat' dir='ltr'>loc.</span> <span class='ocrx_word' id='word_1_393' title='bbox 897 4990 992 5045; x_wconf 90' lang='lat' dir='ltr'>cit.</span> 
     </span>
     <span class='ocr_line' id='line_1_55' title="bbox 267 5057 1886 5183; baseline 0.005 -69"><span class='ocrx_word' id='word_1_394' title='bbox 267 5129 285 5183; x_wconf 59' lang='grc' dir='ltr'>Ξ</span> <span class='ocrx_word' id='word_1_395' title='bbox 319 5059 402 5183; x_wconf 77' lang='lat' dir='ltr'>3g)</span> <span class='ocrx_word' id='word_1_396' title='bbox 435 5057 615 5128; x_wconf 86' lang='lat' dir='ltr'>Pagi.,</span> <span class='ocrx_word' id='word_1_397' title='bbox 643 5059 717 5114; x_wconf 91' lang='lat' dir='ltr'>ad</span> <span class='ocrx_word' id='word_1_398' title='bbox 756 5076 892 5115; x_wconf 89' lang='lat' dir='ltr'>ann.</span> <span class='ocrx_word' id='word_1_399' title='bbox 923 5064 1044 5129; x_wconf 90' lang='lat'>589,</span> <span class='ocrx_word' id='word_1_400' title='bbox 1073 5061 1102 5134; x_wconf 83' lang='lat'>§</span> <span class='ocrx_word' id='word_1_401' title='bbox 1135 5067 1210 5127; x_wconf 87' lang='lat'>7;</span> <span class='ocrx_word' id='word_1_402' title='bbox 1242 5066 1300 5116; x_wconf 90' lang='lat' dir='ltr'>et</span> <span class='ocrx_word' id='word_1_403' title='bbox 1331 5067 1454 5130; x_wconf 79' lang='grc'><strong>591,</strong></span> <span class='ocrx_word' id='word_1_404' title='bbox 1491 5067 1522 5138; x_wconf 81' lang='lat'>§</span> <span class='ocrx_word' id='word_1_405' title='bbox 1555 5071 1584 5121; x_wconf 87' lang='lat'>5</span> <span class='ocrx_word' id='word_1_406' title='bbox 1616 5085 1632 5136; x_wconf 83' lang='lat'><strong>;</strong></span> <span class='ocrx_word' id='word_1_407' title='bbox 1677 5070 1734 5120; x_wconf 89' lang='lat' dir='ltr'>et</span> <span class='ocrx_word' id='word_1_408' title='bbox 1765 5071 1886 5136; x_wconf 87' lang='lat'>593,</span> 
     </span>
    </p>
   </div>
   <div class='ocr_carea' id='block_1_54' title="bbox 253 5130 1885 5281">
    <p class='ocr_par' dir='ltr' id='par_1_54' title="bbox 253 5130 1885 5281">
     <span class='ocr_line' id='line_1_56' title="bbox 253 5130 1885 5281; baseline 0.009 -29"><span class='ocrx_word' id='word_1_409' title='bbox 253 5130 286 5199; x_wconf 48' lang='grc' dir='ltr'>ἒ</span> <span class='ocrx_word' id='word_1_410' title='bbox 319 5131 516 5281; x_wconf 48' lang='grc' dir='ltr'>ἰξῷ-ρο</span> <span class='ocrx_word' id='word_1_411' title='bbox 543 5200 795 5281; x_wconf 68' lang='lat' dir='ltr'>Aguirr.,</span> <span class='ocrx_word' id='word_1_412' title='bbox 821 5203 994 5281; x_wconf 56' lang='lat' dir='ltr'>Noti}.</span> <span class='ocrx_word' id='word_1_413' title='bbox 1023 5203 1313 5281; x_wconf 75' lang='lat' dir='ltr'>concilior.</span> <span class='ocrx_word' id='word_1_414' title='bbox 1347 5207 1602 5280; x_wconf 88' lang='lat' dir='ltr'>Hispan.,</span> <span class='ocrx_word' id='word_1_415' title='bbox 1636 5225 1766 5280; x_wconf 89' lang='lat' dir='ltr'>pag.</span> <span class='ocrx_word' id='word_1_416' title='bbox 1799 5213 1885 5266; x_wconf 88' lang='lat'>95.</span> 
     </span>
    </p>
   </div>
   <div class='ocr_carea' id='block_1_55' title="bbox 330 5269 1151 5346">
    <p class='ocr_par' dir='ltr' id='par_1_55' title="bbox 330 5269 1151 5346">
     <span class='ocr_line' id='line_1_57' title="bbox 330 5269 1151 5346; baseline 0.009 -23"><span class='ocrx_word' id='word_1_417' title='bbox 330 5269 394 5342; x_wconf 65' lang='grc' dir='ltr'>(τ’)</span> <span class='ocrx_word' id='word_1_418' title='bbox 416 5269 704 5342; x_wconf 53' lang='lat' dir='ltr'>Pagi.,&#39;ad</span> <span class='ocrx_word' id='word_1_419' title='bbox 731 5269 866 5328; x_wconf 86' lang='lat' dir='ltr'>ann.</span> <span class='ocrx_word' id='word_1_420' title='bbox 897 5275 1018 5340; x_wconf 88' lang='lat'>589,</span> <span class='ocrx_word' id='word_1_421' title='bbox 1049 5274 1151 5346; x_wconf 90' lang='lat'>§7.</span> 
     </span>
    </p>
   </div>
   <div class='ocr_carea' id='block_1_56' title="bbox 1989 462 3620 533">
    <p class='ocr_par' dir='ltr' id='par_1_56' title="bbox 1989 462 3620 533">
     <span class='ocr_line' id='line_1_58' title="bbox 1989 462 3620 533; baseline -0.002 -16"><span class='ocrx_word' id='word_1_422' title='bbox 1989 462 2300 517; x_wconf 88' lang='lat' dir='ltr'>doctissimi</span> <span class='ocrx_word' id='word_1_423' title='bbox 2331 462 2636 518; x_wconf 88' lang='lat' dir='ltr'>cardinalis</span> <span class='ocrx_word' id='word_1_424' title='bbox 2663 463 2734 516; x_wconf 90' lang='lat' dir='ltr'>de</span> <span class='ocrx_word' id='word_1_425' title='bbox 2761 463 3002 533; x_wconf 84' lang='lat' dir='ltr'>Aguirre</span> <span class='ocrx_word' id='word_1_426' title='bbox 3028 462 3117 533; x_wconf 83' lang='lat' dir='ltr'>(k).</span> <span class='ocrx_word' id='word_1_427' title='bbox 3137 462 3225 516; x_wconf 91' lang='lat' dir='ltr'>Ad</span> <span class='ocrx_word' id='word_1_428' title='bbox 3251 465 3508 516; x_wconf 85' lang='lat' dir='ltr'>nostram</span> <span class='ocrx_word' id='word_1_429' title='bbox 3527 478 3620 514; x_wconf 85' lang='lat' dir='ltr'>ve-</span> 
     </span>
    </p>
   </div>
   <div class='ocr_carea' id='block_1_57' title="bbox 1986 553 3618 628">
    <p class='ocr_par' dir='ltr' id='par_1_57' title="bbox 1986 553 3618 628">
     <span class='ocr_line' id='line_1_59' title="bbox 1986 553 3618 628; baseline -0.002 -18"><span class='ocrx_word' id='word_1_430' title='bbox 1986 572 2051 610; x_wconf 91' lang='lat' dir='ltr'>ro</span> <span class='ocrx_word' id='word_1_431' title='bbox 2095 557 2250 628; x_wconf 92' lang='lat' dir='ltr'>quod</span> <span class='ocrx_word' id='word_1_432' title='bbox 2290 556 2514 624; x_wconf 86' lang='lat' dir='ltr'>attinet,</span> <span class='ocrx_word' id='word_1_433' title='bbox 2549 555 3002 625; x_wconf 86' lang='lat' dir='ltr'>Scaligerianam</span> <span class='ocrx_word' id='word_1_434' title='bbox 3047 555 3409 626; x_wconf 90' lang='lat' dir='ltr'>potissimum</span> <span class='ocrx_word' id='word_1_435' title='bbox 3441 553 3618 608; x_wconf 86' lang='lat' dir='ltr'>secuti</span> 
     </span>
    </p>
   </div>
   <div class='ocr_carea' id='block_1_58' title="bbox 1987 647 3620 721">
    <p class='ocr_par' dir='ltr' id='par_1_58' title="bbox 1987 647 3620 721">
     <span class='ocr_line' id='line_1_60' title="bbox 1987 647 3620 721; baseline -0.002 -17"><span class='ocrx_word' id='word_1_436' title='bbox 1987 666 2212 717; x_wconf 88' lang='lat' dir='ltr'>sumus;</span> <span class='ocrx_word' id='word_1_437' title='bbox 2241 665 2415 721; x_wconf 88' lang='lat' dir='ltr'>quam</span> <span class='ocrx_word' id='word_1_438' title='bbox 2447 649 2604 704; x_wconf 90' lang='lat' dir='ltr'>enim</span> <span class='ocrx_word' id='word_1_439' title='bbox 2638 649 2950 720; x_wconf 86' lang='lat' dir='ltr'>Basnagius</span> <span class='ocrx_word' id='word_1_440' title='bbox 2972 666 3036 702; x_wconf 79' lang='lat' dir='ltr'>ex</span> <span class='ocrx_word' id='word_1_441' title='bbox 3067 648 3291 702; x_wconf 90' lang='lat' dir='ltr'>Canisio</span> <span class='ocrx_word' id='word_1_442' title='bbox 3333 647 3620 719; x_wconf 82' lang='lat' dir='ltr'>evulgavit</span> 
     </span>
    </p>
   </div>
   <div class='ocr_carea' id='block_1_59' title="bbox 1987 740 3614 814">
    <p class='ocr_par' dir='ltr' id='par_1_59' title="bbox 1987 740 3614 814">
     <span class='ocr_line' id='line_1_61' title="bbox 1987 740 3614 814; baseline -0.004 -14"><span class='ocrx_word' id='word_1_443' title='bbox 1987 743 2064 813; x_wconf 84' lang='grc' dir='ltr'>(ι),</span> <span class='ocrx_word' id='word_1_444' title='bbox 2083 741 2242 798; x_wconf 87' lang='lat' dir='ltr'>haud</span> <span class='ocrx_word' id='word_1_445' title='bbox 2262 743 2458 814; x_wconf 90' lang='lat' dir='ltr'>paucis</span> <span class='ocrx_word' id='word_1_446' title='bbox 2477 742 2702 797; x_wconf 89' lang='lat' dir='ltr'>mendis</span> <span class='ocrx_word' id='word_1_447' title='bbox 2722 742 2965 796; x_wconf 87' lang='lat' dir='ltr'>obsitam</span> <span class='ocrx_word' id='word_1_448' title='bbox 2995 742 3134 812; x_wconf 93' lang='lat' dir='ltr'>quin</span> <span class='ocrx_word' id='word_1_449' title='bbox 3154 744 3213 795; x_wconf 90' lang='lat' dir='ltr'>et</span> <span class='ocrx_word' id='word_1_450' title='bbox 3233 741 3438 795; x_wconf 90' lang='lat' dir='ltr'>alicubi</span> <span class='ocrx_word' id='word_1_451' title='bbox 3465 740 3614 794; x_wconf 90' lang='lat' dir='ltr'>hiul-</span> 
     </span>
    </p>
   </div>
   <div class='ocr_carea' id='block_1_60' title="bbox 1985 832 3615 908">
    <p class='ocr_par' dir='ltr' id='par_1_60' title="bbox 1985 832 3615 908">
     <span class='ocr_line' id='line_1_62' title="bbox 1985 832 3615 908; baseline -0.002 -17"><span class='ocrx_word' id='word_1_452' title='bbox 1985 853 2114 891; x_wconf 88' lang='lat' dir='ltr'>cam</span> <span class='ocrx_word' id='word_1_453' title='bbox 2151 836 2662 891; x_wconf 85' lang='lat' dir='ltr'>animadvertimus</span> <span class='ocrx_word' id='word_1_454' title='bbox 2696 853 2709 891; x_wconf 89' lang='lat'>:</span> <span class='ocrx_word' id='word_1_455' title='bbox 2742 835 2896 908; x_wconf 90' lang='lat' dir='ltr'>quod</span> <span class='ocrx_word' id='word_1_456' title='bbox 2928 837 2985 890; x_wconf 92' lang='lat' dir='ltr'>et</span> <span class='ocrx_word' id='word_1_457' title='bbox 3013 833 3254 906; x_wconf 84' lang='lat' dir='ltr'>contigit</span> <span class='ocrx_word' id='word_1_458' title='bbox 3301 832 3359 887; x_wconf 91' lang='lat' dir='ltr'>in</span> <span class='ocrx_word' id='word_1_459' title='bbox 3390 833 3615 888; x_wconf 90' lang='lat' dir='ltr'>Victore</span> 
     </span>
    </p>
   </div>
   <div class='ocr_carea' id='block_1_61' title="bbox 1983 927 3343 1001">
    <p class='ocr_par' dir='ltr' id='par_1_61' title="bbox 1983 927 3343 1001">
     <span class='ocr_line' id='line_1_63' title="bbox 1983 927 3343 1001; baseline -0.001 -17"><span class='ocrx_word' id='word_1_460' title='bbox 1983 929 2334 997; x_wconf 89' lang='lat' dir='ltr'>Tununensi,</span> <span class='ocrx_word' id='word_1_461' title='bbox 2367 932 2430 984; x_wconf 91' lang='lat' dir='ltr'>ut</span> <span class='ocrx_word' id='word_1_462' title='bbox 2457 929 2712 1001; x_wconf 87' lang='lat' dir='ltr'>pluribus</span> <span class='ocrx_word' id='word_1_463' title='bbox 2734 928 2994 1000; x_wconf 88' lang='lat' dir='ltr'>superius</span> <span class='ocrx_word' id='word_1_464' title='bbox 3024 927 3343 983; x_wconf 91' lang='lat' dir='ltr'>docuimus.</span> 
     </span>
    </p>
   </div>
   <div class='ocr_carea' id='block_1_62' title="bbox 2055 1021 3612 1094">
    <p class='ocr_par' dir='ltr' id='par_1_62' title="bbox 2055 1021 3612 1094">
     <span class='ocr_line' id='line_1_64' title="bbox 2055 1021 3612 1094; baseline -0.001 -18"><span class='ocrx_word' id='word_1_465' title='bbox 2055 1025 2143 1077; x_wconf 89' lang='lat' dir='ltr'>Ill.</span> <span class='ocrx_word' id='word_1_466' title='bbox 2175 1023 2374 1094; x_wconf 82' lang='lat' dir='ltr'>Operae</span> <span class='ocrx_word' id='word_1_467' title='bbox 2397 1039 2571 1093; x_wconf 89' lang='lat' dir='ltr'>porro</span> <span class='ocrx_word' id='word_1_468' title='bbox 2608 1022 2859 1093; x_wconf 88' lang='lat' dir='ltr'>pretium</span> <span class='ocrx_word' id='word_1_469' title='bbox 2901 1038 3005 1076; x_wconf 89' lang='lat' dir='ltr'>nos</span> <span class='ocrx_word' id='word_1_470' title='bbox 3050 1023 3299 1076; x_wconf 86' lang='lat' dir='ltr'>facturos</span> <span class='ocrx_word' id='word_1_471' title='bbox 3329 1021 3612 1088; x_wconf 88' lang='lat' dir='ltr'>ducimus,</span> 
     </span>
    </p>
   </div>
   <div class='ocr_carea' id='block_1_63' title="bbox 1985 1113 3611 1187">
    <p class='ocr_par' dir='ltr' id='par_1_63' title="bbox 1985 1113 3611 1187">
     <span class='ocr_line' id='line_1_65' title="bbox 1985 1113 3611 1187; baseline -0.001 -18"><span class='ocrx_word' id='word_1_472' title='bbox 1985 1115 2032 1170; x_wconf 92' lang='lat' dir='ltr'>si</span> <span class='ocrx_word' id='word_1_473' title='bbox 2057 1116 2206 1170; x_wconf 91' lang='lat' dir='ltr'>notis</span> <span class='ocrx_word' id='word_1_474' title='bbox 2251 1131 2392 1187; x_wconf 87' lang='lat' dir='ltr'>quas</span> <span class='ocrx_word' id='word_1_475' title='bbox 2423 1115 2705 1171; x_wconf 87' lang='lat' dir='ltr'>Chronico</span> <span class='ocrx_word' id='word_1_476' title='bbox 2751 1115 2998 1170; x_wconf 88' lang='lat' dir='ltr'>auctoris</span> <span class='ocrx_word' id='word_1_477' title='bbox 3032 1114 3214 1170; x_wconf 90' lang='lat' dir='ltr'>nostri</span> <span class='ocrx_word' id='word_1_478' title='bbox 3244 1113 3611 1184; x_wconf 89' lang='lat' dir='ltr'>subjecimus,</span> 
     </span>
    </p>
   </div>
   <div class='ocr_carea' id='block_1_64' title="bbox 1985 1208 3619 1280">
    <p class='ocr_par' dir='ltr' id='par_1_64' title="bbox 1985 1208 3619 1280">
     <span class='ocr_line' id='line_1_66' title="bbox 1985 1208 3619 1280; baseline -0.002 -16"><span class='ocrx_word' id='word_1_479' title='bbox 1985 1225 2162 1264; x_wconf 86' lang='lat' dir='ltr'>unam</span> <span class='ocrx_word' id='word_1_480' title='bbox 2178 1211 2236 1263; x_wconf 90' lang='lat' dir='ltr'>et</span> <span class='ocrx_word' id='word_1_481' title='bbox 2249 1210 2492 1264; x_wconf 89' lang='lat' dir='ltr'>alteram</span> <span class='ocrx_word' id='word_1_482' title='bbox 2517 1210 2610 1264; x_wconf 91' lang='lat' dir='ltr'>hic</span> <span class='ocrx_word' id='word_1_483' title='bbox 2631 1209 2993 1279; x_wconf 84' lang='lat' dir='ltr'>adjiciamus,</span> <span class='ocrx_word' id='word_1_484' title='bbox 3021 1212 3150 1280; x_wconf 87' lang='lat' dir='ltr'>post</span> <span class='ocrx_word' id='word_1_485' title='bbox 3171 1208 3361 1279; x_wconf 85' lang='lat' dir='ltr'>operis</span> <span class='ocrx_word' id='word_1_486' title='bbox 3378 1208 3619 1279; x_wconf 89' lang='lat' dir='ltr'>impres-</span> 
     </span>
    </p>
   </div>
   <div class='ocr_carea' id='block_1_65' title="bbox 1985 1301 3614 1374">
    <p class='ocr_par' dir='ltr' id='par_1_65' title="bbox 1985 1301 3614 1374">
     <span class='ocr_line' id='line_1_67' title="bbox 1985 1301 3614 1374; baseline 0.001 -19"><span class='ocrx_word' id='word_1_487' title='bbox 1985 1301 2204 1367; x_wconf 83' lang='lat' dir='ltr'>sionem</span> <span class='ocrx_word' id='word_1_488' title='bbox 2238 1303 2403 1357; x_wconf 89' lang='lat' dir='ltr'>nobis</span> <span class='ocrx_word' id='word_1_489' title='bbox 2430 1303 2618 1358; x_wconf 87' lang='lat' dir='ltr'>obiter</span> <span class='ocrx_word' id='word_1_490' title='bbox 2645 1303 2991 1358; x_wconf 85' lang='lat' dir='ltr'>observatas.</span> <span class='ocrx_word' id='word_1_491' title='bbox 3021 1304 3088 1356; x_wconf 88' lang='lat' dir='ltr'>Et</span> <span class='ocrx_word' id='word_1_492' title='bbox 3107 1302 3340 1374; x_wconf 89' lang='lat' dir='ltr'>primun</span> <span class='ocrx_word' id='word_1_493' title='bbox 3377 1301 3614 1373; x_wconf 89' lang='lat' dir='ltr'>quidem</span> 
     </span>
    </p>
   </div>
   <div class='ocr_carea' id='block_1_66' title="bbox 1985 1395 3612 1466">
    <p class='ocr_par' dir='ltr' id='par_1_66' title="bbox 1985 1395 3612 1466">
     <span class='ocr_line' id='line_1_68' title="bbox 1985 1395 3612 1466; baseline -0.002 -15"><span class='ocrx_word' id='word_1_494' title='bbox 1985 1395 2060 1451; x_wconf 87' lang='lat' dir='ltr'>ad</span> <span class='ocrx_word' id='word_1_495' title='bbox 2084 1411 2302 1450; x_wconf 78' lang='lat' dir='ltr'>annum</span> <span class='ocrx_word' id='word_1_496' title='bbox 2330 1401 2360 1450; x_wconf 88' lang='lat'><strong>7</strong></span> <span class='ocrx_word' id='word_1_497' title='bbox 2403 1396 2606 1452; x_wconf 80' lang='lat' dir='ltr'>Justini</span> <span class='ocrx_word' id='word_1_498' title='bbox 2645 1395 2914 1466; x_wconf 91' lang='lat' dir='ltr'>junioris,</span> <span class='ocrx_word' id='word_1_499' title='bbox 2942 1397 3064 1450; x_wconf 64' lang='lat' dir='ltr'>haic</span> <span class='ocrx_word' id='word_1_500' title='bbox 3095 1395 3270 1450; x_wconf 88' lang='lat' dir='ltr'>abbas</span> <span class='ocrx_word' id='word_1_501' title='bbox 3303 1395 3388 1464; x_wconf 88' lang='lat' dir='ltr'>(m)</span> <span class='ocrx_word' id='word_1_502' title='bbox 3421 1397 3612 1451; x_wconf 84' lang='lat' dir='ltr'>Leovi-</span> 
     </span>
    </p>
   </div>
   <div class='ocr_carea' id='block_1_67' title="bbox 1982 1489 3617 1558">
    <p class='ocr_par' dir='ltr' id='par_1_67' title="bbox 1982 1489 3617 1558">
     <span class='ocr_line' id='line_1_69' title="bbox 1982 1489 3617 1558; baseline -0.001 -16"><span class='ocrx_word' id='word_1_503' title='bbox 1982 1489 2166 1556; x_wconf 78' lang='lat' dir='ltr'>gildus</span> <span class='ocrx_word' id='word_1_504' title='bbox 2209 1489 2500 1546; x_wconf 73' lang='lat' dir='ltr'>Sabariam</span> <span class='ocrx_word' id='word_1_505' title='bbox 2541 1491 2836 1556; x_wconf 84' lang='lat' dir='ltr'>ingressus,</span> <span class='ocrx_word' id='word_1_506' title='bbox 2887 1489 3054 1545; x_wconf 87' lang='lat' dir='ltr'>Sabos</span> <span class='ocrx_word' id='word_1_507' title='bbox 3089 1493 3292 1550; x_wconf 83' lang='lat' dir='ltr'>vastat,</span> <span class='ocrx_word' id='word_1_508' title='bbox 3324 1492 3376 1542; x_wconf 87' lang='lat' dir='ltr'>et</span> <span class='ocrx_word' id='word_1_509' title='bbox 3399 1489 3617 1558; x_wconf 81' lang='lat' dir='ltr'>pro-vin-</span> 
     </span>
    </p>
   </div>
   <div class='ocr_carea' id='block_1_68' title="bbox 1984 1581 3617 1652">
    <p class='ocr_par' dir='ltr' id='par_1_68' title="bbox 1984 1581 3617 1652">
     <span class='ocr_line' id='line_1_70' title="bbox 1984 1581 3617 1652; baseline -0.001 -17"><span class='ocrx_word' id='word_1_510' title='bbox 1984 1583 2124 1635; x_wconf 88' lang='lat' dir='ltr'>ciam</span> <span class='ocrx_word' id='word_1_511' title='bbox 2147 1584 2322 1652; x_wconf 87' lang='lat' dir='ltr'>ipsam</span> <span class='ocrx_word' id='word_1_512' title='bbox 2347 1585 2406 1636; x_wconf 84' lang='lat' dir='ltr'>in</span> <span class='ocrx_word' id='word_1_513' title='bbox 2428 1597 2584 1636; x_wconf 87' lang='lat' dir='ltr'>suam</span> <span class='ocrx_word' id='word_1_514' title='bbox 2607 1583 2808 1651; x_wconf 75' lang='lat' dir='ltr'>redigit</span> <span class='ocrx_word' id='word_1_515' title='bbox 2826 1583 3104 1637; x_wconf 77' lang='lat' dir='ltr'>ditionem.</span> <span class='ocrx_word' id='word_1_516' title='bbox 3123 1581 3209 1636; x_wconf 89' lang='lat' dir='ltr'>Ad</span> <span class='ocrx_word' id='word_1_517' title='bbox 3229 1597 3405 1652; x_wconf 88' lang='lat' dir='ltr'>quem</span> <span class='ocrx_word' id='word_1_518' title='bbox 3431 1581 3617 1634; x_wconf 91' lang='lat' dir='ltr'>locum</span> 
     </span>
    </p>
   </div>
   <div class='ocr_carea' id='block_1_69' title="bbox 1987 1673 3616 1744">
    <p class='ocr_par' dir='ltr' id='par_1_69' title="bbox 1987 1673 3616 1744">
     <span class='ocr_line' id='line_1_71' title="bbox 1987 1673 3616 1744; baseline 0 -17"><span class='ocrx_word' id='word_1_519' title='bbox 1987 1673 2209 1729; x_wconf 89' lang='lat' dir='ltr'>dubitat</span> <span class='ocrx_word' id='word_1_520' title='bbox 2237 1675 2644 1744; x_wconf 80' lang='lat' dir='ltr'>Wesselingius</span> <span class='ocrx_word' id='word_1_521' title='bbox 2679 1676 2774 1744; x_wconf 78' lang='grc' dir='ltr'>(η),</span> <span class='ocrx_word' id='word_1_522' title='bbox 2819 1675 2966 1730; x_wconf 89' lang='lat' dir='ltr'>sitne</span> <span class='ocrx_word' id='word_1_523' title='bbox 3013 1674 3237 1730; x_wconf 90' lang='lat' dir='ltr'>abbatis</span> <span class='ocrx_word' id='word_1_524' title='bbox 3264 1675 3500 1731; x_wconf 82' lang='lat' dir='ltr'>Sabaria</span> <span class='ocrx_word' id='word_1_525' title='bbox 3535 1676 3616 1727; x_wconf 82' lang='lat' dir='ltr'>at-</span> 
     </span>
    </p>
   </div>
   <div class='ocr_carea' id='block_1_70' title="bbox 1986 1767 3614 1838">
    <p class='ocr_par' dir='ltr' id='par_1_70' title="bbox 1986 1767 3614 1838">
     <span class='ocr_line' id='line_1_72' title="bbox 1986 1767 3614 1838; baseline -0.001 -17"><span class='ocrx_word' id='word_1_526' title='bbox 1986 1784 2096 1838; x_wconf 93' lang='lat' dir='ltr'>que</span> <span class='ocrx_word' id='word_1_527' title='bbox 2124 1768 2181 1822; x_wconf 89' lang='lat' dir='ltr'>in</span> <span class='ocrx_word' id='word_1_528' title='bbox 2216 1767 2416 1822; x_wconf 88' lang='lat' dir='ltr'>Isidori</span> <span class='ocrx_word' id='word_1_529' title='bbox 2443 1768 2653 1823; x_wconf 90' lang='lat' dir='ltr'>Chron.</span> <span class='ocrx_word' id='word_1_530' title='bbox 2701 1770 2892 1834; x_wconf 90' lang='lat' dir='ltr'>Goth.,</span> <span class='ocrx_word' id='word_1_531' title='bbox 2933 1785 3047 1822; x_wconf 69' lang='lat' dir='ltr'>mra</span> <span class='ocrx_word' id='word_1_532' title='bbox 3078 1771 3202 1838; x_wconf 90' lang='grc'><strong>608,</strong></span> <span class='ocrx_word' id='word_1_533' title='bbox 3246 1769 3488 1830; x_wconf 85' lang='lat' dir='ltr'>Sibaria,</span> <span class='ocrx_word' id='word_1_534' title='bbox 3521 1783 3614 1821; x_wconf 88' lang='lat' dir='ltr'>ea-</span> 
     </span>
    </p>
   </div>
   <div class='ocr_carea' id='block_1_71' title="bbox 1987 1859 3612 1932">
    <p class='ocr_par' dir='ltr' id='par_1_71' title="bbox 1987 1859 3612 1932">
     <span class='ocr_line' id='line_1_73' title="bbox 1987 1859 3612 1932; baseline 0 -18"><span class='ocrx_word' id='word_1_535' title='bbox 1987 1861 2119 1914; x_wconf 89' lang='lat' dir='ltr'>dem</span> <span class='ocrx_word' id='word_1_536' title='bbox 2145 1867 2316 1932; x_wconf 89' lang='lat' dir='ltr'>atque</span> <span class='ocrx_word' id='word_1_537' title='bbox 2357 1863 2574 1919; x_wconf 76' lang='lat' dir='ltr'>Sibaria</span> <span class='ocrx_word' id='word_1_538' title='bbox 2603 1862 2662 1916; x_wconf 90' lang='lat' dir='ltr'>in</span> <span class='ocrx_word' id='word_1_539' title='bbox 2706 1861 3005 1916; x_wconf 88' lang='lat' dir='ltr'>ltinerario</span> <span class='ocrx_word' id='word_1_540' title='bbox 3037 1861 3316 1917; x_wconf 86' lang='lat' dir='ltr'>Antonini</span> <span class='ocrx_word' id='word_1_541' title='bbox 3351 1859 3612 1931; x_wconf 85' lang='lat' dir='ltr'>Augusti.</span> 
     </span>
    </p>
   </div>
   <div class='ocr_carea' id='block_1_72' title="bbox 1988 1952 3614 2026">
    <p class='ocr_par' dir='ltr' id='par_1_72' title="bbox 1988 1952 3614 2026">
     <span class='ocr_line' id='line_1_74' title="bbox 1988 1952 3614 2026; baseline 0.001 -19"><span class='ocrx_word' id='word_1_542' title='bbox 1988 1973 2015 2025; x_wconf 61' lang='grc' dir='ltr'>(ς</span> <span class='ocrx_word' id='word_1_543' title='bbox 2047 1953 2325 2008; x_wconf 88' lang='lat' dir='ltr'>Videntur</span> <span class='ocrx_word' id='word_1_544' title='bbox 2370 1955 2551 2023; x_wconf 91' lang='lat' dir='ltr'>enim,</span> <span class='ocrx_word' id='word_1_545' title='bbox 2594 1954 2804 2026; x_wconf 91' lang='lat' dir='ltr'>inquit,</span> <span class='ocrx_word' id='word_1_546' title='bbox 2846 1954 3204 2026; x_wconf 86' lang='lat' dir='ltr'>provinciam</span> <span class='ocrx_word' id='word_1_547' title='bbox 3249 1953 3422 2007; x_wconf 87' lang='lat' dir='ltr'>fuisse</span> <span class='ocrx_word' id='word_1_548' title='bbox 3461 1952 3614 2008; x_wconf 89' lang='lat' dir='ltr'>indi-</span> 
     </span>
    </p>
   </div>
   <div class='ocr_carea' id='block_1_73' title="bbox 1986 2045 3613 2118">
    <p class='ocr_par' dir='ltr' id='par_1_73' title="bbox 1986 2045 3613 2118">
     <span class='ocr_line' id='line_1_75' title="bbox 1986 2045 3613 2118; baseline -0.001 -18"><span class='ocrx_word' id='word_1_549' title='bbox 1986 2063 2136 2112; x_wconf 89' lang='lat' dir='ltr'>care,</span> <span class='ocrx_word' id='word_1_550' title='bbox 2181 2063 2516 2118; x_wconf 89' lang='lat' dir='ltr'>quanquam</span> <span class='ocrx_word' id='word_1_551' title='bbox 2565 2051 2620 2102; x_wconf 90' lang='lat' dir='ltr'>et</span> <span class='ocrx_word' id='word_1_552' title='bbox 2653 2066 2722 2103; x_wconf 91' lang='lat' dir='ltr'>ea</span> <span class='ocrx_word' id='word_1_553' title='bbox 2749 2049 2820 2102; x_wconf 92' lang='lat' dir='ltr'>ab</span> <span class='ocrx_word' id='word_1_554' title='bbox 2870 2047 3010 2102; x_wconf 91' lang='lat' dir='ltr'>urbe</span> <span class='ocrx_word' id='word_1_555' title='bbox 3043 2062 3370 2118; x_wconf 90' lang='lat' dir='ltr'>cognomen</span> <span class='ocrx_word' id='word_1_556' title='bbox 3403 2045 3613 2099; x_wconf 89' lang='lat' dir='ltr'>ducere</span> 
     </span>
    </p>
   </div>
   <div class='ocr_carea' id='block_1_74' title="bbox 1986 2137 3612 2212">
    <p class='ocr_par' dir='ltr' id='par_1_74' title="bbox 1986 2137 3612 2212">
     <span class='ocr_line' id='line_1_76' title="bbox 1986 2137 3612 2212; baseline -0.001 -18"><span class='ocrx_word' id='word_1_557' title='bbox 1986 2139 2254 2210; x_wconf 89' lang='lat' dir='ltr'>potuerit.</span> <span class='ocrx_word' id='word_1_558' title='bbox 2283 2141 2354 2194; x_wconf 85' lang='lat' dir='ltr'>Ut</span> <span class='ocrx_word' id='word_1_559' title='bbox 2379 2143 2440 2194; x_wconf 90' lang='lat' dir='ltr'>ut</span> <span class='ocrx_word' id='word_1_560' title='bbox 2465 2144 2570 2207; x_wconf 86' lang='lat' dir='ltr'>est,</span> <span class='ocrx_word' id='word_1_561' title='bbox 2590 2141 2732 2196; x_wconf 88' lang='lat' dir='ltr'>nihil</span> <span class='ocrx_word' id='word_1_562' title='bbox 2764 2157 2906 2212; x_wconf 86' lang='lat' dir='ltr'>Opus</span> <span class='ocrx_word' id='word_1_563' title='bbox 2937 2141 3044 2194; x_wconf 88' lang='lat' dir='ltr'>erit</span> <span class='ocrx_word' id='word_1_564' title='bbox 3071 2140 3145 2195; x_wconf 88' lang='lat' dir='ltr'>ad</span> <span class='ocrx_word' id='word_1_565' title='bbox 3167 2138 3424 2210; x_wconf 91' lang='lat' dir='ltr'>episc0pi</span> <span class='ocrx_word' id='word_1_566' title='bbox 3452 2137 3612 2194; x_wconf 88' lang='lat' dir='ltr'>Siba-</span> 
     </span>
    </p>
   </div>
   <div class='ocr_carea' id='block_1_75' title="bbox 1984 2227 3621 2305">
    <p class='ocr_par' dir='ltr' id='par_1_75' title="bbox 1984 2227 3621 2305">
     <span class='ocr_line' id='line_1_77' title="bbox 1984 2227 3621 2305; baseline -0.001 -19"><span class='ocrx_word' id='word_1_567' title='bbox 1984 2231 2190 2286; x_wconf 89' lang='lat' dir='ltr'>riensis</span> <span class='ocrx_word' id='word_1_568' title='bbox 2209 2233 2464 2288; x_wconf 85' lang='lat' dir='ltr'>Januarii</span> <span class='ocrx_word' id='word_1_569' title='bbox 2486 2235 2583 2305; x_wconf 90' lang='lat' dir='ltr'>qui</span> <span class='ocrx_word' id='word_1_570' title='bbox 2601 2234 2962 2290; x_wconf 65' lang='lat' dir='ltr'>Illiberitanaa</span> <span class='ocrx_word' id='word_1_571' title='bbox 2989 2234 3207 2305; x_wconf 87' lang='lat' dir='ltr'>synodo</span> <span class='ocrx_word' id='word_1_572' title='bbox 3235 2231 3514 2300; x_wconf 85' lang='lat' dir='ltr'>interfuit,</span> <span class='ocrx_word' id='word_1_573' title='bbox 3535 2227 3621 2285; x_wconf 85' lang='lat' dir='ltr'>se-</span> 
     </span>
    </p>
   </div>
   <div class='ocr_carea' id='block_1_76' title="bbox 1986 2325 3620 2399">
    <p class='ocr_par' dir='ltr' id='par_1_76' title="bbox 1986 2325 3620 2399">
     <span class='ocr_line' id='line_1_78' title="bbox 1986 2325 3620 2399; baseline 0 -20"><span class='ocrx_word' id='word_1_574' title='bbox 1986 2326 2119 2380; x_wconf 89' lang='lat' dir='ltr'>dem</span> <span class='ocrx_word' id='word_1_575' title='bbox 2149 2326 2613 2382; x_wconf 88' lang='lat' dir='ltr'>constituendam</span> <span class='ocrx_word' id='word_1_576' title='bbox 2645 2328 2811 2399; x_wconf 90' lang='lat' dir='ltr'>nugis</span> <span class='ocrx_word' id='word_1_577' title='bbox 2847 2328 3140 2399; x_wconf 65' lang='lat' dir='ltr'>Higuerrm</span> <span class='ocrx_word' id='word_1_578' title='bbox 3179 2343 3249 2382; x_wconf 82' lang='lat' dir='ltr'>ex</span> <span class='ocrx_word' id='word_1_579' title='bbox 3279 2325 3620 2397; x_wconf 87' lang='lat' dir='ltr'>Luitprandi</span> 
     </span>
    </p>
   </div>
   <div class='ocr_carea' id='block_1_77' title="bbox 1986 2419 3618 2492">
    <p class='ocr_par' dir='ltr' id='par_1_77' title="bbox 1986 2419 3618 2492">
     <span class='ocr_line' id='line_1_79' title="bbox 1986 2419 3618 2492; baseline 0.001 -20"><span class='ocrx_word' id='word_1_580' title='bbox 1986 2419 2356 2488; x_wconf 83' lang='lat' dir='ltr'>Adversariis,</span> <span class='ocrx_word' id='word_1_581' title='bbox 2387 2439 2544 2476; x_wconf 89' lang='lat' dir='ltr'>num.</span> <span class='ocrx_word' id='word_1_582' title='bbox 2575 2425 2698 2491; x_wconf 85' lang='grc'>226,</span> <span class='ocrx_word' id='word_1_583' title='bbox 2715 2439 2748 2476; x_wconf 91' lang='lat' dir='ltr'>a</span> <span class='ocrx_word' id='word_1_584' title='bbox 2769 2422 2995 2492; x_wconf 84' lang='lat' dir='ltr'>quibus,</span> <span class='ocrx_word' id='word_1_585' title='bbox 3020 2421 3176 2492; x_wconf 90' lang='lat' dir='ltr'>quod</span> <span class='ocrx_word' id='word_1_586' title='bbox 3199 2421 3387 2476; x_wconf 88' lang='lat' dir='ltr'>obiter</span> <span class='ocrx_word' id='word_1_587' title='bbox 3405 2435 3618 2474; x_wconf 90' lang='lat' dir='ltr'>moneo</span> 
     </span>
    </p>
   </div>
   <div class='ocr_carea' id='block_1_78' title="bbox 1982 2513 3620 2587">
    <p class='ocr_par' dir='ltr' id='par_1_78' title="bbox 1982 2513 3620 2587">
     <span class='ocr_line' id='line_1_80' title="bbox 1982 2513 3620 2587; baseline -0.001 -20"><span class='ocrx_word' id='word_1_588' title='bbox 1982 2531 2104 2568; x_wconf 78' lang='lat' dir='ltr'>non</span> <span class='ocrx_word' id='word_1_589' title='bbox 2134 2513 2282 2568; x_wconf 89' lang='lat' dir='ltr'>bene</span> <span class='ocrx_word' id='word_1_590' title='bbox 2309 2514 2415 2568; x_wconf 89' lang='lat' dir='ltr'>sibi</span> <span class='ocrx_word' id='word_1_591' title='bbox 2445 2515 2594 2570; x_wconf 81' lang='lat' dir='ltr'>cavit</span> <span class='ocrx_word' id='word_1_592' title='bbox 2634 2516 2809 2587; x_wconf 87' lang='lat' dir='ltr'>ampl.</span> <span class='ocrx_word' id='word_1_593' title='bbox 2839 2518 3095 2587; x_wconf 88' lang='lat' dir='ltr'>Cuperus</span> <span class='ocrx_word' id='word_1_594' title='bbox 3141 2515 3216 2570; x_wconf 86' lang='lat' dir='ltr'>ad</span> <span class='ocrx_word' id='word_1_595' title='bbox 3259 2513 3620 2569; x_wconf 85' lang='lat' dir='ltr'>Lactantium</span> 
     </span>
    </p>
   </div>
   <div class='ocr_carea' id='block_1_79' title="bbox 1989 2607 3622 2682">
    <p class='ocr_par' dir='ltr' id='par_1_79' title="bbox 1989 2607 3622 2682">
     <span class='ocr_line' id='line_1_81' title="bbox 1989 2607 3622 2682; baseline 0.001 -23"><span class='ocrx_word' id='word_1_596' title='bbox 1989 2607 2058 2660; x_wconf 94' lang='lat' dir='ltr'>de</span> <span class='ocrx_word' id='word_1_597' title='bbox 2083 2607 2306 2662; x_wconf 87' lang='lat' dir='ltr'>Mortib.</span> <span class='ocrx_word' id='word_1_598' title='bbox 2335 2612 2617 2679; x_wconf 91' lang='lat' dir='ltr'>persecut.</span> <span class='ocrx_word' id='word_1_599' title='bbox 2643 2612 2815 2682; x_wconf 88' lang='lat' dir='ltr'>caput</span> <span class='ocrx_word' id='word_1_600' title='bbox 2838 2614 2922 2664; x_wconf 88' lang='grc'><strong>16.</strong></span> <span class='ocrx_word' id='word_1_601' title='bbox 2953 2633 2980 2659; x_wconf 85' lang='grc'><strong>››</strong></span> <span class='ocrx_word' id='word_1_602' title='bbox 3006 2611 3134 2664; x_wconf 64' lang='lat' dir='ltr'>Haec</span> <span class='ocrx_word' id='word_1_603' title='bbox 3156 2608 3273 2664; x_wconf 92' lang='lat' dir='ltr'>ille.</span> <span class='ocrx_word' id='word_1_604' title='bbox 3295 2608 3452 2662; x_wconf 87' lang='lat' dir='ltr'>Alter</span> <span class='ocrx_word' id='word_1_605' title='bbox 3477 2623 3622 2678; x_wconf 73' lang='lat' dir='ltr'>prae-</span> 
     </span>
    </p>
   </div>
   <div class='ocr_carea' id='block_1_80' title="bbox 1988 2700 3622 2772">
    <p class='ocr_par' dir='ltr' id='par_1_80' title="bbox 1988 2700 3622 2772">
     <span class='ocr_line' id='line_1_82' title="bbox 1988 2700 3622 2772; baseline -0.001 -19"><span class='ocrx_word' id='word_1_606' title='bbox 1988 2703 2145 2754; x_wconf 89' lang='lat' dir='ltr'>terea</span> <span class='ocrx_word' id='word_1_607' title='bbox 2172 2701 2328 2755; x_wconf 91' lang='lat' dir='ltr'>locus</span> <span class='ocrx_word' id='word_1_608' title='bbox 2354 2705 2537 2756; x_wconf 87' lang='lat' dir='ltr'>exstat</span> <span class='ocrx_word' id='word_1_609' title='bbox 2557 2702 2631 2756; x_wconf 91' lang='lat' dir='ltr'>ad</span> <span class='ocrx_word' id='word_1_610' title='bbox 2657 2715 2877 2756; x_wconf 87' lang='lat' dir='ltr'>annum</span> <span class='ocrx_word' id='word_1_611' title='bbox 2905 2706 2936 2757; x_wconf 92' lang='lat'>9</span> <span class='ocrx_word' id='word_1_612' title='bbox 2955 2702 3179 2769; x_wconf 83' lang='lat' dir='ltr'>Justini,</span> <span class='ocrx_word' id='word_1_613' title='bbox 3209 2701 3306 2772; x_wconf 87' lang='lat' dir='ltr'>qui</span> <span class='ocrx_word' id='word_1_614' title='bbox 3333 2701 3412 2755; x_wconf 92' lang='lat' dir='ltr'>sic</span> <span class='ocrx_word' id='word_1_615' title='bbox 3439 2717 3498 2752; x_wconf 88' lang='lat' dir='ltr'>se</span> <span class='ocrx_word' id='word_1_616' title='bbox 3524 2700 3622 2753; x_wconf 85' lang='lat' dir='ltr'>ha-</span> 
     </span>
    </p>
   </div>
   <div class='ocr_carea' id='block_1_81' title="bbox 1986 2792 3618 2864">
    <p class='ocr_par' dir='ltr' id='par_1_81' title="bbox 1986 2792 3618 2864">
     <span class='ocr_line' id='line_1_83' title="bbox 1986 2792 3618 2864; baseline -0.001 -18"><span class='ocrx_word' id='word_1_617' title='bbox 1986 2793 2085 2846; x_wconf 88' lang='lat' dir='ltr'>bet</span> <span class='ocrx_word' id='word_1_618' title='bbox 2106 2792 2173 2864; x_wconf 90' lang='grc' dir='ltr'>(ο)</span> <span class='ocrx_word' id='word_1_619' title='bbox 2206 2811 2219 2848; x_wconf 91' lang='lat'><strong>:</strong></span> <span class='ocrx_word' id='word_1_620' title='bbox 2249 2793 2672 2850; x_wconf 83' lang='lat' dir='ltr'>Aramundarus</span> <span class='ocrx_word' id='word_1_621' title='bbox 2696 2798 3086 2852; x_wconf 80' lang='lat' dir='ltr'>Saracenorum</span> <span class='ocrx_word' id='word_1_622' title='bbox 3110 2811 3210 2849; x_wconf 80' lang='lat' dir='ltr'>rea:</span> <span class='ocrx_word' id='word_1_623' title='bbox 3238 2794 3618 2852; x_wconf 83' lang='lat' dir='ltr'>Constantino-</span> 
     </span>
    </p>
   </div>
   <div class='ocr_carea' id='block_1_82' title="bbox 1981 2885 3615 2956">
    <p class='ocr_par' dir='ltr' id='par_1_82' title="bbox 1981 2885 3615 2956">
     <span class='ocr_line' id='line_1_84' title="bbox 1981 2885 3615 2956; baseline -0.001 -16"><span class='ocrx_word' id='word_1_624' title='bbox 1981 2886 2153 2956; x_wconf 86' lang='lat' dir='ltr'>polim</span> <span class='ocrx_word' id='word_1_625' title='bbox 2203 2889 2351 2942; x_wconf 71' lang='lat' dir='ltr'>venit</span> <span class='ocrx_word' id='word_1_626' title='bbox 2395 2893 2444 2942; x_wconf 91' lang='lat' dir='ltr'>et</span> <span class='ocrx_word' id='word_1_627' title='bbox 2488 2904 2607 2943; x_wconf 86' lang='lat' dir='ltr'>cum</span> <span class='ocrx_word' id='word_1_628' title='bbox 2651 2893 2874 2943; x_wconf 82' lang='lat' dir='ltr'>stemate</span> <span class='ocrx_word' id='word_1_629' title='bbox 2915 2903 3030 2956; x_wconf 87' lang='lat' dir='ltr'>suo,</span> <span class='ocrx_word' id='word_1_630' title='bbox 3074 2891 3181 2942; x_wconf 90' lang='lat' dir='ltr'>etc.</span> <span class='ocrx_word' id='word_1_631' title='bbox 3237 2887 3338 2942; x_wconf 91' lang='lat' dir='ltr'>Ubi</span> <span class='ocrx_word' id='word_1_632' title='bbox 3391 2885 3615 2941; x_wconf 86' lang='lat' dir='ltr'>Cotele-</span> 
     </span>
    </p>
   </div>
   <div class='ocr_carea' id='block_1_83' title="bbox 1989 2979 2232 3050">
    <p class='ocr_par' dir='ltr' id='par_1_83' title="bbox 1989 2979 2232 3050">
     <span class='ocr_line' id='line_1_85' title="bbox 1989 2979 2232 3050; baseline 0.004 -17"><span class='ocrx_word' id='word_1_633' title='bbox 1989 2979 2105 3033; x_wconf 86' lang='lat' dir='ltr'>rius</span> <span class='ocrx_word' id='word_1_634' title='bbox 2135 2981 2232 3050; x_wconf 84' lang='lat' dir='ltr'>(p).</span> 
     </span>
    </p>
   </div>
   <div class='ocr_carea' id='block_1_84' title="bbox 2063 3073 3620 3148">
    <p class='ocr_par' dir='ltr' id='par_1_84' title="bbox 2063 3073 3620 3148">
     <span class='ocr_line' id='line_1_86' title="bbox 2063 3073 3620 3148; baseline 0.003 -24"><span class='ocrx_word' id='word_1_635' title='bbox 2063 3093 2090 3124; x_wconf 83' lang='lat'><strong>«</strong></span> <span class='ocrx_word' id='word_1_636' title='bbox 2113 3075 2333 3146; x_wconf 85' lang='lat' dir='ltr'>Reponi</span> <span class='ocrx_word' id='word_1_637' title='bbox 2350 3079 2557 3146; x_wconf 87' lang='lat' dir='ltr'>potest,</span> <span class='ocrx_word' id='word_1_638' title='bbox 2582 3075 2790 3148; x_wconf 90' lang='lat' dir='ltr'>inquit,</span> <span class='ocrx_word' id='word_1_639' title='bbox 2819 3077 3102 3144; x_wconf 77' lang='lat' dir='ltr'>schemate,</span> <span class='ocrx_word' id='word_1_640' title='bbox 3130 3093 3231 3131; x_wconf 89' lang='lat' dir='ltr'>seu</span> <span class='ocrx_word' id='word_1_641' title='bbox 3258 3073 3447 3146; x_wconf 86' lang='lat' dir='ltr'>potius</span> <span class='ocrx_word' id='word_1_642' title='bbox 3467 3079 3620 3129; x_wconf 88' lang='lat' dir='ltr'>stem-</span> 
     </span>
    </p>
   </div>
   <div class='ocr_carea' id='block_1_85' title="bbox 1988 3167 3620 3241">
    <p class='ocr_par' dir='ltr' id='par_1_85' title="bbox 1988 3167 3620 3241">
     <span class='ocr_line' id='line_1_87' title="bbox 1988 3167 3620 3241; baseline 0 -19"><span class='ocrx_word' id='word_1_643' title='bbox 1988 3173 2170 3233; x_wconf 87' lang='lat' dir='ltr'>mate;</span> <span class='ocrx_word' id='word_1_644' title='bbox 2229 3179 2396 3241; x_wconf 81' lang='grc' dir='ltr'>σχῆμα</span> <span class='ocrx_word' id='word_1_645' title='bbox 2445 3170 2622 3238; x_wconf 87' lang='lat' dir='ltr'>enim,</span> <span class='ocrx_word' id='word_1_646' title='bbox 2666 3172 2898 3234; x_wconf 81' lang='lat' dir='ltr'>schema,</span> <span class='ocrx_word' id='word_1_647' title='bbox 2954 3171 3189 3232; x_wconf 84' lang='lat' dir='ltr'>habitus,</span> <span class='ocrx_word' id='word_1_648' title='bbox 3250 3167 3464 3240; x_wconf 88' lang='lat' dir='ltr'>passim</span> <span class='ocrx_word' id='word_1_649' title='bbox 3513 3169 3620 3222; x_wconf 90' lang='lat' dir='ltr'>hoc</span> 
     </span>
    </p>
   </div>
   <div class='ocr_carea' id='block_1_86' title="bbox 1990 3261 3616 3334">
    <p class='ocr_par' dir='ltr' id='par_1_86' title="bbox 1990 3261 3616 3334">
     <span class='ocr_line' id='line_1_88' title="bbox 1990 3261 3616 3334; baseline 0 -20"><span class='ocrx_word' id='word_1_650' title='bbox 1990 3279 2160 3316; x_wconf 87' lang='lat' dir='ltr'>sensu</span> <span class='ocrx_word' id='word_1_651' title='bbox 2177 3267 2516 3318; x_wconf 89' lang='lat' dir='ltr'>occurrunt:</span> <span class='ocrx_word' id='word_1_652' title='bbox 2542 3283 2567 3316; x_wconf 81' lang='lat'><strong>»</strong></span> <span class='ocrx_word' id='word_1_653' title='bbox 2597 3272 2786 3334; x_wconf 75' lang='grc' dir='ltr'><strong>στέμμα</strong></span> <span class='ocrx_word' id='word_1_654' title='bbox 2811 3269 3225 3331; x_wconf 85' lang='lat' dir='ltr'>vero,stemma,</span> <span class='ocrx_word' id='word_1_655' title='bbox 3246 3261 3307 3317; x_wconf 92' lang='lat' dir='ltr'>id</span> <span class='ocrx_word' id='word_1_656' title='bbox 3335 3265 3440 3328; x_wconf 89' lang='lat' dir='ltr'>est,</span> <span class='ocrx_word' id='word_1_657' title='bbox 3468 3277 3616 3315; x_wconf 79' lang='lat' dir='ltr'>coro-</span> 
     </span>
    </p>
   </div>
   <div class='ocr_carea' id='block_1_87' title="bbox 1990 3354 3616 3428">
    <p class='ocr_par' dir='ltr' id='par_1_87' title="bbox 1990 3354 3616 3428">
     <span class='ocr_line' id='line_1_89' title="bbox 1990 3354 3616 3428; baseline -0.001 -20"><span class='ocrx_word' id='word_1_658' title='bbox 1990 3371 2083 3422; x_wconf 88' lang='lat' dir='ltr'>na,</span> <span class='ocrx_word' id='word_1_659' title='bbox 2110 3360 2330 3410; x_wconf 85' lang='lat' dir='ltr'>sertum.</span> <span class='ocrx_word' id='word_1_660' title='bbox 2382 3357 2602 3410; x_wconf 87' lang='lat' dir='ltr'>Tertius</span> <span class='ocrx_word' id='word_1_661' title='bbox 2636 3357 2886 3428; x_wconf 91' lang='lat' dir='ltr'>denique</span> <span class='ocrx_word' id='word_1_662' title='bbox 2918 3359 3075 3411; x_wconf 88' lang='lat' dir='ltr'>locus</span> <span class='ocrx_word' id='word_1_663' title='bbox 3105 3356 3346 3410; x_wconf 86' lang='lat' dir='ltr'>habetur</span> <span class='ocrx_word' id='word_1_664' title='bbox 3391 3354 3465 3407; x_wconf 87' lang='lat' dir='ltr'>ad</span> <span class='ocrx_word' id='word_1_665' title='bbox 3515 3369 3616 3407; x_wconf 88' lang='lat' dir='ltr'>an-</span> 
     </span>
    </p>
   </div>
   <div class='ocr_carea' id='block_1_88' title="bbox 1991 3447 3614 3520">
    <p class='ocr_par' dir='ltr' id='par_1_88' title="bbox 1991 3447 3614 3520">
     <span class='ocr_line' id='line_1_90' title="bbox 1991 3447 3614 3520; baseline 0 -20"><span class='ocrx_word' id='word_1_666' title='bbox 1991 3464 2128 3501; x_wconf 87' lang='lat' dir='ltr'>num</span> <span class='ocrx_word' id='word_1_667' title='bbox 2165 3451 2194 3502; x_wconf 92' lang='lat'>3</span> <span class='ocrx_word' id='word_1_668' title='bbox 2224 3449 2488 3516; x_wconf 81' lang='lat' dir='ltr'>Mauritii,</span> <span class='ocrx_word' id='word_1_669' title='bbox 2523 3450 2616 3504; x_wconf 91' lang='lat' dir='ltr'>ubi</span> <span class='ocrx_word' id='word_1_670' title='bbox 2657 3450 2736 3504; x_wconf 91' lang='lat' dir='ltr'>sic</span> <span class='ocrx_word' id='word_1_671' title='bbox 2767 3450 2836 3520; x_wconf 86' lang='lat' dir='ltr'>(q)</span> <span class='ocrx_word' id='word_1_672' title='bbox 2865 3467 2878 3503; x_wconf 89' lang='lat'><strong>:</strong></span> <span class='ocrx_word' id='word_1_673' title='bbox 2911 3450 3159 3504; x_wconf 86' lang='lat' dir='ltr'>Castrum</span> <span class='ocrx_word' id='word_1_674' title='bbox 3187 3463 3308 3502; x_wconf 81' lang='lat' dir='ltr'>vero</span> <span class='ocrx_word' id='word_1_675' title='bbox 3335 3447 3478 3516; x_wconf 82' lang='lat' dir='ltr'>quod</span> <span class='ocrx_word' id='word_1_676' title='bbox 3503 3449 3614 3502; x_wconf 89' lang='lat' dir='ltr'>Ho-</span> 
     </span>
    </p>
   </div>
   <div class='ocr_carea' id='block_1_89' title="bbox 1988 3539 3616 3612">
    <p class='ocr_par' dir='ltr' id='par_1_89' title="bbox 1988 3539 3616 3612">
     <span class='ocr_line' id='line_1_91' title="bbox 1988 3539 3616 3612; baseline -0.001 -19"><span class='ocrx_word' id='word_1_677' title='bbox 1988 3541 2174 3596; x_wconf 79' lang='lat' dir='ltr'>dierno</span> <span class='ocrx_word' id='word_1_678' title='bbox 2196 3547 2436 3596; x_wconf 70' lang='lat' dir='ltr'>vocatur.</span> <span class='ocrx_word' id='word_1_679' title='bbox 2479 3542 2577 3594; x_wconf 88' lang='lat' dir='ltr'>Hic</span> <span class='ocrx_word' id='word_1_680' title='bbox 2625 3545 2819 3596; x_wconf 89' lang='lat' dir='ltr'>autem</span> <span class='ocrx_word' id='word_1_681' title='bbox 2861 3559 2961 3612; x_wconf 87' lang='lat' dir='ltr'>pro</span> <span class='ocrx_word' id='word_1_682' title='bbox 3005 3542 3276 3598; x_wconf 78' lang='lat' dir='ltr'>Hodierno</span> <span class='ocrx_word' id='word_1_683' title='bbox 3305 3539 3616 3610; x_wconf 84' lang='lat' dir='ltr'>legendum</span> 
     </span>
    </p>
   </div>
   <div class='ocr_carea' id='block_1_90' title="bbox 1994 3633 3627 3706">
    <p class='ocr_par' dir='ltr' id='par_1_90' title="bbox 1994 3633 3627 3706">
     <span class='ocr_line' id='line_1_92' title="bbox 1994 3633 3627 3706; baseline 0 -18"><span class='ocrx_word' id='word_1_684' title='bbox 1994 3635 2262 3704; x_wconf 82' lang='lat' dir='ltr'>Ugernum</span> <span class='ocrx_word' id='word_1_685' title='bbox 2289 3652 2357 3689; x_wconf 80' lang='lat' dir='ltr'>ex</span> <span class='ocrx_word' id='word_1_686' title='bbox 2387 3634 2664 3704; x_wconf 80' lang='lat' dir='ltr'>Gregorio</span> <span class='ocrx_word' id='word_1_687' title='bbox 2693 3634 3010 3689; x_wconf 89' lang='lat' dir='ltr'>Turonensi</span> <span class='ocrx_word' id='word_1_688' title='bbox 3039 3635 3236 3706; x_wconf 87' lang='lat' dir='ltr'>liquet,</span> <span class='ocrx_word' id='word_1_689' title='bbox 3273 3633 3372 3704; x_wconf 92' lang='lat' dir='ltr'>qui</span> <span class='ocrx_word' id='word_1_690' title='bbox 3398 3648 3627 3704; x_wconf 42' lang='lat' dir='ltr'>meme:</span> 
     </span>
    </p>
   </div>
   <div class='ocr_carea' id='block_1_91' title="bbox 1990 3725 3619 3798">
    <p class='ocr_par' dir='ltr' id='par_1_91' title="bbox 1990 3725 3619 3798">
     <span class='ocr_line' id='line_1_93' title="bbox 1990 3725 3619 3798; baseline 0 -18"><span class='ocrx_word' id='word_1_691' title='bbox 1990 3729 2079 3780; x_wconf 88' lang='lat' dir='ltr'>rat</span> <span class='ocrx_word' id='word_1_692' title='bbox 2123 3729 2389 3796; x_wconf 75' lang='lat' dir='ltr'>Ugcrnum</span> <span class='ocrx_word' id='word_1_693' title='bbox 2419 3729 2733 3784; x_wconf 80' lang='lat' dir='ltr'>Arelatense</span> <span class='ocrx_word' id='word_1_694' title='bbox 2776 3733 3013 3783; x_wconf 85' lang='lat' dir='ltr'>castrum</span> <span class='ocrx_word' id='word_1_695' title='bbox 3051 3728 3139 3798; x_wconf 69' lang='grc' dir='ltr'>(τ’).</span> <span class='ocrx_word' id='word_1_696' title='bbox 3172 3727 3258 3782; x_wconf 90' lang='lat' dir='ltr'>Ad</span> <span class='ocrx_word' id='word_1_697' title='bbox 3285 3743 3414 3798; x_wconf 64' lang='lat' dir='ltr'>qua:</span> <span class='ocrx_word' id='word_1_698' title='bbox 3443 3725 3619 3780; x_wconf 84' lang='lat' dir='ltr'>verba</span> 
     </span>
    </p>
   </div>
   <div class='ocr_carea' id='block_1_92' title="bbox 1989 3817 3619 3891">
    <p class='ocr_par' dir='ltr' id='par_1_92' title="bbox 1989 3817 3619 3891">
     <span class='ocr_line' id='line_1_94' title="bbox 1989 3817 3619 3891; baseline 0.001 -20"><span class='ocrx_word' id='word_1_699' title='bbox 1989 3819 2182 3873; x_wconf 89' lang='lat' dir='ltr'>videas</span> <span class='ocrx_word' id='word_1_700' title='bbox 2212 3821 2487 3876; x_wconf 87' lang='lat' dir='ltr'>adnotata</span> <span class='ocrx_word' id='word_1_701' title='bbox 2513 3821 2828 3876; x_wconf 79' lang='lat' dir='ltr'>Ruinartio.</span> <span class='ocrx_word' id='word_1_702' title='bbox 2863 3822 2942 3874; x_wconf 91' lang='lat' dir='ltr'>De</span> <span class='ocrx_word' id='word_1_703' title='bbox 2973 3821 3211 3876; x_wconf 89' lang='lat' dir='ltr'>celebris</span> <span class='ocrx_word' id='word_1_704' title='bbox 3249 3820 3418 3891; x_wconf 86' lang='lat' dir='ltr'>hujus</span> <span class='ocrx_word' id='word_1_705' title='bbox 3449 3817 3619 3873; x_wconf 87' lang='lat' dir='ltr'>castri</span> 
     </span>
    </p>
   </div>
   <div class='ocr_carea' id='block_1_93' title="bbox 1990 3912 3617 3986">
    <p class='ocr_par' dir='ltr' id='par_1_93' title="bbox 1990 3912 3617 3986">
     <span class='ocr_line' id='line_1_95' title="bbox 1990 3912 3617 3986; baseline 0 -19"><span class='ocrx_word' id='word_1_706' title='bbox 1990 3913 2229 3968; x_wconf 89' lang='lat' dir='ltr'>nomine</span> <span class='ocrx_word' id='word_1_707' title='bbox 2257 3915 2423 3985; x_wconf 89' lang='lat' dir='ltr'>plura</span> <span class='ocrx_word' id='word_1_708' title='bbox 2454 3915 2595 3970; x_wconf 91' lang='lat' dir='ltr'>item</span> <span class='ocrx_word' id='word_1_709' title='bbox 2625 3915 2889 3970; x_wconf 84' lang='lat' dir='ltr'>observat</span> <span class='ocrx_word' id='word_1_710' title='bbox 2918 3914 3125 3986; x_wconf 83' lang='lat' dir='ltr'>Pagius</span> <span class='ocrx_word' id='word_1_711' title='bbox 3156 3914 3219 3986; x_wconf 75' lang='grc' dir='ltr'>(ε)</span> <span class='ocrx_word' id='word_1_712' title='bbox 3267 3917 3397 3986; x_wconf 90' lang='lat' dir='ltr'>post</span> <span class='ocrx_word' id='word_1_713' title='bbox 3423 3912 3617 3968; x_wconf 87' lang='lat' dir='ltr'>Adria-</span> 
     </span>
    </p>
   </div>
   <div class='ocr_carea' id='block_1_94' title="bbox 1990 4007 3618 4082">
    <p class='ocr_par' dir='ltr' id='par_1_94' title="bbox 1990 4007 3618 4082">
     <span class='ocr_line' id='line_1_96' title="bbox 1990 4007 3618 4082; baseline 0.001 -22"><span class='ocrx_word' id='word_1_714' title='bbox 1990 4024 2130 4062; x_wconf 90' lang='lat' dir='ltr'>num</span> <span class='ocrx_word' id='word_1_715' title='bbox 2157 4008 2442 4063; x_wconf 85' lang='lat' dir='ltr'>Valesium</span> <span class='ocrx_word' id='word_1_716' title='bbox 2471 4011 2550 4080; x_wconf 76' lang='grc' dir='ltr'><strong>(ε),</strong></span> <span class='ocrx_word' id='word_1_717' title='bbox 2575 4012 2633 4064; x_wconf 91' lang='lat' dir='ltr'>et</span> <span class='ocrx_word' id='word_1_718' title='bbox 2658 4012 2788 4082; x_wconf 90' lang='lat' dir='ltr'>post</span> <span class='ocrx_word' id='word_1_719' title='bbox 2805 4009 3048 4081; x_wconf 83' lang='lat' dir='ltr'>Pagium</span> <span class='ocrx_word' id='word_1_720' title='bbox 3080 4007 3483 4078; x_wconf 82' lang='lat' dir='ltr'>Wesselingius</span> <span class='ocrx_word' id='word_1_721' title='bbox 3498 4021 3618 4062; x_wconf 91' lang='lat' dir='ltr'>mo-</span> 
     </span>
    </p>
   </div>
   <div class='ocr_carea' id='block_1_95' title="bbox 1991 4099 2474 4174">
    <p class='ocr_par' dir='ltr' id='par_1_95' title="bbox 1991 4099 2474 4174">
     <span class='ocr_line' id='line_1_97' title="bbox 1991 4099 2474 4174; baseline 0.004 -19"><span class='ocrx_word' id='word_1_722' title='bbox 1991 4099 2064 4156; x_wconf 93' lang='lat' dir='ltr'>do</span> <span class='ocrx_word' id='word_1_723' title='bbox 2090 4100 2354 4156; x_wconf 91' lang='lat' dir='ltr'>laudatus</span> <span class='ocrx_word' id='word_1_724' title='bbox 2379 4102 2474 4174; x_wconf 70' lang='lat' dir='ltr'>tu).</span> 
     </span>
    </p>
   </div>
   <div class='ocr_carea' id='block_1_96' title="bbox 2058 4364 3542 4507">
    <p class='ocr_par' dir='ltr' id='par_1_96' title="bbox 2058 4364 3542 4507">
     <span class='ocr_line' id='line_1_98' title="bbox 2058 4364 3542 4500; baseline -0.002 -81"><span class='ocrx_word' id='word_1_725' title='bbox 2058 4364 2116 4500; x_wconf 45' lang='grc' dir='ltr'>ρ)</span> <span class='ocrx_word' id='word_1_726' title='bbox 2146 4366 2234 4420; x_wconf 89' lang='lat' dir='ltr'>Fr.</span> <span class='ocrx_word' id='word_1_727' title='bbox 2267 4366 2506 4432; x_wconf 86' lang='lat' dir='ltr'>Schott.,</span> <span class='ocrx_word' id='word_1_728' title='bbox 2535 4367 2766 4437; x_wconf 86' lang='lat' dir='ltr'>Hispan.</span> <span class='ocrx_word' id='word_1_729' title='bbox 2801 4367 3003 4419; x_wconf 90' lang='lat' dir='ltr'>illustr.</span> <span class='ocrx_word' id='word_1_730' title='bbox 3037 4368 3182 4418; x_wconf 89' lang='lat' dir='ltr'>tom.</span> <span class='ocrx_word' id='word_1_731' title='bbox 3213 4366 3300 4429; x_wconf 89' lang='lat' dir='ltr'>1V,</span> <span class='ocrx_word' id='word_1_732' title='bbox 3333 4381 3386 4435; x_wconf 90' lang='lat' dir='ltr'>p.</span> <span class='ocrx_word' id='word_1_733' title='bbox 3421 4367 3542 4418; x_wconf 86' lang='grc'><strong>153.</strong></span> 
     </span>
     <span class='ocr_line' id='line_1_99' title="bbox 2081 4436 3542 4507; baseline -0.001 -18"><span class='ocrx_word' id='word_1_734' title='bbox 2081 4437 2126 4504; x_wconf 81' lang='lat' dir='ltr'>k)</span> <span class='ocrx_word' id='word_1_735' title='bbox 2158 4437 2238 4490; x_wconf 92' lang='lat' dir='ltr'>De</span> <span class='ocrx_word' id='word_1_736' title='bbox 2267 4436 2518 4505; x_wconf 87' lang='lat' dir='ltr'>Aguirr.,</span> <span class='ocrx_word' id='word_1_737' title='bbox 2547 4437 2758 4490; x_wconf 84' lang='lat' dir='ltr'>Concil.</span> <span class='ocrx_word' id='word_1_738' title='bbox 2791 4437 3022 4507; x_wconf 85' lang='lat' dir='ltr'>Hispan.</span> <span class='ocrx_word' id='word_1_739' title='bbox 3060 4441 3201 4490; x_wconf 84' lang='lat' dir='ltr'>tom.</span> <span class='ocrx_word' id='word_1_740' title='bbox 3231 4437 3296 4503; x_wconf 92' lang='lat' dir='ltr'>ll,</span> <span class='ocrx_word' id='word_1_741' title='bbox 3324 4452 3381 4507; x_wconf 90' lang='lat' dir='ltr'>p.</span> <span class='ocrx_word' id='word_1_742' title='bbox 3417 4436 3542 4488; x_wconf 74' lang='grc'><strong>421.</strong></span> 
     </span>
    </p>
   </div>
   <div class='ocr_carea' id='block_1_97' title="bbox 1991 4507 3611 4632">
    <p class='ocr_par' dir='ltr' id='par_1_97' title="bbox 1991 4507 3611 4632">
     <span class='ocr_line' id='line_1_100' title="bbox 1991 4507 3611 4632; baseline -0.002 -71"><span class='ocrx_word' id='word_1_743' title='bbox 1991 4507 2116 4632; x_wconf 58' lang='grc' dir='ltr'>33ςῚΙ)</span> <span class='ocrx_word' id='word_1_744' title='bbox 2151 4507 2422 4577; x_wconf 83' lang='lat' dir='ltr'>Basnag.,</span> <span class='ocrx_word' id='word_1_745' title='bbox 2473 4508 2636 4562; x_wconf 90' lang='lat' dir='ltr'>Thes.</span> <span class='ocrx_word' id='word_1_746' title='bbox 2687 4509 2940 4562; x_wconf 89' lang='lat' dir='ltr'>Monum.</span> <span class='ocrx_word' id='word_1_747' title='bbox 2987 4508 3123 4560; x_wconf 91' lang='lat' dir='ltr'>eccl.</span> <span class='ocrx_word' id='word_1_748' title='bbox 3179 4510 3320 4561; x_wconf 91' lang='lat' dir='ltr'>tom.</span> <span class='ocrx_word' id='word_1_749' title='bbox 3376 4508 3426 4574; x_wconf 93' lang='grc'>1,</span> <span class='ocrx_word' id='word_1_750' title='bbox 3478 4521 3611 4577; x_wconf 91' lang='lat' dir='ltr'>pag.</span> 
     </span>
    </p>
   </div>
   <div class='ocr_carea' id='block_1_98' title="bbox 2083 4647 3210 4720">
    <p class='ocr_par' dir='ltr' id='par_1_98' title="bbox 2083 4647 3210 4720">
     <span class='ocr_line' id='line_1_101' title="bbox 2083 4647 3210 4720; baseline 0.004 -20"><span class='ocrx_word' id='word_1_751' title='bbox 2083 4647 2154 4720; x_wconf 69' lang='grc' dir='ltr'>τη)</span> <span class='ocrx_word' id='word_1_752' title='bbox 2183 4647 2402 4716; x_wconf 85' lang='lat' dir='ltr'>Biclar.,</span> <span class='ocrx_word' id='word_1_753' title='bbox 2436 4649 2669 4717; x_wconf 86' lang='lat' dir='ltr'>Chron.,</span> <span class='ocrx_word' id='word_1_754' title='bbox 2697 4649 2865 4704; x_wconf 80' lang='lat' dir='ltr'>infra.</span> <span class='ocrx_word' id='word_1_755' title='bbox 2905 4651 3034 4715; x_wconf 85' lang='lat' dir='ltr'>(Col.</span> <span class='ocrx_word' id='word_1_756' title='bbox 3065 4650 3210 4720; x_wconf 77' lang='grc'><strong>864.)</strong></span> 
     </span>
    </p>
   </div>
   <div class='ocr_carea' id='block_1_99' title="bbox 2077 4717 3390 4792">
    <p class='ocr_par' dir='ltr' id='par_1_99' title="bbox 2077 4717 3390 4792">
     <span class='ocr_line' id='line_1_102' title="bbox 2077 4717 3390 4792; baseline 0.003 -21"><span class='ocrx_word' id='word_1_757' title='bbox 2162 4720 2414 4792; x_wconf 60' lang='lat' dir='ltr'>Wessel.,</span> <span class='ocrx_word' id='word_1_758' title='bbox 2443 4722 2566 4792; x_wconf 78' lang='lat' dir='ltr'>Vet.</span> <span class='ocrx_word' id='word_1_759' title='bbox 2595 4722 2834 4775; x_wconf 84' lang='lat' dir='ltr'>Roman.</span> <span class='ocrx_word' id='word_1_760' title='bbox 2863 4721 3080 4787; x_wconf 86' lang='lat' dir='ltr'>ltiner.,</span> <span class='ocrx_word' id='word_1_761' title='bbox 3111 4717 3240 4792; x_wconf 80' lang='lat' dir='ltr'>pag.</span> <span class='ocrx_word' id='word_1_762' title='bbox 3267 4722 3390 4776; x_wconf 79' lang='grc'><strong>435.</strong></span> 
     </span>
    </p>
   </div>
   <div class='ocr_carea' id='block_1_100' title="bbox 2083 4789 3192 4862">
    <p class='ocr_par' dir='ltr' id='par_1_100' title="bbox 2083 4789 3192 4862">
     <span class='ocr_line' id='line_1_103' title="bbox 2083 4789 3192 4862; baseline 0.002 -18"><span class='ocrx_word' id='word_1_763' title='bbox 2083 4789 2134 4862; x_wconf 87' lang='lat'>0)</span> <span class='ocrx_word' id='word_1_764' title='bbox 2163 4790 2386 4858; x_wconf 90' lang='lat' dir='ltr'>Biclar.,</span> <span class='ocrx_word' id='word_1_765' title='bbox 2413 4791 2647 4860; x_wconf 88' lang='lat' dir='ltr'>Chron.,</span> <span class='ocrx_word' id='word_1_766' title='bbox 2679 4793 2849 4846; x_wconf 87' lang='lat' dir='ltr'>infra.</span> <span class='ocrx_word' id='word_1_767' title='bbox 2881 4795 3011 4862; x_wconf 87' lang='lat' dir='ltr'>(Col.</span> <span class='ocrx_word' id='word_1_768' title='bbox 3045 4789 3192 4862; x_wconf 84' lang='grc'><strong>865.)</strong></span> 
     </span>
    </p>
   </div>
   <div class='ocr_carea' id='block_1_101' title="bbox 2117 4859 3224 4932">
    <p class='ocr_par' dir='ltr' id='par_1_101' title="bbox 2117 4859 3224 4932">
     <span class='ocr_line' id='line_1_104' title="bbox 2117 4859 3224 4932; baseline 0.005 -19"><span class='ocrx_word' id='word_1_769' title='bbox 2117 4859 2133 4932; x_wconf 92' lang='grc'>)</span> <span class='ocrx_word' id='word_1_770' title='bbox 2157 4861 2601 4932; x_wconf 80' lang='lat' dir='ltr'>Goteler.,-Eccl.</span> <span class='ocrx_word' id='word_1_771' title='bbox 2631 4859 2722 4918; x_wconf 84' lang='lat' dir='ltr'>Gr.</span> <span class='ocrx_word' id='word_1_772' title='bbox 2748 4859 2998 4919; x_wconf 87' lang='lat' dir='ltr'>Monum.</span> <span class='ocrx_word' id='word_1_773' title='bbox 3021 4859 3224 4930; x_wconf 44' lang='lat' dir='ltr'>tom.&#39;l,</span> 
     </span>
    </p>
   </div>
   <div class='ocr_carea' id='block_1_102' title="bbox 2083 4931 3190 5005">
    <p class='ocr_par' dir='ltr' id='par_1_102' title="bbox 2083 4931 3190 5005">
     <span class='ocr_line' id='line_1_105' title="bbox 2083 4931 3190 5005; baseline 0 -18"><span class='ocrx_word' id='word_1_774' title='bbox 2083 4934 2136 5005; x_wconf 90' lang='lat' dir='ltr'>q_)</span> <span class='ocrx_word' id='word_1_775' title='bbox 2170 4931 2394 5005; x_wconf 72' lang='lat' dir='ltr'>Biclar.,</span> <span class='ocrx_word' id='word_1_776' title='bbox 2417 4933 2654 5000; x_wconf 89' lang='lat' dir='ltr'>Chron.,</span> <span class='ocrx_word' id='word_1_777' title='bbox 2684 4934 2852 4989; x_wconf 86' lang='lat' dir='ltr'>infra.</span> <span class='ocrx_word' id='word_1_778' title='bbox 2878 4934 3010 5005; x_wconf 89' lang='lat' dir='ltr'>(Col.</span> <span class='ocrx_word' id='word_1_779' title='bbox 3033 4933 3190 5005; x_wconf 87' lang='lat'>867.)</span> 
     </span>
    </p>
   </div>
   <div class='ocr_carea' id='block_1_103' title="bbox 2080 5001 3538 5077">
    <p class='ocr_par' dir='ltr' id='par_1_103' title="bbox 2080 5001 3538 5077">
     <span class='ocr_line' id='line_1_106' title="bbox 2080 5001 3538 5077; baseline 0.001 -21"><span class='ocrx_word' id='word_1_780' title='bbox 2080 5001 2128 5073; x_wconf 76' lang='grc' dir='ltr'>γ’)</span> <span class='ocrx_word' id='word_1_781' title='bbox 2154 5003 2322 5077; x_wconf 65' lang='lat' dir='ltr'>greg.</span> <span class='ocrx_word' id='word_1_782' title='bbox 2352 5005 2584 5077; x_wconf 83' lang='lat' dir='ltr'>Turon.,</span> <span class='ocrx_word' id='word_1_783' title='bbox 2615 5005 2750 5059; x_wconf 88' lang='lat' dir='ltr'>Hist.</span> <span class='ocrx_word' id='word_1_784' title='bbox 2781 5001 2981 5077; x_wconf 56' lang='lat' dir='ltr'>Fra&#39;nc.</span> <span class='ocrx_word' id='word_1_785' title='bbox 3005 5004 3104 5058; x_wconf 90' lang='lat' dir='ltr'>lib.</span> <span class='ocrx_word' id='word_1_786' title='bbox 3137 5001 3256 5074; x_wconf 75' lang='lat' dir='ltr'>vin,</span> <span class='ocrx_word' id='word_1_787' title='bbox 3289 5022 3413 5077; x_wconf 91' lang='lat' dir='ltr'>cap.</span> <span class='ocrx_word' id='word_1_788' title='bbox 3453 5008 3538 5060; x_wconf 89' lang='lat'>30.</span> 
     </span>
    </p>
   </div>
   <div class='ocr_carea' id='block_1_104' title="bbox 2081 5075 2892 5147">
    <p class='ocr_par' dir='ltr' id='par_1_104' title="bbox 2081 5075 2892 5147">
     <span class='ocr_line' id='line_1_107' title="bbox 2081 5075 2892 5147; baseline 0.004 -19"><span class='ocrx_word' id='word_1_789' title='bbox 2081 5077 2124 5147; x_wconf 80' lang='grc' dir='ltr'>ε)</span> <span class='ocrx_word' id='word_1_790' title='bbox 2153 5075 2336 5147; x_wconf 82' lang='lat' dir='ltr'>Pagi.,</span> <span class='ocrx_word' id='word_1_791' title='bbox 2368 5076 2440 5130; x_wconf 88' lang='lat' dir='ltr'>ad</span> <span class='ocrx_word' id='word_1_792' title='bbox 2470 5093 2606 5130; x_wconf 91' lang='lat' dir='ltr'>ann.</span> <span class='ocrx_word' id='word_1_793' title='bbox 2635 5078 2756 5144; x_wconf 75' lang='grc'><strong>584,</strong></span> <span class='ocrx_word' id='word_1_794' title='bbox 2785 5075 2814 5147; x_wconf 86' lang='lat'>§</span> <span class='ocrx_word' id='word_1_795' title='bbox 2840 5077 2892 5130; x_wconf 79' lang='grc'>4.</span> 
     </span>
    </p>
   </div>
   <div class='ocr_carea' id='block_1_105' title="bbox 2085 5145 3515 5218">
    <p class='ocr_par' dir='ltr' id='par_1_105' title="bbox 2085 5145 3515 5218">
     <span class='ocr_line' id='line_1_108' title="bbox 2085 5145 3515 5218; baseline 0.004 -22"><span class='ocrx_word' id='word_1_796' title='bbox 2085 5145 2128 5218; x_wconf 65' lang='grc' dir='ltr'>ι)Δ</span> <span class='ocrx_word' id='word_1_797' title='bbox 2150 5145 2285 5200; x_wconf 84' lang='lat' dir='ltr'>Adr.</span> <span class='ocrx_word' id='word_1_798' title='bbox 2311 5147 2520 5214; x_wconf 88' lang='lat' dir='ltr'>Vales.,</span> <span class='ocrx_word' id='word_1_799' title='bbox 2547 5147 2720 5218; x_wconf 87' lang='lat' dir='ltr'>Notit.</span> <span class='ocrx_word' id='word_1_800' title='bbox 2748 5145 2994 5212; x_wconf 64' lang='lat' dir='ltr'>Galliam,</span> <span class='ocrx_word' id='word_1_801' title='bbox 3025 5147 3200 5203; x_wconf 88' lang='lat' dir='ltr'>verbo</span> <span class='ocrx_word' id='word_1_802' title='bbox 3230 5151 3515 5218; x_wconf 86' lang='lat' dir='ltr'>Ugernum.</span> 
     </span>
    </p>
   </div>
   <div class='ocr_carea' id='block_1_106' title="bbox 2081 5215 3024 5290">
    <p class='ocr_par' dir='ltr' id='par_1_106' title="bbox 2081 5215 3024 5290">
     <span class='ocr_line' id='line_1_109' title="bbox 2081 5215 3024 5290; baseline 0.002 -19"><span class='ocrx_word' id='word_1_803' title='bbox 2081 5215 2138 5288; x_wconf 73' lang='grc' dir='ltr'>α)</span> <span class='ocrx_word' id='word_1_804' title='bbox 2168 5218 2424 5285; x_wconf 87' lang='lat' dir='ltr'>Wessel.,</span> <span class='ocrx_word' id='word_1_805' title='bbox 2457 5219 2564 5272; x_wconf 90' lang='lat' dir='ltr'>loc.</span> <span class='ocrx_word' id='word_1_806' title='bbox 2593 5217 2711 5286; x_wconf 92' lang='lat' dir='ltr'>cit.,</span> <span class='ocrx_word' id='word_1_807' title='bbox 2739 5234 2872 5290; x_wconf 88' lang='lat' dir='ltr'>pag.</span> <span class='ocrx_word' id='word_1_808' title='bbox 2903 5221 3024 5274; x_wconf 87' lang='lat'>553.</span> 
     </span>
    </p>
   </div>
   <div class='ocr_carea' id='block_1_107' title="bbox 3253 4864 3540 4934">
    <p class='ocr_par' dir='ltr' id='par_1_107' title="bbox 3253 4864 3540 4934">
     <span class='ocr_line' id='line_1_110' title="bbox 3253 4864 3540 4934; baseline -0.007 -16"><span class='ocrx_word' id='word_1_809' title='bbox 3253 4881 3310 4934; x_wconf 90' lang='lat' dir='ltr'>p.</span> <span class='ocrx_word' id='word_1_810' title='bbox 3341 4864 3464 4930; x_wconf 89' lang='lat'>806,</span> <span class='ocrx_word' id='word_1_811' title='bbox 3489 4879 3540 4916; x_wconf 91' lang='lat' dir='ltr'>e.</span> 
     </span>
    </p>
   </div>
   <div class='ocr_carea' id='block_1_108' title="bbox 2061 5073 2080 5287">
    <p class='ocr_par' dir='ltr' id='par_1_108' title="bbox 2061 5073 2080 5287">
     <span class='ocr_line' id='line_1_111' title="bbox 2061 5073 2080 5287; baseline 0 0"><span class='ocrx_word' id='word_1_812' title='bbox 2061 5073 2080 5287; x_wconf 72' lang='grc' dir='ltr'>ἔ</span> 
     </span>
    </p>
   </div>
  </div>
