3996 6188
2059 331 2416 342 -α-ρ-ς--ι

1158 461 1611 536 JOANNIS
1635 512 1660 554 ,
1713 461 2164 535 ABBATIS
2213 461 2905 536 BICLABENSIS
2926 513 2950 552 ,

1387 621 2732 799 CHRONICON,

1510 850 1898 896 CONTINUANS
1942 852 2042 896 UBI
2083 849 2306 894 VICTOB
2351 848 2612 893 DESINIT.

449 1027 583 1080 Post
612 1025 944 1094 Eusebium,
971 1027 1333 1083 Caesariensis
1357 1029 1620 1083 Ecclesiae
1651 1031 2002 1101 episcopum,
2029 1042 2082 1114 Α
2175 1031 2342 1082 Anno
2391 1044 2445 1083 1v
2483 1027 2688 1082 Justini
2733 1026 3101 1098 imperatoris
3140 1026 3238 1098 qui
3285 1031 3373 1080 est
3423 1025 3742 1096 Leovigildi

380 1117 793 1189 Hieronymum
835 1123 958 1174 toto
1005 1120 1144 1175 orbe
1187 1125 1390 1175 notum
1431 1122 1850 1194 presbyterum,
1901 1139 2006 1178 nec

381 1226 496 1264 non
515 1215 573 1264 et
591 1213 954 1283 Prosperum,
967 1212 1152 1268 virum
1168 1214 1520 1286 religiosum,
1535 1217 1707 1286 atque
1719 1215 2004 1271 Victorem

377 1305 738 1359 Tununensis
781 1305 1044 1361 Ecclesia:
1073 1307 1356 1363 Africam
1389 1309 1741 1380 episcopum,
1775 1309 1873 1380 qui
1916 1309 2006 1364 bi-

380 1398 616 1453 storiam
648 1398 912 1454 omnium
936 1416 1085 1472 pene
1115 1402 1376 1473 gentium
1395 1418 1624 1457 summa
1645 1403 1923 1458 brevitate
1953 1409 2010 1458 et

379 1491 681 1562 diligentia
709 1496 1010 1548 contexere
1030 1493 1133 1548 visi
1161 1497 1312 1563 sunt,
1347 1498 1405 1550 et
1434 1512 1613 1568 usque
1645 1495 1720 1551 ad
1749 1500 2007 1552 nostram

380 1587 610 1640 aetatem
646 1585 979 1656 congeriem
1023 1588 1414 1658 perduxerunt
1443 1605 1751 1656 annorum,
1797 1595 1854 1644 et
1879 1607 2007 1661 quae

381 1681 508 1732 acta
535 1680 665 1734 sunt
698 1679 756 1733 in
783 1679 1004 1736 mundo
1037 1681 1110 1736 ad
1139 1681 1500 1753 agnitionem
1543 1686 1802 1738 nostram
1827 1687 2011 1738 trans-

379 1770 663 1826 miserunt
689 1789 702 1826 :
728 1789 834 1828 nos
855 1789 994 1845 ergo
1015 1773 1076 1828 in
1101 1774 1391 1845 adjutorio
1424 1775 1653 1831 Domini
1679 1777 1856 1832 nostri
1878 1779 2008 1833 Jesu

377 1864 603 1933 Christi,
635 1883 763 1938 quae
789 1867 1146 1938 temporibus
1185 1868 1394 1922 nostris
1421 1874 1547 1924 acta
1572 1875 1722 1937 sunt,
1752 1887 1819 1924 ex
1843 1873 2007 1941 parte

377 1959 533 2030 quod
577 1961 802 2014 oculata
847 1960 962 2015 ﬁde
999 1961 1366 2032 pervidimus,
1397 1965 1456 2018 et
1497 1979 1562 2018 ex
1591 1966 1755 2034 parte
1783 1981 1911 2035 qua:
1941 1981 2009 2018 ex

376 2053 558 2106 relatu
593 2053 852 2108 ﬁdelium
895 2053 1217 2122 didicimus,
1267 2056 1590 2111 studuimus
1634 2057 1708 2112 ad
1751 2061 2009 2128 posteros

378 2146 730 2201 notescenda
755 2147 913 2202 brevi
941 2147 1087 2220 style
1113 2149 1526 2204 transmittere.

447 2239 655 2304 Quinta
684 2239 908 2296 decima
930 2258 1070 2313 ergo
1097 2242 1428 2310 indictione,
1462 2247 1528 2299 ut
1548 2243 1763 2298 dictum
1791 2247 1896 2313 est,
1919 2247 2010 2300 Ju-

377 2321 628 2389 stiniano
661 2338 912 2404 mortuo,
940 2335 1194 2391 Justinus
1215 2336 1416 2407 junior
1447 2353 1628 2408 nepos
1653 2337 1774 2409 ejus
1804 2339 2010 2394 Roma-

378 2443 588 2481 norum
614 2427 862 2482 efﬁcitur
885 2429 1222 2501 imperator.

450 2521 849 2576 Romanorum
885 2523 1017 2588 LIII,
1053 2525 1263 2594 regnat
1303 2540 1555 2578 JUSTINUS
1597 2524 1798 2596 junior
1841 2527 2008 2581 annis

377 2630 451 2668 x1.
479 2614 583 2678 Qui
611 2615 864 2670 Justinus
891 2632 1045 2672 anno
1072 2616 1258 2688 primo
1286 2617 1454 2689 regni
1485 2618 1592 2685 sui,
1621 2635 1691 2673 ea
1717 2636 1843 2690 qua;
1869 2637 2004 2674 con-

377 2711 466 2762 tra
488 2709 772 2778 synodum
802 2710 1332 2766 Chalcedonensem
1353 2711 2004 2782 fuerantcommentata,

377 2801 655 2857 destruxit
672 2803 1116 2875 symbolumque
1137 2807 1468 2860 sanctorum
1493 2823 1556 2860 CL
1577 2807 1808 2861 Patrum
1838 2810 2010 2866 Cons-

379 2894 717 2967 tantinopoli
743 2900 1251 2968 congregatarum,
1281 2904 1338 2953 et
1363 2899 1421 2952 in
1453 2900 1672 2970 synodo
1701 2901 2010 2956 Chalcedo-

378 2989 542 3042 nensi
569 2989 933 3044 laudabiliter
961 2995 1280 3061 receptum,
1311 2992 1371 3045 in
1399 2993 1560 3046 omni
1585 2993 1866 3048 catholica
1902 2995 2003 3048 Ec-

377 3081 546 3135 clesia
563 3098 596 3134 a
615 3083 830 3153 populo
857 3083 1278 3138 concinendum
1300 3085 1632 3153 intromisit,
1652 3086 1810 3157 prius
1833 3104 2006 3158 quam

377 3174 674 3229 Dominica
701 3175 923 3230 dicatur
949 3175 1154 3231 oratio.

446 3269 836 3323 Armenorum
882 3285 1024 3340 gens
1071 3273 1128 3324 et
1163 3270 1481 3338 Iberorum,
1521 3273 1683 3344 quia
1728 3274 2002 3345 praedica-

379 3361 533 3416 tione
573 3363 965 3434 apostolorum
999 3363 1205 3419 Christi
1236 3357 1608 3436 susceperunt
1637 3366 1832 3435 ﬁdem,
1864 3368 2004 3422 dum

377 3471 410 3508 a
433 3455 650 3511 Cosdra
678 3457 981 3511 Persarum
1019 3457 1374 3530 imperatore
1401 3459 1476 3514 ad
1503 3459 1784 3515 culturam
1827 3461 2006 3516 idolo-

376 3565 507 3604 rum
533 3551 1038 3622 compellerentur,
1064 3556 1376 3608 renuentes
1396 3557 1517 3608 tam
1544 3555 1780 3626 impiam
1793 3555 2001 3626 jussio-

374 3659 529 3710 nem,
571 3644 849 3698 Romanis
880 3661 938 3700 se
967 3663 1100 3699 cum
1127 3647 1434 3716 provinciis
1461 3647 1576 3702 suis
1604 3649 2003 3716 tradiderunt;

377 3751 505 3806 quas
553 3752 644 3790 res
695 3736 846 3792 inter
894 3737 1184 3793 Romanos
1229 3742 1286 3793 et
1333 3741 1531 3794 Persas
1581 3741 1738 3812 pacis
1791 3742 2007 3797 foedera

373 3827 550 3899 rupit.

446 3922 616 3975 Anno
646 3938 683 3974 ιι
710 3924 1017 3978 memorati
1049 3925 1340 3996 principis,
1370 3927 1428 3980 in
1459 3927 1619 3998 regia
1647 3928 1783 3983 urbe
1813 3929 2003 3984 Ethe-

375 4013 492 4068 rius
513 4017 571 4068 et
599 4013 842 4070 Additus
862 4017 1104 4087 patricii,
1125 4018 1263 4072 dum
1279 4019 1501 4075 Justino
1523 4025 1773 4076 mortem
1793 4023 2008 4076 vellent

373 4123 593 4162 veneno
625 4108 816 4180 potius
842 4126 1019 4181 quam
1049 4111 1198 4166 ferro
1228 4128 1330 4183 per
1352 4113 1606 4168 medicos
1629 4114 1864 4182 inferre,
1895 4116 1992 4170 de-

373 4202 530 4268 tecti,
559 4201 789 4273 capitali
819 4204 1105 4259 sententia
1119 4205 1310 4276 puniri
1321 4205 1486 4276 jussi,
1515 4207 1722 4278 priora
1745 4208 1881 4262 feris
1911 4209 2004 4264 de-

374 4299 624 4362 voratus,
672 4297 957 4352 secundus
997 4297 1276 4354 incendiis
1319 4304 1716 4356 concrematas
1762 4301 1999 4356 interiit.

370 4389 624 4444 Justinus
644 4389 795 4444 ﬁlius
825 4393 1098 4447 Germani
1125 4393 1369 4464 patricii,
1397 4395 1770 4451 consobrinus
1799 4396 1999 4451 Justini

371 4481 750 4554 imperatoris,
793 4485 1040 4541 factione
1090 4487 1316 4558 Sephia:
1350 4489 1622 4560 Augusta:
1649 4489 1706 4543 in
1755 4491 1997 4544 Alexan-

373 4575 502 4630 dria
527 4576 822 4632 occiditur.
851 4578 946 4632 His
975 4580 1334 4650 temporibus
1366 4581 1742 4636 Athanaildus
1771 4599 1865 4636 rex
1893 4584 1996 4637 Go-

373 4669 604 4724 thorum
623 4669 680 4724 in
701 4671 972 4742 Hispania
995 4672 1125 4728 vitae
1145 4675 1318 4728 ﬁnem
1339 4675 1604 4746 suscepit,
1623 4678 1680 4730 et
1701 4675 1875 4730 Luiba
1895 4693 1999 4748 pro

371 4777 440 4817 eo
470 4762 530 4816 in
555 4779 804 4835 regnum
834 4766 1184 4836 provehitur.

437 4859 606 4912 Anno
635 4874 695 4918 ιιι
717 4857 954 4914 Justinis
993 4857 1358 4931 imperatoris
1385 4863 1759 4917 Garamantes
1784 4881 1888 4934 per
1923 4864 1999 4918 le-

373 4953 556 5020 gatos,
589 4951 715 5023 paci
741 4952 805 5006 R.
835 4953 894 5006 Ρ.
930 4955 988 5007 et
1011 4953 1144 5007 ﬁdei
1177 4953 1511 5009 Christiana:
1544 4957 1739 5012 sociari
1773 4957 1994 5012 deside-

371 5047 564 5097 rantes
597 5048 882 5115 poscunt:
915 5047 1024 5122 'qui
1071 5047 1263 5102 statim
1315 5053 1620 5120 utrumque
1664 5049 1994 5121 impetrant.

2104 1121 2260 1194 regis
2285 1121 2570 1176 secundus
2585 1137 2791 1188 annus,
2812 1119 3164 1175 Theoctistus
3187 1119 3465 1189 magister
3485 1119 3742 1172 militum

2105 1215 2412 1288 provinciis
2457 1213 2738 1270 Africana!
2784 1229 2818 1266 a
2845 1212 3054 1268 Mauris
3106 1212 3258 1268 bello
3303 1217 3609 1284 superatus
3655 1211 3741 1265 in-

2106 1309 2280 1364 teriit.

2177 1401 2534 1473 Leovigildus
2553 1417 2652 1456 rex
2674 1401 2800 1455 loca
2811 1399 3092 1456 Bastaniaa
3114 1402 3173 1454 et
3191 1398 3544 1454 Malacitanae
3560 1399 3744 1467 urbis,

2103 1497 2344 1568 repulsis
2371 1495 2666 1561 militibus,
2690 1496 2892 1562 vastat,
2921 1496 2981 1548 et
3003 1493 3186 1548 victor
3209 1493 3352 1548 solio
3379 1492 3553 1547 redit.
3574 1493 3750 1548 Justi-

2105 1607 2212 1644 nus
2237 1590 2554 1660 imperator
2577 1604 2682 1659 per
2707 1587 2994 1642 Tiberium
3025 1586 3417 1642 excubitorum
3461 1587 3744 1642 comitem

2106 1686 2165 1742 in
2195 1686 2434 1766 Thracia
2456 1686 2681 1740 bellum
2700 1685 2859 1756 genti
2891 1684 3273 1740 Barbarorum
3301 1683 3534 1755 ingerit,
3555 1688 3617 1738 et
3633 1683 3749 1737 vic-

2104 1784 2198 1837 tor
2215 1780 2474 1836 Tiberius
2520 1777 3083 1850 Constantinopolim
3123 1777 3292 1832 redit.
3341 1779 3400 1830 ln
3445 1777 3748 1848 provincia

2105 1875 2408 1939 Gallaeciaa,
2439 1873 2578 1928 Miro
2625 1875 2756 1944 post
2797 1871 3250 1928 Theodomirum
3293 1870 3615 1927 Suevorum
3643 1886 3749 1925 rex

2107 1963 2372 2019 efﬁcitur.

2176 2059 2340 2112 Anno
2378 2073 2412 2108 v
2434 2055 2638 2111 Justini
2684 2053 3047 2127 imperatoris
3089 2053 3187 2125 qui
3221 2057 3307 2108 est
3332 2069 3394 2108 ιιι
3423 2051 3747 2124 Leovigildi

2106 2151 2260 2222 regis
2287 2167 2494 2217 annus,
2518 2149 2774 2205 Justinus
2822 2147 3140 2220 imperator
3168 2147 3506 2203 Armeniam
3531 2150 3588 2202 et
3613 2146 3741 2200 Ibe-

2105 2245 2272 2311 riam,
2297 2243 2541 2316 repulsis
2570 2241 2775 2310 Persis,
2804 2243 3095 2297 Romanas
3125 2239 3453 2312 provincias
3478 2239 3652 2295 facit:
3687 2243 3749 2294 et

2105 2339 2324 2393 bellum
2365 2339 2664 2392 Persarum
2699 2336 3018 2407 imperator
3045 2351 3146 2406 per
3175 2333 3351 2389 duces
3380 2333 3566 2404 parcit
3592 2333 3748 2404 [per-

2028 2427 2084 2499 B
2107 2432 2268 2502 agit].
2296 2430 2574 2486 Amabilis
2602 2429 2878 2500 magister
2905 2428 3126 2483 militias
3154 2427 3440 2482 Africanm
3471 2444 3503 2481 a
3530 2426 3750 2480 Mauris

2108 2525 2401 2581 occiditur.
2457 2522 2816 2594 Leovigildus
2864 2539 2963 2576 rex
3006 2520 3319 2582 Asinodam
3357 2519 3750 2575 fortissimam

2108 2619 2414 2685 civitatem,
2442 2616 2769 2689 proditione
2812 2614 3114 2686 cujusdam
3163 2613 3526 2668 Frainidauci
3567 2615 3752 2667 nocte

2109 2717 2350 2783 occupat
2371 2728 2386 2766 :
2405 2714 2462 2765 et
2476 2709 2751 2765 militibus
2771 2708 3108 2776 interfectis,
3123 2709 3510 2762 memoratam
3532 2705 3752 2760 urbem

2108 2805 2182 2859 ad
2206 2805 2521 2860 Gothorum
2558 2805 2783 2858 revocat
2801 2803 2956 2874 jura.
3005 2803 3261 2856 Donatus
3288 2799 3466 2854 abbas
3509 2816 3753 2854 monas-

2106 2898 2234 2952 terii
2260 2897 2550 2952 Pernitani
2579 2895 2932 2950 mirabilium
2963 2899 3232 2966 operator
3249 2894 3438 2947 clarus
3465 2893 3747 2946 habetur.

2177 2995 2344 3045 Anno
2373 3007 2430 3044 v1
2452 2989 2658 3046 Justini
2684 2988 3050 3060 imperatoris
3077 2987 3174 3058 qui
3202 2989 3289 3042 est
3313 2985 3628 3057 Leovigildi
3653 3002 3751 3039 re-

2107 3084 2194 3155 gis
2233 3101 2287 3138 IV
2319 3100 2524 3151 annus,
2571 3083 2920 3154 Gepidarum
2955 3091 3215 3152 ‘regnum
3260 3081 3440 3134 ﬁnem
3495 3079 3749 3150 accepit,

2108 3178 2206 3248 qui
2237 3195 2269 3231 a
2315 3175 2710 3248 Langobardis
2749 3175 2948 3246 praelio
2987 3173 3260 3245 superati,
3305 3171 3752 3229 Cunicmundus

2108 3287 2203 3325 rex
2233 3286 2439 3342 campo
2467 3269 2733 3325 occubuit
2759 3286 2775 3338 ;
2823 3273 2879 3324 et
2907 3267 3162 3322 thesauri
3195 3266 3317 3338 ejus
3347 3281 3454 3336 per
3481 3265 3746 3319 'h'asari-

2106 3380 2236 3418 cum
2263 3363 2519 3418 Arriana;
2546 3366 2714 3418 sectae
2743 3362 3097 3432 episcopum,
3126 3362 3186 3413 et
3215 3358 3582 3430 Reptilanem
3624 3359 3746 3413 Cn-

2106 3456 2405 3512 nicmundi
2424 3459 2694 3528 nepotem
2711 3455 2932 3511 Justino
2957 3455 3306 3526 imperatore
3330 3451 3750 3507 Constantino~

2104 3550 2284 3620 polim
2312 3550 2388 3604 ad
2421 3550 2714 3620 integrum
2756 3547 3016 3620 perducti
3045 3551 3194 3600 sunt.
3232 3545 3596 3616 Leovigildus
3633 3560 3750 3598 rex

2107 3643 2428 3699 Cordubam
2457 3643 2747 3698 civitatem
2781 3641 2881 3696 diu
2909 3640 3107 3696 Gothis
3133 3639 3404 3694 rebellem
3439 3641 3608 3693 nocte
3636 3655 3745 3692 oc-

2109 3741 2300 3808 cupat,
2327 3743 2385 3792 et
2408 3737 2566 3792 caesis
2599 3736 2856 3796 hostibus
2880 3734 3175 3806 propriam
3206 3732 3377 3799 facit;
3405 3731 3744 3802 multasque

2108 3831 2276 3885 urbes
2303 3834 2362 3885 et
2407 3831 2674 3896 castella,
2725 3829 3027 3895 interfecta
3082 3826 3425 3881 rusticorum
3482 3825 3748 3879 multitu.

2105 3924 2260 3994 dine,
2290 3924 2348 3978 in
2381 3924 2702 3980 Gothorum
2728 3921 3052 3977 dominium
3082 3923 3325 3974 revocat.
3357 3918 3498 3974 Miro
3528 3919 3748 3974 Suevo-

2109 4034 2238 4072 rum
2267 4035 2365 4072 rex
2403 4017 2620 4072 bellum
2648 4019 2848 4072 contra
2890 4019 3189 4086 Aragones
3233 4018 3444 4067 movet.
3477 4013 3746 4066 Domnus

2105 4111 2440 4166 Helenensis
2461 4108 2722 4164 Ecclesiae
2755 4109 3056 4179 episcopus
3081 4107 3264 4161 clarus
3283 4104 3552 4160 habetur.

2172 4207 2338 4260 Anno
2367 4221 2444 4259 vn
2472 4202 2676 4273 Justini
2719 4200 3082 4274 imperatoris
3112 4199 3207 4272 qui
3234 4204 3320 4253 est
3352 4197 3669 4268 Leovigildi
3706 4215 3744 4247 ν

2104 4316 2309 4369 annus,
2348 4297 2620 4352 Alboinus
2649 4294 3164 4368 Langobardorum
3195 4309 3292 4347 rex
3320 4291 3572 4346 factione
3602 4307 3745 4345 eon-

2097 4393 2254 4463 jugis
2285 4409 2401 4446 sum
2431 4407 2464 4446 a
2499 4391 2613 4445 suis
2653 4392 2819 4444 nocte
2875 4387 3231 4443 interﬁcitur.
3283 4384 3559 4440 Thesauri
3597 4400 3743 4439 vero

2104 4485 2227 4556 ejus
2272 4502 2403 4540 cum
2447 4484 2570 4556 ipsa
2607 4483 2812 4553 regina
2857 4481 2916 4535 in
2958 4479 3286 4551 reipublicie
3339 4479 3620 4533 Romanae
3651 4477 3742 4532 di-

2101 4580 2318 4633 tionem
2370 4577 2717 4646 obveniant,
2770 4579 2829 4629 et
2891 4572 3252 4645 Langobardi
3303 4572 3424 4626 sine
3489 4587 3625 4642 rege
3679 4577 3745 4626 et

2103 4673 2370 4726 thesauro
2421 4685 2777 4726 remansere.
2835 4668 2930 4722 His
2977 4667 3178 4722 diebus
3233 4665 3410 4720 Luiha
3459 4681 3560 4719 rex
3606 4665 3744 4719 vita:

2100 4766 2275 4821 ﬁnem
2303 4765 2540 4835 accepit,
2595 4767 2652 4817 et
2681 4761 2952 4833 Hispania
2990 4758 3177 4814 omnis
3208 4759 3266 4812 in
3310 4774 3494 4829 regno
3539 4761 3599 4811 et
3628 4774 3736 4829 po-

2101 4863 2302 4914 testate
2328 4857 2643 4928 Leovigildi
2674 4856 2826 4926 regis
2850 4853 3143 4924 Galliaque
3182 4850 3574 4906 Narbonensis
3603 4867 3742 4905 con-

2101 4951 2293 5007 currit.
2320 4951 2570 5006 Justinus
2597 4950 2910 5021 imperator
2937 4947 3091 5019 gravi
3119 4945 3450 5000 inﬁrmitate
3489 4944 3742 5000 concuti-

2099 5056 2194 5108 tur
2249 5069 2262 5106 :
2323 5067 2451 5121 quas
2508 5047 2814 5103 inﬁrmitas
2885 5046 2958 5100 ab
3013 5043 3138 5100 aliis
3199 5041 3436 5116 quidem
3513 5042 3734 5098 cerebri

369 5136 701 5192 Theodorus
717 5141 1018 5209 praefectus
1043 5141 1242 5196 Africa:
1265 5142 1524 5198 aMauris
1545 5143 1877 5198 interfectus
1892 5148 1994 5199 est.
2017 5166 2076 5239 D
2101 5145 2300 5213 motio,
2353 5144 2425 5198 ab
2478 5141 2604 5197 aliis
2653 5141 2985 5196 daemonum
3023 5137 3245 5239 vexatio
3293 5135 3624 5239 putabatur.
3670 5137 3734 5190 ln

371 5229 739 5286 Mauritarum
761 5248 902 5303 gens
927 5233 1016 5287 his
1048 5235 1403 5307 temporibus
1433 5237 1610 5291 ﬁdem
1639 5237 1857 5308 recipit.
1892 5239 1998 5292 Hu-

363 5323 459 5395 jus
489 5322 716 5396 imperii
751 5343 906 5382 anno
939 5344 998 5384 ιιι
1032 5329 1391 5400 Leovigildus
1423 5347 1733 5403 germanus
1761 5331 1997 5386 Luibani

370 5417 542 5489 regis,
572 5420 871 5491 superstite
903 5421 1100 5490 fratre,
1129 5423 1186 5478 in
1219 5440 1464 5495 regnum
1501 5425 1782 5480 citerioris
1808 5425 1998 5495 Hispa-

368 5512 480 5567 nia:
506 5513 902 5581 constituitur;
950 5516 1324 5572 Gosuintham
1375 5519 1626 5573 relictam
1667 5517 1996 5574 Athanaildi

368 5605 427 5659 in
449 5608 783 5680 conjugium
804 5609 1009 5680 accipit
1037 5627 1051 5676 ;
1077 5614 1133 5664 et
1153 5611 1506 5680 provinciam
1529 5613 1842 5667 Gothorum
1867 5629 1998 5683 qua:

364 5698 485 5766 jam
514 5717 620 5772 pro
649 5702 962 5757 rebellione
982 5702 1338 5757 diversorum
1362 5703 1548 5757 fuerat
1567 5705 1871 5773 diminuta,
1894 5707 1997 5762 mi-

375 5791 627 5847 rabiliter
652 5794 723 5848 ad
753 5795 1022 5865 pristinos
1049 5799 1276 5848 revocat
1306 5794 1599 5850 terminos.

2099 5239 2260 5310 regia
2315 5237 2455 5293 urbe
2523 5234 2846 5290 mortalitas
2926 5230 3238 5303 inguinalis
3311 5231 3500 5301 plaga:
3568 5245 3736 5284 exar-

2099 5333 2310 5398 descit,
2374 5331 2432 5386 in
2495 5345 2609 5402 qua
2662 5328 2844 5382 multa
2897 5325 3077 5380 millia
3133 5323 3437 5378 hominum
3487 5323 3736 5378 vidimus

2097 5426 2394 5482 defecisse.
2435 5420 2798 5492 Leovigildus
2828 5437 2922 5473 rex
2964 5418 3265 5474 Sabariam
3306 5417 3602 5486 ingressus
3639 5415 3736 5470 Sa-

2096 5521 2201 5575 bos
2253 5521 2458 5586 vastat,
2500 5519 2558 5570 et
2593 5512 2946 5586 provinciam
2997 5511 3178 5582 ipsam
3216 5511 3275 5564 in
3315 5525 3480 5564 suam
3525 5509 3734 5580 redigit

2099 5612 2378 5667 ditionem
2407 5628 2420 5666 :
2453 5609 2710 5679 duosque
2747 5606 2905 5681 ﬁlios.
2933 5622 3064 5660 suos
3095 5621 3160 5659 ex
3205 5603 3416 5657 amissa
3455 5605 3729 5674 conjuge.

2095 5703 2567 5776 Ermenegildum
2606 5706 2663 5756 et
2701 5698 3080 5766 Recaredum,
3109 5701 3405 5753 consortes
3435 5698 3604 5770 regni
3641 5698 3728 5752 fa-

2095 5799 2192 5856 cit.
2209 5798 2409 5870 Legati
2425 5797 2612 5870 gentis
2631 5794 3033 5852 Macuritarum
3055 5790 3617 5864 Constantinopolim
3639 5808 3731 5847 ve-
