4054 6186
245 343 356 403 865

1147 331 1441 412 JOANNIS,
1481 344 1756 400 ABBATIS
1798 343 2252 413 BICLARENSlS,
2292 343 2697 399 CHRONICON.

3503 339 3605 400 866

241 455 451 510 niunt:
500 455 703 509 dentes
727 454 1124 526 elephantinos
1161 459 1217 508 et
1245 453 1752 525 camelopardalim
1785 455 1878 508 Ju-
1898 467 1958 537 Α
1979 453 2253 508 Romana
2281 453 2543 507 Ecclesia
2567 451 2834 522 Pelagius
2853 445 3050 521 junior
3070 450 3373 506 ordinatur
3393 452 3608 522 episco-

240 549 396 602 stino
425 547 669 619 principi
696 564 940 603 munera
969 548 1272 603 afferentes
1298 547 1407 602 sibi
1436 564 1567 602 cum
1599 546 1874 602 Romanis

239 641 523 697 amicitias
549 641 877 696 conciliant.
910 643 1044 698 Post
1075 643 1358 697 Joannem
1388 637 1662 695 Romana
1684 641 1872 696 Eccle-

241 735 346 788 sia
377 734 714 788 Benedictus
737 734 1038 789 ordinatur
1074 735 1392 806 cpiscopus.
1431 734 1667 789 Praefuit
1707 735 1874 788 annis

240 843 322 882 IV.
351 827 620 882 Mausona
648 826 1020 883 Emeritensis
1050 827 1312 882 Ecclesia
1337 826 1637 898 episcopus
1671 827 1730 882 in
1770 845 1868 882 n0-

239 923 363 976 stro
396 920 668 992 dogmata
693 921 880 976 clarus
907 920 1168 976 habetur.

318 1019 480 1068 Anno
519 1029 617 1069 vm
670 1013 896 1082 Justini,
948 1013 1046 1084 qui
1084 1016 1141 1069 et
1194 1012 1508 1084 Leovigildi
1554 1030 1609 1069 γι
1664 1030 1868 1080 annus,

237 1108 431 1161 Persa
457 1123 588 1161 cum
611 1106 886 1161 Romanis
911 1107 1065 1178 pacis
1096 1106 1312 1162 fadera
1341 1110 1646 1177 rumpunt;
1669 1111 1727 1162 et
1744 1123 1874 1162 con-

241 1200 540 1272 gressione
579 1200 730 1255 facta
768 1201 948 1254 Daras
989 1199 1278 1254 civitatem
1317 1199 1691 1254 fortissimam
1721 1200 1871 1255 bello

241 1296 536 1364 superant,
569 1296 628 1348 et
657 1310 802 1348 casa
832 1291 1201 1347 multitudine
1229 1294 1622 1348 Romanorum
1647 1310 1870 1350 memo-

239 1389 431 1441 ratam
453 1386 658 1440 urbem
683 1386 928 1458 ingressi
959 1386 1290 1458 depopulati
1313 1391 1464 1442 sunt.

319 1479 414 1533 His
437 1479 636 1534 diebus
668 1479 1028 1550 Leovigildus
1057 1495 1156 1534 rex
1184 1479 1551 1535 Cantabriam
1581 1479 1872 1550 ingressus

239 1572 551 1644 provinciae
600 1588 928 1643 pervaseres
969 1573 1284 1640 interﬁcit;
1327 1575 1548 1645 Amaya
1591 1578 1867 1644 occupat:

241 1682 382 1737 opes
411 1681 614 1720 eorum
639 1666 921 1738 pervadit,
951 1670 1007 1720 et
1037 1666 1393 1738 provinciam
1429 1665 1490 1720 in
1525 1683 1683 1722 suam
1708 1683 1868 1722 revo-

241 1763 336 1814 cat
365 1758 669 1814 ditionem.

1977 565 2099 618 pus.
2127 549 2337 610 Praest
2363 546 2529 601 annis
2552 563 2629 600 χι.
3488 597 3502 616 κ

2044 642 2210 695 Anno
2250 656 2303 696 x1
2346 639 2516 710 regni
2565 639 2652 693 sui
2687 638 2939 694 Justinus
2988 639 3143 694 diem
3183 639 3385 694 clausit
3413 643 3599 695 extre-

1973 750 2153 801 mum,
2186 736 2245 788 et
2271 731 2528 787 Tiberius
2559 732 2848 803 singulare
2875 731 3123 787 obtinuit
3147 731 3474 802 imperium.

2045 828 2435 882 Romanorum
2461 827 2589 894 LIV,
2620 827 2876 882 Tmaams
2907 829 3114 896 regnat
3139 825 3307 880 annis
3335 843 3410 882 γι.

2042 923 2209 975 Anno
2237 936 2377 991 ergo
2407 919 2596 991 primo
2623 919 2852 991 imperii
2878 918 3104 988 Tiberii,
3143 920 3240 991 qui
3283 925 3369 975 est
3404 921 3599 977 Leovi-

1974 1015 2114 1086 gildi
2141 1031 2329 1070 annus
2358 1031 2431 1082 IX,
2463 1015 2678 1070 Abares
2705 1013 2972 1070 Thracias
3011 1017 3254 1083 vastant,
3296 1021 3354 1070 et
3381 1016 3603 1088 regiam

1974 1108 2178 1162 urbem
2231 1125 2266 1164 a
2313 1125 2480 1163 muro
2525 1109 2700 1179 longe
2753 1107 3036 1163 obsident.
3091 1109 3452 1180 Leovigildus
3504 1129 3602 1166 rex

1974 1200 2329 1272 Orospedam
2360 1201 2704 1273 ingreditur,
2753 1207 2811 1256 et
2861 1202 3118 1256 civitates
3165 1206 3339 1274 atque
3371 1205 3604 1259 castella

1972 1293 2231 1365 ejusdem
2280 1295 2588 1366 provincia
2638 1298 2898 1366 occupat,
2939 1299 2998 1350 et
3042 1313 3200 1350 suam
3247 1297 3599 1367 provinciam

1972 1388 2140 1454 facit;
2175 1391 2232 1442 et
2261 1405 2376 1442 non
2406 1389 2589 1443 multo
2619 1392 2751 1460 post
2783 1387 2925 1442 inibi
2953 1387 3167 1442 Rustici
3198 1389 3544 1446 rebellantes
3567 1410 3601 1446 a

1972 1481 2168 1536 Gothis
2199 1481 2634 1553 opprimuntur;
2667 1486 2726 1536 et
2755 1485 2883 1552 post
2911 1481 3034 1536 hac
3065 1481 3292 1554 integra
3331 1500 3365 1538 a
3403 1485 3601 1540 Gothis

1971 1574 2295 1646 possidetur
2319 1575 2629 1646 Orospeda.

2040 1671 2205 1722 Anno
2224 1685 2263 1722 ιι
2289 1667 2495 1722 Tiberii
2525 1668 2892 1739 imperatoris
2919 1669 3015 1740 qui
3043 1674 3130 1724 est
3152 1671 3468 1741 Leovigildi
3495 1689 3598 1727 au-

1975 1777 2081 1814 nus
2106 1776 2160 1827 x,
2183 1759 2512 1816 Gennadius
2532 1761 2806 1831 magister
2820 1761 3070 1816 militum
3090 1763 3148 1816 in
3173 1763 3363 1818 Africa
3379 1765 3603 1820 Mauros

311 1852 568 1907 Justinus
613 1852 928 1924 imperator
955 1853 1245 1910 Tiberium
1273 1871 1448 1926 quem
1485 1853 1745 1925 superius
1775 1871 1867 1908 ex-
1893 1833 1950 1905 B
1973 1855 2189 1918 vastat;
2221 1853 2551 1916 Gasmulem
2582 1853 2960 1908 fortissimum
2987 1871 3189 1926 regem
3222 1857 3321 1926 qui
3331 1857 3456 1928 jam
3483 1861 3600 1912 tres

237 1946 567 2000 cubitorum
587 1945 861 2001 comitem
883 1947 1148 2015 diximus,
1171 1948 1456 2003 Casarem
1477 1948 1631 2015 facit,
1665 1951 1723 2002 et
1753 1963 1868 2002 non

237 2039 427 2094 multo
450 2042 578 2110 post
599 2038 884 2111 imperiali
914 2041 1142 2112 fastigio
1175 2040 1436 2112 provehit
1455 2044 1514 2094 et
1542 2039 1869 2112 reipublica

237 2132 562 2204 principem
595 2132 876 2204 designat.
912 2134 1087 2204 Hujus
1113 2133 1320 2188 Tiberii
1348 2134 1586 2189 Casaris
1617 2133 1710 2188 die
1754 2134 1867 2206 pri-

237 2241 338 2280 ma
366 2225 424 2280 in
454 2225 612 2296 regia
643 2226 783 2280 urbe
815 2226 1126 2297 inguinalis
1149 2228 1323 2298 plaga
1351 2227 1554 2283 sedata
1583 2231 1688 2282 est.

310 2321 482 2373 Anno
513 2335 568 2373 ιιι
603 2319 809 2374 Justini
848 2319 1232 2390 imperatoris,
1285 2321 1382 2392 qui
1428 2324 1513 2375 est
1557 2321 1872 2392 Leovigildi

237 2411 398 2484 regis
423 2428 496 2468 vn
525 2429 729 2479 annus,
760 2412 1038 2468 Cosdroes
1067 2415 1369 2468 Persarum
1397 2414 1716 2484 imperator
1737 2431 1868 2470 cum

241 2504 426 2559 nimia
455 2505 820 2560 multitudine
849 2506 1131 2560 exercitus
1160 2507 1233 2561 ad
1259 2507 1562 2562 vastandos
1589 2508 1873 2564 Romano-

239 2613 378 2654 rum
405 2598 684 2653 terminos
706 2604 1038 2670 promovet:
1087 2599 1177 2653 cui
1216 2599 1570 2656 Justinianus
1601 2601 1714 2655 dux
1758 2603 1868 2658 Ro-

237 2707 434 2746 mana
454 2691 672 2746 militia
693 2695 752 2746 et
765 2693 1044 2763 magister
1059 2692 1309 2748 militum
1334 2693 1571 2748 orientis
1587 2711 1620 2748 a
1645 2693 1870 2750 Tiberio

240 2783 561 2840 destinatus
604 2785 816 2840 bellum
875 2788 1070 2857 parat;
1123 2790 1179 2842 et
1229 2786 1286 2839 in
1331 2786 1548 2858 campis
1579 2787 1675 2857 qui
1720 2788 1873 2843 inter

237 2879 418 2933 Daras
446 2881 503 2932 et
530 2879 789 2933 Nezinios
825 2879 1114 2950 [Nezivios]
1156 2883 1468 2950 ponuntur,
1501 2880 1636 2934 forti
1679 2898 1873 2953 pugna

239 2987 602 3042 congressus,
646 2972 866 3026 habens
903 2989 1099 3026 secum
1127 2975 1328 3044 gentes
1367 2973 1710 3029 fortissimas
1741 2991 1872 3046 qua

237 3064 490 3120 barbaro
501 3066 1042 3120 sermoneHermam
1057 3070 1640 3138 nuncupantur,mem
1647 3071 1872 3124 oratum

240 3158 652 3229 imperatorem
683 3158 832 3214 bello
863 3162 1110 3230 superat.
1147 3159 1270 3225 Quo
1317 3177 1450 3216 cum
1491 3179 1592 3217 suo
1624 3163 1868 3218 exercitu

239 3251 302 3306 in
337 3252 537 3322 fugam
567 3268 752 3320 verso,
779 3255 966 3308 castra
995 3253 1119 3324 ejus
1143 3253 1432 3325 pervadit;
1465 3259 1525 3310 et
1566 3257 1871 3328 provinciae

239 3344 490 3400 Persida
501 3345 664 3400 'ﬁnes
687 3345 868 3401 victor
893 3345 1248 3402 Justinianus
1273 3351 1476 3416 vastat,
1525 3349 1872 3422 exuviasque

241 3455 446 3494 eorum
477 3456 580 3510 pro
606 3438 900 3511 triumpho
927 3439 1482 3512 Constantinopolim
1509 3441 1724 3514 dirigit,
1745 3459 1872 3499 xxxv

241 3531 582 3604 elephantos
611 3531 765 3588 inter
790 3535 1011 3601 catera,
1045 3533 1143 3606 qui
1171 3550 1449 3605 magnum
1487 3537 1872 3606 spectaculum

243 3625 522 3680 Romanis
557 3625 618 3680 in
655 3626 790 3682 urbe
826 3623 985 3698 regia
1010 3626 1410 3683 exhibuerunt.
1444 3627 1707 3683 Pradam
1735 3645 1871 3684 vero

242 3719 316 3774 de
344 3717 630 3774 manubiis
660 3720 1122 3776 Romanorum...
1147 3721 1450 3776 Persarum
1467 3721 1775 3778 multitudo
1799 3723 1872 3777 ob

241 3811 486 3868 nimiam
524 3812 802 3868 vilitatem
834 3829 1075 3869 nummo
1105 3813 1328 3886 publico
1360 3815 1688 3870 venundata
1719 3819 1868 3870 sunt.

241 3905 603 3978 Leovigildus
632 3923 730 3962 rex
761 3911 1080 3979 Aregenses
1117 3892 1409 3963 montibus
1434 3905 1869 3980 [Aragonenses

242 4001 495 4072 montes]
545 3999 887 4072 ingreditur.
928 3999 1228 4072 Aspidium
1266 4001 1380 4056 loci
1421 4002 1713 4058 seniorem
1743 4020 1874 4058 cum

243 4109 419 4148 uxore
446 4097 504 4148 et
532 4093 661 4148 filiis
689 4093 941 4165 captivos
971 4094 1146 4162 ducit,
1193 4111 1440 4167 opesque
1477 4096 1600 4167 ejus
1645 4113 1709 4151 ac
1750 4097 1875 4152 loca

241 4184 304 4240 in
334 4202 496 4241 suam
527 4186 739 4258 redigit
773 4189 1136 4258 potestatem.
1183 4190 1614 4244 Aramundarus
1646 4191 1876 4247 Sarace-

241 4295 457 4334 norum
478 4295 576 4334 rex
593 4279 1146 4352 Constantinopolim
1173 4279 1349 4349 venit,
1383 4287 1440 4338 et
1469 4299 1600 4338 cum
1627 4289 1874 4340 stemate

241 4388 349 4427 suo
375 4376 434 4426 et
459 4373 627 4428 donis
661 4373 944 4429 Barbaria
975 4373 1199 4430 Tiberio
1230 4376 1471 4448 principi
1504 4378 1732 4432 ocurrit.
1769 4377 1874 4442 Qui

242 4484 278 4521 a
310 4465 534 4522 Tiberio
555 4466 809 4538 benigne
836 4471 1098 4540 exceptus
1129 4471 1186 4523 et
1211 4469 1376 4524 donis
1408 4471 1615 4540 opimis
1642 4487 1876 4526 exorna-

245 4566 340 4616 tus
360 4559 432 4614 ad
459 4561 708 4631 patriam
735 4560 891 4616 abire
921 4562 1236 4633 permissus
1263 4567 1366 4618 est.

319 4658 485 4708 Anno
511 4670 544 4709 ιι
569 4654 1156 4726 Justiniimperatoris
1169 4656 1264 4727 qui
1293 4655 1702 4728 estLeovigildi
1725 4657 1880 4727 regis

248 4762 350 4804 vm
381 4765 586 4814 annus,
611 4747 924 4802 Bandarius
947 4765 1128 4820 gener
1154 4749 1356 4804 Justini
1391 4749 1666 4822 principis
1689 4766 1721 4804 a
1739 4751 1881 4804 Lan-

247 4841 525 4913 gobardis
568 4842 764 4914 pralio
810 4833 1074 4910 vincitur,
1111 4846 1168 4896 et
1199 4859 1317 4897 non
1357 4843 1534 4897 multo
1587 4847 1716 4913 post
1751 4843 1879 4898 vita

247 4937 429 4990 tinem
465 4935 691 5008 accipit.
720 4936 1014 4991 Romanus
1043 4937 1189 4989 ﬁlius
1217 4932 1491 5006 Anagasti
1510 4937 1726 5008 patricii
1758 4953 1877 4991 ma-

247 5029 431 5101 gister
456 5028 692 5096 militia,
727 5030 912 5101 gentis
945 5031 1259 5086 Suevorum
1281 5047 1478 5102 regem
1501 5027 1691 5086 vivum
1709 5030 1878 5103 cepit:

247 5137 426 5193 quem
449 5140 578 5178 cum
596 5137 696 5177 suo
717 5124 1008 5189 thesauro,
1039 5139 1214 5178 uxore
1247 5127 1304 5177 et
1327 5123 1458 5178 ﬁliis
1478 5124 1880 5179 Constantino-

247 5216 428 5287 polim
450 5215 700 5282 adducit,
725 5220 782 5271 et
797 5216 1150 5288 provinciam
1173 5232 1370 5271 eorum
1401 5217 1459 5271 in
1489 5218 1881 5273 Romanorum

245 5309 574 5365 dominium
599 5309 824 5380 redigit.
857 5310 1221 5380 Leovigildus
1251 5327 1348 5366 rex
1381 5310 1439 5366 in
1461 5311 1719 5366 Callaecia
1749 5313 1881 5366 Sue-

245 5420 452 5458 vorum
483 5404 622 5458 ﬁnes
653 5404 974 5471 conturbat,
997 5407 1055 5460 et
1074 5422 1108 5460 a
1129 5421 1264 5476 rege
1295 5405 1510 5461 Mirone
1532 5420 1634 5476 per
1661 5407 1881 5476 legatos

247 5500 489 5569 rogatus
521 5513 720 5568 pacem
753 5496 834 5551 eis
861 5514 966 5568 pro
988 5515 1166 5571 parvo
1196 5503 1459 5570 tempore
1480 5499 1695 5554 tribuit.
1721 5499 1876 5554 Scla-

247 5589 440 5645 viniin
459 5590 698 5644 Thracia
719 5592 929 5645 multas
954 5593 1125 5648 urbes
1142 5593 1531 5648 Romanorum
1560 5591 1884 5662 pervadunt

250 5699 396 5755 quas
428 5683 803 5755 depopulatas
842 5701 1046 5742 vacuas
1091 5685 1396 5757 reliquere.
1428 5686 1640 5740 Abarcs
1693 5685 1883 5741 littora

251 5777 436 5831 maris
461 5777 712 5849 captiose
748 5779 1033 5845 obsident,
1064 5783 1121 5833 et
1149 5779 1386 5834 navibus
1414 5779 1605 5834 littora
1629 5779 1882 5834 Thracia

257 5870 658 5944 navigantibus
695 5872 826 5926 satis
879 5873 1074 5928 infesti
1124 5876 1274 5927 sunt.
1331 5875 1464 5928 Post
1516 5874 1884 5928 Benedictum

1891 3199 1947 3275 C

1972 1946 2142 2002 duces
2165 1945 2424 2017 superius
2449 1947 2779 2001 nominatos
2797 1948 3042 2002 Romani
3066 1948 3342 2003 exercitus
3361 1949 3599 2006 interfe-

1971 2045 2143 2106 cerat,
2175 2039 2326 2094 bello
2348 2044 2599 2110 superat,
2629 2043 2686 2094 et
2705 2040 2892 2111 ipsum
2918 2057 3116 2112 regem
3150 2043 3345 2112 gladio
3384 2044 3600 2098 interﬁ-

1971 2133 2064 2186 cit.
2099 2133 2357 2188 Tiberius
2389 2132 2718 2187 Mauricium
2749 2133 3145 2188 excubitorum
3171 2135 3444 2190 comitem
3473 2154 3596 2192 ma-

1974 2226 2215 2296 gistrum
2251 2225 2468 2280 militia
2507 2225 2744 2280 orientis
2777 2226 3041 2295 instituit,
3081 2231 3138 2282 et
3163 2229 3236 2283 ad
3262 2245 3595 2302 repugnan—

1971 2319 2107 2374 dum
2132 2319 2317 2374 Persis
2338 2318 2560 2374 direxit.
2595 2319 2843 2374 Romani
2869 2324 3070 2376 contra
3095 2322 3505 2393 Langobardos
3539 2323 3596 2378 in

1969 2412 2126 2468 Italia
2153 2412 2522 2484 lacrymabile
2549 2412 2766 2467 bellum
2787 2417 3013 2484 gerunt.

2040 2505 2399 2576 Leovigildus
2423 2523 2541 2574 rex,
2561 2506 2820 2561 extinctis
2847 2507 3100 2578 undique
3123 2509 3380 2579 tyrannis
3405 2513 3461 2564 et
3479 2526 3603 2581 per-

1971 2599 2264 2654 vasoribus
2296 2599 2584 2671 Hispania
2612 2600 2909 2671 superatis,
2933 2601 3167 2656 sortitus
3196 2619 3434 2672 requem
3465 2621 3597 2675 pro-

1971 2691 2098 2763 pria
2129 2708 2260 2746 cum
2285 2692 2452 2762 plebe
2484 2692 2713 2759 resedit,
2759 2697 2816 2748 et
2859 2693 3144 2749 civitatem
3197 2695 3252 2748 in
3296 2695 3604 2751 Celtiberia

1973 2802 2040 2839 ex
2061 2785 2295 2839 nomine
2317 2784 2416 2838 filii
2438 2785 2710 2854 condidit,
2735 2802 2862 2856 qua
2888 2787 3191 2857 Recopolis
3218 2793 3598 2860 nuncupatur,

1973 2894 2149 2949 quam
2180 2878 2328 2932 miro
2355 2894 2530 2950 opere
2557 2881 2615 2932 et
2643 2878 2928 2932 manibus
2961 2883 3019 2932 et
3059 2881 3398 2936 suburbanis
3431 2882 3598 2936 ador-

1975 2987 2120 3025 nans
2147 2970 2446 3042 privilegia
2474 2972 2687 3042 populo
2709 2987 2872 3026 nova
2893 2972 3050 3026 urbis
3073 2972 3602 3030 instituit.Joannes

1973 3065 2272 3136 presbyter
2299 3063 2562 3119 Ecclesia
2585 3065 2958 3120 Emeritensis
2983 3067 3170 3121 clarus
3201 3067 3464 3122 habetur.

2043 3161 2210 3214 Anno
2236 3175 2296 3214 ιιι
2321 3157 2531 3214 Tiberii
2563 3158 2928 3230 imperatoris
2964 3159 3063 3231 qui
3097 3163 3184 3214 est
3213 3159 3526 3234 Leovigildi
3547 3177 3602 3218 x1

1969 3269 2174 3323 annus,
2201 3252 2417 3308 Abares
2441 3269 2474 3306 a
2499 3251 2708 3307 finibus
2731 3252 2982 3309 Thracia
3009 3254 3322 3326 pelluntur,
3341 3259 3602 3327 etpartes

1971 3345 2195 3402 Gracia
2223 3349 2395 3416 atque
2422 3345 2735 3402 Pannonia
2767 3351 3067 3418 occupant.
3097 3348 3459 3420 Leovigildus
3502 3367 3600 3404 rex

1972 3438 2415 3510 Hermenegildo
2439 3439 2557 3494 filio
2576 3455 2678 3494 suo
2699 3439 2878 3494 ﬁliam
2907 3439 3139 3495 Sisberti
3165 3441 3320 3512 regis
3354 3443 3598 3498 Franco-

1970 3547 2101 3586 rum
2119 3531 2178 3585 in
2199 3531 2636 3587 matrimonium
2664 3531 2858 3600 tradit,
2882 3535 2940 3588 et
2958 3533 3268 3604 provincia
3287 3537 3512 3606 partem
3528 3533 3602 3590 ad

1972 3626 2334 3698 regnandum
2370 3626 2588 3680 tribuit.
2651 3624 2981 3696 Leovigildo
3039 3642 3178 3698 ergo
3215 3628 3411 3699 quieta
3461 3645 3601 3700 pace

1972 3724 2256 3792 regnante
2286 3719 2741 3774 adversariorum
2773 3717 3089 3774 domestica
3117 3721 3243 3776 rixa
3277 3723 3601 3776 conturbat.

1973 3813 2118 3868 Nam
2135 3813 2343 3868 eodem
2362 3828 2515 3867 anno
2529 3812 2676 3867 ﬁlius
2697 3811 2747 3883 ej
2757 3829 2820 3867 us
2845 3813 3328 3885 Hermenegildus
3354 3816 3602 3870 factione

1974 3907 2302 3962 Gosuintha
2329 3905 2546 3976 regina
2566 3905 2938 3978 tyrannidem
2960 3923 3284 3976 assumens,
3311 3909 3370 3963 in
3389 3909 3603 3980 Hispali

1974 4000 2198 4056 civitate
2226 3999 2542 4055 rebellione
2569 4000 2720 4055 facta
2739 4000 3074 4070 recluditur,
3103 4005 3162 4056 et
3182 4003 3323 4058 alias
3348 4001 3604 4058 civitates

1975 4099 2145 4166 atque
2172 4094 2407 4148 castella
2444 4109 2638 4148 secum
2679 4096 2880 4148 contra
2905 4097 3130 4166 patrem
3156 4095 3434 4150 rebellare
3447 4097 3604 4152 facit.

1973 4189 2108 4252 Qua
2133 4204 2304 4242 causa
2321 4187 2380 4241 in
2402 4186 2695 4259 provincia
2719 4187 3004 4258 Hispania
3032 4191 3151 4242 tam
3180 4188 3396 4258 Gothis,
3429 4203 3603 4259 quam

1975 4282 2248 4336 Romanis
2277 4281 2513 4350 majoris
2539 4280 2710 4346 exitii,
2742 4295 2918 4350 quam
2963 4280 3417 4334 adversariorum
3452 4279 3603 4336 infe-

1975 4374 2142 4429 statio
2171 4370 2296 4428 fuit.
2329 4373 2590 4428 Novellus
2619 4373 3040 4442 Complutensis
3086 4373 3386 4444 episcopus
3419 4375 3605 4429 clarus

1977 4468 2238 4521 habetur.

1896 4568 1956 4640 D
2047 4563 2212 4614 Anno
2259 4574 2312 4612 IV
2351 4558 2578 4623 Tiberii,
2639 4557 2734 4628 qui
2779 4561 2866 4612 est
2913 4558 3224 4631 Leovigildi
3275 4577 3350 4617 xu
3399 4576 3601 4633 annus,

1979 4653 2276 4708 Mauricius
2305 4652 2584 4721 magister
2613 4650 2866 4705 militum
2900 4652 3136 4707 orientis
3166 4659 3368 4710 contra
3409 4657 3607 4713 Persas

1981 4748 2198 4801 bellum
2222 4750 2432 4812 movet,
2467 4748 2523 4799 et
2553 4745 2780 4815 repulsa
2819 4747 3120 4800 Persarum
3149 4748 3516 4804 multitudine
3548 4749 3606 4805 in

1981 4840 2197 4896 oriente
2230 4839 2522 4894 hiemavit.
2557 4838 2914 4909 Leovigildus
2940 4856 3037 4894 rex
3070 4841 3128 4895 in
3155 4842 3357 4897 urbem
3385 4843 3604 4898 Toleta-

1983 4951 2118 4988 nam
2151 4933 2430 5004 synodum
2465 4931 2863 5003 episcoporum
2899 4937 3067 4987 secta
3107 4933 3334 4989 Ariana
3365 4953 3603 5008 congre-

1983 5031 2099 5099 gat,
2125 5030 2182 5080 et
2207 5026 2505 5096 antiquam
2536 5025 2799 5080 haresim
2835 5027 3056 5080 novello
3090 5042 3283 5081 errore
3317 5029 3606 5098 emendat,

1983 5121 2176 5175 dicens
2204 5120 2274 5174 de
2305 5121 2562 5174 Romana
2589 5119 2865 5190 religione
2893 5120 2964 5174 ad
2997 5125 3250 5174 nostram
3273 5123 3610 5180 catholicam

1982 5215 2155 5270 tidem
2179 5213 2476 5268 venientes
2500 5229 2618 5268 non
2651 5212 2861 5267 debere
2883 5213 3180 5284 baptizari,
3228 5214 3329 5270 sed
3355 5219 3606 5272 tantum-

1984 5307 2156 5362 modo
2207 5325 2312 5379 per
2355 5324 2560 5362 manus
2607 5305 3038 5376 impositionem
3083 5311 3142 5362 et
3185 5311 3610 5367 communionis

1985 5402 2434 5473 praceptionem
2466 5399 2639 5471 pollui
2669 5399 3121 5470 [perceptionem
3148 5401 3347 5474 ablui],
3382 5408 3440 5459 et
3485 5405 3607 5474 glo-

1983 5495 2131 5550 riam
2157 5494 2306 5550 Patri
2335 5509 2442 5564 per
2461 5493 2667 5547 Filium
2684 5491 2745 5546 in
2777 5493 2990 5564 Spiritu
3017 5500 3218 5551 sancto
3239 5496 3377 5551 dare
3410 5493 3602 5566 [Dari].

1983 5591 2088 5644 Per
2109 5589 2256 5642 hanc
2274 5603 2412 5658 ergo
2431 5585 2827 5641 seductiouem
2855 5588 3088 5658 plurimi
3109 5592 3438 5644 nostrorum
3448 5585 3606 5658 cupi-

1985 5681 2162 5736 ditate
2197 5680 2387 5752 potius
2416 5679 2647 5751 impulsi
2677 5680 2739 5734 in
2765 5681 3038 5736 Arianum
3063 5681 3276 5752 dogma
3301 5676 3624 5736 declinant..

2056 5779 2218 5830 Anno
2267 5791 2299 5826 v
2349 5773 2580 5841 Tiberii,
2631 5774 2728 5846 qui
2777 5777 2861 5828 est
2900 5772 3208 5840 Leovigildi
3250 5787 3345 5826 xm
3403 5787 3607 5843 annus,

1987 5867 2354 5942 Langobardi
2385 5869 2440 5924 in
2475 5868 2629 5924 italia
2656 5881 2850 5937 regem
2886 5862 2989 5916 sibi
3019 5879 3081 5915 ex
3117 5880 3217 5917 suo
3257 5879 3468 5936 genere
3509 5867 3614 5930 eli~
