3996 6188
463 311 565 365 867

1349 305 1648 372 JOANNIS,
1689 308 1963 362 ABBATIS
2000 307 2474 376 BlCLABlENSIS,
2515 307 2898 365 CHRONICON
3670 319 3750 374 868

457 421 606 487 gunt
631 415 902 471 vocabulo
941 413 1235 482 Antarich,
1279 413 1438 485 cujus
1479 418 1740 484 tempore
1779 418 1837 469 et
1881 414 2093 470 milites
2114 428 2174 501 Α
2193 419 2343 471 trem
2367 417 2732 488 patriamque
2751 417 2924 472 redit.
2946 417 3177 473 Andeca
3195 433 3328 473 vero
3354 435 3523 490 regno
3549 421 3756 492 privatus

462 509 712 565 Romani
745 509 980 564 omnino
1015 511 1148 561 sunt
1175 507 1324 573 caesi,
1355 509 1412 560 et
1441 506 1719 562 terminos
1749 507 1923 562 Italiae
1943 509 2089 563 Lan-

461 603 706 674 gobardi
740 601 844 656 sibi
873 605 1174 671 occupant.
1217 599 1606 656 Sclavinorum
1639 615 1781 670 gens
1805 600 2093 671 Illyricum

462 699 522 750 et
543 694 810 750 Thracias
840 695 1084 747 vastant.

534 786 892 858 Leovigildus
925 803 1022 840 rex
1049 788 1274 857 partem
1300 785 1594 840 Vasconite
1628 789 1886 856 occupat,
1925 790 1984 840 et
2021 786 2097 840 ci-

460 881 695 936 vitatem
756 896 884 951 quae
929 878 1314 934 Victoriacum
1371 883 1757 950 nuncupatur,
1814 879 2092 934 condidit.

461 973 717 1029 Tiberius
748 972 1065 1044 imperator
1089 972 1368 1043 magistro
1384 972 1631 1027 militum
1657 971 1890 1028 orientis
1915 973 2095 1028 ﬁliam

464 1083 626 1122 suam
651 1067 710 1120 in
743 1067 871 1136 conj
881 1066 1076 1138 ugium
1100 1065 1295 1120 tradit.

534 1163 697 1215 Anno
727 1177 780 1215 vi
806 1158 1011 1214 Tiberii
1045 1158 1142 1230 qui
1174 1162 1260 1213 est
1287 1157 1603 1231 Leovigildi
1627 1175 1719 1213 xxv
1759 1175 1965 1229 annus,
2005 1159 2092 1214 Ti-

461 1253 652 1308 berius
682 1253 812 1307 vitm
853 1252 1165 1308 terminum
1204 1251 1376 1320 dedit,
1443 1255 1500 1306 et
1540 1251 1835 1308 Mauricius
1871 1269 1976 1324 pro
2027 1269 2095 1307 eo

461 1347 860 1403 Romanorum
889 1345 1210 1418 imperator
1231 1345 1496 1399 efﬁcitur.

533 1442 926 1496 Romanorum
950 1441 1038 1494 XV
1069 1439 1216 1509 [Leg.
1245 1439 1374 1509 LV].
1415 1439 1718 1495 MAURICIUS
1757 1442 1963 1510 regnat
2002 1455 2098 1494 an-

465 1550 570 1588 nos
591 1551 680 1588 xx.
708 1531 1069 1603 Leovigildus
1098 1549 1197 1586 rex
1219 1531 1531 1587 exercitum
1557 1532 1632 1587 ad
1653 1531 2098 1604 expugnandum

367 1644 382 1653 '
461 1630 778 1698 tyrannum
805 1625 990 1680 ﬁlium
1022 1625 1257 1695 colligit.

2194 510 2482 578 tondetur,
2513 514 2571 564 et
2599 511 2816 565 honore
2837 511 3180 582 presbyterii
3203 515 3333 582 post
3363 527 3587 582 regnum
3610 515 3752 572 hono-

2193 606 2370 657 ratur.
2403 605 2528 657 Non
2553 603 2792 658 dubium
2815 603 2969 674 quod
2997 604 3056 658 in
3091 605 3348 659 Eiborico
3367 605 3518 676 'regis
3535 606 3636 662 ﬁlio
3650 625 3756 680 rege

2194 711 2296 750 suo
2323 697 2541 750 fecerat
2560 696 2794 767 patitur,
2828 700 2884 750 et
2911 696 3108 751 exsilio
3147 697 3373 752 Pacensi
3417 697 3544 752 urbe
3570 701 3753 774 relega-

2193 791 2308 842 tur.
2343 788 2637 842 Malaricus
2686 789 2742 843 in
2785 789 3048 844 Gallaecia
3091 791 3450 860 tyrannidem
3489 809 3750 868 assumens,

2196 881 2356 952 quasi
2382 897 2624 952 regnare
2653 883 2774 935 vult
2801 899 2814 936 :
2844 883 2942 952 qui
2969 883 3159 937 statim
3184 900 3217 938 ει
3243 879 3751 960 (ἰιιοίὶιιιείρονὶεἱιῶ

2196 987 2499 1042 oppressus
2553 971 3081 1042 comprehenditur,
3129 975 3187 1026 et
3240 973 3553 1043 Leovigildo
3582 978 3755 1036 vinctus

2193 1065 2591 1136 praesentatur.
2619 1064 2882 1119 Leander
2927 1065 3273 1136 Hispalensis
3306 1067 3558 1122 Ecclesiae
3591 1071 3758 1141 episco-

2193 1175 2300 1229 pus
2325 1158 2513 1212 clarus
2540 1157 2808 1213 habetur.

2267 1253 2430 1305 Anno
2470 1267 2525 1306 IV
2552 1249 2801 1305 Mauricii
2829 1249 3214 1322 imperatoris,
3248 1250 3347 1321 qui
3384 1255 3468 1306 est
3502 1252 3758 1326 Leovigildi

2195 1343 2348 1415 regis
2371 1360 2503 1398 xvur
2525 1359 2729 1410 annus,
2755 1344 3016 1399 Anthane
3035 1343 3540 1414 Langobardorum
3555 1364 3638 1402 rex
3659 1365 3761 1405 cum

2195 1436 2471 1492 Romanis
2506 1436 2909 1508 congressione
2941 1437 3088 1491 facta
3119 1440 3371 1508 superat,
3405 1441 3462 1492 et
3487 1455 3617 1494 caesa
3640 1443 3758 1496 mul-

2195 1528 2442 1584 titudine
2467 1529 2715 1584 militum
2741 1530 3138 1584 Romanorum
3171 1528 3340 1584 Italiae
3379 1529 3519 1584 ﬁnes
3551 1538 3758 1605 occupat.

2269 1623 2382 1677 Hoc
2410 1639 2562 1677 anno
2589 1621 2950 1693 Leovigildus
2963 1638 3062 1678 rex
3075 1622 3232 1676 diem
3256 1622 3452 1676 clausit
3477 1628 3762 1694 extremum,

534 1723 698 1774 Anno
735 1735 872 1789 ergo
907 1717 1094 1790 primo
1146 1717 1401 1772 Mauricii
1437 1717 1820 1790 imperatoris,
1871 1717 1970 1788 qui
2014 1720 2101 1772 est
2199 1721 2258 1770 et
2295 1715 2444 1769 ﬁlius
2490 1716 2614 1786 ejus
2665 1715 2986 1771 Recaredus
3025 1731 3157 1770 cum
3200 1716 3602 1787 tranquillitate
3636 1719 3766 1790 regni

464 1811 778 1883 Leovigildi
805 1811 959 1882 regis
978 1827 1049 1866 xv
1065 1826 1268 1877 annus,
1298 1810 1661 1882 Leovigildus
1682 1827 1779 1866 rex
1809 1809 2098 1865 civitatem
2117 1793 2174 1866 Β
2199 1807 2322 1878 cjus
2348 1808 2524 1862 sumit
2549 1812 2794 1879 sceptra.

465 1906 860 1977 Hispalensem
885 1907 1238 1976 congregato
1270 1905 1521 1959 exercitu
1555 1905 1796 1970 obsidet,
1835 1907 1892 1958 et
1917 1904 2097 1958 rebel-

463 1999 580 2052 lem
610 1997 792 2052 ﬁlium
831 1996 989 2068 gravi
1020 1995 1317 2051 obsidione
1347 1996 1639 2052 concludit
1666 2013 1680 2051 :
1708 1997 1768 2050 in
1808 1997 1969 2068 cujus
2003 2013 2092 2052 so-

463 2091 606 2146 latio
631 2091 769 2147 Miro
788 2091 1106 2146 Suevorum
1126 2106 1224 2143 rex
1250 2089 1324 2143 ad
1351 2089 1800 2161 expugnandam
1822 2089 2094 2161 Hispalim

465 2183 714 2252 devenit,
750 2184 944 2255 ibique
972 2183 1125 2238 diem
1153 2183 1354 2238 clausit
1387 2185 1742 2250 extremum;
1774 2183 1864 2237 cui
1891 2183 2092 2238 Eburi-

462 2277 580 2332 cius
609 2276 757 2332 ﬁlius
781 2277 841 2331 in
860 2275 1151 2348 provincia
1169 2275 1442 2331 Gallazciaa
1467 2275 1530 2329 in
1555 2291 1802 2346 regnum
1823 2275 2092 2330 succedit.

465 2372 694 2426 Interea
745 2369 1108 2441 Leovigildus
1145 2385 1241 2422 rex
1292 2385 1463 2440 supra
1513 2369 1726 2424 dictam
1783 2369 2092 2435 civitatem,

464 2479 618 2518 nunc
653 2464 828 2528 fame,
882 2479 1032 2516 nunc
1086 2462 1262 2529 ferro,
1321 2478 1474 2516 nunc
1516 2461 1682 2516 Baetis
1730 2461 2096 2516 conclusione

466 2555 705 2610 omnino
736 2555 1058 2610 conturbat.

533 2653 700 2704 Anno
728 2665 766 2704 ιι
791 2648 1040 2704 Mauricii
1069 2648 1453 2720 imperatoris,
1503 2648 1604 2719 qui
1654 2653 1741 2703 est
1781 2647 2095 2718 Leovigildi

463 2758 553 2798 xvr
597 2759 804 2811 annus,
833 2740 1194 2813 Leovigildus
1218 2757 1413 2796 muros
1445 2741 1648 2795 Italicas
1677 2740 1929 2811 antiquas
1961 2740 2092 2795 eivi-

463 2834 593 2889 tatis
627 2837 936 2902 restaurat,
975 2850 1104 2905 quae
1133 2851 1224 2888 res
1259 2833 1576 2888 maximum
1611 2832 2096 2904 impedimentum

465 2927 783 2999 Hispalensi
824 2927 1035 2998 populo
1081 2926 1352 2980 exhibuit.
1399 2926 1494 2980 His
1533 2925 1734 2981 diebus
1762 2925 1990 2980 Andeca
2034 2926 2094 2980 in

463 3021 725 3075 Callaecia
751 3021 1068 3076 Suevorum
1093 3036 1341 3090 regnum
1364 3036 1496 3074 cum
1510 3018 1817 3091 tyrannide
1832 3019 2092 3090 assumit,

463 3115 521 3168 et
547 3111 933 3183 Sifeguntiam
953 3113 1210 3166 relictam
1229 3111 1460 3168 Mironis
1489 3111 1639 3183 regis
1669 3111 1728 3165 in
1761 3111 2090 3182 conjugium

466 3205 716 3276 accepit:
763 3197 1069 3260 Eboricum
1105 3221 1284 3276 regno
1309 3205 1516 3277 privat,
1541 3210 1598 3259 et
1623 3204 1956 3259 monasterii
1975 3221 2096 3260 mo-

463 3298 713 3354 nachum
740 3298 894 3354 facit.
915 3297 1272 3369 Leovigildus
1297 3315 1394 3352 rex
1420 3297 1538 3352 ﬁlio
1565 3297 2002 3367 Hermenegildo
2020 3297 2093 3352 ad

464 3393 880 3464 rempublicam
902 3391 1346 3463 commigrante,
1377 3391 1648 3464 Hispalim
1671 3390 1985 3462 pugnando
2004 3391 2090 3446 in-

463 3484 752 3556 greditur:
784 3486 1038 3540 civitates
1065 3489 1121 3540 et
1151 3485 1383 3540 castella
1409 3501 1550 3556 quas
1595 3485 1744 3540 ﬁlius
1785 3500 2090 3556 occupave-

463 3583 572 3646 rat,
603 3579 771 3650 cepit,
803 3583 860 3634 et
885 3596 1002 3634 non
1027 3579 1208 3634 multo
1237 3582 1363 3650 post
1395 3581 1781 3634 memoratum
1807 3577 1989 3632 ﬁlium
2033 3577 2093 3632 in

461 3671 814 3728 Cordubensi
842 3672 980 3726 urbe
1005 3671 1465 3744 comprehendit,
1499 3677 1557 3728 et
1586 3688 1766 3742 regno
1807 3671 2090 3742 privatum

464 3764 525 3819 in
559 3765 821 3820 exsilium
855 3766 1168 3820 Valentiam
1209 3764 1404 3819 mittit.

533 3859 836 3912 Mauricius
877 3857 1195 3929 imperator
1234 3863 1434 3912 contra
1463 3857 1876 3928 Langobardos
1923 3858 2092 3912 Fran-

464 3967 560 4008 cos
583 3967 688 4023 per
722 3949 1118 4004 conductelam
1161 3953 1372 4020 movet,
1402 3966 1530 4022 quae
1561 3966 1652 4004 res
1675 3950 1904 4022 utrique
1931 3951 2091 4022 genti

465 4061 584 4101 non
610 4060 787 4116 parva
807 4042 1048 4098 contulit
1073 4043 1308 4098 damna.

532 4136 1047 4210 Eutropius'abbas
1080 4135 1411 4191 monasterii
1452 4135 1732 4190 Servitani
1783 4137 2091 4209 discipulus

462 4231 644 4287 sancti
664 4231 870 4287 Donati
897 4231 1080 4286 clarus
1100 4229 1366 4284 habetur.

528 4329 692 4381 Anno
737 4341 796 4380 ιιι
831 4323 1106 4392 Mauricii,
1148 4321 1246 4394 qui
1283 4325 1368 4376 est
1398 4319 1710 4393 Leovigildi
1747 4337 1858 4378 xvu
1885 4338 2086 4390 annus,

456 4417 756 4476 Mauricius
785 4433 888 4488 per
917 4416 1089 4472 duces
1117 4415 1334 4470 bellum
1362 4415 1554 4469 infert.
1593 4414 1954 4486 Leovigildus
1990 4432 2088 4470 rex

2113 3157 2168 3231 C

2262 1904 2428 1956 Anno
2458 1918 2492 1954 v
2519 1901 2765 1957 Mauricii
2792 1901 3161 1974 imperatoris
3178 1902 3578 1970 Romanorum,
3599 1903 3680 1975 qui
3699 1907 3766 1957 est

2195 1995 2467 2050 Recaredi
2518 1994 2672 2067 regis
2717 1995 2936 2067 primus
2990 1995 3234 2050 feliciter
3273 2011 3478 2063 annus,
3521 1996 3766 2051 Mauricius

2161 2106 2166 2111 ·
2194 2087 2575 2143 Theodosium
2597 2087 2778 2142 ﬁlium
2803 2104 2971 2143 suum
2993 2104 3062 2142 ex
3080 2088 3198 2142 ﬁlia
3221 2087 3434 2143 Tiberii
3458 2088 3766 2160 imperatoris

2197 2184 2395 2235 natum
2420 2181 2702 2236 Caesarem
2732 2181 2888 2236 facit.
2918 2181 3150 2251 Pelagio
3173 2181 3410 2253 juniore
3430 2187 3657 2248 mortuo,
3679 2181 3765 2236 Ro-

2194 2290 2383 2328 manas
2409 2274 2666 2329 Ecclesiae
2691 2273 2998 2346 Gregorius
3027 2274 3086 2328 in
3121 2274 3516 2347 episcopatum
3547 2273 3764 2329 succedit.

2193 2368 2404 2421 Prseest
2413 2366 2578 2422 annis
2603 2384 2693 2423 xv.
2718 2367 2962 2423 Romani
2988 2384 3092 2440 per
3104 2368 3457 2422 Francorum
3472 2367 3767 2438 adjutorium

2195 2459 2604 2531 Langobardos
2625 2465 2870 2529 vastant,
2897 2465 2954 2516 et
2981 2459 3287 2532 provinciae
3317 2461 3487 2515 Italiae
3511 2464 3704 2532 partem
3720 2459 3765 2512 in

2194 2569 2358 2608 suam
2373 2553 3017 2626 rediguntpotestatem.
3037 2553 3322 2609 Sishertus
3340 2553 3654 2608 interfector
3665 2553 3770 2606 Her-

2195 2645 2507 2717 menegildi
2547 2649 2730 2702 morte
2771 2647 3104 2718 turpissima
3145 2646 3470 2718 perimitur.
3496 2643 3768 2700 Recaredus

2194 2739 2381 2810 primo
2414 2739 2581 2810 regni
2609 2739 2695 2794 sui
2727 2756 2901 2808 anno,
2929 2756 3127 2795 mense
3158 2756 3212 2807 x,
3234 2739 3560 2806 catholicus,
3587 2738 3686 2793 Deo
3701 2738 3774 2808 ju-

2193 2837 2380 2899 vante,
2409 2831 2672 2904 efﬁcitur,
2707 2837 2766 2888 et
2789 2833 3113 2890 sacerdotes
3143 2837 3316 2888 sectas
3339 2833 3550 2888 Arianae
3572 2830 3770 2900 sapienti

2195 2925 2480 2996 colloquio
2511 2941 2812 2996 aggressus
2847 2925 3073 2981 ratione
3121 2925 3312 2997 potius
3363 2943 3532 2997 quam
3566 2920 3771 2994 imperio

2193 3019 2444 3073 converti
2472 3019 2546 3073 ad
2571 3019 2913 3074 catholicam
2941 3020 3114 3074 ﬁdem
3139 3019 3294 3087 facit,
3319 3022 3654 3089 gentemque
3678 3031 3773 3070 om-

2195 3112 2355 3166 nium
2385 3111 2700 3190 Gothorum
2724 3116 2780 3166 et
2798 3113 3114 3168 Suevorum
3139 3112 3211 3167 ad
3232 3110 3511 3168 unitatem
3537 3113 3590 3165 et
3611 3123 3770 3181 pacem

2193 3208 2424 3260 revocat
2447 3204 2780 3260 Christiana:
2809 3206 3092 3260 Ecclesiae.
3127 3206 3309 3261 Sectze
3340 3206 3578 3274 Arianae,
3625 3197 3771 3273 gratia

2193 3297 2406 3368 divina,
2432 3297 2492 3352 in
2519 3297 2792 3368 dogmate
2816 3299 3051 3354 veniunt
3079 3297 3422 3354 Christiano.

2262 3389 2586 3446 Desiderius
2632 3392 2981 3446 Francorum
3021 3408 3118 3446 rex
3145 3391 3258 3446 dux
3283 3391 3486 3446 Gothis
3511 3389 3634 3445 satis
3653 3386 3766 3442 infe-

2194 3488 2310 3538 stus
2337 3500 2372 3538 a
2397 3483 2634 3539 ducibus
2661 3484 2938 3539 Recaredi
2967 3484 3120 3556 regis
3158 3488 3494 3556 superatur;
3544 3486 3613 3549 et,
3655 3494 3770 3536 exesa

2194 3577 2538 3632 Francorum
2562 3577 2950 3644 multitudine,
2982 3577 3043 3632 in
3075 3594 3278 3648 campo
3311 3579 3573 3632 moritur.

2263 3671 2586 3726 Recaredus
2621 3687 2718 3726 rex
2744 3670 2932 3726 aliena
2974 3687 3006 3724 a
3045 3670 3558 3742 praedecessoribus
3592 3666 3772 3738 direpta
3859 3735 3868 3746 ο

2193 3767 2252 3818 et
2277 3765 2410 3818 ﬁsco
2435 3765 2648 3820 sociata
2675 3763 3034 3836 placabiliter
3064 3764 3332 3818 restituit.
3362 3761 3709 3819 Ecclesiarum
3728 3761 3772 3810 et

2193 3857 2672 3912 monasteriorum
2701 3856 2965 3913 conditor
2995 3861 3053 3912 et
3080 3857 3293 3912 ditator
3322 3857 3581 3913 efﬁcitur.

2260 3953 2426 4007 Anno
2450 3968 2505 4007 γι
2534 3951 2804 4019 Mauricii,
2837 3951 2938 4022 qui
2963 3953 3048 4005 est
3088 3951 3370 4006 Recaredi
3403 3967 3441 4007 ιι
3465 3965 3651 4014 annus,
3677 3943 3770 4016 qui-

2192 4043 2325 4098 dam
2362 4061 2430 4098 ex
2470 4043 2692 4099 Arianis
2741 4044 2938 4100 Sunna
2981 4043 3300 4116 episcopus,
3353 4047 3413 4099 et
3456 4044 3630 4114 Seggo
3669 4052 3772 4094 cum

2191 4137 2533 4209 quibusdam
2571 4136 2933 4208 tyrannidem
2974 4154 3264 4192 assumere
3297 4135 3605 4209 cupientes,
3639 4133 3769 4186 dete-

2191 4233 2426 4302 guntur.
2467 4231 2740 4298 Convicti,
2783 4230 2983 4286 Sunna
3012 4230 3206 4285 exsilio
3233 4230 3508 4296 truditur,
3538 4231 3592 4283 et
3617 4226 3768 4295 Seggo

2189 4323 2456 4378 manibus
2515 4323 2824 4396 amputatis
2872 4324 3192 4379 Gallaaciam
3238 4323 3501 4378 exsulans
3549 4319 3770 4375 mittitur.

2186 4417 2487 4472 Mauricius
2511 4416 2888 4472 Theodosium
2921 4416 3100 4472 ﬁlium
3126 4433 3301 4488 quem
3331 4432 3506 4488 supra
3533 4415 3769 4470 Cesarem

458 4511 749 4568 Gallaecias
775 4513 976 4565 vastat.
1001 4509 1356 4565 Andecanim
1383 4524 1583 4579 regem
1605 4509 2088 4579 comprehensum
2106 4519 2166 4591 D
2188 4509 2450 4578 diximus,
2479 4511 2873 4566 Romanorum
2906 4509 3320 4582 imperatorem
3353 4509 3510 4564 facit.

459 4621 640 4676 regno
673 4602 874 4676 privat.
909 4603 1224 4658 Suevorum
1252 4605 1510 4674 gentem,
1546 4602 1875 4657 thesaurum
1905 4605 1964 4656 et
1991 4618 2084 4674 po

459 4697 627 4751 triam
655 4713 818 4752 suam
845 4696 904 4750 in
919 4699 1265 4767 potestatem
1293 4695 1522 4766 redigit,
1551 4698 1607 4748 et
1629 4697 1942 4750 Gothorum
1965 4711 2090 4766 pro-

460 4787 704 4845 vinciam
734 4789 888 4845 facit.
920 4787 1399 4860 Hermenegildus
1423 4787 1482 4842 in
1510 4787 1648 4844 urbe
1674 4789 2088 4845 Tarraconensi

461 4901 493 4938 a
527 4882 781 4938 Sisherto
812 4879 1173 4936 interﬁcitur.

529 4975 732 5033 Franci
761 4975 1000 5031 Galliam
1025 4973 1456 5029 Narbonensem
1485 4987 1762 5044 occupare
1795 4972 2088 5046 cupientes

456 5090 587 5131 cum
612 5068 861 5127 exercitu
902 5067 1148 5140 ingressi
1179 5083 1192 5122 :
1226 5067 1287 5121 in
1337 5082 1582 5138 quorum
1622 5069 2087 5137 congressionem

458 5165 814 5237 Leovigildus
843 5162 1204 5217 Recaredum
1245 5161 1428 5214 ﬁlium
1472 5158 1696 5214 obviam
1741 5160 1994 5229 mittens,
2032 5165 2090 5217 et

461 5261 812 5317 Francorum
839 5259 925 5311 est
951 5254 1021 5310 ab
1053 5271 1120 5310 eo
1151 5253 1429 5310 exercitus
1458 5253 1738 5324 repulsus,
1767 5257 1824 5308 et
1851 5255 2084 5325 provin-

455 5355 544 5418 cia
569 5349 848 5408 Gallzeciaa
879 5347 1112 5420 [Galliae]
1141 5347 1213 5402 ab
1230 5363 1431 5402 eorum
1459 5345 1826 5402 infestatione
1847 5353 1933 5402 est
1951 5347 2090 5402 lib-e-

456 5457 600 5510 rata,
638 5445 840 5507 Castra
859 5457 992 5496 vero
1025 5441 1138 5495 duo
1160 5457 1286 5496 cum
1311 5441 1487 5495 nimia
1510 5439 1815 5496 hominum
1838 5441 2090 5495 multitu-

456 5548 613 5614 dine,
647 5551 830 5598 unum
855 5550 1016 5610 pace,
1051 5534 1294 5588 alterum
1325 5533 1479 5587 bello
1521 5537 1779 5604 occupat.
1827 5534 2086 5588 Castrum

455 5657 591 5696 vero
623 5635 780 5710 quod
819 5628 1108 5688 Hodierno
1142 5627 1392 5694 vocatur,
1445 5625 1796 5680 tutissimum
1839 5626 1998 5682 valde
2027 5625 2088 5682 in

457 5712 585 5804 ripa
611 5725 875 5786 Rhodani
899 5721 1155 5780 ﬂuminis
1175 5717 1442 5790 ponitur;
1462 5717 1613 5788 quod
1639 5718 1963 5774 Recaderus
1989 5736 2087 5776 rex

459 5822 776 5888 fortissima
793 5833 991 5894 pugna
1007 5827 1314 5887 aggressus
1327 5809 1594 5880 obtinuit,
1619 5812 1678 5866 et
1700 5811 1880 5869 victor
1895 5813 1969 5870 ad
1983 5831 2082 5888 pa-

2260 4607 2423 4658 Anno
2451 4619 2527 4659 v11
2559 4603 2830 4671 Mauricii,
2864 4603 2963 4674 qui
2994 4605 3079 4658 est
3107 4602 3386 4658 Recaredi
3417 4601 3566 4673 regis
3608 4613 3660 4654 Ill
3697 4609 3770 4648 an-

2191 4714 2316 4767 nus,
2347 4697 2530 4752 Uldila
2548 4697 2841 4768 episcopus
2854 4713 2986 4752 cum
3000 4696 3314 4752 Gosuintha
3325 4695 3531 4768 regina
3545 4690 3766 4748 insidian-

2187 4793 2274 4844 tes
2290 4791 2584 4846 Recaredo
2603 4790 3042 4844 manifestantur
3069 4807 3082 4856 ;
3111 4793 3168 4844 et
3190 4789 3320 4844 ﬁdei
3347 4787 3631 4844 catholicas
3644 4796 3764 4838 com-

2187 4882 2524 4938 munionem
2544 4900 2718 4955 quam
2737 4883 2841 4938 sub
2868 4883 3050 4955 specie
3060 4882 3384 4940 Christiana
3411 4881 3568 4953 quasi
3581 4891 3768 4934 sumen-

2189 4979 2273 5031 tes
2297 4976 2621 5048 projiciunt,
2643 4977 3028 5048 publicentur.
3063 4975 3228 5040 Quod
3247 4975 3470 5030 malum
3486 4974 3541 5028 in
3561 4966 3766 5042 cognitio

2189 5086 2325 5124 nem
2337 5071 2640 5126 hominum
2661 5069 2988 5138 deductum,
3029 5069 3209 5124 Uldila
3235 5068 3437 5124 exsilio
3463 5065 3765 5123 condemna-

2186 5165 2316 5232 tur;
2350 5163 2663 5219 Gosuintha
2698 5179 2833 5218 vero
2868 5162 3160 5218 catholicis
3191 5177 3422 5234 semper
3455 5160 3646 5216 infesta
3668 5153 3766 5206 vita

2187 5259 2323 5312 tunc
2348 5255 2658 5312 terminum
2688 5255 2863 5311 dedit.
2902 5257 3244 5312 Francorum
3270 5255 3590 5310 exercitusa
3608 5251 3769 5305 Gonte-

2185 5367 2326 5406 rano
2355 5366 2492 5422 rege
2514 5349 2902 5419 transmissus,
2921 5351 3139 5406 Bosone
3155 5349 3319 5416 duce,
3333 5349 3396 5402 in
3419 5346 3642 5402 Galliam
3657 5341 3764 5396 Nar-

2186 5442 2506 5498 bonensem
2535 5443 2866 5512 obveniunt,
2917 5446 2974 5497 et
2999 5443 3161 5513 juxta
3187 5443 3681 5498 Carcassonensem
3702 5445 3767 5485 ιιι·-

2185 5535 2318 5590 bem
2345 5540 2532 5592 castra
2551 5537 2756 5592 metati
2785 5540 2934 5592 sunt.
2960 5537 3063 5593 Cui
3084 5534 3355 5592 Claudius
3381 5529 3664 5588 Lusitania:
3680 5525 3766 5578 dux

2187 5646 2222 5683 a
2266 5630 2551 5685 Recaredo
2589 5647 2723 5702 rege
2761 5631 3012 5686 directus
3055 5628 3277 5684 obviam
3319 5628 3466 5682 inibi
3517 5619 3766 5680 occurrit:

2186 5738 2316 5776 cum
2345 5739 2460 5793 quo
2491 5722 2893 5795 congressione
2920 5725 3092 5790 facta,
3125 5721 3324 5778 Franci
3357 5721 3416 5775 in
3460 5719 3645 5790 fugam
3666 5725 3767 5764 ver-

2185 5818 2402 5884 tuntur,
2437 5819 2496 5872 et
2528 5817 2754 5890 direpta
2785 5818 2967 5874 castra
2992 5817 3363 5886 Francorum,
3393 5819 3453 5871 et
3478 5809 3723 5870 exercitus
3741 5817 3768 5858 ι
