4054 6186
227 281 328 332 869

1007 275 1300 331 SANCTUS
1338 261 1650 331 LEANDER
1692 277 1945 330 HISPAL.
1987 276 2367 332 EPISCOPUS.
2397 275 2768 332 —NOTITIA.

3477 290 3580 341 870

221 383 418 438 Gothis
440 381 694 438 caeditur.
725 385 784 437 ln
811 382 920 437 hoc
941 397 1078 454 ergo
1105 383 1414 437 certamine
1434 383 1616 454 gratia
1635 383 1842 451 divina,
1871 398 1928 471 Α
1950 399 2046 454 ges
2075 383 2152 438 ita
2180 382 2450 438 radicitus
2477 387 2768 456 amputata
2813 389 2897 440 est
2920 426 2934 453 ,
2984 384 3275 443 insistente
3321 388 3577 462 principe

221 481 278 530 et
317 477 454 530 fides
483 475 756 530 catholica
781 493 952 547 quam
978 476 1294 530 Recaredus
1331 493 1431 530 rex
1462 475 1522 530 in
1553 476 1748 531 Gothis
1777 477 1846 530 ﬁ-

220 569 426 623 deliter
449 569 684 640 adeptus
711 575 811 637 est,
841 585 959 623 esse
990 568 1240 636 noscitur
1265 572 1497 639 operata
1531 588 1544 624 :
1577 569 1848 640 quoniam

218 677 336 715 non
368 667 452 716 est
482 662 705 716 difficile
750 663 860 715 Deo
890 667 1100 729 nostro,
1132 661 1180 714 si
1210 661 1269 714 in
1299 662 1494 732 paucis
1525 662 1602 732 [Si
1632 663 1844 732 paucis]

217 771 334 808 una
382 755 442 809 in
494 755 691 809 multis
736 752 876 821 (Una
923 755 1137 824 multis]
1189 755 1356 808 detur
1392 755 1642 810 victoria.
1701 755 1843 810 Nam

215 847 484 902 Claudius
512 847 627 901 dux
657 863 786 901 cum
815 864 904 902 ccc
930 847 1062 900 viris
1098 864 1164 903 Lx
1190 848 1366 902 millia
1395 848 1572 903 ferme
1602 849 1842 902 Franco-

214 956 352 994 rum
377 939 628 995 noscitur
657 939 960 1011 infugasse,
981 943 1037 994 et
1060 940 1368 994 maximam
1389 957 1588 996 eorum
1622 945 1844 1012 partem

213 1033 408 1104 gladio
433 1033 755 1088 trucidasse.
788 1034 908 1088 Non
928 1033 1212 1088 immerito
1241 1035 1384 1089 Deus
1410 1035 1672 1089 laudatur
1697 1037 1840 1089 tem-

211 1125 450 1204 poribus
473 1125 678 1180 nostris
704 1127 765 1180 in
789 1127 895 1180 hoc
932 1127 1126 1197 praalio
1159 1143 1279 1182 esse
1309 1131 1573 1198 operatus
1591 1169 1606 1194 ,
1640 1127 1738 1199 qui
1765 1129 1840 1180 si-

213 1220 430 1274 militer
449 1223 580 1274 ante
611 1220 792 1274 multa
818 1222 1140 1291 temporum
1168 1219 1346 1292 spatia
1366 1237 1469 1292 per
1485 1237 1720 1274 manum
1745 1221 1844 1276 du-

211 1314 298 1368 cis
324 1313 602 1368 Gedeonis
631 1313 804 1368 mccc‘
834 1312 968 1368 viris
994 1313 1174 1368 multa
1203 1313 1382 1368 millia
1411 1313 1844 1370 Madianitarum

211 1407 316 1462 Dei
346 1408 556 1479 p0pulo
579 1406 970 1461 infestantium
998 1405 1246 1462 noscitur
1273 1407 1624 1464 exstinxisse.

285 1502 452 1554 Anno
482 1516 578 1555 vni
609 1499 860 1554 Mauricii
891 1499 1279 1571 imperatoris,
1311 1501 1412 1572 qui
1455 1505 1540 1555 est
1569 1502 1841 1557 Recaredi

211 1610 270 1648 ιν
294 1610 499 1663 annus,
528 1596 717 1648 sancta
746 1593 991 1664 synodus
1015 1593 1408 1664 episcoporum
1445 1593 1613 1648 totius
1641 1577 1837 1666 Hispa-

1947 480 2261 531 memorato
2303 477 2587 532 Recaredo
2627 493 2781 549 rege,
2814 481 2880 532 ut
2904 478 3142 534 ulterius
3166 497 3284 536 non
3314 483 3575 553 pullulet,

1947 570 2219 624 catholica
2266 569 2478 642 ubique
2518 587 2654 642 pace
2687 571 2816 625 data
2843 572 3118 627 Ecclesiis.
3151 575 3278 629 Haec
3309 591 3446 648 ergo
3471 595 3574 634 ne-

1945 662 2112 716 fanda
2159 662 2412 732 haeresis,
2461 663 2750 718 secundun
2798 665 2948 736 quod
3012 667 3288 738 scriptum
3338 673 3450 739 est,
3502 675 3576 727 De

1945 755 2098 810 domo
2128 759 2344 812 Domini
2369 759 2510 811 extet
2537 758 2761 812 tentatio
2786 758 2856 811 ab
2880 759 3386 830 Alemandria,etc.,
3417 764 3572 820 dete—

1947 853 2112 920 gente
2143 854 2333 904 sancto
2370 849 2686 904 Alexandro
2707 851 2961 920 ejusdem
2985 853 3140 908 urbis
3159 855 3440 926 episcopo,
3470 874 3576 929 per

1943 942 2139 996 Arium
2167 943 2564 1014 presbyterum
2593 943 2825 998 inolevit
2853 960 2867 998 :
2892 946 2988 1016 qui
3019 946 3078 1000 in
3111 947 3334 1002 Nicaena
3359 951 3572 1020 synodo

1945 1051 2133 1091 cccxxx
2175 1035 2565 1107 episcoporum
2586 1037 2802 1108 judicio
2822 1079 2835 1106 ,
2862 1039 3137 1110 vigesimo
3167 1040 3395 1112 imperii
3425 1044 3570 1099 Con-

1943 1129 2174 1184 stantini
2240 1129 2477 1184 senioris
2549 1147 2698 1185 anno
2754 1133 3094 1202 synodaliter
3145 1134 3570 1192 damnationem

1943 1238 2075 1276 cum
2101 1221 2334 1294 proprio
2363 1240 2554 1278 errore
2581 1225 2844 1296 suscepit.
2866 1226 3002 1290 Quae
3031 1231 3157 1296 post
3185 1227 3305 1282 haec
3331 1246 3446 1285 non
3477 1248 3568 1286 so-

1942 1315 2062 1370 lum
2094 1316 2337 1371 Orientis
2381 1320 2440 1370 et
2485 1317 2797 1372 Occidentis
2826 1323 3047 1390 partem
3086 1322 3414 1392 maculavit,
3473 1325 3570 1379 sed

1941 1413 1997 1463 et
2019 1409 2382 1464 Meridianam
2411 1415 2466 1464 et
2495 1409 2928 1480 Septemtrionis
2953 1411 3203 1483 plagam,
3235 1420 3292 1468 et
3315 1415 3462 1487 ipsas
3487 1417 3569 1472 in-

1940 1502 2087 1556 sulas
2130 1518 2230 1556 sua
2260 1502 2496 1574 perfidia
2521 1502 2780 1558 irrctivit.
2825 1507 2871 1556 A
2922 1505 3194 1574 vigesimo
3243 1523 3380 1578 ergo
3421 1509 3566 1565 Con-

1939 1594 2175 1649 stantini
2202 1595 2474 1668 principis
2503 1613 2672 1666 anno,
2703 1613 2816 1668 quo
2836 1601 3091 1669 tempore
3115 1599 3346 1654 hzeresis
3364 1601 3570 1658 Ariana

211 1687 349 1756 uiae,
383 1687 571 1742 Galliae
597 1691 652 1741 et
680 1686 952 1741 Callaeciae
980 1685 1039 1740 in
1069 1687 1208 1740 urbe
1237 1688 1525 1755 Toletana,
1552 1692 1838 1759 praacepto
1937 1687 2166 1742 initium
2191 1688 2453 1760 sumpsit,
2487 1705 2666 1760 usque
2697 1689 2755 1743 in
2792 1695 3051 1746 octavum
3075 1708 3289 1748 annum
3320 1695 3569 1750 Mauricii

207 1783 486 1857 principis
537 1783 807 1840 Recaredi
845 1789 1230 1856 congregatur
1279 1785 1671 1856 episcoporum
1725 1803 1835 1841 nu-
1857 1764 1914 1836 B
1937 1780 2206 1852 principis
2251 1782 2662 1853 Romanorum,
2709 1783 2808 1853 qui
2860 1789 2943 1838 est
2993 1785 3264 1840 Recaredi
3327 1794 3562 1858 quartus

206 1895 374 1933 mero
404 1893 532 1947 an,
555 1878 616 1932 in
637 1894 750 1950 qua
777 1877 990 1948 synodo
1023 1877 1290 1932 intererat
1313 1882 1663 1933 memoratus
1682 1879 1838 1933 Chri-

205 1970 587 2026 stianissimus
618 1971 950 2039 Recaredus,
992 1970 1251 2026 ordinem
1293 1971 1675 2026 conversionis
1721 1989 1837 2028 suae

205 2071 267 2121 et
299 2065 559 2120 omnium
589 2064 973 2134 sacerdotum,
1001 2064 1088 2119 vel
1127 2065 1309 2136 gentis
1339 2065 1588 2120 Gothicae
1617 2066 1833 2120 confes-

203 2159 428 2213 sionem
465 2161 618 2212 tomo
655 2158 920 2229 scriptam
963 2174 1138 2212 manu
1187 2173 1288 2211 sua
1337 2157 1613 2230 episcopis
1651 2159 1834 2230 porri-

205 2268 372 2324 gens,
403 2254 461 2306 et
488 2251 680 2315 omnia
699 2267 826 2322 quae
841 2251 910 2305 ad
929 2249 1338 2321 professionem
1353 2251 1487 2305 ﬁdei
1507 2251 1836 2307 orthodoxae

201 2345 515 2416 pertinent,
533 2344 931 2415 innotescens;
961 2344 1122 2415 cujus
1143 2343 1281 2399 tomi
1310 2344 1569 2399 ordinem
1590 2345 1837 2400 decrevit

202 2441 400 2492 sancta
432 2437 824 2508 episcoporum
844 2437 1090 2507 synodus
1110 2436 1390 2490 canonicis
1409 2437 1690 2509 applicare
1710 2455 1832 2492 mo-

201 2529 518 2584 numentis.
569 2529 804 2585 Summa
848 2533 1038 2584 tamen
1070 2529 1353 2601 synodalia
1403 2530 1616 2602 negotii
1663 2547 1835 2602 penes

201 2627 469 2678 sanctum
502 2623 819 2676 Leandrum
839 2622 1183 2694 Hispalensis
1204 2622 1462 2678 Ecclesiae
1482 2623 1830 2694 episcopum,

201 2718 266 2770 et
286 2715 680 2771 beatissimum
707 2714 1044 2793 Eutropium
1082 2715 1391 2770 monasteri
1423 2715 1696 2770 Servitani
1731 2717 1830 2771 ab-

1938 1873 2098 1945 regni
2131 1891 2343 1943 annus,
2375 1875 2510 1928 anni
2547 1878 2680 1930 sunt
2723 1891 2929 1945 ccum,
2961 1877 3169 1948 quibus
3199 1881 3443 1936 Ecclesia
3471 1899 3564 1937 ca-

1937 1967 2144 2022 tholica
2184 1967 2354 2038 hujus
2379 1967 2609 2023 haeresis
2634 1968 2996 2024 infestatione
3023 1971 3312 2027 laboravit.
3343 1975 3448 2030 Sed
3477 1976 3560 2030 fa-

1935 2065 2100 2116 vente
2130 2061 2238 2116 Deo
2268 2060 2418 2127 vicit,
2443 2061 2715 2133 quoniam
2753 2062 2988 2118 fundata
3018 2070 3098 2119 est
3121 2081 3291 2136 super
3316 2072 3558 2138 petram.

1935 2155 1998 2208 In
2029 2153 2119 2208 his
2161 2171 2299 2226 ergo
2351 2155 2704 2226 temporibus
2745 2156 2951 2226 quibus
2993 2157 3349 2230 omnipotens
3396 2161 3561 2233 Deus,

1934 2251 2214 2318 prostrato
2251 2253 2557 2303 veternosze
2611 2249 2840 2304 haeresis
2891 2267 3136 2318 veneno,
3191 2269 3388 2323 pacem
3443 2272 3562 2311 sua;

1937 2341 2181 2406 restituit
2225 2341 2506 2411 Ecclesiae,
2552 2341 2864 2414 imperator
2906 2345 3203 2399 Persarum
3230 2347 3433 2402 Christi
3464 2365 3556 2404 su-

1935 2433 2110 2505 scepit
2153 2433 2345 2503 ﬁdem,
2388 2439 2446 2489 et
2482 2451 2684 2506 pacem
2721 2453 2852 2490 cum
2903 2437 3168 2492 Mauricio
3220 2438 3560 2510 imperatore

1933 2527 2198 2582 firmavit.
2239 2527 2526 2583 Recaredo
2555 2545 2691 2600 ergo
2723 2530 3036 2584 orthodoxa
3076 2531 3266 2602 quieta
3300 2550 3434 2604 pace
3465 2551 3556 2590 re-

1935 2622 2162 2690 gnante,
2197 2621 2515 2676 domesticae
2543 2621 2765 2678 insidia)
2792 2624 3247 2694 praetenduntur.
3279 2627 3417 2682 Nam
3436 2629 3556 2699 qui-

1933 2712 2065 2766 dam
2091 2729 2160 2768 ex
2189 2714 2443 2768 cubiculo
2469 2715 2591 2785 ejus
2628 2715 2798 2770 etiam
2827 2717 3126 2787 provinciae
3159 2719 3294 2785 dux,
3326 2721 3555 2778 nomine

1930 2805 2318 2878 Argimundus
2347 2848 2360 2876 ,
2407 2807 2674 2862 adversus
2703 2809 3053 2865 Recaredum
3083 2827 3279 2882 regem
3300 2815 3557 2884 tyranni-

1931 2898 2060 2952 dem
2107 2915 2390 2954 assumere
2432 2901 2683 2970 cupiens,
2730 2901 2814 2956 ita
2856 2907 2940 2970 ut,
2985 2903 3033 2958 si
3074 2893 3296 2974 posset,
3327 2922 3458 2962 eum
3500 2914 3557 2964 et

199 2808 399 2863 batem
427 2807 552 2862 fuit.
587 2809 922 2864 Memoratus
953 2823 1084 2862 vero
1107 2807 1421 2862 Recaredus
1441 2823 1562 2876 rex,
1594 2813 1660 2862 ut
1683 2807 1828 2862 dixi-

200 2918 358 2970 mus,
392 2906 587 2956 sancto
619 2901 890 2956 intererat
919 2900 1154 2954 concilio
1179 2917 1453 2954 renovans
1482 2901 1833 2972 temporibus

201 2994 414 3049 nostris
433 2995 730 3064 antiquum
752 2993 1067 3064 principem
1095 2993 1522 3048 Constantinum
1555 3009 1828 3065 magnum
1930 3007 2106 3062 regno
2136 2993 2384 3063 privaret
2413 2997 2470 3048 et
2494 2993 2624 3048 vita.
2661 2993 2768 3049 Sed
2795 2994 3024 3050 nefandi
3053 2997 3174 3068 ejus
3205 2999 3420 3054 consilii
3451 3000 3551 3056 de-

196 3092 456 3142 sanctam
487 3087 763 3158 synodum
793 3086 1075 3140 Nicmnam
1105 3103 1204 3140 sua
1243 3087 1548 3141 illustrasse
1575 3103 1825 3158 praesen-
1851 3128 1902 3158 η
1928 3087 2073 3138 tecta
2109 3085 2544 3152 machinatione,
2591 3087 3052 3157 comprehensus,
3104 3095 3160 3144 et
3205 3091 3263 3145 in
3314 3091 3552 3148 vinculis

196 3128 456 3142 ωυυυμ...
487 3128 763 3158 quo“...
793 3128 1075 3140 “ww”...
1105 3128 1204 3140 μς...
1247 3128 1548 3141 ...μυυωυυυ
1575 3128 1796 3158 pum...
1933 3128 2073 3138 νννη-
2109 3128 2544 3152 “nummum”,
2593 3128 3052 3157 νει-..ιηνμυηωη
3104 3128 3160 3144 ιυ
3205 3128 3263 3145 ιμ
3323 3128 3552 3148 unum;

196 3181 322 3236 tia:
355 3197 456 3236 nec
489 3197 606 3234 non
637 3185 694 3235 et
711 3179 1052 3234 Marcianum
1079 3179 1619 3236 Christianissimum
1645 3181 1827 3252 impe-
1851 3128 1904 3202 Ο
1927 3177 2125 3232 ferreis
2155 3178 2430 3248 redactus,
2477 3179 2670 3233 habita
2719 3179 3083 3249 discussione,
3122 3184 3254 3238 socii
3305 3185 3427 3256 ejus
3451 3187 3554 3242 im-

196 3280 451 3330 ratorem
470 3315 485 3340 ,
518 3273 676 3344 cujus
703 3273 968 3327 instantia
997 3273 1465 3328 Chalcedonensis
1504 3273 1700 3344 synodi
1727 3273 1826 3328 de-
1927 3269 2080 3341 piam
2109 3271 2590 3327 machinationem
2616 3273 2856 3328 confessi
2875 3275 3155 3346 condigna
3182 3283 3312 3332 sunt
3337 3278 3551 3334 ultione

195 3373 357 3423 creta
383 3367 626 3422 formata
649 3369 800 3421 sunt.
831 3365 1123 3438 Siquidem
1144 3371 1200 3421 et
1224 3366 1285 3421 in
1314 3367 1521 3421 Nicena
1541 3367 1681 3422 urbe
1714 3367 1829 3420 hac-
1927 3361 2223 3418 interfecti.
2256 3364 2378 3436 Ipse
2403 3369 2594 3420 autem
2619 3365 3007 3436 Argimundus
3035 3367 3135 3438 qui
3168 3385 3412 3440 regnum
3455 3389 3545 3426 as-

194 3462 341 3516 resis
367 3460 576 3514 Ariana
597 3464 652 3514 et
665 3459 893 3514 initium
917 3459 1156 3530 sumpsit
1181 3463 1237 3514 et
1261 3459 1684 3514 damnationem
1703 3476 1824 3514 me-
1927 3471 2148 3510 sumere
2178 3455 2470 3526 cupiebat,
2500 3457 2752 3526 primum
2777 3459 3102 3514 verberibus
3129 3459 3509 3534 interrogatus
3529 3503 3544 3532 ,

193 3553 337 3622 ruit,
401 3553 681 3607 radicibus
741 3569 854 3606 non
910 3552 1235 3622 amputatis.
1294 3551 1643 3606 Chalcedone
1694 3567 1824 3607 vero
1923 3547 2126 3602 deinde
2155 3549 2398 3619 turpiter
2425 3549 2774 3620 decalvatus,
2807 3552 3082 3622 posthaec
3115 3553 3311 3609 dextra
3344 3571 3543 3627 ampu-

195 3646 485 3702 Nestorius
515 3651 572 3700 et
601 3645 908 3716 Eutychius
937 3661 1056 3699 una
1098 3660 1232 3699 cum
1273 3643 1539 3699 Dioscoro
1571 3645 1826 3716 ipsorum
1922 3644 2056 3710 tata,
2100 3641 2424 3712 exemplum
2457 3641 2722 3697 omnibus
2759 3643 2820 3698 in
2862 3645 3126 3699 Toletana
3167 3647 3328 3715 urbe,
3375 3649 3546 3704 Asino

193 3743 462 3812 patrono,
495 3743 551 3794 et
573 3737 880 3793 haeresibus
908 3737 1155 3809 propriis
1191 3737 1549 3792 condemnati
1577 3741 1726 3791 sunt.
1765 3739 1823 3791 In
1923 3733 2121 3788 sedens
2162 3733 2532 3806 pompizando
2575 3735 2762 3804 dedit,
2812 3741 2869 3792 et
2913 3738 3104 3792 docuit
3155 3739 3393 3796 famulos
3448 3743 3546 3798 do-

195 3833 308 3888 hac
339 3847 468 3887 vero
497 3836 690 3886 sancta
715 3829 979 3886 Toletana
1007 3830 1222 3902 synodo
1265 3829 1382 3884 Arii
1425 3829 1664 3901 perfidia
1699 3836 1824 3900 post

192 3925 403 3997 longas
425 3924 838 3979 Catholicorum
867 3940 1030 3978 neces
1059 3928 1226 3994 atque
1256 3922 1651 3978 innocentium
1675 3927 1818 3977 stra-

267 4055 296 4088 ι
326 4049 587 4105 Rescribe
631 4065 741 4105 ccc.
791 4048 912 4104 Vid.
967 4050 1095 4104 Iud.
1143 4066 1236 4118 vn,
1296 4055 1348 4103 7.
1399 4050 1604 4103 Locum
1650 4049 1820 4104 istum

193 4121 521 4194 praeteriere
547 4121 796 4192 Scaliger
825 4125 881 4175 et
917 4121 1188 4177 Canisius.

1923 3826 2087 3881 minii
2106 3827 2264 3882 bnon
2290 3844 2409 3883 esse
2439 3828 2726 3900 superbos.

2015 4048 2147 4129 b_lta
2183 4048 2446 4129 Scaliger.
2481 4049 2553 4129 At
2577 4049 2832 4129 Canisius
2861 4049 2919 4129 in
2951 4051 3084 4129 edit.
3132 4057 3392 4129 Basnag.,
3433 4061 3541 4117 Do-

1919 4121 2077 4175 mini.
2109 4120 2246 4184 Quae
2275 4121 2507 4192 quidem
2533 4121 2685 4177 haud
2712 4123 2902 4194 paucis
2926 4130 2981 4178 et
3006 4125 3221 4181 lacunis
3244 4120 3476 4184 laborat.

1591 4450 1800 4494 EODEM
1847 4445 2131 4494 TEMPOBE
2141 4474 2152 4493 ο

485 4582 1734 4790 SANCTUS
1856 4579 3236 4822 LEANDER,

995 4874 1877 4987 HISPALENSIS
1953 4872 2718 4986 EPISCOPUS.

183 5069 3546 5115 ω

1471 5227 2286 5350 NOTITIA.

1712 5385 1806 5438 (Ex
1841 5388 2012 5450 Cave.)

256 5604 528 5673 Leander,
565 5609 731 5678 gente
781 5605 1092 5678 Hispanus,
1125 5607 1293 5662 domo
1337 5605 1810 5677 Carthaginensis,

1915 5606 2105 5660 lsidori
2133 5603 2468 5676 Hispalensis
2491 5603 2665 5664 frater
2682 5616 2820 5668 natu
2839 5604 3042 5687 major,
3064 5623 3192 5688 post
3205 5621 3531 5680 diuturnam
3586 5614 3600 5629 ⁸

186 5699 472 5754 Severiani
499 5699 678 5771 (cujus
715 5715 964 5756 sororem
995 5701 1275 5757 Sanctiam
1303 5699 1364 5754 in
1390 5715 1628 5754 uxorem
1655 5699 1816 5755 duxit
1913 5697 2043 5753 vita
2097 5698 2421 5754 monasticae
2465 5700 2872 5772 professionem
2901 5708 3239 5778 Hispalensis
3275 5713 3533 5776 Ecclesia

184 5790 568 5848 Theodoricus
612 5792 1086 5866 Ostrogothorum
1109 5795 1229 5868 rex)
1259 5811 1323 5851 ac
1347 5795 1604 5866 Turturae
1642 5793 1812 5866 ﬁlius,
1913 5791 2364 5866 archiepiscopus
2394 5793 2576 5852 factus
2599 5803 2705 5856 est.
2751 5798 2965 5856 Claruit
2989 5813 3140 5856 anno
3167 5803 3290 5875 583,
3320 5821 3432 5878 quo
3459 5809 3534 5872 ab
