3996 6188
501 286 594 346 tm
1261 285 1351 345 DE
1387 290 1640 346 SANCTO
1678 289 1998 346 LEANDRO
2035 287 2352 344 EPISCOPO
2394 289 2648 346 HISPAL.
2688 277 3108 348 TESTIMONIA.
3708 304 3790 356 δη

503 399 926 471 Hermenigildo
951 398 1223 470 principe,
1247 415 1416 470 quem
1445 399 1516 453 ob
1535 399 1667 454 fidei
1693 399 1986 454 catholicae
2019 404 2130 454 stu-
2151 413 2208 485 Α
2228 398 2403 454 Toleti
2423 406 2550 472 post
2577 401 2796 456 finitam
2827 401 3108 472 synodum
3133 399 3348 470 habita,
3379 401 3578 457 Concil.
3600 408 3716 461 tom.
3741 410 3788 474 γ,

502 495 662 549 dium
683 497 899 548 armata
923 509 1092 546 manu
1119 495 1449 563 persecutus
1479 497 1563 546 est
1595 493 1951 564 Leuvigildus
1970 498 2130 564 pater
2229 509 2360 564 pag.
2400 496 2552 549 1018.
2588 493 2821 565 Scripsit
2849 499 3144 566 praeterea,
3177 493 3248 548 ab
3282 493 3482 548 Isidoro
3509 506 3784 566 memorata,

501 589 814 643 Gothorum
833 587 890 640 in
915 585 1308 656 Hispaniarex,
1327 586 1398 640 ad
1419 585 1705 641 Tiberium
1725 586 2129 657 imperatorem
2230 585 2327 640 sed
2343 586 2465 656 jam
2492 586 2804 658 deperdita,
2835 587 3109 642 Adversus
3151 587 3546 643 haereticorum
3577 591 3788 662 dogmata

501 679 1045 751 Constantinopolim
1065 679 1285 750 legatus
1304 683 1408 748 est,
1429 683 1495 734 ut
1519 679 1804 750 suppetias
1828 679 2126 748 obtineret;
2229 678 2400 732 libros
2431 695 2503 747 u;
2534 679 2812 734 Adversus
2840 679 3099 735 instituta
3124 680 3460 735 Arianorum
3485 685 3788 754 opusculum;

503 775 655 847 quod
683 773 912 846 quidem
949 771 1186 828 feliciter
1231 772 1434 842 effecit,
1467 754 1848 844 magnamque
1877 771 1956 826 ibi
2000 787 2130 826 cum
2231 771 2500 842 Epistolas
2529 773 2738 827 multas
2759 771 2832 827 ad
2859 773 3194 844 Gregorium
3217 790 3446 844 papam,
3477 774 3542 828 de
3563 775 3788 848 baptismo

503 867 768 938 Gregorio
810 866 1046 920 diacono
1088 865 1301 938 Pelagii
1335 881 1502 938 papae
1528 865 1886 938 apocrisiario
1929 865 2127 920 amici-
2227 880 2422 934 unam,
2446 865 2684 920 alteram
2708 865 2777 920 ad
2807 865 3042 920 fratrem
3064 865 3132 920 de
3145 871 3327 920 morte
3347 882 3460 920 non
3485 867 3720 936 timenda,
3734 873 3786 924 ad

505 960 642 1014 tiam
675 959 818 1014 iniit.
849 961 912 1013 In
939 959 1263 1031 Hispaniam
1292 974 1570 1026 reversus,
1597 974 1748 1013 anno
1781 957 1904 1025 584,
1934 958 2124 1013 aLeu-
2229 962 2456 1013 caeteros
2513 973 2740 1030 quoque
2800 959 3158 1031 coepiscOpos
3220 959 3492 1030 plurimas
3541 962 3787 1019 familiares

502 1052 712 1124 vigildo
731 1067 868 1124 rege
887 1051 1080 1106 exsilio
1099 1051 1369 1106 multatus
1383 1054 1471 1106 est
1490 1067 1503 1106 :
1525 1051 1623 1122 qui
1652 1055 1844 1106 tamen
1874 1065 2022 1105 anno
2039 1066 2127 1106 se-
2229 1051 2518 1123 Epistolas.
2555 1070 2582 1103 α
2618 1054 2676 1107 In
2713 1052 3104 1107 Ecclesiasticis
3150 1053 3396 1124 denique
3426 1054 3623 1122 ofﬁciis,
3649 1055 3788 1127 inquit

502 1146 699 1218 quenti
719 1147 838 1216 jam
864 1145 1036 1200 morti
1061 1144 1275 1200 vicinus
1299 1144 1430 1200 facti
1465 1144 1796 1216 paenitentia
1820 1144 2022 1199 ductus
2049 1148 2132 1198 est
2228 1145 2627 1216 Isidorus,non
2647 1161 2820 1216 parvo
2843 1145 3147 1200 elaboravit
3169 1145 3376 1201 studio.
3407 1167 3434 1196 η
3457 1149 3516 1202 Ιιι
3549 1152 3650 1202 toto
3674 1149 3789 1205 enim

505 1245 561 1297 et
588 1239 966 1296 Reccaredum
993 1239 1174 1293 filium
1219 1237 1460 1293 Leandri
1505 1255 1656 1292 curae
1693 1237 2126 1308 commendavit.
2229 1238 2496 1294 Psalterio
2539 1237 2750 1310 duplici
2797 1238 3044 1293 editione
3089 1239 3368 1294 orationes
3404 1240 3716 1312 conscripsit.
3749 1245 3788 1298 In

502 1333 756 1390 Leander
782 1335 1005 1388 tantum
1037 1332 1376 1403 discipulum
1409 1335 1610 1386 nactus
1643 1331 1836 1386 sedulo
1859 1329 2127 1398 excoluit,
2228 1331 2484 1386 sacriﬁcii
2511 1347 2738 1404 quoque
2764 1331 3028 1386 laudibus
3053 1335 3223 1403 atque
3247 1332 3480 1386 Psalmis
3507 1334 3666 1388 multa
3690 1334 3788 1390 dul-

504 1428 652 1484 etab
671 1427 878 1481 Ariana
895 1425 1098 1482 haeresi
1114 1425 1303 1496 primo
1320 1441 1474 1494 eum,
1503 1424 1705 1480 deinde
1726 1424 1878 1478 illius
1904 1439 2010 1496 ope
2029 1424 2132 1479 Go-
2227 1424 2418 1480 cisone
2460 1425 2794 1496 composuit.
2843 1426 2925 1479 Ex
2956 1425 3065 1480 hoc
3099 1426 3220 1480 loco
3266 1426 3524 1480 nonnulli
3564 1444 3660 1482 non
3683 1430 3792 1484 male

503 1523 736 1578 thorum
766 1523 1076 1591 magnetes,
1111 1536 1174 1574 ac
1200 1519 1431 1573 tandem
1459 1517 2126 1594 totam'fereliothorum
2233 1517 2584 1574 concludunt
2613 1519 2931 1574 Leandrum
2981 1522 3240 1574 nostrum
3281 1519 3456 1575 Missae
3503 1521 3795 1598 Liozarabicae

507 1619 734 1688 gentem
755 1613 825 1668 ad
855 1613 1187 1668 catholicam
1216 1611 1391 1666 fidem
1417 1611 1726 1680 convertit;
1761 1611 1902 1665 adeo
1929 1615 1992 1666 ut
2019 1611 2126 1665 Go-
2227 1618 2516 1667 auctorem
2541 1612 2734 1666 fuisse.
2763 1614 2826 1668 In
2841 1611 3154 1668 Gothorum
3181 1611 3336 1667 enim
3363 1629 3526 1668 usum
3543 1614 3793 1686 Liturgiam

489 1711 737 1765 .thorum
790 1706 1072 1778 apostolus
1115 1705 1223 1760 dici
1264 1704 1565 1774 meruerit;
1599 1703 1928 1775 habitaque,
1975 1720 2127 1759 anno
2227 1705 2607 1778 composuisse
2622 1705 2942 1760 Leandrum
2959 1705 3114 1762 credi
3131 1723 3234 1778 par
3258 1711 3360 1777 est,
3383 1723 3510 1777 qua
3530 1708 3584 1760 in
3606 1709 3793 1762 Ecclesia

507 1806 628 1872 589,
660 1801 873 1873 synodo
891 1800 1158 1855 Toletana
1177 1815 1256 1868 ιιι,
1277 1798 1438 1868 cujus
1464 1814 1676 1870 magna
1701 1814 1830 1869 pars
1848 1797 1975 1867 fuit,
2001 1813 2130 1852 con-
2148 1783 2205 1856 Β
2229 1797 2490 1870 deinceps
2521 1797 2816 1870 Hispanica
2833 1815 2936 1870 per
2963 1799 3130 1870 plura
3156 1799 3361 1854 saecula
3383 1804 3656 1871 usurpata,
3673 1801 3794 1855 ltlissa

504 1911 692 1952 versos
720 1913 753 1948 a
782 1910 839 1948 se
861 1892 1070 1948 Gothos
1089 1891 1147 1946 in
1176 1891 1435 1946 Ecclesiae
1466 1890 1654 1945 sinum
1669 1889 1918 1959 admisit,
1942 1891 2131 1944 ortho-
2227 1892 2578 1948 Mozarabum
2594 1908 2690 1947 seu
2715 1891 2904 1964 potius
2924 1891 3294 1947 Mixtarahum
3321 1892 3586 1965 appellari
3613 1893 3793 1948 demum

505 1991 822 2059 doxamque
863 1987 1036 2040 ﬁdem
1079 1986 1337 2040 omnium
1372 1983 1782 2056 subscriptione
1809 1983 2130 2038 conﬁrmari
2227 1985 2426 2056 coepit;
2473 1989 2775 2056 postquam
2801 1985 3109 2042 Christiani
3135 1985 3414 2040 Arabibus
3441 1985 3725 2058 Hispaniam
3745 1987 3796 2041 ab

505 2082 657 2137 fecit.
689 2079 838 2136 Obiit
877 2095 1026 2134 anno
1053 2082 1176 2133 595.
1211 2078 1306 2132 Vir
1331 2083 1475 2147 erat,
1517 2082 1658 2132 teste
1700 2077 1913 2132 Isidoro
1961 2078 2132 2132 fratre
2229 2077 2392 2133 initio
2423 2079 2617 2133 saeculi
2656 2095 2752 2134 VIII
2801 2078 3178 2134 incolentibus
3213 2079 3460 2134 immixti
3505 2080 3794 2135 Mozarabum

510 2179 662 2247 (Cap.
691 2174 804 2245 28),
837 2172 1020 2228 suavis
1049 2171 1586 2244 eloquio,.ingenius
1613 2170 2131 2241 praestantissimus,
2231 2187 2441 2226 nomen
2467 2172 2828 2243 accepissent.
2845 2171 3067 2227 Missam
3082 2172 3266 2240 istam,
3285 2189 3320 2227 a
3339 2173 3585 2228 Leandro
3601 2175 3798 2246 primum

506 2270 619 2326 vita
649 2285 764 2322 non
790 2266 978 2322 minus
1001 2282 1173 2338 quam
1203 2264 1456 2320 doctrina
1485 2263 1852 2318 clarissimus.
1902 2263 2136 2334 Scripsit
2233 2263 2642 2335 concinnatam,
2667 2265 2908 2320 Isidorus
2925 2265 3101 2320 frater
3131 2265 3310 2321 auxit.
3348 2267 3667 2322 Procedente
3688 2271 3797 2321 tem-

509 2363 579 2418 ad
605 2359 944 2416 Florentiam
975 2375 1226 2413 sororem
1257 2357 1534 2430 Regulam
1553 2357 1622 2411 de
1647 2356 2001 2411 institutione
2021 2357 2133 2410 vir-
2233 2375 2374 2430 pore
2398 2358 2684 2412 variorum
2713 2358 3108 2430 episcoporum
3147 2359 3527 2414 additionibus
3561 2365 3741 2414 mutata
3759 2361 3803 2413 in

513 2457 715 2527 ginum
742 2458 798 2508 et
834 2457 1160 2524 contemptu
1203 2451 1441 2519 mundi;
1478 2467 1651 2522 quam
1691 2449 1910 2522 primus
1963 2449 2138 2504 edidit
2236 2451 2492 2506 Ecclesiis
2546 2451 2882 2524 quibusdam
2935 2451 3170 2508 civitatis
3223 2453 3502 2508 Toletana
3551 2454 3802 2508 hodienum

513 2550 686 2603 Lucas
713 2546 1028 2602 Holstenius
1056 2545 1116 2598 in
1141 2545 1487 2600 Collectione
1539 2543 1884 2614 Regularum
1905 2585 1919 2613 ,
1963 2543 2134 2598 Paris.
2237 2549 2542 2615 usurpatur
2561 2544 2602 2598 ⁸.
2626 2546 2763 2599 Eam
2792 2561 2822 2599 e
2848 2545 3163 2601 Gothorum
3191 2546 3494 2601 ruderibus
3518 2547 3802 2612 suscitatam,

514 2643 672 2708 1663,
711 2643 859 2712 part.
901 2655 982 2706 ιιι,
1014 2656 1072 2710 p.
1106 2641 1194 2706 89,
1227 2638 1430 2693 exinde
1467 2639 1798 2692 translatam
1833 2637 1890 2690 in
1920 2635 2136 2690 Biblio-
2237 2629 2521 2708 novisque
2551 2637 2966 2693 characteribus
2994 2637 3251 2693 vestitam
3279 2637 3460 2694 edidit
3488 2639 3572 2694 Fr.
3600 2639 3804 2694 Ximenes

513 2737 663 2791 thec.
689 2737 839 2788 Patr.
883 2738 1020 2788 tom.
1063 2733 1171 2800 XII,
1201 2748 1332 2802 pag.
1377 2733 1500 2786 999.
1531 2733 1722 2785 Exstat
1749 2730 2004 2800 ejusdem
2031 2730 2135 2784 ho—
2239 2730 2534 2785 cardinalis
2555 2729 2733 2786 Toleti
2761 2732 2918 2786 1504.
2949 2731 3195 2786 Habetur
3238 2732 3440 2801 etiam,
3486 2733 3577 2788 sed
3611 2749 3709 2787 non
3739 2732 3803 2786 in-

513 2829 672 2885 milia
693 2829 748 2883 in
769 2827 996 2882 laudem
1014 2825 1270 2880 Ecclesia”:
1291 2824 1364 2879 ob
1383 2823 1807 2879 conversionem
1826 2823 2137 2878 Gothorum
2239 2827 2422 2895 tegra,
2453 2823 2513 2878 in
2539 2823 2882 2880 Bibliotheca
2905 2825 3078 2892 Patr.,
3107 2828 3244 2880 tom.
3270 2827 3468 2881 XXVII.

517 3043 555 3098 ἃ
586 2971 790 3096 ιῐῌιιιιο
853 2968 1114 3095 deligimus
1161 2969 1308 3024 inter
1351 2973 1722 3024 monumenta
1762 2965 2008 3038 liturgiae
2054 2967 2405 3022 Mozarabicae
2443 2983 2572 3039 quae
2631 2968 2897 3039 operibus
2948 2967 3145 3024 lsidori
3192 2968 3533 3040 Hispalensis
3582 2968 3808 3039 subjicere

557 3059 618 3096 es
644 3055 886 3095 luamus.
967 3055 1074 3095 nrr.

557 3055 886 3096 estmamus.
925 3055 1074 3095 EDIT-

525 3198 976 3211 —_

525 3215 974 3228 —-—.——.

1006 3359 1402 3446 SANCTI
1473 3361 1999 3466 LEANDRI,
2078 3361 2809 3448 HISPALENSIS
2875 3361 3394 3449 EPISCOPI

1813 3545 2583 3704 REGULA,

2141 3757 2257 3796 SIVB

881 3865 1110 3932 LIBER
1193 3866 1292 3930 DE
1378 3862 1929 3933 INSTITUTIONE
2009 3861 2402 3930 VIBGINUM
2491 3864 2589 3930 ET
2673 3864 3145 3931 CONTEMPTU
3223 3865 3510 3942 MUNDI,

1768 4008 1846 4046 AD
1881 4007 2293 4048 FLORENTINAM
2325 4007 2612 4048 SOROBEM.

1637 4109 1849 4174 (Codex
1883 4111 2201 4175 regularum
2234 4112 2402 4162 Lucas
2435 4111 2753 4172 Holstenii.)

846 4375 954 4426 DE
989 4373 1312 4426 SANGTO
1348 4373 1746 4427 LEANDBO
1781 4375 2159 4428 EJUSQUE
2191 4376 2537 4428 RBGULA
2565 4375 2974 4428 VETERUH
3005 4374 3547 4427 TESTIHONIA.

629 4610 1077 4700 Martyrologium
1088 4609 1268 4700 Itoni:
1287 4609 1376 4700 die
1498 4610 1682 4700 Febr.)
1709 4613 1837 4667 item
1865 4609 2034 4674 Beda,
2163 4625 2218 4700 ρ
2243 4613 2522 4668 monacho
2541 4611 2878 4684 Hispalensis
2893 4611 3152 4667 Ecclesia:
3173 4610 3480 4683 provinciae
3502 4608 3802 4664 Baeticrecon-

991 4681 1269 4735 Usuardus
1285 4721 1302 4744 ,
1339 4681 1460 4736 Ado
1485 4687 1535 4735 et
1561 4683 1679 4736 alii.

2243 4705 2472 4762 stitutus
2496 4706 2790 4778 episcopus
2817 4724 2830 4760 ε
2861 4705 2947 4760 vir
2984 4703 3168 4760 suavis
3194 4705 3438 4776 eloquio,
3473 4701 3686 4774 ingenio
3706 4712 3807 4768 pne-

593 4772 798 4870 Ilispali
827 4773 887 4870 in
915 4771 1399 4870 Hispania-natalis
1427 4773 1603 4870 sancti
1636 4775 2143 4870 Leandri-ejusdem
2241 4771 2618 4855 stantissinius
2641 4817 2657 4869 ;
2683 4771 2822 4854 ’γίιᾶ
2867 4815 3092 4870 quoque
3149 4771 3371 4854 {antu—In
3409 4771 3576 4869 atqu;
3609 4791 3805 4850 δορυ-ωε

520 4863 772 4963 cuit-“ti?
789 4861 1054 4934 episcopi’
1111 4862 1708 4963 θηλυδ-Ρτδδάίθδῐξοηθ
1765 4869 1821 4918 et
1841 4864 2144 4963 _industria
2241 4891 2612 4962 clarissimus,.
2633 4861 2699 4948 ut
2725 4861 2905 4947 etiam
2920 4861 3164 4963 ﬁdet‘jus
3182 4898 3350 4963 atque
3377 4861 3644 4946 industria
3659 4883 3804 4958 populi

525 4959 968 5059 Ψίδίεοίξιιίξῃξω
1023 4972 1182 5059 ξθηδζ
1223 4957 1555 5059 ἓᾳιίηνῗηίίῗ.
1584 4960 1897 5059 ῐῖίῗθθπθξίξ)
1945 4977 2141 5016 eorum
2243 4987 2426 5059 gentis
2457 4957 2768 5042 Gothorum
2809 4986 2879 5042 ab
2911 4957 3113 5042 Ariana
3137 4957 3353 5040 insania
3382 4985 3453 5040 ad
3485 4984 3640 5040 tidem
3663 4957 3804 5034 catho-

2239 5081 2404 5136 licam
2429 5084 2865 5136 reverterentur.
2911 5079 3012 5134 Hic
3039 5096 3285 5152 namque
3303 5079 3363 5134 in
3391 5078 3571 5134 exsilii
3591 5076 3666 5131 sui
3681 5087 3803 5146 pere-

2242 5174 2562 5248 grinatione
2615 5173 2930 5246 composuit
2977 5173 3118 5229 duos
3163 5173 3430 5229 adversus
3465 5169 3802 5228 hereticorum

934 5246 1294 5340 gmw”?
1320 5247 1470 5340 RW?
1501 5247 1589 5302 die
1613 5249 1681 5300 20
1717 5250 1890 5303 Ῑυηίίδ
2241 5245 2506 5340 dogmata
2532 5268 2721 5339 libros,
2743 5245 3061 5324 eruditione
3091 5272 3417 5323 sanctarum
3441 5266 3804 5337 Scripturarum

593 5337 802 5433 Ηὲειξωί
831 5337 891 5392 in
933 5337 1192 5433 Hispania
1235 5337 1512 5410 deposmo
1563 5345 1768 5396 sanet”
1808 5342 2144 5400 Ηθτθηῖίηθθ
2241 5337 2568 5433 ditissimos,
2616 5337 2722 5418 etc.
2768 5363 3051 5418 Prasterea
3092 5361 3266 5417 edidit
3293 5377 3476 5416 unum
3503 5359 3568 5414 ad
3596 5351 3807 5412 Florenti-

523 5431 774 5504 νὶνείηίεν
814 5431 1018 5485 sororis
1043 5437 1365 5488 sanetorum
1396 5434 1632 5490 Leandri
1675 5439 1729 5490 et
1768 5435 1963 5491 [Sidori
1993 5437 2136 5508 θΡίε·
2240 5473 2374 5512 nam
2430 5431 2682 5512 sororem
2731 5455 2800 5512 de
2849 5455 3202 5510 Institutione
3250 5454 3568 5526 virginum,
3620 5455 3670 5505 et
3697 5450 3804 5504 Con-

521 5541 813 5598 °°P°rum°
2241 5555 2459 5622 temptu
2507 5549 2706 5606 mundi
2757 5549 3036 5620 libellum,
3077 5548 3374 5603 titulorum
3414 5540 3806 5602 distinctionibus

680 5633 918 5688 Isidorus
947 5631 1158 5704 Hispal.
1191 5633 1258 5688 de
1283 5636 1478 5704 Script.
1501 5637 1699 5690 Eccles.
1731 5652 1852 5706 cap.
1881 5633 1970 5692 28.
2238 5647 2641 5714 praenotatum.
2689 5643 2903 5698 Floruit
2927 5642 3030 5697 sub
3059 5641 3389 5711 Reccarcdo,
3434 5640 3550 5694 viro
3589 5635 3806 5706 religioso

591 5725 840 5779 Leander
870 5725 1094 5796 genitus
1141 5728 1300 5796 patre
1343 5726 1639 5780 Severiano
1683 5729 2142 5801 Carthagiuensis
2238 5752 2301 5790 ac
2333 5737 2585 5808 principe
2616 5737 2878 5808 glorioso,
2909 5736 3070 5808 cujus
3097 5733 3266 5790 etiam
3302 5733 3641 5807 temporibus
3671 5726 3804 5784 mira-

521 5815 823 5890 provinciaa
857 5816 1163 5886 Iliapanim,
1213 5816 1553 5887 professione
1596 5823 1924 5892 monachus,
1975 5832 2031 5880 et
2074 5843 2138 5881 ex
2239 5828 2338 5883 bili
2364 5830 2519 5885 obitu
2545 5829 2776 5886 actualis
2802 5831 2928 5884 vitm
2963 5829 3265 5885 terminum
3296 5827 3508 5884 clausit.

522 5069 677 5124 rege,
709 5051 780 5106 ab
808 5050 1014 5105 Ariana
1040 5048 1330 5121 impietate
1357 5051 1429 5106 ad
1451 5051 1780 5108 catholicam
1807 5053 1977 5109 ﬁdem
2005 5071 2141 5110 con-

521 5157 680 5200 versa
708 5149 811 5199 est.
