4054 6186
195 330 292 382 873

212 430 219 436 ’
338 436 393 491 S.
426 433 712 502 Gregorius
740 433 814 487 Μ.
846 431 976 493 ΡΡ.,
1006 430 1153 484 Dial.
1183 430 1277 483 lib.
1308 445 1390 495 111,
1423 444 1543 500 cap.
1574 432 1663 484 3t.

258 545 409 601 Sicut
436 546 771 610 multorum,
805 542 903 613 qui
930 542 1001 596 ab
1040 540 1445 613 Hispaniarum
1472 540 1809 612 parentibus

1415 321 1648 377 SANCTI
1686 318 1977 377 LEANDR]
2018 320 2301 378 REGULA.
2458 334 2492 378 /

3435 328 3537 381 874

1837 433 2035 514 Atem
2061 445 2323 501 corpore,
2364 435 2707 500 praesentem
2741 429 2883 485 mihi
2925 434 2981 485 te
3019 447 3247 502 semper
3284 431 3535 502 intueor,

1911 524 2046 596 quia
2076 525 2262 579 vultus
2299 523 2382 577 tui
2416 523 2738 595 imaginem
2778 524 2930 578 intra
2973 524 3161 579 cordis
3187 525 3407 580 viscera
3433 526 3540 581 im-

188 638 441 705 veniunt,
478 638 760 692 relatione
803 634 1193 707 cognovimus,
1233 650 1419 705 nuper
1462 633 1810 706 Ermigildus
1910 634 2168 688 Pressam
2199 619 2386 688 Ροτίοο

189 748 303 800 rex,
332 730 593 802 Livigildi
619 729 772 800 regis
797 728 1245 800 Wisigothorum
1277 726 1445 794 ﬁlius,
1489 727 1561 782 ab
1602 727 1812 782 Ariana

188 825 389 879 haeresi
442 824 517 877 ad
560 823 735 877 ﬁdem
783 822 1123 876 catholicam
1170 821 1291 875 viro
1331 820 1809 875 reverendissimo

188 917 447 973 Leandre
479 916 829 987 Hispalitano
861 914 1384 986 episcopo,dudum
1413 914 1554 968 mihi
1585 914 1645 968 in
1674 913 1810 968 ami-

188 1012 331 1065 citiis
355 1009 715 1065 familiariter
746 1009 968 1079 juncto,
1010 1008 1320 1078 praedicata
1358 1023 1664 1062 conversus
1703 1013 1807 1062 est.

504 1130 668 1191 Idem,
696 1131 1024 1196 Prw/aliane
1054 1130 1112 1182 in
1142 1129 1342 1182 librum
1364 1128 1478 1183 Job.

258 1230 754 1286 Reverendissimo
777 1233 835 1285 et
860 1229 1216 1284 sanctissimo
1236 1229 1397 1283 fratri
1427 1246 1529 1283 suo
1552 1228 1811 1282 Leandro

189 1325 524 1396 coepiscopo
543 1323 850 1394 Gregorius
879 1324 1005 1379 S.S.
1024 1324 1087 1377 D.
1109 1322 1335 1377 Dudum
1364 1325 1442 1389 te,
1472 1322 1650 1376 frater
1674 1322 1809 1375 bea-

188 1418 425 1484 tissime,
470 1416 529 1472 in
571 1416 1208 1487 Constantinopolitana
1244 1416 1384 1469 urbe
1438 1431 1810 1486 cognoscens,

189 1528 319 1565 cum
350 1526 443 1564 me
468 1510 582 1564 illic
611 1510 762 1565 sedis
788 1510 1114 1580 apostolicae
1147 1525 1419 1579 responsa
1455 1508 1812 1579 constringe-

190 1609 337 1672 rent,
371 1607 430 1657 et
450 1607 502 1657 te
533 1604 664 1657 illuc
695 1603 952 1674 injuncta
981 1619 1086 1674 pro
1117 1602 1301 1656 causis
1326 1601 1813 1672 ﬁdeiWisigotho-

191 1714 316 1751 rum
347 1696 558 1767 legatio
580 1696 953 1767 perduxisset,
976 1712 1147 1751 omne
1165 1696 1224 1749 in
1253 1695 1362 1749 tuis
1392 1695 1643 1763 auribus,
1660 1695 1816 1766 quod

190 1790 334 1845 mihi
361 1790 434 1844 de
455 1808 548 1845 me
575 1790 927 1861 displicebat,
960 1788 1213 1860 exposui,
1244 1792 1353 1844 etc.
1400 1790 1554 1843 Tunc
1598 1788 1813 1843 eisdem

188 1884 480 1950 fratribus,
509 1883 683 1938 etiam
705 1886 948 1953 cogente
970 1886 1046 1951 te,
1070 1882 1300 1953 placuit,
1320 1882 1593 1953 sicutipse
1613 1881 1817 1936 memi-

190 1977 343 2044 nisti,
376 1982 437 2031 ut
462 1976 673 2031 librum
712 1977 863 2031 beati
890 1976 996 2031 Job
1033 1992 1317 2047 exponere
1352 1976 1684 2047 importuna
1720 1992 1814 2030 me

188 2070 468 2141 petitione
498 2071 929 2142 compellerent.

272 2193 443 2254 Idem,
472 2192 567 2246 lib.
593 2209 630 2259 1,
659 2193 814 2261 epist.
849 2193 939 2257 41,
970 2191 1042 2246 ad
1065 2192 1370 2246 Leandrum
1408 2193 1731 2261 episcopum.

257 2296 341 2349 Ea
370 2311 499 2365 quae
528 2295 588 2347 in
614 2294 768 2348 beati
791 2293 896 2349 Job
924 2293 1275 2364 expositione
1298 2293 1449 2348 dicta
1469 2294 1722 2361 fuerant,
1759 2296 1819 2347 et

186 2387 349 2443 vobis
370 2387 673 2459 dirigenda
694 2387 955 2453 scribitis,
989 2386 1097 2441 nisi
1125 2386 1423 2457 portitoris
1448 2387 1817 2457 praesentium

187 2498 283 2536 me
310 2481 601 2536 festinatio
633 2484 1082 2551 coangustasset,
1114 2485 1318 2535 cuncta
1346 2480 1505 2537 vobis
1532 2480 1818 2534 transmit-

188 2578 313 2629 tere
342 2575 464 2629 sine
497 2574 688 2645 aliqua
735 2574 1140 2629 imminutione
1181 2573 1518 2641 voluissem;
1567 2573 1816 2627 maxime

190 2668 330 2739 quia
355 2672 414 2722 et
457 2668 565 2722 hoc
605 2667 793 2739 ipsum
838 2684 980 2738 opus
1025 2667 1098 2721 ad
1147 2672 1393 2723 vestram
1435 2667 1817 2722 reverentiam

187 2761 421 2832 scripsi;
446 2766 506 2816 ut
531 2762 583 2815 ei
607 2777 781 2831 quem
808 2777 925 2831 prie
953 2761 1176 2815 caeteris
1201 2760 1398 2832 diligo,
1430 2760 1490 2814 in
1517 2777 1649 2814 meo
1669 2759 1820 2830 judi-

187 2871 286 2909 cer
308 2855 519 2926 ,labore
552 2855 880 2909 desudasse.
926 2856 1209 2909 Praeterea
1244 2853 1289 2908 si
1333 2853 1491 2909 vobis
1532 2853 1820 2924 indulgeri

185 2952 459 3020 tempora
506 2949 578 3002 ab
625 2947 1006 3003 ecclesiastica
1036 2947 1410 3019 occupatione
1445 2946 1818 3018 cognoscetis,

2184 711 2348 773 Idem,
2373 711 2465 764 lib.
2498 726 2570 778 1v,
2602 713 2759 781 epist.
2790 711 2877 776 46,
2906 711 2983 765 ad
3007 712 3266 767 eumdem.

1981 804 2209 868 Quanto
2238 803 2443 858 ardore
2463 803 2657 858 videre
2674 807 2728 858 te
2756 803 2966 872 sitiam,
2998 805 3134 875 quia
3162 806 3326 859 valde
3354 823 3447 860 me
3461 806 3542 861 di-

1908 897 2058 969 ligis,
2088 896 2149 951 in
2179 896 2263 950 tui
2287 896 2492 951 tabulis
2516 897 2704 951 cordis
2730 898 2905 968 leges.
2936 897 3050 952 Sed
3072 898 3205 969 quia
3231 899 3406 970 longo
3434 903 3545 955 ter-

1911 1006 2107 1045 rarum
2133 989 2316 1061 spatio
2355 990 2699 1061 disjunctum
2733 993 2790 1044 te
2829 990 3023 1045 videre
3055 1008 3301 1063 nequeo,
3332 1010 3533 1061 unum,

1913 1083 2069 1155 quod
2098 1082 2241 1137 mihi
2273 1082 2343 1136 de
2389 1086 2444 1137 te
2482 1083 2716 1137 dictavit
2759 1083 3006 1138 charitas
3043 1084 3174 1152 feci,
3220 1088 3282 1139 ut
3325 1085 3537 1142 librum
3632 1119 3654 1146 ο

1914 1176 2144 1247 Regule
2172 1175 2487 1247 pastoralis,
2507 1192 2682 1247 quem
2708 1177 2768 1230 in
2794 1176 3152 1248 episcopatus
3168 1178 3285 1232 mei
3305 1179 3538 1234 exordio

1914 1269 2129 1340 scripsi,
2169 1272 2227 1323 et
2265 1269 2438 1323 libros
2482 1285 2624 1339 quos
2673 1269 2731 1323 in
2773 1270 3190 1340 expositionem
3232 1272 3389 1326 beati
3434 1273 3537 1328 Job

1908 1361 2255 1434 jamdudum
2281 1377 2378 1415 me
2400 1362 2598 1416 fecisse
2621 1362 2955 1433 cognovisti,
2998 1352 3294 1420 Sanctitati
3332 1371 3535 1421 vestrae

1912 1455 2307 1511 transmittere
2338 1455 2548 1509 curavi.

2155 1550 2321 1612 Idem,
2349 1549 2444 1603 lib.
2478 1564 2571 1616 v11,
2604 1552 2761 1618 epist.
2787 1552 2908 1617 126,
2938 1550 3013 1604 ad
3041 1552 3300 1607 eumdem.

1985 1641 2311 1699 Sanctitatis
2338 1645 2450 1696 tua:
2476 1642 2697 1713 suscepi
2716 1643 3040 1713 epistolam,
3061 1644 3236 1699 solius
3250 1646 3542 1700 charitatis

1916 1737 2137 1790 calamo
2184 1734 2472 1805 scriptam.
2509 1736 2585 1789 Ex
2621 1735 2793 1789 corde
2839 1736 2995 1790 enim
3022 1737 3223 1808 lingua
3271 1738 3539 1805 tinxerat,

1835 1808 1891 1879 Β
1916 1828 2071 1900 quod
2101 1828 2162 1882 in
2186 1829 2399 1882 chartae
2429 1828 2641 1899 pagina
2668 1828 3031 1883 refundebat.
3066 1830 3205 1884 Boni
3236 1836 3430 1913 autem
3454 1850 3539 1886 sa-

1915 1922 2254 1993 pientesque
2288 1921 2391 1976 viri
2435 1937 2567 1975 cum
2604 1921 2896 1992 legeretur
2931 1921 3261 1992 adfuerunt,
3291 1941 3537 1996 quorum

1916 2015 2109 2070 statim
2140 2015 2354 2069 viscera
2380 2015 2437 2068 in
2466 2015 2907 2085 compunctione
2933 2023 3221 2072 commota
3250 2022 3401 2073 sunt.
3428 2021 3542 2076 Coe-

1917 2108 2000 2179 pit
2023 2107 2264 2179 quisque
2288 2107 2501 2162 amoris
2542 2124 2722 2162 manu
2762 2107 2822 2161 in
2853 2125 2955 2163 suo
2997 2111 3169 2164 corde
3212 2114 3269 2164 te
3312 2127 3535 2183 rapere,

1917 2201 2053 2273 quia
2095 2201 2155 2255 in
2201 2201 2297 2255 illa
2345 2201 2585 2272 epistola
2626 2205 2740 2255 tute
2781 2203 2992 2256 mentis
3033 2203 3397 2259 dulcedinem
3423 2221 3539 2260 non

1918 2297 2044 2349 erat
2069 2294 2289 2363 audire,
2323 2294 2423 2348 sed
2454 2311 2708 2348 cernere.
2752 2296 3230 2351 Accendebantur
3275 2301 3334 2352 et
3365 2299 3537 2353 mira-

1916 2387 2369 2458 bantursinguli,
2394 2391 2567 2459 atque
2596 2388 2713 2459 ipse
2734 2389 2883 2459 ignis
2916 2390 3275 2445 audientium
3306 2391 3546 2447 demon-

1918 2481 2155 2545 strabat,
2177 2481 2667 2551 quifueratardor
2681 2482 2941 2536 dicentis.
2965 2483 3081 2537 Nisi
3110 2484 3267 2538 enim
3296 2485 3454 2556 prius
3482 2486 3540 2541 in

1920 2592 1978 2628 se
1998 2575 2153 2629 faces
2174 2574 2407 2644 adeant,
2438 2575 2614 2629 alium
2642 2591 2759 2630 non
2788 2576 3158 2632 succendunt.
3191 2578 3271 2633 lbi
3300 2595 3439 2650 ergo
3461 2568 3540 2633 vi-

1921 2667 2108 2722 dimus
2134 2672 2350 2738 quanta
2369 2667 2648 2722 charitate
2675 2671 2772 2723 tua
2793 2686 2959 2723 mens
2987 2670 3207 2739 arserit,
3232 2688 3360 2742 quae
3383 2672 3462 2727 sic
3488 2679 3545 2727 et

1922 2761 2063 2816 alios
2090 2760 2368 2815 accendit.
2396 2760 2583 2815 Vitam
2613 2778 2746 2815 vero
2772 2766 3041 2830 vestram,
3069 2763 3230 2834 cujus
3256 2779 3365 2835 ego
3392 2781 3540 2821 sem-

1919 2871 2025 2925 per
2068 2870 2198 2909 cum
2238 2870 2452 2924 magna
2484 2854 2855 2909 veneratione
2896 2856 3254 2925 reminiscor,
3298 2857 3542 2914 minime

1924 2952 2218 3015 noverant,
2249 2946 2350 3001 sed
2381 2946 2463 3001 eis
2506 2946 2746 3003 altitudo
2790 2948 2959 3003 vestri
3011 2948 3200 3005 cordis
3248 2952 3435 3022 patuit
3477 2970 3545 3007 ex

188 3041 335 3113 quid
354 3043 426 3097 sit
433 3042 558 3113 jam
579 3042 908 3097 faciendum
938 3042 1122 3112 scitis;
1153 3041 1416 3112 quamvis
1435 3041 1610 3097 etiam
1622 3041 1822 3095 absen-
1920 3041 2247 3096 humilitate
2271 3040 2571 3096 sermonis.

565 3314 1241 3389 OBSERVATIO
1291 3313 1717 3389 CRITICA
1768 3315 1879 3388 IN
1928 3312 2444 3387 REGULAM
2495 3312 3164 3404 SEQUENTEM.

257 3440 534 3495 Sanctum
560 3440 884 3494 Leandrum
909 3439 1301 3510 Hispalensem
1322 3439 1675 3509 episcopum,
1700 3442 1759 3492 et
1786 3437 1967 3493 sancti
1996 3436 2194 3491 lsidori
2218 3436 2458 3489 fratrem
2479 3435 2789 3509 seniorem,
2814 3436 2885 3489 ab
2915 3435 3303 3493 adolescentia
3346 3455 3544 3495 mona—

186 3529 349 3585 sticae
364 3529 493 3583 vitm
505 3531 804 3596 cultorem,
818 3546 883 3583 ac
898 3528 1284 3583 Benedictinae
1302 3528 1615 3598 disciplinae
1629 3527 1780 3598 apud
1796 3527 2073 3598 Hispanos
2092 3526 2377 3596 insignem
2391 3528 2838 3594 propagatorem
2871 3524 3168 3593 exstitisse,
3181 3529 3547 3584 consentiunt

186 3634 428 3685 omnes;
448 3618 706 3689 quamvis
726 3618 785 3671 in
808 3619 911 3672 hac
942 3616 1210 3689 praesenti
1236 3617 1457 3687 Regula
1476 3633 1581 3687 pro
1603 3616 1919 3687 virginibus
1945 3616 2155 3687 scripta
2176 3615 2395 3668 nullam
2426 3613 2606 3667 sancti
2639 3613 2923 3668 Benedicti
2959 3616 3318 3672 mentionem
3347 3618 3538 3674 faciat.

184 3708 307 3762 Nec
328 3724 462 3763 sane
484 3724 551 3762 ex
570 3707 908 3762 talisilentio
924 3706 1140 3778 aliquid
1160 3711 1360 3762 contra
1378 3707 1558 3760 sancti
1578 3705 1828 3778 episcopi
1847 3705 2258 3761 monachatum
2288 3702 2722 3758 Benedictinum
2742 3702 2942 3758 inferri
2956 3704 3145 3773 debet,
3169 3722 3301 3761 cum
3318 3711 3546 3763 sanctus

185 3796 531 3851 Benedictus
548 3798 829 3868 Regulam
849 3813 1013 3851 suam
1043 3812 1159 3851 non
1174 3812 1280 3868 pro
1308 3795 1842 3851 sanctimonialibus
1861 3795 2110 3863 feminis,
2131 3794 2231 3849 sed
2260 3809 2364 3865 pro
2389 3793 2689 3847 monachis
2706 3793 3014 3865 scripserit,
3055 3798 3113 3848 et
3141 3812 3396 3867 praesens
3422 3797 3543 3855 hac

184 3886 412 3957 Regula
432 3903 521 3942 xm
541 3886 802 3957 capitulis
832 3890 1102 3941 contenta
1123 3886 1311 3957 potius
1341 3885 1586 3941 dicenda
1611 3885 1682 3941 sit
1702 3885 2022 3940 exhortatio
2050 3890 2107 3940 et
2130 3883 2473 3951 admonitio,
2501 3882 2770 3938 omnibus
2796 3884 2969 3939 sacris
3012 3885 3329 3956 virginibus
3369 3887 3504 3944 data
3527 3907 3540 3957 ;

185 3983 476 4048 quatenus
500 3976 611 4030 illa).
639 3976 998 4031 mundanam
1018 3992 1295 4048 pompam
1311 3979 1706 4044 contemnant,
1736 3980 1795 4030 et
1812 3974 1917 4031 soli
1946 3976 2062 4030 Deo
2083 3973 2364 4046 spirituali
2384 3989 2486 4028 suo
2512 3989 2721 4045 sponso
2742 3974 3014 4029 inservire
3036 3976 3323 4033 studeant.
3339 3978 3548 4035 Habuit

185 4067 351 4121 enim
370 4069 597 4120 sanctus
615 4066 874 4120 Leander
888 4081 1148 4121 sororem
1162 4067 1571 4135 Florentinam,
1588 4083 1715 4139 quae
1734 4065 1902 4120 simul
1918 4082 2049 4120 cum
2069 4068 2254 4120 matre
2270 4064 2527 4136 ingressa
2544 4064 2653 4119 fuit
2672 4066 3089 4120 monasterium
3119 4073 3275 4122 extra
3292 4070 3541 4138 patriam

184 4157 387 4211 situm.
406 4156 682 4211 Eamdem
699 4156 771 4211 ad
787 4156 1274 4227 perseverantiam
1297 4157 1646 4227 exhortatur,
1664 4157 1870 4228 piaque
1888 4160 1946 4210 et
1956 4156 2229 4211 salutaria
2246 4154 2469 4210 monita
2482 4154 2659 4222 dedit,
2683 4171 2809 4226 quae
2821 4155 3056 4226 quidem
3070 4156 3199 4211 vitae
3213 4159 3542 4214 monasticae

186 4262 463 4301 normam
485 4247 589 4300 rite
616 4246 942 4301 conﬁciunt.
973 4247 1130 4301 Hanc
1149 4247 1326 4319 igitur
1346 4248 1625 4319 Regulam
1652 4246 2316 4317 Florentinaa,pergrata3
2343 4244 2451 4299 sibi
2476 4245 2535 4299 in
2562 4244 2786 4300 Christo
2814 4244 2944 4298 filiae
2964 4249 3021 4298 et
3046 4246 3231 4300 sorori
3256 4246 3544 4319 inscripsit

187 4341 249 4392 et
278 4336 567 4407 imprimis
593 4336 854 4391 omnium
878 4340 1244 4394 terrenarum
1263 4342 1658 4410 contemptum
1682 4339 1944 4404 inculcat,
1979 4336 2118 4390 nihil
2148 4336 2206 4390 in
2234 4334 2401 4389 terris
2428 4351 2551 4388 esse
2578 4350 2776 4388 amore
2799 4336 2857 4387 et
2876 4333 3083 4388 affectu
3113 4352 3288 4390 sacrm
3309 4336 3544 4408 virginis

186 4428 436 4497 dignum
455 4442 734 4493 asserens,
758 4426 858 4480 sed
880 4426 951 4481 ad
974 4427 1223 4482 caelestia
1246 4428 1617 4500 aspirandum
1638 4428 1736 4495 ait,
1765 4426 1858 4481 ubi
1882 4442 2083 4480 verum
2103 4424 2443 4495 virginitatis
2467 4423 2772 4494 praemium
2789 4422 3060 4478 inveniet.
3081 4426 3543 4490 Monetvitandas

190 4535 320 4573 esse
350 4518 520 4572 laicas
548 4517 815 4571 mulieres
835 4517 918 4571 uti
944 4532 1227 4587 organum
1253 4518 1510 4584 Satanae;
1532 4516 1740 4588 quippe
1766 4515 1921 4587 quod
1946 4520 2165 4581 amant,
2187 4515 2296 4568 hoc
2322 4516 2661 4585 suggerunt,
2680 4516 2738 4567 et
2756 4529 2852 4567 eas
2880 4530 2971 4568 res
2989 4515 3283 4573 insinuant
3298 4521 3543 4582 aliorum

188 4606 444 4675 auribus,
469 4624 598 4679 quae
625 4606 685 4660 in
712 4607 825 4661 suis
855 4606 1154 4662 desideriis
1199 4613 1516 4662 versantur.
1542 4606 1817 4661 Vitandos
1841 4598 2072 4677 quoque
2098 4603 2250 4657 viros
2266 4604 2654 4674 quamtumvis
2678 4607 2923 4671 sanctos,
2953 4622 3023 4660 ne
3051 4606 3281 4664 videndi
3293 4611 3539 4684 jugitate

186 4701 293 4753 aut
321 4698 636 4752 infametur
663 4696 954 4768 utriusque
980 4697 1271 4765 sanctitas,
1298 4700 1397 4751 aut
1416 4701 1629 4768 pereat.
1653 4695 1981 4751 Lectionem
2009 4693 2297 4748 assiduam
2318 4698 2376 4748 et
2394 4692 2829 4748 meditationem
2848 4710 3044 4749 rerum
3057 4697 3433 4767 spiritualium
3458 4704 3543 4759 in-

186 4787 395 4856 culcat,
417 4804 576 4841 esum
593 4786 779 4841 carnis
796 4787 1065 4858 prohibet
1084 4787 1248 4841 sicuti
1269 4790 1328 4841 et
1351 4787 1713 4855 balneorum,
1736 4785 1842 4839 nisi
1863 4784 2130 4852 infirmis,
2150 4788 2324 4854 atque
2346 4783 2635 4838 silentium
2656 4783 2898 4838 mandat
2915 4784 3081 4840 sicuti
3099 4786 3157 4840 in
3190 4794 3539 4849 monasterio

185 4876 706 4948 perseverantiam;
741 4882 1025 4949 quatenus
1045 4881 1104 4931 et
1117 4878 1427 4932 multarum
1448 4876 1717 4932 societate
1735 4874 2012 4947 proﬁciat,
2046 4891 2112 4929 ac
2140 4891 2341 4928 earum
2362 4872 2584 4944 assequi
2612 4874 2799 4927 valeat
2817 4875 3042 4943 merita,
3067 4893 3311 4947 quarum
3347 4881 3540 4938 imite-

185 4970 286 5020 tur
310 4967 589 5037 exempla.
623 4967 865 5023 Sanctus
890 4971 1084 5023 autem
1101 4966 1363 5023 Leander
1390 4968 1538 5022 hanc
1554 4966 1833 5038 Regulam
1856 4963 2263 5037 parseneticam
2297 4962 2565 5035 piissimae
2611 4962 2791 5018 sorori
2823 4964 3164 5020 Florentinae
3194 4966 3542 5042 inscripsisse

187 5056 420 5112 videtur
444 5061 572 5130 post
590 5059 867 5130 adeptum
897 5060 1290 5131 episcopatum
1321 5060 1730 5130 Hispalensem,
1755 5073 1928 5128 quem
1944 5056 2016 5111 ab
2041 5071 2195 5110 anno
2216 5057 2319 5109 575
2343 5053 2418 5109 ad
2443 5069 2659 5109 annum
2678 5055 2780 5131 693
2808 5054 3160 5112 sanctissime
3184 5058 3347 5115 rexit.

1414 5308 1635 5356 INCIPIT
1676 5309 1736 5353 IN
1782 5308 2024 5355 CHRISTI
2064 5307 2300 5353 NOMINE

562 5568 565 5571 ,
683 5430 1315 5567 SANCTI
1419 5430 2205 5563 LEANDBI
2312 5427 3060 5558 REGULA.

266 5734 532 5792 Leander
576 5733 677 5789 Dei
722 5730 1115 5788 misericordia
1161 5734 1441 5803 pergrata
1492 5728 1550 5783 iu
1602 5727 1824 5785 Christo
1995 5720 2709 5797 Perquirentimihi,soror
2724 5720 3061 5778 charissima
3076 5716 3552 5788 Florentina,qui-

188 5831 334 5888 mihi
362 5830 495 5885 filias
525 5833 583 5883 et
608 5826 789 5883 sorori
813 5826 1105 5882 Florentin
1118 5842 1185 5881 se.
1925 5818 2029 5874 bus
2050 5815 2451 5874 tedivitiarum
2478 5818 2720 5874 cumulis
2736 5813 3029 5872 haeredem
3056 5811 3332 5880 facerem,
3367 5825 3480 5883 qua
3499 5816 3558 5869 to

562 5925 838 5993 ΡΑτιιοι..
890 5923 1123 5992 LXXII.

3162 5913 3243 5977 28
