4054 6186
485 295 590 350 875

483 496 793 552 currebant
818 493 1132 565 imagines;
1162 508 1306 564 quas
1330 508 1462 548 cum
1500 508 1608 564 ego
1649 495 1712 547 ut
1749 491 2110 564 importunas

482 605 710 645 muscas
734 604 905 643 manu
935 585 1147 642 mentis
1174 585 1492 657 abigerem,
1510 585 1716 642 tacitus
1728 585 2110 641 aiebamzAu-

483 699 615 738 rum
636 687 694 738 et
711 682 1015 752 argentum
1030 678 1100 734 de
1115 681 1270 735 terra
1283 683 1386 748 est,
1402 683 1460 735 et
1470 679 1529 734 in
1544 683 1764 734 terram
1779 678 2104 748 revertitur;

481 775 694 830 fundus
729 777 786 828 et
819 771 1234 845 patrimonium
1262 773 1482 828 reditus
1513 772 1644 828 vilia
1681 777 1740 828 et
1775 771 2107 828 transitoria

482 871 634 936 sunt,
641 869 888 938 praete-rit
904 869 1043 922 enim
1056 869 1235 938 ﬁgura
1255 867 1411 936 hujus
1424 867 1620 922 mundi
1631 868 1677 936 (Ι
1687 865 2108 936 Cor.vn).Quid-

481 959 619 1032 quid
638 960 794 1015 enim
813 959 916 1015 sub
938 961 1056 1014 sole
1078 959 1368 1030 conspexi,
1391 959 1536 1014 nihil
1557 962 1610 1014 te
1635 958 1898 1030 dignum,
1912 973 2108 1014 sorore

479 1052 785 1108 arbitratus
804 1069 964 1122 sum;
984 1052 1124 1107 nihil
1149 1051 1376 1108 muneri
1394 1055 1492 1108 tuo
1520 1051 1735 1107 credidi
1764 1067 1887 1106 esse
1899 1052 2106 1122 gratis-

478 1145 724 1202 simum:
774 1147 972 1202 omnia
1008 1145 1388 1214 mutabunda,
1439 1146 1674 1212 caduca,
1715 1148 1774 1198 et
1799 1161 1946 1200 vana
1981 1145 2104 1199 fore

475 1240 768 1312 conspexi.
801 1240 964 1295 Unde
995 1257 1188 1295 veram
1214 1255 1336 1294 esse
1364 1238 1584 1294 attendi
1613 1238 1940 1295 Salomonis
1967 1254 2102 1292 sen-

474 1333 741 1403 tentiam,
778 1333 1021 1389 dicentis
1054 1333 1243 1404 (Eccle.
1273 1333 1364 1403 u):
1391 1335 1742 1402 Magniﬁcavi
1765 1347 1930 1402 opera
1964 1347 2104 1394 mea,

475 1427 740 1498 aediﬁcavi
768 1428 906 1482 mihi
936 1428 1137 1490 domos,
1162 1427 1418 1496 plantavi
1461 1427 1667 1488 vineas,
1705 1427 1814 1493 feci
1845 1426 2025 1480 hortos
2055 1429 2107 1480 et

470 1521 748 1590 pomaria,
761 1525 810 1576 et
823 1522 1030 1576 conseri
1053 1522 1254 1575 cunctis
1279 1519 1558 1588 generibus
1573 1519 1847 1582 arborum,
1866 1519 2108 1573 instruat

471 1615 612 1670 mihi
631 1617 872 1686 piscinas
893 1630 1182 1684 aquarum,
1195 1617 1259 1668 ut
1283 1615 1570 1682 irrigarem
1590 1613 1786 1667 silvam
1804 1613 2107 1682 geminan-

475 1709 611 1762 tium
639 1709 924 1778 lignorum.
954 1707 1172 1762 Possedi
1193 1722 1371 1762 servos
1397 1711 1448 1762 et
1490 1707 1744 1768 ancillas,
1777 1705 2107 1774 multamque

1447 291 1679 348 SANCTI
1719 289 2036 354 LEANDBI,
2076 291 2502 350 HISPALENSIS
2539 293 2857 361 EPISCOPI,

483 400 821 474 patrimonii
837 403 987 456 sorte
999 399 1264 467 ditarem,
1288 398 1485 454 multa!
1501 415 1703 454 rerum
1716 397 2009 454 fallaciam
2023 413 2113 453 oc-

3737 295 3840 350 8‘76

2209 404 2410 472 putare
2417 403 2528 469 tur,
2543 401 2590 456 si
2613 405 2744 456 tran
2751 401 2962 457 sitoriis
2973 401 3335 473 terrenisque
3347 399 3630 457 ditaretur
3644 417 3843 456 mune-

2210 495 2397 563 ribus;
2429 499 2592 552 tanto
2609 497 2884 568 praeclara
2904 498 2990 552 est
3007 495 3308 568 virginitas
3327 499 3385 551 et
3405 495 3840 566 excellensque:

2207 588 2439 644 calcatis
2459 587 2854 662 abdicatisque
2875 588 3184 646 mundanis
3205 587 3760 660 voluptatibus,dum
3781 588 3838 641 in

2210 682 2374 737 terris
2401 683 2741 754 angelorum
2764 687 2952 739 servat
2974 682 3388 755 integritatem,
3407 681 3717 738 Dominum
3745 697 3842 735 an-

2208 777 2471 848 gelorum
2486 777 2687 832 sortita
2699 780 2784 832 est
2795 777 3194 849 portionem.Q
3203 793 3288 832 uae
3301 792 3440 848 ergo
3453 778 3541 830 est
3550 775 3838 846 virginita—

2207 869 2279 924 tis
2297 869 2605 925 haereditas
2617 869 2645 924 ‘l
2665 887 2860 926 nonne
2889 887 2958 925 ea
2978 887 3154 942 quam
3171 869 3308 924 dicit
3317 868 3644 926 Psalmista:
3669 870 3837 924 Domi-

2205 979 2306 1018 nus
2318 979 2455 1034 pars
2479 963 3128 1036 haereditatismeae(Psal.
3144 962 3274 1034 xv)?
3292 964 3358 1018 Et
3381 962 3594 1018 iterum
3625 979 3639 1016 :
3660 962 3834 1016 Portio

2204 1073 2323 1111 mea
2342 1059 2596 1112 Dominus
2611 1055 3050 1128 (Psalm.cxv1n)?
3064 1057 3704 1126 Vide,soror,quantum
3716 1069 3836 1126 pro-

2205 1149 2560 1216 feceris,vide
2575 1167 2749 1221 quam
2771 1167 3062 1206 summum
3077 1154 3276 1205 teneas
3295 1149 3616 1221 apicem,ut
3627 1146 3835 1202 multo-

2204 1258 2334 1296 rum
2357 1243 2602 1313 gratiam
2619 1243 3034 1300 beneficiorum
3053 1243 3112 1298 in
3131 1260 3312 1298 unum
3338 1241 3733 1312 eumdemque
3753 1239 3836 1294 in-

2205 1335 2430 1389 veneris
2459 1337 2764 1392 Christum.
2807 1338 3062 1408 Sponsus
3098 1340 3203 1404 est,
3244 1337 3426 1391 frater
3465 1336 3573 1401 est,
3621 1332 3840 1388 amicus

2205 1437 2310 1502 est,
2337 1450 2470 1505 pars
2496 1433 2847 1489 hatreditatis
2875 1437 2978 1503 est,
3009 1434 3226 1489 amicus
3247 1437 3351 1503 est,
3379 1435 3526 1488 Deus
3555 1435 3614 1486 et
3649 1431 3844 1486 Domi-

2205 1543 2312 1580 nus
2337 1530 2441 1582 est.
2475 1526 2658 1582 Habes
2685 1527 2743 1582 in
2773 1544 2842 1582 eo
2872 1543 3168 1600 sponsum,
3196 1543 3371 1598 quem
3411 1525 3658 1598 diligas:
3705 1527 3839 1596 Spe-

2203 1622 2376 1676 ciosus
2413 1625 2490 1676 est
2513 1623 2655 1676 enim
2673 1624 2852 1689 forma
2876 1637 2994 1692 prae
3017 1623 3148 1691 ﬁliis
3172 1622 3444 1676 hominum
3471 1619 3644 1689 (Psal.
3675 1621 3836 1689 XLIV).

2203 1715 2300 1768 Est
2324 1730 2490 1768 verus
2519 1715 2698 1770 frater
2728 1731 2901 1786 quem
2931 1717 3161 1780 teneas;
3212 1713 3524 1785 adoptione
3573 1711 3736 1767 enim
3785 1716 3838 1765 et

471 1801 746 1869 familiam
756 1801 946 1866 habui;
967 1805 1210 1856 armenta
1231 1815 1439 1870 quoque
1453 1804 1504 1855 et
1519 1815 1685 1870 agnos
1697 1800 1896 1861 ovium,
1921 1812 2102 1867 greges

2207 1809 2266 1862 tu
2293 1807 2415 1878 ejus
2445 1807 2582 1875 filia,
2610 1808 2770 1879 cujus
2793 1808 2946 1863 ﬁlius
2974 1812 3060 1864 est
3083 1807 3180 1863 ille
3211 1810 3438 1862 natura.
3474 1807 3572 1861 Est
3619 1807 3838 1860 amicus

471 1910 679 1966 quoque
703 1909 1013 1965 caprarum,
1034 1895 1183 1949 ultra
1213 1909 1390 1949 omnes
1410 1895 1506 1964 qui
1538 1894 1766 1961 fuerunt
1787 1895 1916 1946 ante
1938 1906 2022 1946 me
2047 1893 2124 1946 in“

468 1988 782 2044 Jerusalem.
832 1989 1154 2046 Coacervavi
1197 1989 1333 2042 mihi
1375 1990 1656 2054 argentum
1695 1988 1747 2040 et
1781 1999 1998 2047 aurum,
2055 1989 2107 2038 et

469 2081 802 2136 substantias
823 2096 1011 2150 regum
1038 2095 1103 2136 ac
1123 2081 1560 2150 prouinciarum;
1590 2080 1697 2146 feci
1712 2079 1846 2132 mihi
1864 2081 2106 2132 cantores

471 2179 522 2230 et
545 2175 886 2238 cantatrices,
914 2178 964 2230 et
982 2174 1207 2229 delicias
1223 2175 1459 2244 ﬁliorum
1476 2174 1777 2240 hominum;
1806 2173 2031 2242 scyphos
2055 2175 2105 2224 et

469 2283 654 2324 urceos
671 2271 728 2323 in
745 2270 1041 2323 ministerio
1061 2268 1136 2322 ad
1157 2269 1288 2322 vina
1304 2266 1608 2335 fundendo.
1636 2267 1708 2321 Et
1733 2279 2104 2335 supergressus

469 2375 590 2417 sum
621 2363 810 2432 opibus
846 2376 1025 2416 omnes
1055 2363 1151 2432 qui
1176 2363 1400 2429 fuerunt
1425 2365 1548 2415 ante
1581 2375 1664 2414 me
1695 2361 1755 2414 in
1785 2358 2101 2413 Jerusalem.

467 2454 652 2519 Quam
675 2454 854 2526 igitur
866 2470 1095 2509 omnem
1115 2453 1439 2508 mortalium
1452 2468 1722 2525 pompam
1741 2450 1836 2506 tali
1857 2449 2104 2506 termino

469 2547 760 2618 conclusit,
777 2552 838 2602 ut
855 2547 1100 2602 diceret:
1137 2550 1370 2617 Cumque
1385 2563 1468 2602 me
1493 2549 1863 2602 convertissem
1885 2544 1961 2600 ad
1987 2560 2100 2600 om-

467 2644 566 2697 nia
602 2657 723 2712 quae
755 2643 998 2709 feceraut
1035 2656 1229 2696 manus
1269 2657 1420 2705 mem,
1463 2645 1517 2696 et
1560 2641 1764 2695 labores
1805 2641 1865 2693 in
1911 2637 2104 2709 quibus

463 2735 680 2803 frustra
695 2735 1039 2798 sudaveram,
1064 2735 1183 2789 vidi
1202 2737 1260 2789 in
1284 2735 1529 2790 omnibus
1540 2735 1837 2788 vanitatem
1857 2735 1908 2787 et
1925 2731 2102 2800 afﬂic-

465 2829 660 2884 tionem
687 2830 875 2896 animi,
905 2833 957 2884 et
981 2829 1122 2883 nihil
1139 2843 1456 2898 permanere
1487 2828 1586 2883 sub
1613 2827 1740 2882 sole.
1789 2827 1858 2880 Et
1894 2827 2104 2881 iterum

465 2921 586 2993 ipse
616 2921 780 2976 dicit:
814 2925 1118 2978 Detestatus
1147 2937 1267 2977 sum
1293 2937 1498 2978 omnem
1541 2921 1879 2976 industriam
1906 2937 2100 2984 meam,

467 3029 632 3083 quam
649 3015 746 3068 sub
775 3015 884 3068 sole
908 3015 1300 3070 studiosissime
1325 3015 1587 3082 laboravi,
1621 3014 1910 3070 habiturus
1939 3015 2102 3070 hm'e-

467 3107 588 3162 dem
607 3111 735 3177 post
759 3122 860 3169 me,
893 3122 1049 3176 quem
1077 3109 1288 3175 ignoro,
1315 3111 1498 3162 utrum
1515 3109 1732 3178 sapiens
1765 3113 1864 3164 aut
1904 3108 2102 3163 stultus

467 3201 559 3263 sit,
593 3167 963 3254 dominabitur
984 3199 1045 3254 id
1073 3167 1348 3255 laboribus
1370 3202 1500 3255 meis
1525 3167 1720 3270 quibus
1743 3200 2010 3255 desudavi
2052 3205 2103 3254 et
2121 3167 2176 3242 (ἶ

465 3293 723 3349 sollicitus
743 3293 854 3361 fui,
885 3297 936 3348 et
954 3297 1033 3349 est
1055 3293 1357 3364 quidquam
1383 3297 1495 3348 tam
1522 3297 1766 3349 vanum?
1808 3294 1958 3349 Unde
1991 3309 2097 3349 ces-

467 3388 590 3442 savi
611 3389 1048 3458 renuntiavitque
1069 3403 1160 3442 cor
1179 3403 1354 3442 meum
1389 3387 1542 3442 ultra
1566 3388 1813 3444 laborare
1841 3388 1940 3443 sub
1967 3387 2096 3444 sole.

463 3479 584 3536 Tali
597 3496 828 3553 quoque
847 3480 1194 3537 informatus
1206 3481 1460 3549 oraculo,
1485 3497 1603 3536 non
1624 3497 1746 3537 esse
1769 3498 1864 3536 me
1884 3497 2092 3554 paren-

466 3580 584 3634 tem
611 3594 810 3634 verum
830 3579 1207 3648 existimares,
1223 3596 1404 3648 soror,
1423 3578 1468 3634 si
1489 3582 1545 3634 te
1560 3578 1628 3634 iis
1644 3579 1890 3634 ditarem
1903 3579 2096 3646 rebus,

467 3686 597 3743 quin
641 3671 952 3728 stabilitate
994 3674 1153 3728 nulla
1190 3673 1591 3743 consisterent,
1621 3689 1748 3744 quas
1787 3671 2098 3728 mundanis

468 3765 735 3835 subjectis
753 3762 974 3820 casibus
989 3769 1043 3820 te
1057 3766 1796 3838 destituerent,nudamque
1813 3766 2098 3838 relinque-

467 3861 817 3914 rent.Erum
824 3859 911 3913 nis
926 3875 1154 3932 quoque
1167 3862 1223 3914 te
1235 3860 1676 3928 cumularem,et
1685 3860 1788 3916 tim
1797 3860 1884 3915 ori
1896 3859 2100 3916 metui-

470 3969 583 4026 que
603 3953 724 4024 subj
733 3953 964 4020 iceram,
983 3952 1028 4006 si
1042 3969 1110 4006 ea
1123 3969 1250 4024 quae
1263 3953 1355 4007 fur
1371 3954 1593 4009 auferre
1611 3956 1857 4025 poterat,
1879 3955 2098 4008 sulcare

469 4047 646 4116 tinea,
671 4062 866 4118 aerugo
887 4061 1110 4114 vorare,
1132 4045 1284 4118 ignis
1310 4046 1632 4114 absumere,
1657 4050 1811 4102 terra
1831 4048 2096 4116 obruere,

471 4156 620 4214 aqua
641 4140 852 4209 delere,
877 4140 958 4195 sol
981 4142 1222 4208 torrere,
1241 4138 1432 4194 imber
1449 4140 1686 4209 foedare,
1711 4140 1919 4212 glacies
1935 4141 2099 4196 strin-

471 4251 628 4308 gere,
656 4237 767 4290 tuae
789 4232 1158 4305 germanitati
1184 4233 1538 4288 conferenda
1557 4249 1680 4288 esse
1700 4237 1988 4306 putarem.
2003 4233 2098 4289 His

469 4332 624 4384 certe
648 4328 820 4384 rebus
839 4327 1107 4382 humanis
1127 4326 1454 4399 implicatus
1475 4327 1700 4382 animus
1719 4345 1752 4383 a
1766 4329 1882 4384 Deo
1898 4329 2100 4384 averti-

468 4427 584 4492 tur,
607 4427 664 4478 et
689 4421 761 4477 ab
787 4421 885 4476 illa
910 4421 1197 4476 immobili
1217 4437 1282 4477 ac
1299 4421 1694 4493 permanentis
1714 4421 1966 4478 veritatis
1986 4423 2098 4478 for-

469 4532 571 4571 ma
599 4515 834 4571 recedit.
866 4517 978 4572 Nec
1003 4517 1194 4588 potest
1213 4514 1288 4570 ad
1315 4533 1375 4570 se
1403 4515 1708 4571 admittere
1737 4515 1912 4570 divini
1937 4517 2097 4572 verbi
2115 4540 2175 4612 D

472 4609 858 4679 dulcedinem,
887 4614 988 4665 aut
1015 4608 1258 4680 Spiritus
1293 4609 1474 4664 sancti
1509 4608 1870 4678 suavitatem,
1901 4613 2098 4682 pectus

473 4703 629 4777 quod
653 4707 740 4760 tot
764 4701 1074 4758 mundanis
1109 4702 1360 4774 agitatur
1384 4702 1692 4770 molestiis,
1722 4705 1807 4758 tot
1831 4719 2098 4758 curarum

472 4797 884 4872 temporalium
910 4795 1156 4851 stimulis
1170 4795 1521 4850 verberatur.
1542 4795 1601 4851 Si
1619 4813 1756 4868 ergo
1771 4800 1829 4852 te
1843 4797 1932 4852 his
1949 4797 2099 4852 nexi-

470 4893 578 4948 bus
615 4893 937 4965 alligarem,
967 4888 1289 4961 talibusque
1319 4905 1620 4944 onerarem
1641 4890 2012 4962 ponderibus,
2043 4894 2102 4946 et

474 4987 627 5042 mole
666 4990 914 5042 terrenas
949 4982 1312 5056 cogitationis
1350 4983 1762 5054 opprimerem,
1803 4984 2099 5040 inimicum

475 5095 592 5150 me,
620 5095 736 5136 non
760 5083 1064 5152 parentem
1103 5076 1342 5132 deberes
1375 5076 1687 5144 mstimare;
1717 5076 2096 5151 interempto-

477 5189 747 5241 rem,non
761 5173 997 5228 fratrem
1011 5189 1133 5228 esse
1149 5171 1408 5227 sentires.
1423 5171 1525 5226 Eia
1539 5170 1551 5226 l
1567 5187 1730 5226 soror
1745 5171 2098 5242 charissima,

478 5265 752 5340 quoniam
775 5265 1056 5337 quidquid
1075 5283 1177 5322 axe
1197 5265 1322 5322 cosli
1341 5264 1718 5335 concluditur,
1737 5267 1970 5322 terrena
1986 5283 2102 5320 sus-

477 5361 668 5416 tinent
684 5357 1086 5426 fundamenta,
1107 5361 1165 5412 et
1189 5359 1408 5414 telluris
1423 5375 1594 5431 super
1612 5359 1819 5415 faciem
1837 5359 2099 5427 volvitur,

478 5454 620 5511 nihil
635 5452 877 5523 dignum
887 5466 998 5521 quo
1012 5450 1179 5506 ditari
1190 5467 1384 5523 posses
1395 5452 1737 5520 invenimus,
1753 5469 1924 5524 supra
1933 5453 2104 5508 caelos

481 5545 860 5623 quaerendum
889 5545 991 5611 est,
1029 5543 1178 5597 unde
1206 5561 1413 5600 munus
1432 5547 1772 5618 virginitatis
1795 5547 2018 5613 auxisti,
2043 5551 2104 5602 ut

467 5623 560 5700 .ibi
579 5638 879 5716 praemium
897 5641 954 5694 et
970 5635 1378 5711 patrimonium
1391 5639 1732 5710 virginitatis
1746 5639 2100 5696 invenias.Ex

479 5734 948 5814 compensatione
961 5731 1118 5788 enim
1139 5729 1483 5801 integritatis
1495 5732 1764 5789 meritum
1777 5735 2107 5806 agnoscitur

485 5834 543 5884 et
569 5829 638 5884 de
665 5845 766 5884 sua
795 5825 1174 5884 retributione
1201 5827 1490 5897 pensatur.
1525 5825 1750 5887 Quanto
1781 5827 1937 5882 enim
1980 5827 2105 5882 vilis

2206 1900 2276 1955 de
2305 1917 2418 1972 quo
2444 1917 2560 1956 non
2594 1900 2847 1969 dubites;
2882 1903 3005 1973 ipse
3031 1901 3190 1956 enim
3213 1900 3384 1955 dicit:
3429 1902 3547 1955 Una
3573 1902 3836 1954 esta-miea

2203 2006 2320 2045 mea
2351 1991 2527 2062 (Cant.
2556 1991 2648 2060 γι).
2684 1991 2868 2045 Habes
2894 1991 2953 2046 in
2981 2007 3050 2046 eo
3077 1988 3477 2044 haereditatem
3499 2005 3678 2060 quam
3711 2004 3831 2042 am-

2203 2081 2346 2150 bias;
2373 2099 2506 2154 pars
2531 2083 2688 2138 enim
2717 2083 3070 2139 haereditatis
3094 2086 3210 2137 tua;
3245 2081 3366 2154 ipse
3402 2085 3508 2136 est.
3561 2081 3751 2136 Habes
3779 2081 3834 2134 in

2205 2193 2274 2230 eo
2317 2176 2565 2248 pretium
2607 2177 2765 2248 quod
2807 2193 3103 2249 agnoscas,
3137 2175 3272 2248 quia
3305 2175 3539 2246 sanguis
3577 2175 3704 2246 ejus
3747 2191 3831 2228 re-

2205 2268 2462 2342 demptio
2502 2273 2602 2324 tua
2639 2273 2743 2325 est.
2791 2271 2976 2325 Habes
3005 2271 3063 2325 in
3095 2286 3164 2325 eo
3187 2271 3369 2324 Deum
3395 2287 3429 2324 a
3449 2285 3564 2340 quo
3593 2269 3836 2340 rogaris,

2204 2363 2510 2418 Dominum
2538 2379 2710 2435 quem
2736 2367 2962 2418 metuas
2985 2367 3043 2418 et
3068 2363 3335 2418 honores.
3385 2363 3590 2416 Totam
3626 2361 3738 2416 sibi
3779 2360 3836 2416 in

2203 2457 2426 2512 Christo
2475 2456 2915 2528 praerogativam
2949 2456 3249 2528 virginitas
3280 2455 3548 2522 vindicat,
3587 2460 3651 2510 ut
3698 2458 3836 2509 ante

2204 2566 2380 2621 quam
2416 2553 2674 2604 tremunt
2708 2550 2922 2622 angeli,
2954 2549 3040 2604 cui
3085 2549 3338 2604 serviunt
3375 2551 3712 2620 potestates,
3745 2547 3836 2602 cui

2202 2643 2440 2698 virtutes
2460 2643 2881 2715 obtemperant,
2904 2643 2996 2698 cui
3015 2643 3265 2698 coelestia
3280 2641 3646 2696 etterrestria
3658 2657 3839 2712 genu-

2203 2736 2458 2803 ﬂectunt,
2485 2737 2638 2791 hunc
2667 2737 2770 2792 sibi
2799 2736 2960 2808 virgo
2982 2752 3255 2808 sponsum
3272 2735 3543 2802 vindicet,
3576 2734 3653 2790 ad
3667 2735 3840 2805 hujus

2202 2829 2522 2884 thalamum
2553 2831 2758 2884 ornata
2795 2829 3098 2884 virtutibus
3134 2831 3424 2902 properet,
3467 2828 3626 2882 hunc
3662 2827 3839 2882 cubili

2202 2922 2410 2990 cordis,
2433 2925 2587 2978 casto
2627 2921 2802 2978 cubili
2830 2923 3150 2979 confoveat.
3200 2921 3270 2976 Et
3309 2921 3450 2993 quid
3494 2921 3747 2992 amplius
3784 2919 3837 2974 ei

2202 3016 2462 3071 conferre
2483 3015 2690 3087 potuit,
2713 3015 2802 3072 cui
2823 3033 2882 3071 se
2893 3016 3146 3072 Christus
3161 3031 3438 3087 sponsum
3455 3013 3677 3081 tribuit,
3700 3031 3835 3068 san-

2202 3109 2439 3180 guinem
2459 3127 2624 3164 suum
2645 3109 2794 3165 dotis
2818 3125 2884 3165 ac
2913 3109 3170 3165 muneris
3195 3108 3362 3164 titulo
3392 3108 3789 3180 compensavit
3807 3107 3836 3162 ?

2202 3202 2402 3258 Solent
2429 3219 2567 3274 ergo
2595 3203 2694 3274 qui
2714 3220 2918 3258 uxores
2943 3203 3160 3258 ducunt
3185 3202 3349 3258 dotes
3373 3202 3651 3269 tribuere,
3692 3218 3832 3257 con-

2199 3297 2350 3351 ferre
2371 3297 2629 3368 prmmia,
2659 3300 2718 3352 et
2743 3295 2817 3352 ad
2829 3296 3011 3352 vicem
3036 3295 3321 3369 perdendi
3339 3295 3576 3368 pudoris
3597 3311 3700 3350 sua
3713 3298 3830 3350 tra-

2200 3389 2337 3444 dere
2354 3389 2738 3462 patrimonia;
2772 3394 2834 3444 ut
2863 3390 3072 3446 emisse
3093 3389 3285 3462 potius
3305 3405 3480 3462 quam
3504 3388 3732 3444 duxisse
3749 3389 3828 3442 vi-

2199 3483 2446 3539 deantur
2457 3501 2676 3540 uxores.
2699 3485 2867 3552 Tuus,
2895 3484 3334 3556 virgo,'sponsus
3359 3483 3558 3539 dotem
3582 3482 3682 3537 tibi
3699 3499 3834 3536 san-

2200 3576 2436 3648 guinem
2459 3594 2627 3632 suum
2650 3577 2829 3646 dedit,
2853 3594 2922 3633 eo
2942 3581 3000 3632 te
3016 3576 3284 3643 redemit,
3311 3593 3382 3632 eo
3409 3581 3463 3631 te
3485 3592 3602 3631 sum
3613 3575 3832 3646 copula:

2199 3671 2450 3739 sociavit,
2473 3676 2538 3727 ut
2557 3671 2841 3743 pudorem
2864 3689 2981 3726 non
3003 3671 3229 3742 perdas,
3252 3674 3312 3725 et
3326 3671 3542 3725 habeas
3558 3669 3824 3742 praemia.

2200 3763 2426 3828 Quanto
2453 3763 2610 3820 enim
2621 3765 3046 3820 muniﬁcentius
3059 3768 3146 3819 est
3163 3763 3313 3820 dotis
3323 3761 3653 3835 premium,
3666 3767 3832 3816 tanto

2199 3860 2285 3913 est
2297 3874 2462 3914 amor
2474 3857 2835 3914 immensior.
2853 3859 3090 3914 Multum
3102 3856 3258 3912 enim
3275 3856 3480 3928 diligit,
3503 3872 3681 3928 quam
3695 3871 3830 3926 pro.

2196 3951 2324 4024 prio
2338 3951 2442 4006 sibi
2459 3953 2740 4024 sanguine
2752 3951 3212 4024 desponsavit.Et
3225 3951 3300 4006 ob
3319 3951 3430 4006 hoc
3442 3966 3612 4004 suum
3623 3965 3834 4020 corpus

2195 4044 2573 4101 vulnerisictu
2585 4046 2769 4101 ettelo
2791 4044 2964 4118 gladii
2983 4044 3187 4100 maluit
3208 4043 3439 4116 aperiri,
3459 4046 3522 4098 ut
3543 4046 3702 4097 tuam
3727 4042 3834 4096 sibi

2195 4137 2585 4210 integritatem
2607 4144 2846 4206 emeret,
2868 4137 3206 4210 pudicitiam
3235 4141 3617 4192 conservaret.
3639 4137 3679 4190 E
3697 4152 3839 4190 con-

2197 4231 2374 4288 trario
2391 4232 2549 4288 enim
2570 4233 2789 4288 curavit
2803 4232 3104 4288 hominem
3121 4249 3134 4287 :
3151 4235 3216 4286 ut
3237 4231 3380 4286 sicut
3397 4245 3556 4286 mors
3575 4229 3700 4300 ejus
3715 4228 3839 4284 vita

2197 4329 2284 4382 est
2292 4330 2508 4394 nostra,
2524 4325 2762 4398 ejusque
2777 4326 3072 4382 humilitas
3087 4329 3296 4380 nostra;
3313 4327 3401 4406 est
3415 4323 3700 4396 superbia:
3715 4339 3839 4377 me-

2197 4420 2403 4504 dicina,
2427 4419 2505 4476 sic
2527 4422 2584 4475 et
2597 4420 2928 4475 vulneribus
2949 4419 3126 4492 ipsius
3143 4423 3337 4474 nostra
3355 4417 3660 4488 integritas
3675 4433 3840 4488 emp—

2198 4517 2257 4568 ta
2273 4519 2376 4585 est,
2395 4513 2494 4586 qui
2509 4513 2640 4569 ideo
2661 4513 2818 4569 feriri
2835 4531 2895 4569 se
2912 4514 3148 4568 vulnere
3166 4511 3363 4578 voluit,
3386 4527 3459 4566 ne
3477 4511 3692 4566 malleo
3712 4511 3836 4564 uni-

2197 4624 2374 4663 versae
2393 4610 2558 4663 terra:
2581 4625 2686 4663 nos
2715 4607 2868 4664 feriri
2896 4607 3130 4663 sineret.
3149 4608 3326 4662 Pretio
3344 4607 3486 4660 enim
3500 4607 3670 4675 empti
3679 4607 3830 4664 estis.

2199 4701 2280 4756 ait
2296 4702 2620 4773 Apostolus,
2637 4703 2804 4758 nolite
2811 4705 2932 4772 ﬁeri
2942 4703 3084 4758 servi
3097 4701 3368 4756 hominum
3388 4698 3438 4771 (Ι
3445 4697 3568 4753 Cor.
3585 4697 3702 4768 vn).
3721 4697 3834 4752 Cur

2197 4793 2359 4866 virgo
2387 4795 2525 4850 dare
2543 4795 2626 4850 vis
2639 4797 2844 4868 carpus
2858 4795 3002 4864 viro,
3022 4793 3178 4866 quod
3197 4793 3322 4864 jam
3345 4795 3433 4848 est
3453 4791 3830 4863 redemptum

2199 4907 2234 4944 a
2259 4887 2480 4944 Christo
2493 4889 2520 4944 ?
2548 4889 2706 4944 Alius
2731 4891 2786 4944 te
2818 4887 3070 4956 redimit,
3091 4890 3151 4942 et
3171 4885 3265 4942 alii
3298 4886 3516 4942 nubere
3537 4885 3696 4958 cupis
3709 4883 3739 4938 ?
3754 4884 3835 4938 al-

2198 4981 2375 5038 terius
2396 4981 2580 5054 pretio
2602 4983 2882 5038 libertatis
2900 4981 3133 5050 milites,
3159 4984 3216 5036 et
3241 4981 3558 5053 spontanea
3581 4981 3638 5033 te
3663 4978 3836 5032 servi-

2202 5081 2321 5132 tute
2337 5077 2691 5134 condemnas
2702 5077 2730 5132 ?
2745 5077 2802 5133 Si
2823 5076 3074 5132 mundus
3087 5073 3277 5132 omnis
3293 5073 3460 5128 titulo
3473 5071 3626 5128 dotis
3640 5069 3838 5126 scribi-

2201 5175 2312 5240 tur,
2338 5171 2478 5243 quid
2502 5171 2806 5243 pretiosius
2824 5169 3104 5242 sanguine
3121 5168 3346 5235 Christi,
3363 5183 3476 5239 quo
3493 5164 3840 5236 redemptus

2201 5271 2286 5323 est
2297 5265 2586 5320 mundus?
2595 5264 2871 5337 Appende
2881 5263 3215 5320 mercedem
3229 5265 3287 5316 et
3298 5261 3552 5334 pretium
3564 5264 3629 5314 ut
3639 5257 3842 5312 videas

2200 5361 2328 5433 plus
2340 5361 2530 5415 valere
2543 5359 2639 5431 qui
2653 5358 2921 5427 redemit,
2943 5374 3119 5430 quam
3137 5356 3196 5411 id
3207 5353 3364 5427 quod
3378 5351 3844 5416 redemit.0uan-

2199 5457 2260 5508 to
2281 5453 2476 5525 itaque
2498 5469 2670 5525 prave
2691 5452 2963 5524 intelligit
2975 5451 3137 5522 virgo
3161 5465 3290 5521 quae
3311 5450 3648 5517 contempto
3668 5461 3842 5515 emp-

2203 5551 2326 5604 tore
2353 5564 2604 5602 mercem
2629 5546 2914 5617 sequitur;
2941 5543 3222 5616 sanguine
3254 5540 3460 5598 Christi
3493 5537 3844 5611 postposito,

2205 5641 2488 5696 mundum
2527 5641 2623 5712 qui
2659 5639 2996 5710 redemptus
3025 5641 3112 5692 est
3147 5637 3522 5707 amplexatur.
3553 5633 3676 5688 Non
3705 5648 3848 5686 sum

2205 5733 2445 5790 idoneus
2469 5729 2680 5806 eloqui,
2714 5748 2877 5788 soror
2899 5729 3313 5798 amantissima,
3335 5725 3576 5800 prmmia
3593 5724 3844 5796 virgini-

2203 5827 2338 5884 tatis
2361 5843 2373 5884 :
2396 5831 2480 5882 est
2505 5827 2664 5882 enim
2690 5825 2982 5882 ineffabile
3005 5823 3244 5890 donum,
3267 5821 3614 5878 absconsum
3633 5818 3846 5889 oculis,
