3996 6188
259 407 364 458 877

1800 401 2082 457 REGULA.

3516 411 3619 465 878

258 510 512 564 celatum
531 509 784 576 auribus,
799 507 1194 581 intelligentia
1213 508 1564 562 obaeratum.
1581 507 1747 572 Quod
1768 523 1888 563 om-
1909 521 1967 594 Α
1988 523 2170 579 quens
2198 506 2455 562 Mariam.
2479 510 2666 579 Ipsam
2678 524 2818 580 ergo
2849 511 3014 564 oculo
3037 511 3248 566 mentis
3265 496 3505 585 suscipe,
3539 515 3622 586 ip-

259 619 366 658 nes
394 613 517 657 esse
537 605 774 674 sperant
791 602 992 669 sancti,
1017 605 1075 656 et
1091 605 1221 674 post
1242 601 1722 657 resurrectionem
1748 617 1885 655 cun-

259 698 353 750 cta
371 697 733 767 prastolatur
768 695 1018 750 Ecclesia
1051 695 1194 763 ﬁeri,
1218 711 1317 750 vos
1334 695 1458 766 jam
1481 695 1633 749 estis.
1663 696 1890 766 Comp-

260 785 411 840 tibile
457 787 570 848 hoc,
622 785 704 840 ait
748 785 1072 856 Apostolus,
1125 784 1317 839 induet
1357 785 1807 854 incorruptionem
1849 784 1890 849 (1

262 881 381 936 Cor.
413 861 530 949 xv):
555 878 666 934 Sed
709 894 909 932 revera
933 879 1064 949 post
1104 876 1584 932 resurrectionem
1611 875 1885 948 corporis.

259 973 400 1026 Ecce
420 988 520 1026 vos
541 971 986 1042 incorruptionis
1003 971 1240 1041 gloriam
1255 971 1379 1040 jam
1402 970 1572 1024 scitis.
1594 971 1704 1024 Vos
1721 970 1889 1024 istam

253 1065 380 1136 jam
420 1065 480 1118 in
524 1064 792 1136 prasenti
839 1065 1046 1118 saculo
1085 1067 1309 1136 partem
1335 1065 1533 1134 gloria
1565 1063 1884 1134 possidetis.

261 1157 489 1221 Quanta
515 1161 602 1212 est
629 1157 784 1211 enim
815 1156 1130 1224 beatitudo,
1157 1173 1285 1226 qua
1311 1155 1472 1210 vobis
1501 1155 1799 1226 reponitur
1828 1155 1887 1209 in

259 1251 522 1306 futurum
547 1251 560 1304 ἔ
592 1267 720 1322 qua
739 1249 898 1304 vobis
921 1266 1132 1305 corona
1152 1254 1350 1304 manet
1367 1249 1426 1304 in
1445 1253 1747 1316 aternum,
1763 1265 1890 1320 qua

259 1343 708 1414 incorruptionis
727 1342 992 1414 gratiam,
1008 1342 1082 1396 ad
1103 1358 1276 1412 quam
1297 1341 1460 1397 multi
1482 1342 1782 1413 pervenire
1797 1341 1890 1396 de-

255 1436 535 1503 siderant,
582 1435 676 1489 hic
717 1435 974 1490 habetis!
1022 1435 1216 1490 Gaude
1263 1451 1402 1506 ergo
1433 1435 1610 1489 talem
1657 1438 1712 1489 te
1742 1452 1885 1501 esse,

258 1529 446 1600 qualis
463 1529 559 1584 Dei
586 1530 837 1584 formata
858 1545 918 1582 es
939 1528 1223 1582 manibus.
1242 1529 1338 1583 llle
1356 1544 1494 1598 ergo
1512 1529 1738 1599 integra
1758 1546 1889 1583 con-

258 1623 346 1677 dit
383 1622 601 1693 utique,
625 1637 800 1692 quam
823 1621 1153 1693 integritate
1182 1621 1417 1690 ditavit;
1443 1637 1614 1692 quam
1638 1621 1710 1676 ad
1737 1621 1884 1676 inte-

258 1715 485 1788 gritatis
535 1715 776 1786 pramia
803 1715 1161 1786 praeparavit.
1190 1715 1442 1768 Perversi
1473 1715 1628 1768 enim
1652 1719 1886 1770 natura-

258 1805 375 1858 lem
396 1807 778 1875 corrumpunt
795 1802 1077 1870 homines,
1102 1819 1277 1874 quam
1297 1805 1444 1857 Deus
1464 1804 1732 1859 formavit
1748 1805 1888 1860 inte-

1987 617 2080 656 sos
2098 601 2373 656 comitare
2397 601 2620 670 choros,
2649 602 2785 674 ipsis
2820 606 2876 656 te
2906 602 3084 657 animi
3106 603 3394 661 desiderio
3410 607 3613 679 junge,

1988 693 2068 748 ibi
2095 694 2320 762 festina,
2357 695 2695 767 ibipropera
2728 713 2740 750 :
2771 695 2848 750 ibi
2871 699 3109 767 reposita
3134 704 3212 753 est
3236 714 3433 754 corona
3447 701 3617 769 justi-

1989 791 2099 850 tia,
2125 803 2288 858 quam
2313 788 2503 844 reddet
2531 789 2632 843 tibi
2655 791 2913 844 Dominus
2931 790 3112 860 justus
3125 791 3302 859 judea:
3323 795 3382 846 in
3409 794 3511 848 illa
3530 795 3618 849 die

1973 880 2066 952 .(Π
2098 883 2233 936 Tim.
2267 882 2363 952 1v).
2401 881 2562 936 Senti
2589 882 2783 936 fratris
2809 883 3072 938 animum
3116 887 3244 939 tuos
3289 884 3616 942 desiderare

1987 973 2294 1046 profectus,
2323 975 2468 1028 senti
2487 974 2679 1029 fratris
2697 976 3222 1047 concupiscentiam
3247 979 3392 1032 velle
3411 981 3466 1032 te
3491 995 3614 1033 esse

1987 1083 2118 1122 cum
2139 1067 2382 1122 Christo.
2421 1066 2528 1132 Qui
2563 1067 2668 1122 etsi
2697 1068 2756 1122 in
2794 1085 2884 1124 me
2905 1086 3022 1124 non
3062 1070 3248 1126 habeo
3289 1071 3443 1142 quod
3476 1071 3532 1124 in
3559 1076 3615 1125 te

1987 1161 2262 1232 perﬁcere
2291 1161 2436 1229 volo,
2469 1161 2785 1230 perdidisse
2817 1179 2910 1216 me
2944 1162 3173 1218 doleam
3204 1163 3359 1234 quod
3379 1168 3436 1218 te
3453 1168 3613 1220 tene-

1988 1270 2050 1307 re
2089 1253 2392 1308 desidero:
2427 1252 2537 1306 erit
2572 1253 2716 1308 mihi
2742 1255 2974 1310 interim
3003 1257 3270 1327 quadam
3299 1257 3488 1328 portio
3517 1274 3607 1312 re-

1988 1347 2296 1414 missionis,
2316 1347 2361 1400 si
2379 1349 2439 1400 tu
2462 1362 2589 1416 qua
2607 1363 2740 1418 pars
2761 1348 2966 1404 melior
2984 1350 3166 1404 nostri
3187 1367 3247 1404 es
3260 1351 3534 1422 corporis,
3557 1351 3616 1405 in

1988 1440 2079 1496 via
2103 1445 2471 1512 peccatorum
2512 1458 2628 1497 non
2653 1443 2915 1508 steteris;
2943 1443 2986 1496 si
3024 1442 3179 1513 quod
3199 1447 3379 1513 tenes,
3413 1444 3616 1498 firmis-

1987 1534 2130 1588 sime
2160 1539 2378 1592 teneas.
2409 1535 2536 1593 Heu
2572 1536 2753 1592 mihil
2795 1535 2840 1589 si
2872 1535 3014 1589 alius
3058 1534 3300 1606 accipiat
3340 1553 3614 1609 coronam

1987 1631 2166 1683 tuam.
2187 1631 2266 1684 Tu
2301 1632 2453 1702 apud
2478 1631 2766 1687 Christum
2792 1632 3052 1684 tutamen
3077 1645 3294 1696 meum,
3325 1632 3386 1683 tu
3413 1629 3622 1684 charis-

1989 1721 2133 1776 sima
2156 1740 2352 1778 meum
2372 1725 2603 1796 pignus,
2623 1727 2684 1779 tu
2710 1723 2897 1777 hostia
2923 1738 3054 1777 mea
3082 1721 3484 1789 sacratissima,
3505 1738 3617 1792 qua

1991 1817 2208 1887 expiari
2228 1834 2262 1871 a
2282 1817 2600 1873 colluvione
2613 1816 2833 1888 peccati
2855 1815 3206 1870 nondubito.
3231 1815 3288 1870 Si
3303 1818 3361 1870 tu
3384 1819 3616 1886 accepta

256 1914 447 1969 gram.
475 1898 546 1952 Et
573 1897 695 1951 hac
729 1896 948 1951 offensa
983 1896 1223 1950 humani
1265 1897 1493 1966 generis
1521 1897 1730 1968 prima,
1771 1899 1883 1954 hac

1992 1901 2214 1977 es'Deo,
2245 1909 2290 1964 si
2319 1914 2382 1965 tu
2409 1914 2562 1965 casto
2590 1909 2760 1964 cubili
2797 1924 2928 1962 cum
2960 1907 3182 1963 Christo
3219 1909 3532 1976 cubaveris,
3573 1909 3617 1962 si

257 1990 546 2045 damnata
575 1989 812 2061 originis
831 2006 1002 2044 causa
1023 1989 1161 2042 dum
1183 1989 1520 2060 protoplasti
1541 2007 1662 2044 esse
1685 1992 1884 2046 nolue-

256 2087 396 2138 runt
418 2083 571 2154 quod
596 2084 830 2138 fuerant
865 2081 1083 2137 conditi
1108 2099 1120 2136 :
1151 2081 1362 2136 idcirco
1390 2087 1727 2138 meruerunt
1745 2084 1804 2138 in
1827 2103 1885 2139 se

255 2181 315 2231 et
334 2177 394 2230 in
423 2177 585 2246 prole
613 2176 896 2230 damnari.
931 2177 1232 2246 Reparata
1266 2175 1622 2231 castimonia
1643 2177 1702 2231 in
1732 2177 1888 2231 vobis

253 2269 694 2335 retentaculum,
714 2286 746 2322 o
759 2267 1190 2339 virgines,quod
1206 2267 1582 2338 perdiderunt
1593 2269 1651 2322 in
1665 2269 1888 2340 paradi-

253 2379 318 2417 so
360 2362 532 2433 primi
553 2362 838 2416 homines.
869 2363 978 2416 Vos
1006 2361 1162 2415 enim
1196 2361 1589 2416 conditionem
1625 2363 1888 2417 servastis

253 2455 721 2527 primigenorum
747 2454 1072 2522 hominum,
1111 2471 1240 2526 qua
1276 2455 1420 2509 tales
1459 2457 1884 2526 perseverastis,

255 2551 457 2620 quales
476 2548 556 2603 illi
583 2555 716 2604 sunt
733 2547 998 2602 instituti.
1021 2548 1136 2604 Sed
1161 2554 1355 2603 cavete
1378 2550 1639 2620 exempla
1660 2566 1880 2604 eorum.

253 2643 407 2697 Heul
431 2642 579 2714 proh
613 2641 804 2697 dolor!
829 2657 992 2696 soror
1020 2641 1376 2709 charissima,
1405 2644 1541 2713 fuge
1563 2643 1886 2714 primorum

254 2735 562 2790 hominum
582 2736 867 2806 exempla,
894 2735 1161 2790 horresce
1181 2734 1464 2807 serpentis
1499 2735 1882 2807 antiquissimi

253 2827 454 2895 sibila;
479 2844 550 2882 ne
583 2827 818 2899 incipiat
838 2827 944 2882 tibi
966 2828 1294 2899 germinare
1335 2828 1528 2899 spinas
1549 2832 1608 2883 et
1644 2829 1884 2884 tribulos

253 2921 456 2976 vitiata
475 2925 650 2991 terra,
664 2925 723 2976 et
733 2937 860 2993 qua
871 2937 975 2993 pro
993 2921 1204 2992 insigni
1215 2921 1558 2993 virginitatis
1579 2922 1694 2977 lilia
1706 2939 1884 2978 rosas-

253 3031 372 3087 que
392 3015 675 3086 parturire
698 3014 889 3083 debet,
907 3015 1148 3069 urticam
1168 3018 1227 3069 et
1244 3020 1471 3086 paleam
1493 3016 1800 3086 producat:
1816 3016 1884 3072 isp

253 3113 400 3177 tam,
414 3124 544 3180 qua
573 3111 720 3176 urat,
733 3107 912 3175 illam,
930 3124 1058 3180 qua
1082 3109 1314 3163 laceret.
1330 3109 1438 3163 Vos
1450 3109 1608 3164 enim
1631 3109 1766 3164 estis
1776 3110 1885 3180 pri-

253 3217 358 3256 ma
398 3201 672 3256 delibatio
707 3200 964 3272 corporis
998 3202 1280 3256 Ecclesia.
1316 3203 1426 3256 Vos
1451 3202 1644 3273 itaque
1666 3219 1736 3258 ex
1765 3207 1885 3258 tota

251 3294 462 3352 Christi
488 3294 744 3365 corporis
767 3297 957 3349 massa
977 3294 1298 3350 oblationes
1317 3296 1433 3349 Deo
1454 3300 1722 3367 accepta,
1747 3300 1805 3351 et
1823 3296 1880 3351 in

250 3387 520 3460 supernis
545 3387 818 3442 altaribus
840 3392 1205 3443 consecrata.
1239 3389 1348 3443 Pro
1369 3392 1556 3443 vestro
1576 3389 1730 3444 enim
1747 3406 1879 3460 pro-

249 3481 465 3554 posito,
493 3485 551 3535 et
575 3497 679 3552 pro
697 3481 813 3535 ﬁde
839 3498 961 3549 sua,
985 3481 1175 3536 omnis
1199 3481 1447 3536 Ecclesia
1469 3498 1683 3536 nomen
1708 3482 1879 3554 virgi-

249 3574 454 3630 nitatis
472 3573 710 3646 indepta
729 3578 832 3642 est,
857 3574 996 3628 dum
1017 3575 1075 3628 in
1087 3591 1156 3629 ea
1177 3574 1383 3628 melior
1407 3591 1540 3646 pars
1555 3579 1612 3630 et
1632 3592 1878 3646 propen-

250 3667 372 3724 sior
385 3684 484 3722 vos
503 3667 654 3735 estis,
669 3684 797 3739 qua
823 3668 1031 3722 animae
1060 3667 1430 3742 corporisque
1450 3668 1621 3722 vestri
1641 3669 1880 3740 integri-

252 3765 438 3817 tatem
450 3761 672 3818 Christo
699 3761 1023 3816 dedicastis.
1047 3762 1116 3816 Et
1137 3761 1272 3816 licet
1291 3761 1350 3816 in
1367 3761 1633 3816 omnibus
1654 3762 1768 3816 suis
1781 3777 1878 3832 ge-

253 3855 534 3910 neraliter
552 3855 826 3910 membris
843 3855 957 3909 fide
973 3859 1210 3910 maneat
1228 3855 1410 3926 virgo,
1431 3858 1627 3910 tamen
1645 3872 1880 3910 suorum

251 3951 416 4021 parte
458 3949 874 4016 membrorum,
907 3949 1063 4020 quod
1094 3947 1228 4003 estis
1261 3965 1377 4017 vos,
1411 3964 1528 4003 non
1566 3949 1881 4020 incongrue

249 4043 417 4114 virgo
439 4043 614 4096 etiam
653 4059 929 4114 corporea
953 4060 965 4096 :
999 4059 1212 4113 genere
1233 4041 1448 4096 scilicet
1465 4042 1616 4098 illius
1640 4043 1878 4099 locutio-

252 4136 363 4203 nis,
382 4152 496 4208 quo
518 4139 810 4192 auttotum
832 4139 1056 4208 aparte,
1081 4141 1179 4191 aut
1189 4152 1322 4206 pars
1337 4135 1672 4191 nominatur
1685 4153 1720 4190 a
1735 4140 1876 4192 toto.

247 4229 524 4313 Meditare
546 4232 609 4284 ut
639 4230 924 4297 columba,
967 4229 1329 4284 sanctissima
1363 4228 1546 4301 virgo,
1589 4234 1646 4284 et
1684 4234 1879 4285 mente

248 4326 540 4394 pertracta
558 4339 684 4394 qua
701 4323 761 4377 in
778 4323 970 4378 futuro
990 4323 1093 4377 tibi
1113 4327 1349 4378 maneat
1367 4324 1551 4395 gloria
1571 4341 1589 4393 ;
1614 4340 1740 4394 qua
1761 4341 1880 4378 non

247 4415 582 4487 acquievisti
631 4415 789 4471 carni
819 4419 877 4470 et
923 4416 1232 4488 sanguini;
1265 4433 1454 4488 neque
1491 4431 1698 4488 corpus
1741 4415 1882 4470 illud

247 4509 675 4564 sanctissimum
713 4509 1013 4581 prostrasti
1042 4509 1415 4582 corruptioni.
1447 4514 1565 4580 Age
1601 4526 1761 4580 ergo,
1792 4525 1881 4565 co-

1987 2006 2050 2056 tu
2105 2003 2311 2058 Christi
2363 2004 2718 2076 amplexibus
2761 2001 3224 2073 fragrantissimo
3269 2000 3616 2072 virginitatis

1989 2095 2166 2151 odore
2190 2096 2502 2164 inhaseris,
2533 2098 2790 2169 profecto
2823 2095 3139 2168 peccatoris
3169 2110 3399 2149 memor
3423 2095 3616 2149 fratris

1989 2189 2271 2244 obtinebis
2292 2207 2395 2262 pro
2411 2195 2573 2246 reatu
2599 2190 2864 2260 germani
2887 2188 3310 2260 indulgentiam
3333 2204 3506 2258 quam
3519 2204 3616 2258 po-
3695 2215 3700 2220 -

1986 2284 2255 2354 posceris.
2303 2285 2426 2338 Non
2459 2288 2514 2338 te
2546 2283 2927 2349 contristabit,
2958 2281 3055 2353 qui
3085 2286 3140 2335 te
3181 2298 3298 2336 sua
3329 2281 3613 2352 copulavit

1988 2376 2264 2431 societati.
2296 2377 2537 2432 Sinistra
2565 2377 2707 2447 ejus,
2740 2377 2800 2431 in
2845 2392 2956 2447 qua
2985 2378 3069 2430 est
3095 2375 3283 2429 honor
3327 2380 3383 2428 et.
3408 2373 3612 2444 gloria,

1986 2470 2090 2523 sub
2117 2469 2303 2542 capite
2331 2475 2429 2526 tuo
2458 2487 2472 2538 ;
2504 2474 2562 2524 et
2588 2470 2822 2525 dextera
2847 2469 2988 2540 ejus,
3012 2469 3070 2522 in
3103 2483 3216 2538 qua
3241 2471 3327 2520 est
3359 2467 3610 2537 longitu-

1987 2564 2060 2618 do
2090 2563 2237 2630 vita,
2269 2565 2688 2634 amplexabitur
2717 2568 2771 2618 te
2803 2565 2980 2629 (Cant.
3025 2565 3103 2627 II).
3144 2561 3371 2615 Talibus
3419 2561 3610 2632 sponsi

1987 2656 2178 2711 oblata
2203 2657 2575 2727 amplexibus,
2604 2673 2798 2711 meam
2823 2655 3052 2709 veniam
3066 2654 3365 2725 postulans
3392 2653 3613 2708 obtine-

1984 2753 2088 2806 bis.
2115 2755 2293 2808 Amor
2327 2757 2456 2808 tuus
2484 2754 2542 2808 in
2565 2753 2788 2809 Christo
2825 2751 2936 2806 erit
2961 2751 3324 2820 indulgentia
3360 2765 3520 2804 mea:
3555 2754 3613 2803 et

1985 2847 2552 2918 quantulamcunque
2579 2863 2741 2918 spem
2765 2843 3118 2899 remissionis
3134 2843 3339 2910 habeo,
3365 2842 3409 2896 si
3439 2857 3604 2896 soror

1985 2955 2159 3011 quam
2185 2939 2360 3011 diligo
2393 2939 2465 2994 ad
2491 2939 2719 3012 nuptias
2743 2937 2952 2995 Christi
2986 2936 3282 2991 transierit
3306 2952 3319 3002 ;
3351 2939 3521 3006 atque
3547 2935 3605 2988 in

1983 3032 2079 3087 illo
2103 3033 2340 3087 terribili
2389 3031 2817 3104 metuendoque
2855 3029 3073 3102 judicio
3119 3027 3609 3100 respiramentum

1982 3125 2186 3195 aderit,
2220 3125 2314 3180 ubi
2354 3125 2424 3180 de
2469 3125 2652 3192 factis,
2681 3125 2921 3190 actibus,
2947 3123 3034 3176 vel
3063 3122 3134 3176 de
3179 3119 3502 3176 commissis
3529 3119 3612 3175 di-

1903 3250 1959 3325 C
1985 3218 2195 3274 scussio
2241 3218 2413 3273 fuerit
2441 3235 2454 3284 ;
2485 3218 2581 3272 ubi
2623 3218 2693 3272 de
2725 3217 2891 3282 meis.
2913 3215 3248 3287 dispendiis,
3277 3215 3391 3268 heu
3435 3212 3607 3268 mihi!

1983 3329 2108 3367 sum
2131 3312 2424 3382 cogendus
2438 3311 2682 3366 reddere
2702 3311 3007 3375 rationem,
3024 3311 3085 3362 tu
3105 3306 3372 3362 solatium
3389 3321 3608 3367 meum,

1983 3410 2044 3460 tu
2065 3406 2548 3476 respiramentum
2579 3420 2795 3458 meum.
2818 3404 2885 3457 Et
2903 3400 3153 3455 vindicta
3174 3415 3301 3470 qua
3329 3398 3473 3453 mihi
3500 3397 3599 3452 de-

1981 3499 2150 3553 betur
2167 3514 2271 3569 pro
2292 3497 2650 3568 negligentia
2671 3512 2821 3564 mea,
2845 3495 2994 3549 forte
3007 3491 3282 3548 castitatis
3311 3494 3422 3546 tua
3449 3490 3610 3545 seda-

1981 3589 2574 3646 biturintercessione.
2591 3589 2772 3643 Defen
2783 3587 2883 3642 des
2901 3603 2996 3641 me
3016 3586 3277 3657 profectu
3300 3587 3397 3640 tuo
3423 3600 3457 3638 a
3477 3599 3609 3638 meo

1983 3687 2145 3739 reatu
2165 3683 2372 3755 operis,
2404 3683 2447 3736 si
2475 3685 2536 3736 tu
2561 3681 2782 3737 Christo
2814 3679 3145 3748 adhaseris,
3169 3682 3227 3733 et
3245 3678 3290 3733 si
3308 3682 3370 3733 tu
3392 3676 3473 3732 illi
3484 3677 3604 3749 pla-

1981 3777 2182 3845 oneris,
2214 3793 2322 3848 ego
2367 3775 2522 3830 unde
2565 3775 2620 3830 ei
2649 3774 2919 3846 displiceo
2962 3790 3079 3828 non
3129 3772 3432 3843 gravabor,
3471 3771 3609 3826 dum

1982 3871 2086 3925 tibi
2107 3869 2387 3938 indulget,
2412 3868 2556 3924 mihi
2580 3872 2804 3942 parcet;
2833 3883 2938 3922 nec
2969 3866 3157 3938 perire
3177 3866 3416 3920 fratrem
3439 3863 3608 3926 sinet,

1981 3964 2142 4035 cujus
2168 3963 2400 4035 spondit
2428 3979 2706 4018 sororem.
2731 3965 2834 4018 Per
2868 3965 2924 4015 te
2957 3962 3104 4016 forte
3132 3958 3274 4013 mihi
3303 3957 3612 4013 donabitur

1941 4098 1946 4102 ρ
1980 4057 2428 4128 chirographum
2451 4056 2606 4128 quod
2623 4055 2912 4123 contraxi;
2937 4055 3075 4108 dum
3095 4055 3152 4106 te
3178 4051 3432 4109 Christus
3457 4052 3610 4106 fovet

1981 4155 2279 4220 charitate,
2309 4170 2404 4210 me
2434 4170 2551 4209 non
2575 4153 2745 4225 punit
2768 4169 2872 4224 pro
2899 4150 3162 4206 crimine.
3196 4149 3481 4214 Miserere,
3516 4164 3604 4201 so-

1979 4265 2096 4318 ror,
2125 4265 2243 4304 non
2263 4251 2492 4303 tantum
2513 4247 2615 4314 tui,
2640 4246 2740 4301 sed
2769 4250 2826 4300 et
2850 4245 2996 4310 mei;
3027 4247 3094 4298 ut
3119 4242 3270 4296 unde
3298 4239 3398 4294 tibi
3425 4243 3606 4294 restat

1979 4342 2182 4413 gloria,
2214 4342 2411 4397 saltem
2450 4339 2594 4394 mihi
2619 4340 2702 4393 vel
2735 4338 2901 4392 venia
2929 4335 3300 4391 concedatur.
3337 4333 3522 4387 Multa
3547 4332 3603 4385 in

1981 4438 2080 4489 tuo
2110 4437 2280 4488 erunt
2302 4433 2551 4504 virgines
2577 4431 2850 4485 comitatu
2875 4447 2888 4485 :
2912 4445 3043 4485 cum
3063 4427 3133 4481 iis
3144 4425 3309 4481 facile
3335 4425 3607 4496 impetra-

1977 4525 2064 4581 bis
2095 4543 2198 4598 pro
2227 4543 2321 4581 me
2351 4525 2506 4598 quod
2528 4523 2872 4596 p0posceris.
2903 4525 3026 4577 Imo
3054 4520 3179 4591 ipsa
3206 4521 3395 4574 mater
3420 4523 3477 4572 et
3497 4518 3606 4572 dux

249 4604 437 4674 δίαινε
485 4619 792 4674 Praesume:
843 4603 1121 4674 intellise,
1168 4603 1375 4674 quibus
1419 4608 1476 4658 te
1527 4603 2266 4692 amPlt’J‘ibuﬁDvirginum
2306 4619 2480 4676 Maria
2515 4633 2682 4672 suum
2715 4614 3107 4687 interpellabit
3131 4629 3235 4684 pro
3277 4615 3376 4666 tuo
3400 4611 3606 4666 merito

251 4697 451 4768 cupiat
473 4697 745 4765 Christus,
777 4714 904 4768 qua
924 4697 1130 4752 mundi
1155 4697 1386 4752 calcasti
1419 4697 1744 4766 illecebras;
1767 4714 1881 4770 quo

251 4795 307 4845 te
367 4789 652 4846 desiderio
691 4791 898 4846 chorus
926 4791 1022 4846 ille
1069 4793 1330 4862 expectet
1367 4790 1678 4862 virgineus,
1705 4808 1881 4864 quam

248 4883 390 4956 ipsis
417 4883 692 4955 gradibus
716 4889 1124 4956 properantem
1149 4886 1424 4941 calorum
1455 4886 1636 4941 ardua
1664 4886 1878 4956 vident,

248 4977 461 5050 quibus
507 4979 717 5033 chorns
765 4979 888 5050 ipse
936 4978 1230 5050 virginalis
1278 4980 1540 5052 pervenit
1579 4980 1654 5035 ad
1691 4980 1880 5036 Chris-

247 5075 398 5126 tum.
431 5071 654 5127 Gaudet
681 5076 740 5126 et
766 5073 941 5128 Maria
964 5076 1153 5128 mater
1177 5074 1426 5143 Domini,
1457 5091 1598 5147 apex
1625 5077 1684 5129 et
1709 5074 1884 5146 speci-

248 5181 394 5220 men
447 5165 809 5236 virginitatis,
855 5167 1303 5238 incorruptionis
1351 5173 1558 5237 mater,
1605 5185 1732 5240 qua
1783 5184 1882 5222 vos

250 5259 520 5330 exemplo
563 5275 667 5314 suo
704 5261 924 5331 genuit,
957 5265 1016 5316 et
1053 5267 1252 5317 manet
1278 5261 1506 5333 integra
1535 5277 1670 5330 ;vos
1707 5261 1879 5316 docu-

250 5355 455 5407 mento
467 5368 571 5406 suo
590 5353 832 5425 peperit,
856 5359 912 5409 et
939 5355 1165 5410 dolores
1194 5355 1462 5424 nescivit;
1489 5355 1692 5426 genuit
1707 5371 1880 5426 spon-

253 5461 404 5512 sum,
426 5447 487 5500 et
503 5445 666 5517 virgo
691 5450 794 5501 est.
821 5447 973 5502 Felix
997 5447 1092 5503 ille
1131 5453 1350 5516 venter,
1377 5449 1475 5520 qui
1503 5449 1662 5504 novit
1687 5447 1886 5520 gigne-

253 5555 337 5607 re,
363 5556 480 5594 non
498 5542 810 5612 corrumpi.
835 5541 1009 5598 Beata
1027 5543 1124 5597 illa
1149 5542 1490 5612 fecunditas,
1513 5559 1640 5614 qua
1663 5542 1886 5614 parien-

256 5632 332 5687 do
360 5633 622 5704 implevit
661 5634 968 5702 mundum,
998 5637 1356 5692 hareditavit
1392 5637 1580 5704 caelos,
1607 5651 1714 5690 nec
1740 5635 1884 5691 ami-

257 5724 329 5780 sit
365 5725 657 5782 velamina
698 5727 1058 5800 virginitatis.
1104 5729 1318 5784 Ardeat
1361 5746 1461 5784 cor
1487 5733 1672 5798 tuum,
1702 5745 1884 5798 soror,

258 5819 394 5893 igne
426 5821 544 5890 illo,
575 5837 748 5896 quem
784 5823 1039 5880 Christus
1057 5825 1214 5880 misit
1240 5824 1302 5880 in
1322 5827 1554 5880 terram.
1592 5826 1808 5882 Excitet
1832 5829 1888 5880 te

261 5914 495 5974 ﬂamma
535 5918 688 5989 ignis
723 5920 864 5991 ejus,
895 5926 953 5976 et
979 5922 1186 5976 chorus
1237 5923 1332 5979 ille
1365 5922 1658 5996 virgineus
1695 5940 1888 5996 prose-

1982 4713 2185 4769 Filium
2213 4731 2228 4780 ;
2274 4715 2333 4768 et
2363 4729 2433 4766 ne
2483 4715 2539 4766 te
2570 4709 2871 4765 contristet
2917 4724 3022 4780 pro
3051 4723 3145 4762 me
3193 4708 3481 4772 orantem,
3514 4721 3607 4758 me

1983 4807 2168 4878 eriget
2196 4807 2344 4861 forte
2373 4805 2688 4876 jacentem,
2714 4806 2772 4858 et
2797 4799 3160 4858 conscientia
3190 4801 3353 4853 reatu
3375 4813 3602 4852 meren-

1981 4901 2099 4952 tem
2126 4895 2530 4951 consolabitur.
2550 4895 2674 4948 Non
2703 4890 3090 4947 confundatur
3118 4903 3247 4958 spes
3275 4902 3406 4940 mea
3432 4902 3536 4958 per
3553 4888 3608 4940 te

1983 4990 2058 5046 ad
2083 4991 2282 5044 Deum.
2318 4989 2440 5044 Meo
2486 4987 2662 5059 igitur
2690 4987 3076 5049 hortamento,
3106 4995 3239 5035 meo
3266 4978 3605 5046 ministerio,
3697 4994 3714 5008 '

1982 5083 2084 5138 Dei
2103 5083 2334 5156 quidem
2358 5082 2532 5150 dono,
2557 5080 2657 5135 sed
2675 5095 2804 5134 meo
2823 5075 3119 5146 obsequio,
3142 5075 3292 5129 hanc
3308 5078 3472 5128 tenes
3484 5089 3610 5144 pro-

1984 5177 2315 5232 fessionem.
2345 5177 2430 5232 Sit
2450 5191 2586 5246 ergo
2609 5173 2754 5228 mihi
2775 5169 3077 5241 integritas
3096 5170 3196 5222 tua
3219 5183 3390 5223 causa
3405 5167 3606 5232 venia,

1984 5288 2112 5342 qua
2140 5271 2242 5326 tibi
2256 5270 2366 5325 erit
2393 5285 2564 5324 causa
2593 5280 2838 5322 corona.
2867 5264 3094 5329 Averte,
3120 5277 3334 5332 quaso,
3363 5262 3558 5316 oculos
3578 5277 3611 5313 a

1983 5365 2185 5421 mundi
2209 5364 2366 5418 falsis
2393 5361 2678 5416 inanibus.
2712 5359 2897 5414 Calos
2923 5355 3134 5426 aspice,
3157 5355 3251 5410 ubi
3273 5358 3360 5409 est
3373 5370 3612 5426 sponsus

1985 5463 2133 5514 tuus.
2167 5459 2302 5513 llluc
2351 5454 2610 5510 animum
2655 5451 2858 5521 dirige,
2892 5449 2989 5505 ubi
3029 5450 3270 5507 Christus
3305 5453 3382 5503 est
3421 5451 3479 5501 in
3524 5445 3614 5500 Dei

1984 5553 2209 5608 demtera
2258 5550 2442 5605 sedens
2479 5547 2612 5617 (Col.
2658 5546 2758 5614 ιιι).
2789 5546 2952 5602 Omne
2983 5541 3122 5598 enim
3164 5542 3307 5611 quod
3330 5543 3388 5594 in
3411 5537 3612 5592 mundo

1986 5650 2083 5708 est,
2120 5643 2544 5713 concupiscentia
2571 5641 2772 5702 carnis,
2799 5643 2850 5694 et
2887 5635 3314 5706 concupiscentia
3341 5631 3614 5686 oculorum

1987 5743 2064 5794 est
2091 5739 2138 5804 (Ι
2159 5740 2314 5792 Joan.
2346 5735 2426 5806 ιι).
2455 5735 2594 5800 Qua
2619 5749 2813 5787 sursus
2839 5735 2974 5785 sunt
3013 5742 3204 5800 quare
3228 5741 3241 5779 :
3272 5723 3368 5778 ubi
3395 5725 3481 5778 est
3502 5722 3617 5778 vita

1986 5835 2104 5899 tua,
2132 5829 2246 5885 illic
2265 5832 2400 5884 sunt
2419 5831 2478 5883 et
2497 5825 2781 5884 desideria
2799 5827 2899 5878 tua
2921 5839 2936 5889 ;
2967 5819 3066 5875 ubi
3091 5820 3178 5872 est
3202 5832 3444 5889 sponsus
3464 5819 3616 5884 tuus,

1989 5925 2068 5980 ibi
2113 5923 2188 5980 sit
2211 5927 2269 5980 et
2297 5923 2602 5978 thesaurus
2626 5923 2776 5974 tuus.
2809 5915 2950 5970 Nolo
2977 5915 3035 5968 te
3073 5909 3292 5966 moveri
3333 5911 3620 5984 voluptate
