3996 6188
427 372 531 438 879

1390 373 1621 430 SANCTI
1660 371 1973 437 LEANDRI,
2014 371 2444 430 HISPALENSIS
2483 371 2808 436 EPISCOPI.

3670 377 3758 430 880

426 486 638 554 saeculi,
679 486 814 542 nolo
841 491 896 541 te
926 484 1148 555 fulgore
1175 481 1362 536 carnis
1405 481 1680 537 decorari.
1709 481 1831 538 Cito
1861 487 2057 537 movet
2078 494 2136 567 Α
2155 485 2322 552 putas
2374 485 2698 552 corruptam
2727 480 2905 536 habet
2932 481 3234 536 mentem?
3261 479 3487 552 Triplex
3530 483 3757 536 commisi

426 581 671 636 alienam
697 579 996 634 libidinem
1016 592 1149 631 caro
1175 580 1392 642 ornata,
1422 578 1479 630 et
1499 580 1758 648 aspectus
1777 575 2057 646 juvenum

427 675 490 730 in
519 690 578 730 se
597 676 880 744 provocat,
908 686 1036 742 quae
1053 686 1110 724 se
1129 669 1430 740 componit
1449 673 1514 724 ut
1541 673 1739 724 ornata
1760 668 2054 740 procedat.

425 767 650 822 Placere
679 764 824 818 velle
854 763 1034 818 oculis
1060 761 1281 829 alienis,
1319 761 1551 817 affectus
1579 766 1664 816 est
1689 761 2006 816 meretricis
2037 778 2052 829 ;

430 863 490 914 et
517 859 587 914 ad
613 856 807 929 sponsi
849 855 1090 910 caelestis
1115 855 1360 910 refertur
1387 855 1678 926 iniuriam,
1708 855 1754 909 si
1797 855 1874 909 ita
1898 855 2053 909 ince-

430 953 530 1007 das
553 956 620 1006 ut
637 949 812 1005 oculis
836 949 1158 1004 libidinosis
1182 949 1425 1020 placeas.
1461 949 1615 1016 Esto,
1643 964 1856 1019 quaeso,
1877 947 2056 1017 judex

428 1047 581 1100 inter
597 1043 876 1099 nubentes
905 1047 963 1096 et
985 1041 1265 1113 virgines:
1289 1058 1450 1114 spem
1473 1041 1771 1112 utriusque
1800 1040 2058 1095 conside-

429 1155 510 1206 ra,
533 1136 658 1210 quis
676 1152 850 1208 quam
875 1139 1068 1189 teneat
1087 1135 1238 1188 viam
1266 1135 1502 1190 aestima.
1535 1135 1704 1205 Virgo
1731 1133 1918 1188 studet
1943 1133 2057 1204 pla-

429 1246 555 1286 cere
585 1232 740 1298 Deo;
773 1233 950 1299 nupta
985 1229 1217 1282 saeculo.
1245 1227 1416 1299 Virgo
1459 1231 1646 1281 servat
1671 1227 2054 1298 integritatem

431 1340 542 1396 qua
566 1328 703 1378 nata
733 1327 852 1391 est;
883 1327 1062 1392 nupta
1087 1321 1488 1391 corrumpitur.
1533 1322 1599 1374 Et
1622 1320 1789 1391 quale
1818 1325 1920 1389 est,
1958 1318 2057 1372 ubi

429 1436 546 1475 non
570 1423 864 1490 permanet
885 1418 1108 1486 integra
1121 1421 1184 1470 ut
1205 1417 1372 1486 capit
1389 1432 1509 1470 esse
1534 1419 1738 1468 natura
1755 1416 1782 1469 ‘t
1801 1415 2056 1468 Primum

431 1513 622 1568 divino
650 1510 808 1582 operi
833 1511 1120 1580 irrogatur
1147 1509 1374 1579 injuria,
1399 1508 1538 1562 dum
1558 1507 1712 1579 quod
1732 1508 1823 1562 ille
1850 1507 2057 1561 forma-

431 1606 513 1660 vit
547 1605 838 1675 integrum
861 1602 1095 1657 libidine
1117 1601 1521 1672 corrumpitur,
1549 1600 1786 1655 libidine
1815 1600 2057 1655 macula-

430 1701 547 1752 tur.
582 1699 642 1751 ln
672 1713 767 1750 vos
807 1697 950 1750 Deus
987 1695 1277 1765 cognoscit
1301 1710 1443 1764 opus
1467 1710 1634 1748 suum
1661 1710 1679 1762 ;
1719 1709 1858 1764 quas
1901 1696 2060 1747 tenet

433 1790 724 1858 saeculum,
755 1793 811 1844 et
837 1804 950 1842 non
973 1786 1322 1858 corrumpit;
1352 1803 1495 1858 quas
1513 1787 1653 1840 tales
1671 1786 1820 1840 Deus
1838 1785 2054 1856 recipit,

2159 574 2536 630 adulterium:
2565 573 2794 642 mentis,
2827 589 2956 645 qua:
2993 573 3167 628 talem
3213 573 3489 628 meditata
3516 577 3593 628 est
3619 574 3754 628 frau-

2157 667 2318 736 dem;
2349 667 2620 740 corporis,
2658 683 2787 739 quae
2807 665 3084 739 ﬁgmento
3109 666 3350 721 mutavit
3374 667 3646 738 speciem;
3673 685 3755 722 ve-

2157 760 2341 828 stitus,
2387 777 2516 832 quae
2554 777 2670 815 non
2709 760 2962 832 proprio,
2991 760 3089 814 sed
3129 759 3312 814 alieno
3339 759 3555 831 fragrat
3589 759 3751 814 odore.

2157 853 2250 908 His
2279 854 2441 908 malis
2478 854 2639 925 virgo
2663 854 2876 922 nescia,
2921 869 3120 908 sexum
3165 853 3358 920 habet,
3385 859 3444 908 et
3479 869 3639 907 sexus
3680 871 3756 908 ne

2157 947 2477 1001 cessitatem
2502 946 2748 1017 ignorat.
2781 946 3060 1002 Feminea'
3087 946 3405 1017 fragilitatis
3435 945 3608 1000 oblita
3633 947 3756 1017 rigo-

2157 1056 2220 1093 re
2250 1039 2685 1107 virilisubsistit,
2715 1042 2887 1111 atque
2914 1039 3208 1094 inﬁrmum
3232 1055 3432 1094 sexum
3448 1038 3649 1094 virtute
3678 1057 3753 1094 so-

2157 1131 2390 1187 lidavit:
2421 1149 2526 1187 nec
2551 1133 2770 1187 addixit
2800 1133 3068 1188 servitute
3097 1149 3319 1204 corpus,
3338 1132 3487 1203 quod
3517 1133 3638 1202 lege
3667 1150 3754 1186 na-

2156 1230 2299 1280 turas
2329 1225 2449 1281 viro
2479 1225 2750 1296 subjacet.
2781 1225 2935 1280 Felix
2952 1225 3136 1297 virgo,
3155 1241 3283 1296 qua:
3299 1241 3506 1296 corpus
3524 1225 3756 1280 trahitex

2157 1319 2290 1387 Eva,
2316 1335 2434 1373 non
2455 1335 2682 1389 pinnam
2708 1319 2723 1372 ι
2754 1319 2852 1372 Illa
2870 1319 3090 1390 peccati
3108 1319 3314 1372 merito
3341 1318 3529 1372 audit:
3551 1319 3650 1374 Sub
3665 1322 3759 1373 viri

2151 1417 2416 1482 potestate
2437 1417 2563 1474 eris,
2585 1417 2636 1466 et
2655 1415 2713 1466 in
2743 1414 3016 1467 doloribus
3038 1415 3218 1482 paries
3249 1413 3395 1480 (Gen.
3421 1411 3483 1478 ι).
3513 1412 3589 1465 Tu
3614 1412 3759 1482 virgi-

2157 1505 2397 1560 nitatem
2418 1505 2648 1576 adepta,
2675 1522 2707 1558 a
2735 1505 2835 1560 tali
2851 1506 2993 1577 jugo
3023 1505 3316 1560 excussisti
3341 1504 3641 1574 cervicem;
3669 1522 3756 1559 nec

2159 1615 2350 1669 pressa
2370 1599 2557 1670 jugali
2600 1599 2933 1654 necessitate
2970 1597 3295 1654 curvaberis
3321 1597 3396 1652 ad
3427 1593 3650 1669 terram,
3677 1599 3756 1653 sed

2157 1695 2217 1750 in
2240 1695 2470 1750 sublimi
2489 1699 2673 1750 erecta
2693 1696 2860 1751 caelos
2880 1696 3144 1768 suspicis;
3171 1700 3234 1752 ut
3253 1698 3403 1752 unde
3428 1697 3524 1752 illa
3543 1698 3754 1752 vetitum

2157 1789 2558 1860 praesumendo
2585 1789 2806 1856 cecidit,
2823 1789 2924 1844 ubi
2946 1793 3007 1844 tu
3027 1789 3182 1845 licita
3208 1791 3620 1846 contemnendo
3637 1806 3753 1844 con-

434 1885 628 1956 quales
641 1881 792 1937 fecit.
814 1880 1016 1937 Omnia
1031 1881 1220 1951 itaque
1249 1879 1620 1934 restauranda
1645 1883 1778 1934 sunt
1801 1879 1860 1932 in
1882 1889 2062 1932 resur-
2081 1875 2138 1948 B
2163 1883 2472 1938 scenderes.
2519 1883 2632 1936 Eva
2678 1884 2922 1954 gustavit
2947 1883 3017 1939 de
3045 1882 3262 1950 illicito,
3295 1889 3351 1940 et
3392 1884 3752 1955 virginitatem

382 1988 390 1997 '
431 1977 686 2032 rectione
713 1991 841 2048 qua:
871 1990 1025 2030 nunc
1053 1977 1295 2046 pereunt
1334 1973 1404 2029 de
1446 1989 1705 2044 corpore.
1756 1971 2062 2043 Virginitas

433 2073 610 2129 semel
635 2073 857 2145 perdita
884 2087 987 2127 nec
1014 2071 1104 2126 hic
1127 2073 1442 2143 reparatur,
1473 2087 1579 2126 nec
1603 2071 1664 2125 in
1690 2070 1884 2126 futuro
1912 2069 2058 2124 reci-

431 2167 607 2238 pitur.
657 2167 866 2221 Verum
907 2168 994 2220 est
1029 2164 1185 2236 quod
1229 2165 1376 2219 Deus
1403 2164 1745 2236 praeceperit
1792 2162 2057 2236 nuptias;

432 2264 534 2320 sed
559 2264 788 2332 idcirco,
816 2267 881 2316 ut
903 2262 1037 2318 inde
1061 2267 1390 2318 nasceretur
1415 2261 1745 2333 virginitas:
1775 2266 1842 2316 ut
1866 2260 2056 2316 multi-

431 2356 638 2428 plicata
683 2355 967 2427 virginum
1017 2355 1383 2422 successione,
1413 2355 1732 2410 lucraretur
1767 2353 1829 2408 in
1876 2353 2058 2424 prole,

433 2449 589 2520 quod
615 2447 981 2520 perdiderant
994 2449 1233 2520 nuptiae.
1263 2449 1332 2502 Et
1350 2447 1510 2502 radix
1531 2450 1590 2501 et
1608 2447 1824 2502 fructus
1843 2447 2063 2517 nuptia-

435 2558 566 2598 rum
589 2541 887 2614 virginitas
915 2545 1018 2596 est.
1043 2543 1120 2596 De
1144 2541 1410 2613 conjugio
1427 2545 1576 2596 certe
1601 2541 1852 2595 nascitur
1863 2539 2023 2612 virgo
2043 2557 2056 2594 :

433 2651 561 2708 quia
590 2635 638 2690 si
663 2651 774 2690 non
799 2634 1206 2706 corrumpitur,
1224 2635 1296 2690 ad
1315 2634 1648 2706 nuptiarum
1667 2633 1898 2688 additur
1921 2649 2062 2704 pra:-

434 2729 639 2784 mium.
685 2729 902 2784 Habent
925 2733 1118 2799 nupta:
1143 2727 1296 2783 unde
1325 2727 1612 2794 laetentur,
1643 2727 1692 2781 si
1727 2727 1815 2782 sui
1843 2727 2060 2781 fructus

433 2821 645 2878 cmlesti
667 2821 878 2876 horreo
905 2825 1275 2892 reponantur.
1316 2821 1397 2878 Tu
1425 2836 1656 2892 quoque
1689 2819 2059 2875 communiun

432 2917 734 2987 parentum
753 2914 1068 2970 cumulabis
1090 2914 1294 2968 merita
1315 2931 1332 2982 ;
1361 2913 1473 2968 tuis
1493 2913 1720 2984 utrique
1745 2912 2060 2968 honoribus

432 3007 926 3075 munerabuntur;
956 3011 1012 3063 te
1038 3007 1196 3078 prole
1221 3006 1443 3063 Christo
1469 3007 1816 3076 adhaerente,
1845 3005 1951 3077 ipsi
1976 3022 2062 3060 re-

435 3100 650 3172 cipient
666 3099 726 3154 in
740 3100 926 3154 fructu
939 3099 1166 3170 quodin
1186 3099 1397 3170 cespite
1419 3099 1813 3171 perdiderunt.
1833 3100 2057 3166 Recole,

435 3209 569 3248 mea
617 3208 794 3259 soror,
854 3192 1232 3246 humanarum
1275 3192 1607 3263 nuptiarum
1654 3207 1960 3261 aerumnas,
2002 3194 2060 3245 et

435 3287 630 3343 claude
657 3286 865 3354 oculos,
895 3300 968 3340 ne
1004 3283 1193 3339 videas
1235 3284 1560 3339 vanitatem.
1596 3284 1784 3338 Prima
1811 3284 2061 3356 pericula

432 3379 761 3453 nuptiarum
789 3375 914 3433 haec
939 3382 1106 3433 sunt:
1149 3377 1462 3450 corruptio,
1492 3377 1869 3449 corruptionis
1907 3377 2060 3432 fasti-

2163 1975 2424 2046 perdidit.
2454 1976 2676 2030 Licebat
2704 1975 2920 2031 nubere
2945 1977 3174 2048 virgini,
3207 1977 3308 2032 sed
3333 1994 3464 2049 quae
3493 1994 3605 2032 non
3628 1994 3755 2048 nup-

2162 2069 2255 2137 sit,
2289 2069 2506 2140 angelis
2544 2069 2802 2124 adhaasit.
2829 2073 2895 2126 In
2919 2073 3354 2126 resurrectionem
3377 2074 3522 2126 enim
3549 2087 3648 2126 non
3670 2088 3755 2126 nu-

2164 2163 2314 2225 bunt,
2349 2179 2519 2233 neque
2536 2164 2727 2218 uxores
2755 2163 2994 2230 ducunt;
3017 2165 3112 2220 sed
3135 2170 3294 2220 erunt
3319 2169 3462 2220 sicut
3487 2167 3658 2234 angeli
3681 2169 3759 2222 Dei

2162 2256 2379 2326 (Matth.
2403 2255 2558 2328 xxu).
2576 2256 2734 2324 Vide,
2750 2257 2910 2328 virgo
2925 2273 3053 2328 quae
3068 2274 3186 2313 non
3207 2259 3391 2328 nubit,
3405 2261 3622 2332 angelis
3635 2275 3759 2314 como

2161 2354 2416 2420 paratur.
2457 2350 2609 2405 Licet
2641 2350 2798 2404 enim
2837 2351 3075 2422 gignere
3117 2351 3299 2420 ﬁlios;
3330 2353 3432 2408 sed
3467 2369 3593 2425 qua:
3632 2354 3756 2408 hanc

2161 2447 2495 2513 spreverunt
2550 2443 2968 2512 necessitatem,
3012 2444 3299 2500 Christum
3349 2446 3630 2502 dicentem
3670 2462 3757 2500 au-

2161 2536 2325 2590 diunt
2346 2553 2360 2590 :
2388 2540 2566 2592 Beatse
2582 2539 2787 2592 steriles
2806 2553 2926 2608 quae
2941 2553 3048 2592 non
3076 2543 3395 2606 genuerunt,
3419 2545 3470 2594 et
3492 2540 3648 2594 ubera
3661 2555 3761 2610 qua

2160 2645 2266 2684 non
2312 2631 2649 2685 lactaverunt
2691 2631 2832 2700 (Luc.
2860 2633 3034 2700 xxm).
3067 2632 3107 2685 E
3135 2632 3417 2686 contrario
3444 2632 3554 2688 illic
3581 2633 3761 2687 dicitur

2162 2723 2389 2794 nuptis:
2428 2725 2520 2779 Vae
2557 2725 2961 2794 prwgnantibus
2985 2729 3037 2779 et
3061 2727 3428 2782 nutrientibus
3453 2730 3510 2781 in
3548 2727 3640 2781 illa
3669 2726 3759 2780 die.

2162 2817 2351 2887 Itaque
2367 2815 2602 2887 virginei
2618 2833 2816 2871 sensus
2838 2834 2941 2888 pro
2961 2817 3092 2872 ﬁliis
3105 2822 3470 2889 reputantur.
3485 2819 3623 2884 Quid
3645 2835 3761 2889 ergo

2159 2909 2365 2980 quaerit
2379 2926 2518 2980 quos
2545 2910 2816 2981 pariendo
2844 2911 3050 2981 doleat,
3073 2927 3200 2982 quae
3222 2911 3343 2983 pios
3372 2913 3545 2968 habet
3568 2929 3758 2970 sensus.

2159 3003 2365 3074 quibus
2391 3002 2716 3058 meditando
2735 3004 3091 3076 congaudeat
3116 3006 3144 3060 Τ
3178 3008 3408 3078 Propter
3435 3009 3666 3062 timorem
3687 3012 3760 3060 tu-

2157 3112 2268 3159 um,
2297 3099 2536 3159 Domine,
2563 3097 2768 3168 inquit,
2793 3101 2850 3152 in
2878 3104 3028 3154 utero
3046 3101 3367 3171 accepimus,
3407 3105 3460 3155 et
3478 3102 3758 3172 parturivi-

2157 3206 2275 3245 mus
2301 3192 2565 3260 Spiritum
2593 3193 2791 3246 salutis
2834 3193 2984 3260 (Isai.
3014 3193 3178 3264 xxv1).
3208 3195 3348 3248 Ecce
3375 3193 3516 3249 felix
3540 3209 3754 3263 concep-

2160 3284 2258 3350 tio,
2280 3283 2605 3355 incorrupta
2622 3285 2947 3356 progenies,
2970 3285 3124 3341 utilis
3139 3290 3334 3358 partus
3359 3305 3373 3342 :
3409 3287 3502 3342 ubi
3531 3292 3586 3342 et
3599 3287 3759 3358 proles

2157 3377 2325 3432 bona:
2353 3377 2710 3449 cogitationis
2733 3378 2939 3444 editur,
2958 3385 3014 3434 et
3033 3379 3332 3451 ignoratur
3360 3381 3548 3436 dolor.
3575 3382 3668 3434 Tot
3688 3381 3757 3434 fe-

433 3475 548 3545 dia,
577 3473 802 3546 pondus
822 3471 969 3526 uteri
991 3471 1284 3543 gravidati,
1313 3471 1473 3526 dolor
1496 3475 1693 3543 partus
1719 3471 2057 3543 plerumque
2157 3469 2286 3524 licia
2311 3470 2592 3542 germina,
2618 3475 2760 3543 quot
2784 3475 2992 3526 sancta:
3031 3473 3423 3545 cogitationes,
3451 3475 3612 3529 toties
3633 3489 3749 3528 con-

433 3568 507 3623 ad
531 3567 833 3622 discrimen
859 3565 1062 3620 mortis
1089 3564 1444 3636 perveniens,
1477 3564 1570 3618 ubi
1596 3569 1652 3619 et
1672 3581 1881 3619 munus
1911 3582 2055 3636 nup-
2159 3564 2313 3634 cipit,
2346 3563 2563 3635 quoties
2602 3570 2795 3620 sancta
2829 3565 3199 3622 meditatione
3225 3568 3509 3638 Spiritum
3534 3568 3757 3623 divinum

429 3661 637 3716 tiarum
657 3659 808 3732 perit
827 3663 883 3713 et
896 3659 1112 3714 fructus
1133 3676 1150 3728 ;
1176 3658 1316 3713 dum
1344 3658 1514 3712 simul
1541 3661 1724 3713 mater
1739 3675 1870 3713 cum
1897 3658 2058 3728 prole
2159 3657 2324 3728 capit.
2351 3658 2656 3730 Conceptio
2705 3659 2859 3716 enim
2891 3676 3134 3732 superna
3159 3661 3397 3716 virtutes
3425 3663 3588 3734 parit.
3618 3663 3677 3716 Et
3695 3676 3753 3714 ne

433 3752 638 3820 deﬁcit,
669 3757 726 3806 et
746 3752 932 3806 omnis
959 3751 1055 3806 illa
1081 3768 1292 3823 pompa
1308 3750 1580 3823 nuptialis
1603 3751 1804 3806 mortis
1831 3753 2058 3806 frustra-
2157 3755 2322 3822 putes
2347 3755 2401 3805 te
2431 3767 2550 3807 esse
2576 3752 2845 3820 sterilem,
2874 3756 2956 3809 tot
2990 3753 3136 3808 ﬁlios
3163 3754 3421 3825 habebis,
3454 3759 3588 3828 quot
3615 3756 3757 3809 virtu-

431 3852 529 3902 tur
543 3845 812 3901 termino.
828 3845 1009 3908 Quam
1029 3845 1303 3916 putabant
1317 3861 1542 3900 causam
1558 3861 1677 3900 esse
1691 3845 2058 3916 lastitiae,quis
2159 3847 2244 3899 tes
2269 3845 2590 3915 protuleris.
2620 3847 2738 3901 Una
2765 3847 2944 3902 sancti
2972 3847 3209 3918 Spiritus
3234 3850 3600 3920 conceptione
3626 3847 3753 3902 mul-

434 3955 558 3994 eam
614 3937 970 3992 occasionem
1019 3937 1389 3992 interimendi
1416 3937 1685 3993 invenit?
1740 3937 1882 4003 Quid
1926 3940 2060 4010 aget
2157 3942 2242 3993 tos
2274 3937 2407 3994 edes
2432 3942 2648 4009 partus.
2675 3939 2898 3994 Primus
2923 3945 3121 4012 partus
3143 3942 3404 4013 virginis,
3437 3941 3754 3998 verecundia

429 4035 559 4105 post
584 4033 854 4098 mortem,
883 4045 1013 4100 quae
1053 4031 1232 4084 totam
1265 4031 1521 4085 laetitiam
1567 4031 1782 4102 nuptiis
1815 4031 2054 4102 deputa-
2157 4031 2371 4101 virtus;
2401 4032 2678 4087 secundus
2703 4033 3010 4104 patientize,
3033 4035 3230 4090 tertius
3258 4036 3596 4102 sobrietatis,
3615 4050 3753 4106 quarc

431 4125 514 4180 vit
529 4125 556 4180 Τ
575 4125 710 4189 Quae
725 4123 846 4177 viro
865 4123 1086 4194 placere
1105 4123 1300 4191 voluit,
1327 4139 1442 4177 non
1461 4125 1592 4192 Deo,
1613 4123 1749 4194 quid
1767 4127 1898 4194 aget
1915 4124 2056 4178 dum
2157 4130 2246 4180 tus
2267 4125 2679 4198 temperantiae,
2720 4127 2954 4198 quintus
2995 4128 3302 4198 charitatis,
3332 4135 3529 4186 sextus
3556 4127 3756 4184 humili-

433 4219 549 4274 exit
576 4235 610 4272 a
635 4217 842 4272 saeculo
867 4217 894 4272 ‘f
917 4217 1053 4280 Quae
1083 4215 1318 4270 sollicita
1343 4215 1450 4270 fuit
1491 4215 1783 4287 quomodo
1811 4217 2059 4288 placeret
2156 4219 2304 4285 tatis,
2330 4219 2604 4289 septimus
2629 4220 2914 4291 castitatis,
2941 4223 3008 4276 ut
3041 4221 3344 4294 impleatur
3369 4223 3526 4296 quod
3551 4223 3747 4292 legitur,

431 4311 668 4378 mundo,
696 4327 870 4383 quam
898 4309 1107 4381 poterit
1133 4308 1340 4364 habere
1373 4313 1596 4382 partem
1640 4327 1770 4365 cum
1797 4310 2057 4366 Christo?
2155 4312 2290 4383 quia
2329 4314 2530 4368 sterilis
2567 4317 2777 4384 peperit
2820 4319 3020 4386 septem
3065 4315 3113 4386 (Ι
3161 4319 3289 4386 Reg.
3341 4318 3426 4388 ιι).
3484 4319 3614 4372 Ecce
3662 4330 3750 4368 una

431 4406 568 4470 Quae
592 4403 842 4476 primum
866 4419 982 4458 non
1013 4403 1159 4458 bene
1177 4401 1310 4457 viris
1330 4419 1389 4458 se
1409 4403 1752 4472 distrahunt,
1777 4402 2057 4475 simulque
2156 4403 2494 4476 septiformis
2526 4406 2766 4478 Spiritus
2789 4408 3152 4480 conceptione
3179 4414 3400 4481 septem
3438 4414 3628 4482 partus
3651 4407 3748 4461 edi»

431 4514 562 4553 cum
585 4496 860 4570 pudicitia
877 4495 1196 4552 libertatem
1221 4496 1488 4568 perdunt,
1523 4496 1751 4568 quando
1776 4497 2056 4569 captivam
2155 4497 2305 4554 disti.
2339 4501 2458 4557 Non
2481 4499 2662 4556 dicas:
2689 4503 2819 4557 Ecce
2855 4518 2948 4572 ego
2973 4503 3178 4573 lignum
3219 4504 3466 4567 aridum,
3506 4506 3628 4574 quia
3661 4503 3748 4554 hct

430 4589 816 4662 virginitatem
864 4595 1120 4661 suscepta
1161 4589 1296 4644 dote
1338 4589 1626 4645 addicunt.
1655 4589 1798 4655 Quid
1835 4591 2056 4646 miserae
2075 4616 2134 4668 ῃ
2157 4591 2290 4646 dicit
2313 4595 2569 4649 Dominus
2587 4595 2841 4650 eunuchis
2875 4613 2892 4649 :
2920 4597 3025 4663 Qui
3047 4597 3406 4654 custodierint
3423 4599 3648 4668 requiem
3667 4608 3750 4646 me

430 4682 513 4739 illi
526 4686 804 4752 remanet,
842 4699 968 4754 quae
1009 4683 1292 4756 pudorem
1321 4683 1618 4738 venditat?
1647 4683 1810 4748 Quod
1841 4683 1888 4738 si
1914 4684 2056 4739 forte
2075 4682 2121 4688 '
2157 4701 2266 4748 am,
2306 4691 2356 4740 et
2384 4687 2635 4754 elegerint
2667 4703 2787 4758 qua
2813 4689 2982 4752 volui,
3011 4696 3062 4744 et
3088 4693 3358 4746 tenuerint
3384 4692 3564 4758 fmdus
3587 4702 3746 4746 meum,

433 4776 656 4845 mundi,
690 4781 755 4830 ut
783 4775 908 4830 ﬁeri
941 4775 1100 4845 solet,
1128 4791 1262 4831 casu
1292 4776 1495 4846 perdat
1518 4776 1899 4845 donationem,
1922 4782 2057 4833 tunc
2156 4779 2296 4834 dabo
2320 4781 2395 4834 eis
2421 4781 2480 4834 in
2504 4780 2656 4836 domo
2700 4797 2818 4836 mea
2855 4787 2904 4838 et
2929 4785 2989 4837 in
3017 4787 3193 4839 muris
3221 4787 3352 4839 meis
3383 4785 3575 4846 locum,
3600 4787 3645 4837 et
3669 4797 3745 4834 που

432 4875 489 4926 et
505 4869 725 4943 pudore
749 4868 947 4935 caruit,
973 4873 1030 4923 et
1049 4868 1242 4923 amisit
1266 4869 1532 4940 pretium.
1563 4869 1726 4924 Vides
1751 4887 1923 4942 quam
1945 4888 2053 4927 nu-
2155 4887 2276 4927 men
2310 4873 2498 4928 melius
2539 4890 2576 4928 a
2603 4875 2735 4945 ﬁliis
2765 4880 2816 4931 et
2837 4892 2874 4931 a
2893 4877 3147 4946 ﬁliabus;
3173 4893 3366 4933 nomen
3404 4879 3748 4950 smpiteme

431 4963 508 5018 da
542 4968 601 5019 et
624 4962 888 5018 destituta
913 4961 974 5016 in
999 4966 1240 5033 utroque
1259 4962 1564 5018 remansit!
1593 4965 1718 5043 iPro
1752 4964 1872 5019 viro
1905 4971 2055 5020 certe
2155 4965 2297 5021 dabo
2321 4969 2418 5030 eis,
2446 4967 2590 5038 quod
2612 4983 2721 5024 non
2741 4970 2946 5041 peribit
2971 4969 3098 5042 (Isa.
3131 4972 3259 5043 va).
3285 4971 3478 5040 Vides,
3510 4967 3743 5026 amantis-

431 5056 663 5128 gemino
693 5055 914 5111 timoris
933 5055 1158 5110 addicta
1183 5055 1458 5126 periculo,
1499 5042 1663 5112 timet
1681 5056 1894 5112 bonum
1917 5075 2052 5130 per-

431 5150 588 5216 dere,
609 5150 773 5204 timet
807 5149 1026 5204 malum
1053 5148 1280 5204 habere.
1302 5149 1438 5214 Quis
1458 5166 1597 5222 ergo
1628 5150 1778 5205 inter
1796 5151 1916 5206 haec
1940 5169 2055 5208 me-

427 5243 556 5298 dius
579 5243 666 5298 est
679 5243 835 5298 locus
850 5242 1061 5298 laetitiae
1079 5243 1108 5296 ἳ
1124 5243 1270 5307 Quas
1287 5243 1505 5298 formas
1525 5243 1793 5299 lenocinii
1815 5245 2055 5301 medita-

427 5339 524 5391 tur
547 5341 610 5390 ut
633 5335 856 5408 placeat
879 5336 1095 5391 oculis?
1117 5336 1323 5407 quibus
1342 5337 1664 5409 peregrinis
1687 5338 1953 5394 odoribus
1972 5340 2055 5394 in-

425 5429 545 5486 ﬁcit
570 5434 785 5484 vestem
810 5430 838 5484 τ
875 5433 933 5482 et
953 5432 1020 5483 ut
1045 5429 1288 5486 oblectet
1329 5447 1545 5498 sensus,
1565 5435 1752 5486 cutem
1778 5433 2056 5488 mentitur

427 5523 691 5580 alienam.
727 5523 846 5588 Que
875 5522 1006 5577 fuco
1035 5522 1238 5578 illitam
1270 5524 1429 5579 vario
1459 5524 1738 5580 adulterat
1774 5525 2051 5598 ﬁgmento

423 5617 648 5685 faciem,
680 5631 754 5671 ne
779 5615 852 5670 sit
893 5615 1014 5686 ipsa
1049 5631 1178 5686 quae
1206 5619 1341 5670 nata
1370 5620 1475 5686 est,
1504 5621 1561 5672 et
1595 5618 1836 5690 decipiat
1863 5620 2049 5676 virum

426 5709 611 5779 specie
641 5708 846 5774 aliena,
869 5723 988 5762 non
1013 5709 1267 5778 propria.
1297 5707 1432 5762 Vide
1457 5709 1503 5762 si
1527 5725 1642 5764 non
1669 5712 1930 5767 maleﬁcii
1959 5731 2054 5786 ge-

425 5815 536 5854 nus
563 5804 666 5864 est,
703 5799 1024 5871 excogitare
1067 5802 1248 5853 artem
1291 5813 1403 5870 qua
1447 5807 1718 5870 provocet
1746 5804 2049 5863 libidinem

433 5889 694 5946 alienam.
747 5891 817 5943 Et
875 5905 1003 5961 quae
1057 5890 1134 5944 sic
1196 5891 1510 5961 corrumpit
1575 5893 1776 5949 faciem
1801 5936 1815 5964 ,
1873 5914 2049 5967 quam

2156 5059 2298 5114 sima
2322 5077 2497 5129 soror,
2527 5062 2682 5134 quod
2707 5063 3076 5135 principalem
3112 5064 3173 5119 in
3196 5081 3379 5137 regno
3417 5065 3514 5120 Dei
3537 5061 3744 5134 virgines

2154 5157 2350 5208 tenent
2373 5155 2560 5210 locum
2580 5155 2608 5209 ?
2634 5157 2701 5210 Et
2726 5173 2842 5212 non
2874 5156 3179 5213 immerito.
3211 5159 3406 5214 Mundi
3450 5158 3598 5213 enim
3633 5170 3740 5208 cou-

2154 5251 2509 5319 tempserunt
2544 5249 2821 5320 habitum,
2860 5251 2990 5306 ideo
3028 5257 3416 5322 pervenerunt
3459 5251 3529 5306 ad
3558 5248 3741 5305 celeste

2155 5359 2416 5415 regnum.
2446 5347 2582 5402 Vitae
2633 5345 2874 5404 caelestis
2915 5348 3323 5404 beatitudinem
3354 5349 3452 5404 hic
3480 5347 3738 5418 incipiunt,

2155 5453 2281 5508 quae
2310 5454 2578 5508 generare
2599 5441 2657 5495 in
2685 5441 2972 5497 doloribus
2991 5441 3138 5497 ﬁlios
3155 5441 3514 5497 nesciverunt
3536 5459 3549 5507 ;
3574 5443 3624 5495 et
3637 5450 3738 5510 qua

2152 5531 2415 5602 contagia
2453 5533 2704 5588 libidinis
2747 5540 2804 5590 et
2841 5536 2987 5590 fmda
3023 5536 3333 5608 coniugum
3383 5537 3641 5607 ﬁgmenta
3665 5543 3738 5584 re-

2151 5629 2378 5696 spuunt,
2399 5632 2548 5682 recte
2572 5627 2777 5682 Christi
2808 5629 3034 5700 nuptias
3057 5629 3461 5700 impetrarunt.
3489 5626 3618 5682 Nolo
3634 5638 3738 5678 mo—

2149 5717 2326 5771 vearis
2343 5720 2674 5792 pompaticis
2691 5727 3002 5793 nuptarum
3034 5721 3365 5790 incessibus,
3389 5722 3737 5788 clientumque

2149 5808 2355 5880 stipato
2379 5813 2672 5869 comitatu.
2703 5815 2814 5870 Hos
2855 5815 3156 5872 incurrunt
3181 5815 3520 5887 plerumque
3544 5807 3738 5868 insidia-

2149 5905 2299 5959 tores
2319 5904 2626 5978 pudicitiae,
2648 5925 2792 5980 quos
2817 5909 3074 5966 custodes
3101 5907 3372 5964 castitatis
3397 5906 3670 5980 putabant.
3686 5901 3737 5956 Et

3899 4633 3901 4683 |

3895 4807 3897 4881 1

3891 4893 3895 4984 1

3890 4987 3893 5079 1

3890 5105 3891 5167 1
