4054 6186
349 323 445 377 881

1882 317 2146 373 l-tEGULA

3605 319 3707 374 882

351 445 480 484 cum
515 445 576 484 se
617 429 827 484 ambiri
865 433 950 485 tot
991 429 1244 484 virorum
1287 429 1486 483 formis
1526 428 1734 496 vident,
1777 427 1885 482 hoc
1925 425 1982 480 in
2005 437 2063 509 Α
2083 426 2316 480 illidaris
2345 426 2597 498 scopulo,
2631 431 2729 480 aut
2760 426 2819 480 in
2853 425 3140 480 sinistram
3168 425 3475 496 Charybdis
3499 426 3702 498 deglu-

351 527 604 578 mentem
632 523 803 593 venit,
825 523 980 595 quod
1004 539 1136 576 cum
1163 523 1296 577 viris
1313 521 1374 576 in
1396 521 1616 577 lectulis
1641 526 1820 592 agunt
1839 537 1974 592 pro-

347 615 524 687 priis;
556 621 614 670 et
641 617 794 687 quod
810 621 1056 689 experta:
1085 619 1220 672 sunt
1245 616 1306 671 in
1336 615 1591 687 singulis,
1623 616 1732 670 hoc
1757 614 1816 669 in
1845 615 1976 687 plu-

2081 519 2234 575 tiaris
2259 519 2422 575 rictu.
2453 520 2604 592 Fuge
2634 520 2897 575 Sirenum
2917 524 3132 586 cantus,
3161 523 3218 574 et
3237 537 3272 574 a
3294 519 3490 591 lingua
3527 521 3704 577 male-

2077 613 2364 669 suadentis
2391 613 2509 684 sepi
2538 629 2702 668 aures
2721 617 2864 667 tuas.
2887 612 3036 668 Mani
3063 629 3158 666 cor
3175 617 3341 667 tuum
3366 618 3522 668 scuto
3551 612 3704 685 ﬁdei,

351 708 511 766 rimis
535 709 901 790 meditantur.
933 711 1054 764 Non
1085 710 1325 766 verebor
1348 709 1638 780 invidiam,
1669 709 1718 764 si
1760 709 1979 765 locutus
2078 707 2217 762 dum
2243 705 2606 778 tuipropositi
2629 706 2910 776 disparem
2929 705 3168 774 videris;
3193 708 3250 759 et
3275 705 3521 761 frontem
3549 711 3706 762 tuam

347 802 513 858 fuero
543 803 856 861 veritatem.
884 803 1110 860 Feriant
1127 821 1220 860 me
1244 804 1420 860 livore
1444 821 1587 877 quas
1611 803 1981 860 momorderit
2079 801 2336 874 trophaeo
2370 818 2544 869 arma
2581 800 2762 856 crucis
2797 805 2994 856 contra
3033 817 3158 856 eam
3203 817 3333 872 quae
3378 801 3710 882 professioni

349 894 712 965 conscientia,
741 896 1050 954 dummodo
1063 897 1484 970 proficientibus
1502 897 1704 970 loquar
1726 897 1864 969 quid
1885 913 1977 952 ca-

349 1005 483 1046 vere
507 989 749 1046 debeant
771 991 833 1045 in
881 991 960 1047 eis
1001 1009 1129 1064 quas
1175 993 1294 1048 solo
1337 991 1521 1047 nitent
1560 1007 1735 1064 opere
1775 990 1977 1046 carnis.

351 1083 584 1139 Certum
613 1088 717 1155 est,
747 1084 828 1140 mi
857 1101 1034 1153 soror,
1069 1101 1200 1158 quae
1230 1085 1474 1141 nitorem
1492 1085 1734 1142 vestium
1759 1100 1985 1156 compo-

352 1177 550 1248 suerit,
577 1177 749 1234 odore
779 1178 1080 1250 peregrino
1109 1179 1460 1251 fragraverit,
1503 1178 1633 1234 fuco
1683 1177 1986 1234 mutaverit

2079 900 2194 952 tua:
2219 895 2410 968 dispar
2435 899 2540 952 est.

2741 979 2961 1033 CAPUT
2991 980 3055 1033 11.

2551 1074 2617 1128 Ut
2641 1074 2752 1127 viri
2777 1074 2954 1128 sancti
2984 1074 3241 1127 vitentur.

2153 1169 2276 1221 lam
2301 1165 2452 1238 quali
2476 1165 2616 1237 fuga
2642 1164 2792 1219 viros
2821 1165 3027 1236 fugias,
3066 1181 3224 1218 soror
3265 1163 3606 1234 Florentina,
3648 1168 3711 1220 tu

353 1271 562 1339 oculos,
605 1270 810 1326 faciem
846 1271 1087 1327 candore
1129 1273 1310 1328 alieno
1373 1271 1691 1342 obduxerit,
1754 1271 1987 1326 brachia
2077 1259 2289 1332 judica,
2339 1259 2386 1312 si
2419 1262 2539 1313 tam
2577 1258 2812 1314 sollicite
2868 1257 3105 1312 feminas
3155 1257 3359 1326 szeculi,
3389 1257 3711 1314 declinabis.

354 1362 580 1417 circulis
609 1363 941 1419 instruxerit
964 1364 1172 1434 aureis,
1188 1365 1379 1436 digitis
1393 1365 1632 1420 annulos
1657 1364 1982 1434 inseruerit,

354 1459 412 1509 et
437 1455 793 1512 distinctione
811 1473 1171 1529 gemmarum
1193 1459 1410 1514 sidereo
1435 1457 1737 1514 radiaverit
1760 1457 1988 1529 fulgore

354 1549 638 1618 manibus,
674 1566 840 1604 aures
879 1551 1109 1606 metallo
1134 1551 1545 1623 aggravaverit,
1575 1551 1718 1606 colla
1756 1567 1986 1622 marga-

354 1641 477 1697 ritis
502 1647 560 1696 et
582 1643 735 1698 vario
759 1660 1118 1715 gemmarum
1147 1645 1501 1701 absconderit
1524 1645 1798 1717 tegmine,
1821 1648 1992 1716 caput

350 1734 750 1806 ponderaverit
771 1743 1207 1808 auropcertum,
1239 1738 1497 1808 inquam,
1529 1742 1632 1806 est,
1679 1739 1826 1792 hanc
1869 1754 1984 1793 non

2084 1353 2331 1424 Quisque
2351 1351 2454 1419 vir,
2481 1352 2528 1406 si
2546 1354 2772 1406 sanctus
2794 1355 2897 1420 est,
2927 1350 3143 1405 nullam
3164 1355 3351 1406 tecum
3375 1356 3535 1423 gerat
3547 1350 3711 1406 fami-

2085 1445 2390 1501 liaritatem
2404 1463 2422 1515 ;
2455 1460 2526 1499 ne
2557 1444 2784 1500 videndi
2805 1445 3048 1516 jugitate
3067 1448 3163 1499 aut
3191 1444 3494 1499 infametur
3511 1443 3716 1498 atrius-

2088 1555 2200 1612 que
2229 1538 2510 1608 sanctitas,
2534 1542 2634 1594 aut
2660 1542 2876 1610 pereat.
2920 1537 3150 1592 Decidet
3193 1537 3346 1591 enim
3377 1554 3411 1590 a
3445 1537 3718 1593 charitate

2089 1633 2207 1701 Dei,
2231 1649 2358 1704 quae
2385 1631 2752 1704 perpetrandi
2781 1631 2916 1686 mali
2953 1629 3138 1702 operis
3179 1630 3525 1685 occasionem
3567 1646 3717 1701 prm-

2090 1725 2306 1794 buerit;
2335 1725 2554 1780 decidet
2571 1741 2605 1778 a
2630 1724 2904 1779 charitate
2931 1723 3194 1795 proximi,
3220 1739 3349 1794 quae
3372 1723 3475 1778 etsi
3505 1723 3723 1778 malum

353 1804 475 1883 esse
505 1832 741 1884 castam:
774 1846 900 1902 qua;
923 1804 994 1886 ad
1029 1831 1138 1886 hoc
1169 1804 1228 1884 δέ
1261 1804 1342 1886 ita:
1370 1804 1704 1902 composuit,
1739 1835 1805 1886 ut
1835 1832 1986 1886 mu]-
2006 1804 2064 1876 Β
2087 1835 2201 1874 non
2227 1817 2364 1890 agit,
2394 1817 2658 1889 opinione
2695 1822 2892 1872 tamen
2928 1817 3232 1888 pessimam
3268 1816 3479 1870 famam
3517 1817 3719 1872 nutrit.

353 1927 544 1976 torum
567 1922 736 1977 feriat
755 1925 962 1993 oculos,
996 1924 1306 1980 multorum
1337 1923 1560 1979 animos
1587 1927 1830 1992 moveat,
1874 1925 1986 1980 illi-

355 2015 578 2086 ciatque
601 2021 839 2071 mentes.
867 2017 1002 2082 Quae
1022 2016 1126 2072 etsi
1153 2023 1316 2072 metu
1351 2017 1456 2072 viri
1503 2034 1622 2073 non
1661 2023 1821 2090 gerat
1865 2021 1986 2073 stu-

356 2124 527 2178 prum
555 2108 616 2162 in
640 2113 838 2181 aperto
876 2109 1186 2165 fornicatur
1199 2115 1386 2166 tamen
1405 2111 1642 2166 interius
1666 2111 1990 2167 animo.llla

356 2218 489 2256 vero
513 2206 663 2256 casta
689 2205 790 2272 est,
823 2219 950 2274 qua:
970 2203 1039 2259 de
1054 2202 1302 2275 ‘simplici
1328 2204 1528 2259 habitu
1552 2204 1829 2276 bonisque
1860 2221 1987 2260 mo-

358 2294 512 2350 ribus
543 2295 725 2366 placet
762 2297 902 2366 viro,
942 2301 999 2352 et
1027 2297 1096 2352 de
1133 2297 1281 2352 bono
1302 2339 1304 2342 μ
1326 2297 1672 2353 castimonia:
1712 2299 1844 2353 Deo.
1889 2299 1991 2352 Ha-

356 2403 488 2442 rum
516 2388 776 2444 habitum
802 2389 1070 2460 exprimit
1095 2393 1294 2445 Petrus
1335 2391 1638 2462 apostolus,
1685 2394 1742 2446 et
1777 2391 1991 2446 cultum

355 2481 617 2548 vestium,
665 2482 753 2537 vel
794 2483 1118 2553 mquitatem
1156 2500 1382 2538 morum
1425 2501 1526 2538 sua
1557 2484 1744 2556 pingit
1774 2501 1989 2555 praece-

361 2574 569 2645 ptione,
609 2591 741 2629 cum
780 2575 950 2630 dicit;
988 2577 1072 2631 Sit
1097 2579 1156 2630 in
1183 2578 1407 2632 muliere
1433 2593 1541 2632 non
1574 2580 1806 2633 emteﬁor
1833 2593 1992 2632 orna-

360 2670 526 2722 menti
549 2674 646 2722 aut
673 2671 818 2730 auri,
845 2675 943 2724 aut
967 2672 1126 2725 vestis
1163 2671 1358 2733 cultus,
1395 2671 1490 2724 sed
1527 2672 1704 2726 cultus
1732 2671 1910 2726 cordis
1948 2672 1993 2741 (1

359 2764 473 2816 Pet.
503 2762 818 2831 m).Eadem
843 2778 981 2834 ergo
1009 2767 1066 2818 et
1106 2763 1310 2817 Paulus
1341 2763 1624 2834 apostolus
1651 2763 1862 2833 intulit,
1903 2765 1989 2819 di-

357 2871 490 2908 cens
521 2871 534 2908 :
563 2853 822 2910 Similiter
851 2860 902 2909 et
928 2856 1178 2912 mulieres
1205 2871 1324 2911 cum
1354 2857 1680 2911 verecundia
1708 2861 1759 2912 et
1787 2858 1990 2912 sobrie-

364 2952 474 3002 tate
497 2952 751 3002 ornantes
781 2964 856 3010 se,
876 2963 984 3002 non
1005 2951 1066 3002 in
1089 2951 1246 3004 tortis
1271 2949 1531 3013 crinibus,
1572 2955 1668 3004 aut
1705 2965 1860 3013 auro,
1897 2955 1995 3006 aut

361 3043 694 3108 margaritis,
722 3042 808 3095 vel
823 3046 964 3097 veste
974 3045 1248 3112 pretiosa;
1275 3043 1371 3097 sed
1385 3043 1539 3112 quod’
1557 3043 1703 3098 decet
1725 3044 1991 3107 mulieres,

360 3136 726 3205 promittentes
761 3136 1019 3205 pietatem
1068 3151 1170 3204 per
1215 3151 1378 3206 opera
1418 3136 1555 3190 bona
1599 3136 1676 3207 (Π
1721 3139 1854 3191 Tim.
1911 3139 1991 3206 ιι).

359 3229 509 3291 Quas
533 3227 817 3282 dissonare
853 3227 923 3281 ab
959 3227 1027 3282 iis
1068 3227 1542 3299 praeceptionibus
1576 3232 1633 3283 et
1677 3228 1996 3300 discrepare

362 3315 723 3386 compereris,
759 3316 913 3372 velut
936 3317 1216 3388 gehenna:
1247 3318 1416 3372 duces
1445 3322 1503 3372 et
1533 3317 1742 3372 inferni
1767 3319 1998 3375 comites

361 3406 520 3476 fuge.
551 3406 663 3460 Hoc
692 3406 845 3461 enim
865 3405 1181 3460 suadebunt
1205 3422 1319 3477 quo
1351 3406 1533 3477 plenae
1554 3410 1707 3475 sunt,
1737 3423 1865 3477 quae
1894 3409 1996 3463 etsi

362 3512 481 3551 non
513 3494 700 3563 verbo,
728 3495 850 3566 ipso
875 3499 1063 3549 tamen
1090 3495 1288 3550 habitu
1325 3495 1636 3566 loquantur
1666 3495 1900 3566 ﬂagitia.
1929 3497 1997 3551 Et

361 3606 490 3662 quae
519 3604 658 3643 auro
694 3587 1088 3657 coruscaverit,
1132 3592 1189 3644 et
1235 3587 1534 3643 radiaverit
1568 3588 1828 3660 gemmis,
1866 3593 1992 3644 tan-

362 3699 539 3756 quam
569 3682 872 3737 simulacra
897 3681 1132 3751 declina;
1173 3681 1505 3752 idolumque
1545 3681 1840 3752 aestimato,
1879 3699 1996 3738 non

361 3776 676 3846 hominem,
703 3792 830 3848 quae
855 3793 888 3830 a
915 3775 1025 3830 Deo
1049 3776 1195 3831 bene
1235 3775 1518 3830 conditam
1553 3775 1804 3830 formam
1841 3777 1994 3832 vario

363 3869 723 3943 przesumpsit
763 3873 1024 3942 stuprare
1066 3867 1360 3940 ﬁgmento.
1413 3869 1570 3924 Unde
1608 3873 1665 3924 et
1707 3869 1996 3940 Scriptura

365 3963 501 4019 dicit
527 3981 540 4018 :
574 3964 770 4020 Fallaa:
793 3966 992 4033 imago,
1023 3967 1074 4019 et
1097 3979 1244 4018 vana
1279 3967 1356 4018 est
1384 3963 1758 4034 pulchritudo,
1801 3965 1996 4020 mulier

368 4060 556 4113 timens
581 4061 747 4113 Deum
761 4061 882 4126 ipsa
913 4057 1231 4112 laudabitur
1253 4056 1434 4127 (Prov.
1465 4058 1564 4127 ιιι).

904 4151 1123 4206 CAPUT
1159 4150 1443 4204 PRIMUM.

781 4245 848 4300 Ut
872 4245 1108 4299 vitentur
1127 4245 1281 4298 laica:
1304 4245 1570 4299 mulieres.

438 4341 638 4394 Precor
657 4344 730 4408 te,
748 4353 905 4392 soror
924 4337 1263 4405 Florentiae,
1290 4341 1352 4392 ut
1373 4335 1625 4406 feminae,
1651 4352 1781 4409 qua:
1803 4340 1994 4392 tecum

364 4450 481 4488 non
507 4436 702 4488 tenent
729 4431 1131 4504 professionem
1157 4447 1352 4498 unam,
1384 4431 1455 4485 ad
1487 4435 1644 4485 tuam
1673 4446 1790 4484 non
1830 4446 1990 4486 acce-

2087 1911 2291 1984 Dispar
2315 1911 2468 1966 enim
2495 1926 2660 1966 sexus
2688 1910 2746 1965 in
2771 1926 2952 1965 unum
2977 1910 3210 1977 locatus,
3241 1925 3307 1964 eo
3349 1909 3606 1964 titillatur
3631 1910 3720 1965 in-

2087 2005 2295 2060 stinctu
2329 2020 2441 2076 quo
2473 2004 2748 2071 nascitur;
2789 2006 2847 2058 et
2884 2003 3158 2058 naturalis
3199 2007 3460 2059 movetur
3492 2003 3724 2058 ﬂamma

2087 2099 2133 2153 si
2162 2097 2473 2168 composita
2501 2097 2771 2169 attigerit.
2802 2096 2940 2162 Quis
2967 2095 3247 2167 colligavit
3269 2096 3466 2168 ignem
3493 2096 3554 2151 in
3593 2095 3724 2151 sinu

2089 2207 2206 2259 suo,
2242 2197 2298 2246 et
2324 2207 2439 2246 non
2463 2191 2868 2245 comburetur?
2891 2189 3039 2261 Ignis
3067 2193 3123 2245 et
3151 2193 3314 2261 stupa
3343 2189 3450 2243 sibi
3477 2193 3725 2261 utraque

2089 2285 2386 2351 contraria,
2415 2285 2475 2339 in
2502 2300 2684 2339 unum
2727 2283 2952 2339 redacta
2989 2282 3247 2338 ﬂammas
3282 2283 3563 2338 nutriunt.
3609 2282 3728 2340 Viri

2091 2395 2256 2434 sexus
2280 2383 2337 2434 et
2376 2378 2604 2432 femina:
2631 2377 2904 2446 diversus,
2939 2377 2990 2432 si
3021 2376 3406 2450 conjungitur,
3443 2375 3593 2451 quod
3631 2377 3726 2432 lex

2091 2476 2310 2528 natura:
2339 2475 2625 2544 provocat,
2653 2474 3063 2526 commovetur.
3260 2472 3265 2478 ’

2744 2583 2962 2639 CAPUT
2992 2584 3090 2638 Ill.

2407 2681 2474 2733 Ut
2499 2678 2766 2732 declinare
2787 2680 2939 2744 virgo
2969 2677 3158 2731 debeat
3174 2677 3425 2744 juvenes.

2165 2773 2231 2827 Et
2267 2772 2313 2826 si
2345 2771 2531 2826 taliter
2555 2769 2659 2825 viri
2691 2769 3008 2825 declinandi
3031 2774 3164 2824 sunt
3205 2768 3403 2834 sancti,
3452 2784 3524 2824 ne
3565 2772 3726 2823 utro-

2092 2837 2336 2936 riimque
2393 2863 2558 2919 bonis
2603 2862 2854 2918 moribus
2893 2861 3128 2916 offensio
3165 2858 3452 2932 subrepat,
3487 2860 3728 2933 qualiter

2091 2957 2342 3029 fugiendi
2373 2960 2506 3011 sunt
2521 2957 2780 3027 juvenes,
2813 2959 2870 3010 et
2901 2955 3223 3010 tenebrosas
3250 2954 3366 3008 vias
3394 2953 3726 3026 temporalis

2093 3050 2222 3105 vitae
2250 3055 2550 3121 sequentes
2571 3049 2598 3104 ?
2623 3065 2764 3120 quos
2783 3049 2855 3103 ad
2883 3048 2990 3102 hoc
3015 3047 3268 3102 diabolus
3289 3046 3502 3118 objicit,
3532 3050 3590 3102 et
3607 3045 3724 3100 vir-

2097 3143 2278 3215 gineis
2320 3141 2554 3214 opponit
2587 3141 2764 3196 oculis
2807 3143 2873 3195 at
2915 3140 3125 3196 formas
3177 3156 3396 3209 eorum,
3437 3154 3577 3211 quos
3624 3154 3730 3209 per

2100 3236 2254 3291 diem
2287 3235 2511 3302 viderit,
2547 3235 2710 3305 virgo
2735 3233 3044 3289 meditetur
3075 3233 3134 3288 in
3167 3237 3350 3288 nocte.
3395 3233 3554 3297 Quod
3597 3231 3645 3286 si
3670 3236 3730 3288 et

2098 3329 2445 3385 contradicat
2478 3327 2684 3382 mentis
2712 3327 2873 3395 ratio,
2901 3327 3151 3396 talesque
3187 3325 3618 3395 imaginationes
3657 3325 3728 3380 ab

2095 3422 2284 3476 animo
2316 3426 2562 3491 respuat,
2604 3435 2798 3474 recens
2829 3423 3022 3472 tamen
3059 3417 3200 3472 visio
3220 3423 3277 3472 et
3299 3416 3606 3490 corporalis
3634 3417 3726 3472 in-

2095 3513 2304 3584 spectio
2325 3513 2554 3568 exhibet
2581 3511 2872 3566 memoriae
2897 3511 3114 3565 formas
3143 3527 3156 3564 :
3185 3527 3324 3582 quas
3374 3509 3612 3566 videndo
3637 3511 3726 3566 di-

2096 3607 2251 3675 dicit,
2277 3610 2338 3660 ut
2361 3605 2462 3660 etsi
2492 3604 2789 3675 paululum
2804 3603 2931 3658 talis
2958 3603 3287 3674 imaginatio
3309 3603 3548 3658 oblectet
3573 3619 3730 3658 men-

2093 3705 2228 3766 tem,
2262 3702 2520 3754 occurret
2547 3697 2716 3752 etiam
2743 3713 2848 3768 per
2870 3697 3175 3765 somnium,
3197 3696 3348 3767 quod
3368 3695 3574 3752 viderit
3599 3711 3730 3752 ocu-

2094 3793 2180 3848 lis.
2227 3793 2313 3847 Sic
2358 3791 2566 3846 diaboli
2610 3790 2806 3861 sagitis
2851 3793 3052 3862 pectus
3098 3789 3331 3861 virginis
3371 3790 3723 3860 vulneratur,

2093 3889 2151 3941 et
2190 3884 2446 3956 inﬁgitur
2487 3883 2642 3938 cordi
2689 3899 2850 3938 amor
2890 3883 3124 3952 noxius;
3171 3887 3234 3937 ut
3274 3883 3426 3955 quod
3471 3883 3532 3938 in
3562 3888 3730 3940 nocte

2093 3979 2384 4036 recordata
2403 3981 2508 4045 est,
2535 3993 2670 4032 cum
2694 3993 2888 4032 amore
2914 3977 3052 4032 velit
3076 3976 3288 4032 iterum
3317 3977 3504 4049 videre
3528 3977 3589 4032 in
3615 3994 3730 4032 cra-

2095 4074 2328 4128 stinum.
2369 4072 2434 4126 Et
2475 4070 2553 4126 sic
2585 4070 2762 4126 intrat
2793 4071 3012 4126 Satanae
3046 4069 3250 4142 sagitta
3286 4087 3466 4143 usque
3493 4070 3566 4126 ad
3591 4070 3728 4126 inti-

2094 4182 2256 4221 mum
2285 4164 2468 4220 cordis
2490 4180 2596 4236 per
2626 4163 2830 4234 januas
2866 4163 3184 4232 oculorum,
3227 4163 3371 4218 sicut
3411 4163 3550 4218 dicit
3591 4165 3724 4217 Pro-

2091 4260 2298 4330 pheta:
2336 4260 2573 4314 Intravit
2609 4272 2753 4312 mors
2776 4272 2878 4326 per
2915 4258 3182 4323 fenestras
3216 4261 3430 4310 nostras
3468 4255 3597 4324 (Jer.
3630 4257 3728 4326 ιχ).

2092 4354 2204 4407 Nec
2231 4349 2384 4406 enim
2413 4349 2669 4419 subrepit
2689 4348 2943 4403 diabolus
2968 4349 3040 4402 ad
3069 4347 3339 4402 interiora
3361 4347 3590 4415 mentis,
3618 4349 3729 4404 nisi

2092 4457 2193 4518 per
2223 4459 2419 4499 sensus
2443 4442 2648 4497 cordis.
2683 4440 2739 4496 Si
2760 4441 3065 4512 pulchrum
3091 4439 3303 4511 aliquid
3347 4439 3536 4496 videas
3575 4442 3728 4512 quod

363 4527 502 4581 dant
525 4526 867 4583 SOCiOi-atem-
894 4525 1050 4594 Ωιιοά
1074 4524 1229 4580 enim
1257 4528 1471 4593 amant:
1501 4523 1609 4578 hoc
1632 4527 1987 4595 suaserunt:
2009 4533 2070 4606 D
2091 4535 2604 4609 concupiscentiam
2648 4538 2905 4599 moveat,
2953 4533 2999 4586 si
3045 4533 3282 4588 oblectet
3328 4551 3492 4588 aures
3546 4534 3728 4606 turpis

364 4625 422 4676 et
451 4636 546 4676 eas
572 4637 661 4676 res
697 4619 811 4675 tuis
833 4619 1204 4674 insinuabant
1237 4617 1489 4686 auribus,
1525 4631 1654 4688 quae
1697 4616 1759 4670 in
1801 4631 2003 4673 eorum

365 4719 662 4770 versantur
709 4711 1018 4768 desideriis.
1062 4713 1180 4766 Heu
1219 4710 1383 4780 mihi,
1425 4725 1603 4777 soror,
1657 4715 2004 4781 corrumpunt

366 4823 535 4863 mores
575 4807 733 4863 bonos
773 4807 1042 4876 colloquia
1077 4805 1227 4859 mala
1273 4804 1319 4874 (Ι
1351 4805 1452 4862 Cor
1493 4803 1604 4874 xv).
1659 4805 1790 4862 Cum
1818 4807 2002 4858 saneto

362 4905 579 4958 sanctus
605 4903 743 4957 eris:
770 4900 942 4971 longe
963 4900 1071 4954 ate
1096 4897 1186 4966 sit,
1210 4913 1391 4965 soror,
1415 4901 1604 4952 etcum
1621 4911 1867 4968 perverso
1878 4912 2002 4968 per-

365 4992 588 5052 verteris
626 4995 848 5065 (Psalm.
875 4993 1028 5065 xvu).
1060 4990 1205 5057 Quid
1229 4991 1290 5046 in
1327 5007 1504 5045 unum
1543 4990 1662 5062 agit
1700 4992 1899 5062 nupta,
1945 4993 2002 5045 et

365 5091 526 5162 virgo
544 5091 571 5144 ?
598 5090 696 5145 illa
723 5094 778 5144 te
806 5104 921 5143 non
949 5086 1222 5160 sequitur,
1251 5101 1382 5158 qua:
1412 5084 1600 5139 virum
1629 5083 1844 5156 diligit.
1872 5084 2001 5140 Pro-

365 5185 617 5256 positum
661 5187 824 5237 tuum
867 5181 1041 5254 fugit;
1071 5180 1226 5252 quod
1273 5179 1379 5236 etsi
1421 5194 1610 5234 amare
1653 5194 1712 5234 se
1750 5178 1996 5246 ﬁnxerit,

361 5277 638 5334 mentitur
665 5281 728 5332 ut
745 5275 1009 5347 decipiat.
1039 5273 1183 5340 Quid
1202 5277 1391 5331 tecum
1415 5273 1552 5345 agit,
1571 5289 1702 5330 cum
1721 5288 1835 5345 qua
1850 5288 2002 5328 com-

363 5371 529 5428 muni
561 5369 701 5426 collo
726 5368 929 5425 Christi
947 5369 1158 5440 jugum
1183 5384 1301 5424 non
1333 5367 1490 5423 ducis
1505 5367 1533 5422 ?
1562 5367 1751 5438 dispar
1775 5365 1996 5436 habitu,

365 5467 557 5537 dispar
581 5463 803 5520 affectu.
828 5463 1119 5534 Organum
1145 5461 1364 5518 Satana:
1390 5461 1495 5516 hoc
1515 5460 1617 5516 tibi
1643 5464 1825 5527 canet,
1847 5459 1999 5532 quod

364 5558 644 5617 illecebris
670 5557 859 5613 smculi
890 5561 1137 5628 moveat,
1183 5560 1240 5612 et
1275 5555 1499 5610 semitas
1538 5553 1746 5609 diaboli
1785 5553 1996 5625 impin-

366 5658 528 5730 guat.
558 5654 718 5726 Fuge’
731 5651 995 5709 Sirenum
1024 5653 1240 5720 cantus,
1269 5649 1349 5704 mi
1376 5664 1568 5705 soror:
1597 5663 1670 5704 ne
1699 5647 1836 5704 dum
1860 5663 1996 5719 pru-

369 5748 644 5806 rientibus
690 5746 922 5803 auribus
969 5745 1378 5802 oblectamenta
1437 5741 1730 5798 delectaris
1800 5740 2000 5796 audire

369 5849 618 5914 terrena,
646 5842 912 5900 avertaris
941 5858 976 5898 a
1000 5844 1152 5897 recto
1183 5837 1404 5906 itinere,
1430 5840 1487 5892 et
1508 5840 1607 5892 aut
1630 5835 1690 5892 in
1714 5835 2001 5893 dexteram

2101 4636 2319 4698 cantus,
2360 4629 2408 4683 si
2433 4627 2730 4683 odoratum
2758 4626 2922 4681 nidor
2953 4626 3204 4697 attigerit
3225 4626 3507 4698 fragrans,
3540 4627 3588 4683 si
3619 4645 3726 4699 ga-

2100 4727 2251 4779 stum
2294 4720 2652 4777 illecebrosus
2687 4737 2856 4792 sapor
2883 4719 3268 4789 commoverit,
3302 4719 3348 4774 si
3374 4725 3554 4775 tactus
3583 4721 3726 4776 mol-

2100 4817 2214 4872 lem
2240 4820 2296 4870 et
2318 4813 2557 4870 nitidam
2583 4811 2884 4882 contigerit
2905 4811 3167 4880 formam,
3190 4816 3326 4868 tunc
3355 4812 3729 4869 oblectatione

2101 4907 2350 4965 sensibili
2387 4907 2569 4962 carnis
2612 4911 2874 4960 movetur
2912 4905 3192 4960 illecebra.
3241 4904 3340 4960 Dei
3383 4904 3534 4960 enim
3587 4923 3729 4978 opus

2099 5007 2341 5074 uterque
2367 5005 2450 5056 est
2473 5016 2660 5056 sexus.
2711 4999 2952 5054 Amandi
2978 5004 3109 5052 sunt
3137 5002 3286 5053 certe
3335 4998 3460 5068 viri,
3487 5003 3552 5055 ut
3589 5015 3732 5071 opus

2103 5096 2226 5164 Dei;
2275 5095 2373 5151 sed
2405 5094 2683 5159 absentes,
2723 5109 2826 5164 pro
2866 5091 3133 5164 operibus
3181 5091 3364 5163 bonis,
3412 5098 3469 5148 et
3504 5099 3732 5166 propter

2101 5192 2281 5246 Deum
2319 5188 2417 5262 qui
2465 5204 2560 5244 eos
2601 5186 2753 5254 fecit,
2797 5202 2913 5240 non
2958 5191 3193 5258 pr0pter
3252 5187 3730 5258 pulchritudinem

2099 5283 2372 5356 corporis.

2747 5363 2965 5418 CAPUT
2992 5363 3077 5418 IV.

2651 5436 2658 5442 ’
2677 5458 2752 5511 De
2789 5456 3140 5512 abstinentia.

2169 5550 2315 5616 Quid
2333 5550 2404 5605 ad
2427 5554 2483 5606 te
2495 5549 2565 5606 de
2581 5549 2742 5621 cibis,
2764 5566 2926 5605 soror
2947 5551 3286 5618 Florentiae,
3317 5553 3478 5620 puto,
3504 5548 3722 5618 loquar,

2099 5662 2227 5718 quae
2249 5643 2560 5715 fragilitate
2579 5644 2828 5716 corporis
2852 5659 2954 5699 nec
2970 5647 3188 5698 tantum
3216 5641 3422 5712 accipis
3447 5646 3728 5712 quantum

2101 5739 2321 5794 ratione
2369 5737 2621 5794 doceris?
2658 5740 2875 5795 Maneat
2901 5741 3093 5792 tamen
3121 5735 3181 5790 in
3209 5733 3400 5789 animo
3427 5738 3488 5790 ut
3511 5734 3614 5790 etsi
3639 5733 3730 5790 in-

2098 5833 2266 5892 ﬁrmo
2313 5831 2542 5907 corpori
2585 5831 2802 5908 aliquid
2834 5827 3206 5887 relaxandum
3233 5833 3317 5886 est
3359 5844 3392 5884 a
3434 5827 3642 5902 rigore,
3675 5828 3736 5886 in
