4054 6186
357 281 459 331 883

1330 267 1564 322 SANCTI
1603 265 1914 324 LEANDBI,
1959 261 2388 316 IIISPALENSIS
2427 257 2756 322 EPISCOPI,

3611 260 3715 314 88':

356 383 520 438 terim
552 398 668 436 non
699 381 945 434 solvatur
972 378 1216 443 animus,
1252 375 1296 428 si
1324 391 1523 444 corpus
1549 371 1839 426 inﬁrmum
1869 387 1986 424 me-
2007 384 2064 456 Α
2084 368 2478 422 sustentaculis
2503 367 2758 422 ciborum
2801 381 3005 438 corpus
3045 365 3432 432 reﬁciendum,
3475 355 3582 418 alia
3611 365 3717 420 tibi

357 480 516 531 retur
561 473 774 546 aliquid
816 469 1220 541 indulgentius.
1269 467 1462 534 Nullus
1513 469 1598 520 est
1644 464 1796 519 enim
1848 479 1984 518 usus

357 566 566 624 edendi
581 564 893 638 culpabilis,
915 563 1012 617 sed
1037 559 1506 633 concupiscentia,
1529 557 1625 613 sed
1652 557 1985 612 immodera—

357 661 458 726 tio,
491 659 536 715 si
561 660 690 732 plus
731 673 904 728 quam
952 671 1093 726 opus
1125 658 1215 709 est
1257 653 1584 724 sumpseris,
1630 651 1677 706 si
1703 650 1982 706 desideres

355 755 474 808 sine
515 769 625 824 quo
671 751 855 804 vivere
900 746 1098 818 possis.
1137 746 1363 818 Triplex
1402 749 1552 800 certe
1597 749 1680 800 est
1720 744 1866 815 gula
1891 743 1977 798 in-

357 843 728 916 temperantia
761 841 844 896 :si
868 840 1020 912 quod
1044 856 1160 894 non
1202 839 1350 904 licet,
1389 838 1605 893 avidius
1645 841 1894 910 appetas,
1935 836 1983 891 si

355 943 503 998 licita
555 957 795 1012 quaque
848 938 1138 1010 exquisitis
1181 937 1483 1009 impendiis
1524 941 1841 1008 praparata
1894 952 1982 991 ac-

353 1034 596 1090 curatius
625 1049 874 1105 quaras,
902 1032 948 1088 si
972 1034 1197 1103 tempus
1233 1031 1437 1087 edendi
1481 1030 1701 1084 licitum
1738 1046 1852 1084 non
1893 1045 1982 1084 su-

355 1129 577 1182 stineas.
613 1126 788 1181 Primi
821 1125 1044 1196 generis
1075 1123 1334 1180 homines
1367 1123 1440 1178 ob
1483 1123 1590 1178 hoc
1615 1122 1854 1194 paradisi
1881 1123 1980 1179 de-

353 1219 506 1274 licias
553 1224 610 1275 et
649 1217 1090 1274 immortalitatis
1140 1217 1378 1289 pramia
1419 1215 1810 1288 perdiderunt,
1851 1215 1984 1288 quia

351 1314 549 1370 illicita
575 1312 1000 1384 concupierunt.
1026 1313 1168 1366 Esau
1194 1326 1325 1366 vero
1352 1325 1454 1381 pro
1481 1325 1546 1365 eo
1574 1309 1726 1381 quod
1767 1309 1984 1365 avidius

349 1406 547 1464 ambiit
569 1407 740 1475 licita,
769 1404 1133 1478 primogeniti
1160 1403 1407 1475 perdidit
1425 1403 1734 1474 primitiva.
1765 1404 1832 1458 Et
1850 1403 1984 1475 quia

353 1500 556 1557 edendi
607 1505 832 1572 tempus
880 1515 997 1554 non
1045 1502 1268 1554 servant
1321 1496 1606 1566 animalia,
1661 1496 1788 1552 ideo
1852 1499 1984 1552 sunt

352 1592 776 1650 irrationabilia.
817 1591 1180 1648 Probavimus
1211 1607 1350 1662 ergo
1387 1589 1670 1662 triplicem
1695 1605 1984 1644 excessum

352 1687 842 1758 intemperantia:
907 1685 1044 1740 dum
1088 1683 1260 1756 primi
1311 1681 1570 1738 homines
1616 1687 1984 1755 gustaverunt

2083 461 2270 533 legat:
2316 464 2380 514 ut
2408 461 2548 516 dum
2576 477 2780 515 manus
2823 459 2907 514 vcl
2941 459 3085 514 oculi
3127 457 3330 513 intenti
3377 460 3508 513 sunt
3535 458 3715 529 operi,

2081 558 2273 626 pascat
2324 571 2488 608 aures
2552 554 2733 626 gratia
2785 551 3060 608 sermonis
3127 551 3321 606 divini.
3377 551 3434 606 Si
3484 551 3719 624 quidem

2081 663 2310 702 oramus
2333 651 2388 702 et
2413 647 2676 718 legimus,
2708 651 2765 701 et
2809 645 3083 700 lubricam
3122 650 3370 700 mentem
3418 661 3451 698 a
3497 661 3720 716 surrep-

2081 740 2326 795 tionibus
2363 740 2569 794 diaboli
2618 739 2711 794 vix
2755 739 3125 804 retrabimus;
3161 744 3375 810 quanto
3417 738 3720 810 proclivius

2080 834 2368 889 humanus
2410 833 2632 888 animus
2696 836 2880 904 reptat
2931 833 3001 888 ad
3051 832 3203 899 vitia,
3255 831 3303 888 si
3353 831 3609 886 lectionis
3663 835 3723 886 et

2079 926 2347 983 Orationis
2382 926 2618 981 assidua
2664 928 3012 982 retentaculo
3063 943 3179 980 non
3247 925 3504 980 frenetur
3527 925 3554 980 ?
3615 924 3718 978 Le-

2081 1021 2190 1075 ctio
2245 1023 2298 1075 te
2348 1019 2560 1089 doceat,
2622 1019 2834 1091 aliquid
2880 1020 3094 1074 orando
3147 1023 3352 1092 petas;
3418 1023 3722 1090 postquam

2080 1130 2213 1169 vero
2273 1113 2534 1180 oraveris,
2587 1112 2798 1168 iterum
2852 1113 3092 1186 legendo
3137 1112 3360 1186 inquire
3413 1111 3566 1185 quod
3612 1127 3718 1182 po-

2082 1207 2272 1264 stules.

2717 1296 2936 1350 CAPUT
2959 1296 3074 1350 Vll.

2148 1391 2218 1446 Ut
2241 1390 2535 1444 carnaliter
2562 1404 2671 1444 non
2705 1390 2812 1459 legi
2831 1389 3021 1444 debeat
3053 1391 3217 1444 Vetus
3251 1391 3664 1444 Testamentum.

2153 1487 2322 1542 Vetus
2345 1487 2766 1541 Testamentum
2783 1487 2978 1558 legens
2998 1501 3114 1541 non
3139 1485 3415 1558 temporis
3440 1486 3589 1540 illius
3617 1503 3722 1542 nn-

2081 1579 2244 1652 ptias,
2273 1579 2371 1634 sed
2389 1579 2560 1651 prolis
2575 1580 3042 1634 numerositatem
3063 1579 3381 1634 considera:
3413 1596 3532 1634 non
3556 1597 3718 1634 esum

2085 1672 2340 1727 carnium
2381 1678 2436 1728 et
2477 1673 2745 1728 sacriﬁcia
2792 1672 3221 1745 sanguinolenta
3253 1671 3491 1728 crimina
3537 1677 3722 1728 morte

351 1780 421 1836 de
465 1750 688 1846 illicito;
737 1779 872 1834 dum
917 1779 1062 1832 Esau
1091 1750 1393 1832 -1enticula
1442 1750 1696 1848 appetitu
1736 1750 2058 1848 perdiditB
2082 1765 2264 1820 carnis
2307 1765 2552 1837 expiata,
2598 1767 2699 1820 lini
2756 1766 2876 1820 Viro
2899 1767 3210 1820 multarum
3277 1783 3519 1821 uxorum
3585 1782 3720 1838 per-

349 1873 760 1944 primogenita;
793 1873 932 1928 dum
960 1870 1163 1927 edendi
1189 1873 1417 1942 tempus
1442 1872 1558 1924 nOn
1595 1873 1822 1924 servant
1858 1869 1982 1924 ani-

350 1965 536 2035 malia,
579 1969 637 2021 et
671 1968 805 2020 sunt
846 1962 1268 2019 irrationabilia.
1311 1963 1430 2016 Non
1477 1966 1561 2016 est
1596 1961 1772 2034 igitur
1807 1961 1981 2017 absti-

2081 1859 2256 1913 missa
2280 1859 2580 1914 consortia.
2616 1859 2797 1914 Licuit
2824 1859 2975 1914 enim
3001 1859 3100 1914 illo
3123 1864 3379 1931 tempore
3421 1861 3576 1932 quod
3610 1861 3721 1915 isto

2081 1967 2198 2006 non
2225 1951 2372 2020 licet,
2401 1957 2458 2007 et
2481 1951 2625 2008 sicut
2647 1969 2751 2024 per
2781 1954 2964 2025 legem
3003 1970 3277 2008 concessa
3314 1958 3446 2008 sunt
3482 1955 3721 2026 nuptia,

345 2074 504 2128 nens,
532 2058 694 2114 avide
719 2073 919 2112 vorans
961 2057 1132 2113 etiam
1168 2056 1302 2112 viles
1340 2055 1513 2110 cibos,
1544 2056 1856 2124 Sepulcrum
1880 2070 1983 2126 pa.
2080 2045 2157 2100 sic
2183 2061 2286 2116 per
2315 2045 2682 2117 Evangelium
2707 2047 3000 2117 virginitas
3025 2047 3344 2118 pradicata.
3391 2047 3538 2102 Gens
3564 2048 3722 2102 enim

347 2158 460 2207 lens
486 2156 563 2208 est
588 2157 778 2220 guttur
805 2167 1005 2214 eorum,
1037 2149 1116 2204 ait
1141 2149 1435 2204 Psalmista
1463 2148 1680 2218 (Psalm.
1709 2148 1783 2217 v).
1810 2149 1980 2202 Nam-
2081 2143 2201 2194 erat
2223 2138 2458 2192 Hebraa
2481 2139 2552 2192 ab
2583 2139 2739 2193 omni
2765 2139 3003 2194 discreta
3039 2140 3318 2194 consortio
3351 2141 3719 2212 populorum,

346 2261 457 2317 que
484 2247 541 2300 et,
568 2245 661 2300 ille
702 2243 889 2300 mollis
931 2247 990 2298 et
1023 2243 1324 2298 dissolutus
1369 2245 1454 2296 est
1486 2240 1605 2313 qui,
1645 2240 1984 2312 contemptis
2081 2235 2137 2286 et
2187 2231 2259 2286 ad
2300 2232 2756 2304 pr0phetandum
2805 2232 3092 2288 Christum
3144 2233 3387 2287 Ecctesia
3430 2234 3719 2305 deputata.

347 2337 736 2410 prmsentibus’
778 2336 1038 2409 pretiosis
1075 2351 1139 2391 ac
1177 2334 1493 2414 Ρθτθεςίηίε
1535 2333 1714 2405 epulis
1738 2333 1980 2389 delecta-
2080 2324 2158 2378 Ne
2203 2323 2434 2396 periret,
2481 2324 2698 2378 cunctis
2748 2325 3038 2396 permissa
3083 2331 3218 2380 sunt
3264 2327 3500 2398 nuptia,
3547 2343 3721 2382 causa

350 2434 461 2484 tur.
492 2429 662 2485 Piscis
681 2447 786 2502 per
807 2429 1129 2485 illecebram
1156 2429 1327 2484 hamo
1347 2427 1585 2499 capitur.
1617 2426 1744 2482 Avis
1767 2426 1983 2498 objecta
2079 2417 2251 2489 prolis
2289 2417 2685 2490 propagandae.
2734 2420 2798 2473 Et
2837 2419 2968 2490 quia
3020 2419 3258 2474 carnalis
3297 2425 3417 2474 erat
3451 2421 3718 2492 populus.

347 2539 488 2578 esca
516 2523 578 2578 in
599 2522 914 2594 decipulam
934 2523 1100 2578 cadit.
1129 2521 1327 2578 Bestiae
1353 2537 1482 2593 qua
1500 2519 1748 2574 naturali
1775 2519 1980 2575 virtute
2079 2509 2335 2565 carnium
2360 2511 2588 2582 crapula
2611 2512 2966 2584 pascebatur.
3009 2512 3288 2594 Sacriﬁcia
3323 2518 3476 2569 certe
3513 2514 3723 2568 idcirco

347 2619 478 2670 sunt
511 2615 730 2686 rigida,
769 2615 1074 2688 cupiditate
1112 2615 1222 2670 cibi
1245 2614 1306 2668 in
1329 2615 1551 2669 foveam
1580 2618 1894 2684 proruunt;
1925 2617 1982 2668 et
2077 2603 2362 2675 P8011de
2411 2603 2735 2672 litabantur,
2781 2604 2914 2676 quia
2949 2620 3149 2660 verum
3203 2606 3562 2676 sacrificium,
3608 2608 3723 2662 hoc

346 2725 485 2780 quas
518 2725 634 2763 non
669 2708 888 2764 emollit
921 2712 1144 2775 natura,
1177 2706 1385 2778 decipit
1414 2723 1556 2762 esca.
1586 2707 1667 2760 Tu
1690 2721 1822 2761 vero
1839 2710 1982 2760 tem-

347 2801 683 2873 perantiam,
713 2804 770 2856 et
793 2801 1224 2874 parcimoniam,
1249 2816 1349 2856 seu
1383 2799 1606 2855 oraculo
1650 2815 1749 2854 seu
1784 2814 1976 2854 exem-

349 2894 455 2965 plis
480 2893 629 2950 disce
667 2895 973 2966 majorum.
1016 2893 1276 2963 Oraculo,
1323 2893 1457 2965 quia
1499 2892 1634 2947 dicit
1660 2892 1974 2947 Dominus:

347 2990 464 3044 Non
501 2993 794 3058 graventur
834 2988 998 3043 corda
1043 2991 1224 3042 vestra
1266 2990 1326 3041 in
1365 2987 1594 3056 crapula
1627 2990 1678 3040 et
1726 2987 1980 3040 ebrietate

345 3082 358 3147 ί
367 3081 496 3134 Luc.
548 3081 680 3149 xxx).
735 3080 1034 3151 Exemplis,
1079 3079 1213 3150 quia
1268 3079 1438 3133 David
1479 3079 1728 3151 cupitam
1772 3095 1979 3150 aquam

347 3171 525 3226 uoluit
540 3171 753 3241 bibere,
783 3189 954 3243 quam
971 3171 1286 3243 periculum
1313 3171 1481 3226 alieni
1522 3187 1642 3226 esse
1687 3171 1977 3243 sanguinis

346 3264 624 3320 intellexit
651 3265 724 3335 (II
735 3268 865 3335 Reg.
898 3266 954 3334 ιι)
977 3282 990 3332 ;
1019 3265 1106 3320 vel
1121 3263 1254 3336 quia
1279 3263 1494 3334 Daniel,
1521 3265 1859 3335 contemptis
1883 3264 1978 3320 da-

353 3358 517 3428 pibus
544 3357 716 3429 regis,
755 3357 1139 3430 leguminibus
1167 3357 1310 3412 vixit
1349 3359 1503 3427 (Dan.
1545 3359 1674 3428 XIV).
1715 3357 1836 3413 Sint
1876 3357 1977 3412 tibi

344 3454 570 3522 accepta
595 3467 723 3522 qua
750 3457 884 3506 sunt
905 3451 1202 3506 comitibus
1231 3450 1340 3505 tuis
1367 3451 1712 3520 communia,
1735 3455 1793 3505 et
1837 3451 1973 3505 alio-

345 3561 474 3598 rum
503 3561 618 3599 non
645 3545 718 3600 sis
743 3544 1226 3616 intemperationis
1253 3560 1446 3614 causa;
1476 3549 1532 3600 et
1561 3544 1766 3616 quibus
1794 3544 1977 3599 forma

345 3653 463 3693 esse
501 3637 668 3693 debes
710 3638 1069 3694 hortamento
1127 3655 1190 3693 ac
1232 3638 1362 3693 vita
1404 3638 1566 3693 bona
1615 3637 1973 3707 documento,

345 3730 592 3785 scandali
611 3747 727 3785 non
759 3730 1018 3786 efﬁciaris
1048 3731 1280 3786 occasio.

1002 3847 1218 3902 CAPUT
1270 3847 1333 3900 V.

494 3939 561 3992 Ut
603 3939 755 4008 virgo
789 3940 1006 4005 singula
1037 3954 1144 3993 non
1170 3940 1423 4009 loquatur
1452 3955 1572 3994 cum
1601 3940 1830 4010 singulo.

413 4029 612 4086 Nullus
647 4036 702 4086 te
748 4031 1094 4102 singularem
1131 4031 1472 4102 alloquetur,
1510 4048 1614 4086 nec
1667 4035 1730 4087 tu
1775 4037 1981 4104 prater

346 4125 589 4180 duarum
619 4129 718 4180 aut
742 4125 916 4180 trium
953 4124 1344 4180 testimonium
1387 4125 1691 4196 alloquaris
1733 4125 1981 4198 aliquem

344 4218 710 4290 singularem.
749 4219 1032 4275 Memento
1083 4219 1276 4290 sponsi
1322 4218 1405 4273 tui
1442 4218 1740 4274 Salvatoris
1781 4219 1978 4290 nostri,

341 4312 442 4384 qui
481 4317 630 4368 certe
681 4329 796 4370 non
835 4313 1133 4368 verebatur
1169 4312 1354 4367 labem
1398 4311 1685 4384 peccandi,
1729 4315 1980 4369 attamen

343 4406 399 4460 in
434 4406 723 4462 montibus
751 4423 882 4462 cum
911 4407 1092 4478 Moyse
1119 4409 1176 4462 et
1207 4405 1327 4460 Elia
1351 4421 1553 4461 corum
1591 4405 1793 4474 tribus,
1815 4408 1980 4462 Petro

343 4501 398 4554 et
420 4499 624 4556 Iacobo
652 4505 709 4556 et
733 4501 967 4570 Joanne,
993 4501 1216 4556 locutus
1243 4504 1324 4556 est
1348 4499 1608 4555 testibus.
1639 4499 1727 4555 Sic
1757 4503 1814 4556 et
1847 4516 1978 4556 cum
1997 4489 2058 4564 D

347 4591 643 4646 suscitaret
671 4592 1104 4666 archisynagogi
1125 4592 1318 4662 ﬁliam,
1345 4609 1439 4648 eos
1483 4591 1742 4649 adhibuit
1785 4595 1977 4662 testes,

347 4689 413 4739 ut
439 4683 564 4740 falsi
594 4685 840 4741 rumoris
868 4702 986 4741 non
1013 4687 1176 4741 daret
1215 4685 1585 4741 occasionem.
1635 4685 1984 4742 Mirabantur

209 4762 232 4781 ⁸
336 4781 526 4834 autem
552 4782 608 4834 et
631 4778 911 4851 discipuli,
941 4779 1090 4850 quod
1127 4779 1198 4833 ad
1235 4782 1471 4850 puteum
1513 4779 1678 4834 Jacob
1719 4779 1976 4851 loquere-

343 4872 436 4924 tur
474 4888 605 4927 cum
649 4873 912 4928 muliere.
959 4873 1024 4928 Et
1065 4889 1257 4928 revera
1301 4889 1416 4926 non
1455 4872 1821 4943 mirarentur,
1867 4873 1977 4931 nisi

339 4963 479 5034 quid
517 4965 774 5022 viderent
797 4965 1160 5035 inusitatum;
1194 4969 1251 5021 et
1272 4964 1380 5020 nisi
1409 4965 1493 5019 illi
1520 4965 1784 5020 abiissent
1827 4966 1978 5022 cibos

340 5072 554 5126 emere,
593 5075 706 5114 non
733 5060 1060 5132 loqueretur
1089 5059 1228 5115 citra
1259 5075 1356 5114 eos
1391 5057 1648 5114 Christus
1689 5075 1815 5114 cum
1845 5076 1973 5115 mu-

335 5148 496 5206 liere.

991 5224 1208 5279 CAPUT
1237 5223 1324 5277 Vl.

615 5317 617 5319 ’
715 5317 1012 5386 Utjugiter
1036 5319 1187 5386 virgo
1217 5320 1333 5372 oret
1370 5321 1420 5372 et
1453 5317 1616 5387 legat.

408 5407 595 5463 Lectio
626 5407 731 5462 tibi
757 5407 828 5464 sit
851 5409 1088 5480 assidua,
1109 5409 1377 5483 jugisque
1401 5411 1604 5484 oratio,
1645 5409 1974 5466 Dividantur

331 5502 433 5558 tibi
467 5505 724 5574 tempora
769 5506 826 5558 et
862 5501 1065 5571 ofﬁcia,
1108 5507 1174 5558 ut
1209 5507 1512 5576 postquam
1562 5503 1768 5577 legeris
1823 5521 1970 5572 ores,

337 5600 637 5666 postquam
663 5595 906 5652 oraveris
925 5596 1100 5668 legas.
1125 5595 1213 5652 Sic
1243 5597 1487 5652 alternas
1522 5598 1805 5670 perpetim
1848 5598 1972 5653 hac

331 5689 442 5743 duo
483 5691 651 5759 bona,
697 5696 764 5746 nt
803 5691 873 5746 ab
922 5690 1124 5746 iisdem
1166 5687 1324 5745 nullo
1367 5690 1441 5745 sis
1476 5694 1732 5763 tempore
1769 5691 1967 5748 otiosa.

331 5781 488 5845 Quod
515 5783 560 5836 si
585 5783 800 5857 aliquid
837 5785 1098 5841 manibus
1142 5782 1494 5856 operantium
1540 5787 1642 5850 est,
1693 5785 1775 5838 vel
1821 5788 1970 5840 certe

2078 2701 2180 2765 est,
2217 2696 2425 2752 Christi
2461 2713 2666 2768 corpus
2706 2701 2766 2752 et
2803 2699 3139 2770 sanguinem
3180 2697 3521 2770 ﬁgurabant.
3554 2699 3724 2756 Venit

2077 2789 2300 2860 veritas,
2341 2789 2543 2845 umbra
2593 2790 2870 2860 discessit;
2918 2792 3078 2847 venit
3117 2808 3318 2848 verum
3359 2792 3720 2863 sacriﬁcium,

2078 2887 2133 2937 et
2177 2882 2405 2938 cessavit
2455 2883 2635 2938 hostia
2700 2885 3004 2956 pecudum.
3061 2884 3224 2940 Venit
3282 2886 3440 2958 virgo
3482 2886 3722 2958 virginis

2079 2975 2244 3044 ﬁlius,
2299 2979 2355 3032 et
2385 2976 2726 3049 virginitatis
2769 2977 3014 3049 prabuit
3056 2979 3478 3034 documentum.
3535 2979 3722 3036 Omne

2079 3069 2234 3123 enim
2263 3069 2414 3140 quod
2440 3069 2502 3124 in
2548 3069 2732 3124 Veteri
2779 3071 3138 3126 Testamento
3185 3072 3412 3144 legeris,
3462 3073 3723 3146 quamvis

2079 3177 2250 3234 opere
2305 3167 2529 3234 gestum
2591 3163 2786 3230 fuerit,
2853 3163 3225 3236 spiritualiter
3287 3168 3482 3220 tamen
3547 3166 3719 3222 intel-

2073 3255 2208 3326 lige,
2245 3259 2302 3310 et
2341 3255 2410 3324 de
2453 3255 2700 3310 historia
2736 3257 2975 3312 veritate
3023 3257 3412 3330 intelligentia
3451 3259 3722 3332 spiritalis

2075 3365 2303 3403 sensum
2329 3365 2484 3420 cape.
2511 3350 2634 3404 lam
2659 3365 2763 3420 pro
2788 3354 3016 3421 peccato
3064 3366 3180 3406 non
3235 3351 3510 3407 occiditur
3546 3353 3720 3407 homo

2073 3457 2340 3514 corpore;
2393 3442 2490 3496 sed
2541 3458 2739 3498 necem
2793 3459 2968 3515 quam
3017 3444 3099 3498 illi
3155 3444 3314 3499 carni
3365 3445 3577 3500 dabant
3619 3461 3721 3518 per

2076 3535 2353 3608 gladium,
2377 3551 2479 3590 nos
2518 3537 2840 3592 carnalibus
2879 3536 3027 3592 vitiis
3072 3537 3416 3610 imponimus
3460 3556 3570 3610 per
3605 3557 3718 3612 pa.

2074 3628 2330 3684 nitentia
2359 3645 2550 3684 usum.
2591 3629 2816 3685 Cantica
2865 3630 3212 3686 canticorum
3243 3631 3410 3703 juxta
3450 3633 3716 3689 auditum

2076 3722 2304 3776 aurium
2327 3738 2400 3777 ne
2429 3721 2655 3790 sentias,
2689 3722 2823 3794 quia
2847 3723 3134 3779 carnalem
3153 3723 3475 3780 illecebram
3503 3727 3718 3782 terreni

2076 3815 2284 3870 amoris
2309 3815 2622 3885 insinuant,
2653 3832 2783 3887 qua
2808 3832 2912 3888 per
2937 3816 3150 3888 species
3172 3817 3410 3872 actionis
3433 3818 3644 3874 Christi
3663 3827 3719 3876 et

2077 3909 2332 3964 Ecclesia
2360 3908 2695 3964 charitatem
2726 3909 2997 3980 ﬁgurant.
3030 3911 3222 3966 Merito
3255 3927 3289 3964 a
3311 3912 3596 3967 veteribus
3623 3914 3717 3968 isti

2077 4001 2204 4056 libri
2231 4002 2504 4073 prohibiti
2531 4006 2664 4057 sunt
2680 4003 2872 4074 legere
2899 4003 3238 4072 carnalibus,
3255 4003 3361 4058 hoc
3387 4010 3488 4072 est,
3519 4007 3717 4078 Hepta-

2077 4095 2370 4164 teuchum,
2401 4101 2458 4150 et
2483 4095 2710 4152 Cantica
2739 4096 3124 4152 canticorum:
3153 4113 3225 4152 ne
3251 4097 3388 4154 dum
3417 4115 3515 4153 eos
3541 4100 3710 4171 spiri-

2079 4188 2267 4244 taliter
2289 4189 2564 4259 nesciunt,
2593 4189 2844 4244 libidinis
2873 4205 2936 4244 ac
2965 4189 3318 4262 voluptatum
3349 4191 3715 4248 incitamento

2082 4281 2385 4338 solvantur.

2133 4359 2138 4363 1
2708 4373 2926 4428 CAPUT
2954 4373 3088 4428 Vlll.

2621 4472 2694 4525 De
2743 4469 2946 4540 jejunit'
2998 4471 3174 4526 modo.

2149 4567 2370 4640 Jejunia
2397 4570 2550 4623 certe
2575 4567 2758 4623 valido
2788 4568 3011 4641 corpori
3046 4567 3391 4642 imponenda
3434 4577 3606 4639 sunt;
3659 4579 3714 4627 et

2079 4677 2219 4734 quos
2245 4661 2468 4717 rebellis
2492 4676 2624 4715 caro
2653 4660 2780 4732 lege
2822 4661 3092 4716 vitiorum
3133 4663 3452 4736 impugnat,
3492 4663 3717 4736 jejunio

2077 4753 2412 4810 attenuandi
2437 4757 2571 4808 sunt
2584 4753 2738 4826 jugi.
2785 4753 3152 4826 Subjuganda
3197 4759 3282 4810 est
3316 4755 3555 4827 jejuniis
3590 4774 3719 4812 caro

2078 4847 2282 4920 rigida,
2315 4851 2370 4902 et
2397 4851 2631 4903 eatenus
2656 4847 3015 4918 refrenanda,
3041 4853 3108 4904 ut
3131 4849 3246 4921 legi
3271 4849 3478 4904 mentis
3523 4853 3580 4905 et
3619 4851 3718 4906 im-

2075 4941 2248 5013 periis
2269 4941 2477 4996 anima
2507 4940 2797 5011 subjaceat
2824 4945 2889 4996 ut
2913 4940 3136 4996 ancilla.
3167 4943 3234 4998 Et
3253 4958 3426 5014 quam
3466 4943 3718 5000 debilita-

2074 5035 2154 5090 vit
2165 5034 2322 5107 jugis
2347 5033 2667 5102 inﬁrmitas,
2686 5033 2732 5089 si
2749 5049 2872 5090 eam
2885 5033 2964 5106 jej
2975 5034 3120 5090 uniis
3139 5039 3442 5108 temperes,
3464 5040 3715 5093 tantum-

2075 5145 2184 5202 que
2228 5145 2418 5184 sumas
2453 5130 2734 5200 quantum
2782 5127 2946 5183 saluti
2996 5128 3257 5196 sufﬁciat,
3287 5145 3402 5184 non
3431 5131 3709 5201 peccabis.

2072 5222 2358 5278 Meliorem
2386 5225 2575 5277 tamen
2597 5220 2792 5292 judice
2818 5237 2944 5276 eam
2959 5238 3086 5294 qua
3115 5221 3310 5278 salutis
3327 5223 3534 5279 robore
3559 5223 3712 5280 inﬁr-

2072 5315 2286 5371 mitatis
2323 5331 2436 5371 non
2484 5319 2648 5386 egeat
2686 5314 2958 5370 remedio.
2996 5316 3108 5370 Nec
3142 5315 3310 5372 debet
3354 5317 3712 5374 scandalizari

2072 5421 2198 5478 qua
2225 5421 2359 5461 sana
2383 5409 2484 5474 est,
2509 5405 2555 5458 si
2583 5403 2872 5460 remissius
2898 5404 2987 5460 vel
3013 5403 3406 5477 indulgentius
3442 5423 3574 5478 qua
3621 5408 3708 5462 in-

2071 5499 2235 5554 ﬁrma
2261 5503 2346 5554 est
2363 5499 2550 5567 alitur;
2574 5498 2672 5554 sed
2687 5497 2872 5570 magis
2885 5514 2950 5553 eo
2965 5515 3024 5554 se
3035 5498 3324 5554 meliorem
3341 5500 3708 5556 sanctiorem-

2071 5610 2182 5667 que
2203 5608 2322 5648 esse
2333 5592 2668 5662 consideret,
2686 5591 2838 5663 quod
2849 5591 3144 5664 fragilibus
3156 5593 3324 5648 rebus
3339 5609 3454 5648 non
3471 5594 3705 5667 indiget,

2069 5684 2275 5762 quibus
2296 5690 2426 5758 eget
2437 5686 2758 5744 inﬁrmitas.
2781 5686 2876 5742 Illa
2903 5691 3092 5742 autem
3113 5687 3595 5758 quainﬁrmitatis
3615 5689 3707 5744 ob-

2071 5784 2230 5838 tentu
2259 5783 2508 5836 meretur
2523 5779 2946 5852 aliquidlenius,
2971 5779 3040 5835 sit
3068 5796 3187 5852 pra
3213 5781 3431 5836 cateris
3453 5781 3702 5850 humilis,
