4054 6186
248 225 350 275 8‘55

245 419 506 475 nentiam
530 422 793 493 tempore
828 421 1078 480 laxatam
1124 435 1241 474 non
1282 420 1512 491 reputet
1536 418 1749 488 virtuti,
1780 419 1881 475 sed

246 510 590 570 infirmitati.

889 597 1115 652 CAPUT
1153 597 1235 651 IX.

815 692 903 746 De
956 706 1086 746 usu
1136 691 1314 745 vini.

314 794 459 850 Vino
484 792 801 850 secundum
829 791 1087 864 Apostoli
1115 793 1277 848 utere
1306 792 1587 863 regulam.
1608 790 1704 845 Ait
1723 790 1881 847 enim

239 887 547 945 Timotheo
593 903 608 942 :
653 887 861 943 Modico
914 888 1040 941 vino
1090 889 1237 942 utere
1272 889 1500 956 propter
1552 886 1881 941 stomachum

236 987 413 1045 tuum,
457 986 508 1036 et
550 982 855 1051 frequentes
906 984 1027 1035 tuas
1065 980 1405 1048 inﬁrmitates
1432 977 1587 1047 (Tim.
1620 978 1695 1049 v).
1731 978 1878 1031 Dum

238 1075 402 1131 enim
429 1074 567 1130 dicit
586 1073 903 1143 modicum,
940 1072 1361 1127 medicinaliter
1386 1070 1706 1126 bibendum
1754 1071 1878 1125 fore

239 1171 618 1235 monstratur,
642 1183 759 1222 non
782 1167 856 1221 ad
876 1167 1237 1221 ebrietatem.
1263 1167 1408 1221 Nam
1436 1164 1549 1220 alio
1569 1166 1696 1220 loco
1721 1164 1879 1219 idem

238 1263 322 1317 sic
344 1262 484 1317 dicit
508 1262 810 1333 Apostolus
839 1277 853 1315 :
883 1261 1081 1316 Vinum
1110 1260 1321 1322 dixisti,
1343 1274 1493 1314 omne
1520 1261 1714 1316 vitium
1738 1259 1881 1313 diari—

236 1359 313 1411 sti
339 1356 470 1427 (Tit.
492 1356 571 1425 11).
594 1354 850 1409 Ebrietas
876 1353 1033 1408 enim
1058 1352 1300 1407 mortale
1332 1355 1419 1408 est
1448 1351 1666 1407 crimen
1690 1367 1704 1407 :
1727 1351 1880 1406 inter

238 1448 577 1516 homicidia,
602 1451 659 1503 et
684 1447 986 1515 adulteria,
1009 1447 1095 1501 vel
1122 1445 1531 1502 fornicationes
1556 1447 1873 1517 reputatur.

235 1543 332 1598 Sic
345 1542 501 1613 ejicit
516 1559 551 1598 a
565 1558 746 1613 regno
764 1540 867 1597 Dei
878 1540 992 1594 vini
1006 1540 1364 1607 temulentia,
1379 1538 1876 1611 quemadmodum

236 1636 462 1691 facinus
491 1634 780 1702 adulterii,
806 1635 895 1689 vel
926 1632 1243 1700 homicidii,
1272 1634 1362 1687 vel
1395 1633 1640 1688 aliorum
1679 1632 1874 1688 crimi-

1798 221 2080 276 REGCLA.

246 327 441 381 doleat
465 342 576 397 que
601 342 660 379 se
687 342 804 381 non
832 343 995 398 posse
1017 342 1146 398 quae
1169 326 1295 380 alia:
1327 328 1598 396 possunt;
1630 330 1687 380 et
1716 327 1884 381 absti-
1905 339 1962 412 Α

3514 231 3615 286 886

2630 333 2852 387 CAPUT
2888 335 2971 387 XI.

2291 426 2445 492 Quod
2462 430 2745 495 peccatum
2769 429 2842 482 sit
2869 429 3073 498 virgini
3100 428 3301 484 videre.

2052 518 2184 572 Esto
2219 517 2279 572 in
2310 519 2425 573 Deo
2456 518 2717 589 gaudens
2750 519 2950 575 laetitia
2993 520 3173 575 animi
3208 524 3518 596 tranquilla
3557 529 3615 582 et

1984 611 2304 678 moderata,
2320 611 2481 683 juxta
2509 612 2662 683 quod
2686 612 2768 667 ait
2793 614 3131 685 Apostolus:
3162 614 3400 674 Gaudete
3428 621 3489 675 in
3515 624 3631 677 Dor

1978 707 2123 760 mino
2164 720 2390 776 semper,
2441 708 2634 761 iterum
2669 706 2784 760 dico
2820 708 3047 777 gaudete
3074 706 3234 780 (Phil.
3274 710 3370 782 1v).
3404 713 3472 766 Et
3501 714 3612 771 alio

1980 798 2106 854 loco
2153 797 2325 852 dicit:
2350 800 2573 854 Fructus
2605 802 2783 854 autem
2810 800 3047 870 Spiritus
3074 806 3151 856 est
3176 802 3439 870 gaudium
3464 804 3609 877 (Gal.

1982 890 2058 963 v).
2090 891 2236 946 Talis
2254 890 2585 963 jucunditas
2619 909 2735 947 non
2761 894 3063 965 perturbat
3089 897 3345 951 mentem
3385 896 3613 955 ridendi

1978 983 2255 1052 foeditate,
2285 985 2386 1039 sed
2414 985 2671 1040 sublevat
2700 986 2998 1042 desideriis
3028 988 3283 1044 animam
3318 989 3391 1045 ad
3412 1008 3608 1064 super-

1980 1094 2116 1133 nam
2146 1077 2431 1149 quietem;
2463 1078 2559 1134 ubi
2589 1080 2770 1151 possis
2802 1080 3000 1135 audire
3034 1098 3047 1136 :
3081 1085 3233 1138 Intra
3259 1086 3318 1138 in
3347 1086 3611 1153 gaudium

1980 1173 2192 1226 Domini
2220 1174 2304 1226 tui
2327 1171 2544 1243 (Matth.
2581 1174 2725 1244 xxv).
2756 1174 2935 1238 Quale
2968 1174 3038 1229 sit
3068 1193 3167 1230 cor
3210 1176 3448 1248 virginis
3486 1179 3605 1251 ple-

1978 1280 2223 1337 rumque
2254 1264 2370 1319 risu
2401 1267 2774 1321 monstratur.
2813 1269 3008 1339 Neque
3046 1268 3202 1323 enim
3241 1269 3609 1341 impudenter

1978 1357 2137 1430 virgo
2169 1357 2401 1424 rideret,
2426 1358 2472 1412 si
2498 1375 2597 1413 cor
2622 1363 2842 1415 castum
2868 1360 3126 1415 haberet.
3162 1362 3467 1432 Speculum
3489 1381 3610 1419 cor-

1979 1455 2065 1510 dis
2096 1454 2270 1509 facies
2300 1459 2384 1509 est
2411 1455 2662 1510 hominis
2691 1473 2703 1511 :
2738 1474 2854 1511 non
2886 1457 3038 1511 ridet
3072 1457 3293 1526 lascive,
3325 1460 3432 1514 nisi
3477 1478 3604 1533 qua:

1977 1548 2148 1604 corde
2176 1548 2381 1604 lasciva
2402 1552 2505 1603 est.
2528 1553 2614 1606 Em
2643 1551 2986 1605 abundantia
3012 1553 3152 1606 enim
3172 1553 3366 1615 cordis,
3398 1552 3477 1607 ait
3501 1555 3607 1609 Do-

1977 1643 2187 1710 minus,
2220 1658 2277 1697 os
2318 1644 2556 1714 loquitur
2594 1642 2804 1713 (Matth.
2834 1644 2950 1715 x11),
2984 1659 3123 1714 ergo
3156 1661 3220 1699 ex
3250 1644 3607 1702 abundantia

234 1746 382 1785 num
411 1728 651 1801 flagitia.
680 1728 997 1783 Conﬁrmat
1027 1727 1136 1782 hoc
1164 1726 1303 1781 dum
1351 1726 1488 1781 dicit
1514 1726 1820 1797 Apostolus
1856 1702 1950 1781 :B
1977 1702 2265 1791 vanissimi
2292 1702 2538 1807 petitoris
2568 1702 2719 1790 ridet
2749 1702 2923 1791 facies
2937 1702 3207 1808 virginis.
3233 1736 3380 1802 Quid
3403 1738 3474 1794 de
3496 1739 3606 1796 hoc

230 1825 414 1882 Nolite
433 1838 615 1879 errare
635 1841 653 1877 :
675 1837 843 1892 neque
859 1822 1171 1890 fornicarii,
1198 1836 1368 1891 neque
1386 1820 1546 1876 idolis
1568 1823 1870 1885 servientes,

234 1934 409 1988 neque
433 1918 693 1981 adulteri,
720 1930 890 1986 neque
921 1915 1126 1977 molles,
1156 1929 1326 1984 neque
1358 1914 1717 1969 masculorum
1744 1929 1870 1969 con-

228 2012 520 2074 cubitores,
548 2024 717 2080 neque
737 2011 913 2077 fures,
940 2023 1110 2078 neque
1135 2008 1315 2070 avari,
1344 2022 1513 2077 neque
1536 2007 1748 2071 ebriosi,
1778 2023 1868 2063 ne-

226 2121 336 2175 que
374 2104 646 2166 maledici,
674 2118 843 2173 neque
871 2117 1096 2172 rapaces
1133 2116 1358 2170 regnum
1395 2102 1494 2155 Dei
1522 2101 1875 2171 possidebunt

231 2201 277 2265 (1
307 2199 433 2254 Cor.
458 2197 555 2268 v1).
588 2196 727 2251 Vide
759 2197 1043 2267 quantum
1071 2194 1143 2248 sit
1168 2193 1490 2249 execranda
1516 2193 1781 2262 ebrietas,
1810 2197 1874 2249 ut

228 2292 416 2347 etiam
437 2308 472 2346 a
492 2306 673 2361 regno
694 2289 792 2343 Dei
813 2305 946 2344 suos
962 2291 1252 2343 amatores
1269 2286 1474 2358 ejiciat.
1491 2287 1676 2352 Quam
1696 2288 1870 2343 etiam

228 2384 571 2441 terribiliter
599 2383 883 2456 propheta
911 2382 1173 2453 increpet
1200 2381 1333 2436 vino
1357 2380 1581 2435 deditos
1605 2380 1752 2449 vide,
1784 2381 1868 2436 di-

228 2479 309 2533 cit
335 2478 497 2533 enim
530 2495 542 2532 :
581 2480 674 2534 Vas
700 2478 799 2546 qui
814 2480 1058 2546 potentes
1083 2478 1207 2530 estis
1236 2475 1314 2530 ad
1337 2475 1624 2530 bibendum
1658 2477 1866 2539 vinum,

226 2578 277 2627 et
324 2574 435 2626 viri
466 2573 636 2637 fortes
663 2570 739 2625 ad
760 2569 1093 2624 miscendam
1122 2569 1449 2623 ebrietatem.
1484 2570 1577 2625 Va:
1610 2570 1707 2637 qui
1741 2584 1865 2623 con-

228 2667 461 2735 surgitis
486 2680 644 2718 mane
679 2663 754 2718 ad
794 2663 1104 2718 ebrietatem
1129 2662 1464 2724 sectandam,
1494 2665 1545 2715 et
1566 2662 1869 2731 potandam

225 2775 399 2830 usque
421 2758 497 2812 ad
522 2772 819 2827 vesperam,
850 2761 911 2810 ut
934 2758 1061 2809 vino
1091 2757 1322 2810 wstuetis
1349 2753 1496 2825 (Isai.
1525 2752 1582 2825 1).
1617 2753 1767 2809 Bibit
1786 2753 1863 2808 vi-

226 2867 377 2907 num
414 2852 548 2918 Noe,
582 2853 754 2921 atque
801 2848 1077 2904 ebrietate
1123 2847 1356 2919 sopitus,
1406 2849 1568 2918 parte
1614 2846 1867 2919 carporis

222 2942 630 3000 verecundiori
656 2942 981 2997 denudatus
1015 2942 1101 2996 est
1123 2940 1274 3013 (Gen.
1305 2940 1379 3011 1x)
1406 2956 1419 2995 :
1444 2943 1507 2995 ut
1540 2941 1769 2995 noveris
1788 2940 1867 2997 sic

221 3036 590 3094 consternari
626 3035 889 3091 animum
929 3036 1252 3090 humanum
1292 3034 1446 3101 vino,
1484 3039 1542 3089 et
1580 3034 1865 3090 rationem

221 3134 502 3188 humanae
526 3129 737 3185 mentis
758 3128 1019 3196 obtundi,
1040 3145 1112 3183 ne
1133 3128 1384 3199 seipsum
1406 3126 1640 3198 quidem
1657 3128 1861 3182 memi-

220 3229 401 3296 nerit,
430 3228 612 3283 multo
643 3225 836 3282 minus
881 3225 1057 3281 etiam
1100 3227 1301 3281 Deum.
1353 3226 1422 3280 Et
1464 3224 1597 3279 licet
1624 3224 1721 3279 illa
1745 3226 1863 3281 Noe

219 3323 479 3378 ebrietas
521 3339 587 3376 ac
620 3320 860 3375 nudatio
890 3319 1230 3391 mysterium
1260 3317 1466 3375 Christi
1496 3317 1777 3389 passionis
1808 3322 1866 3373 et

219 3416 433 3473 mortis
471 3414 785 3481 contineat,
817 3417 1013 3468 tamen
1047 3412 1121 3467 ad
1153 3412 1409 3467 litteram
1441 3427 1697 3466 errorem
1728 3411 1865 3466 facti

218 3510 503 3565 insinuat.
527 3508 672 3564 Loth
694 3508 826 3562 vino
849 3506 1174 3578 crapulatus
1196 3500 1475 3560 incestum
1502 3504 1696 3559 intulit
1716 3503 1859 3559 filia-

219 3621 357 3660 rum
380 3604 526 3674 (Gen.
540 3600 673 3673 ω),
694 3618 800 3656 nec
820 3600 997 3655 sensit
1018 3615 1307 3665 errorem;
1339 3598 1412 3653 de
1441 3614 1554 3669 quo
1574 3597 1861 3654 incentivo

216 3696 535 3753 concubitu
563 3698 875 3751 nascuntur
894 3693 1154 3749 Moabitae
1184 3695 1241 3746 et
1267 3691 1632 3747 Ammonitaa.
1665 3693 1734 3746 Et
1760 3693 1861 3747 Do-

220 3792 421 3847 minus
450 3790 586 3846 dicit
613 3807 628 3845 :
661 3789 914 3845 Moabitae
937 3793 987 3843 et
1009 3787 1333 3842 Ammanitae
1360 3801 1466 3840 non
1489 3786 1775 3841 intrabunt
1801 3788 1862 3841 in

218 3887 518 3944 Ecclesiam
538 3900 713 3939 meam
726 3898 894 3953 usque
911 3884 970 3937 in
990 3881 1255 3936 decimam
1272 3881 1665 3949 generationem
1682 3878 1857 3952 (Deut.

221 3978 401 4049 xxm).
431 3978 589 4034 Senti
621 3979 904 4048 quantum
946 3975 1018 4029 sit
1057 3973 1334 4046 fugienda
1362 3972 1479 4027 vini
1515 3972 1767 4043 satietas,
1798 3975 1860 4028 ut

219 4074 405 4128 etiam
426 4069 767 4143 patriarchis
791 4068 1042 4124 scandali
1065 4071 1124 4122 et
1143 4068 1324 4138 culpae
1356 4083 1526 4122 causa
1555 4066 1856 4122 exstiterit.

221 4169 378 4237 Ergo
409 4168 467 4218 et
492 4163 650 4235 virgo
684 4179 809 4234 quae
837 4162 1045 4216 virtute
1072 4160 1327 4233 corporis
1352 4161 1525 4233 viget,
1547 4160 1695 4215 bene
1724 4159 1860 4215 facit

220 4260 266 4313 si
299 4257 545 4314 omnino
574 4273 634 4311 se
665 4272 699 4311 a
732 4256 863 4310 vino
890 4254 1248 4310 abstinuerit.
1289 4253 1604 4309 Invalidam
1630 4269 1762 4309 vero
1802 4257 1860 4309 et

224 4350 579 4407 imbecillem
620 4366 725 4422 pro
768 4348 1059 4405 medicina
1104 4348 1268 4403 decet
1296 4347 1379 4402 uti
1406 4347 1558 4415 vino,
1592 4363 1708 4429 non
1752 4363 1855 4419 pro

216 4444 586 4500 temulentia.

882 4525 1103 4582 CAPUT
1138 4526 1197 4580 X.

509 4622 782 4689 Quatenus
806 4621 891 4674 uti
918 4622 1071 4689 virgo
1114 4620 1327 4673 lavacro
1356 4616 1563 4672 debeat.

290 4725 508 4780 Balneo
539 4740 657 4779 non
685 4739 790 4795 pro
821 4720 1011 4777 studio
1038 4721 1129 4775 vel
1157 4719 1340 4774 nitore
1369 4718 1546 4774 utaris
1576 4718 1850 4791 corporis,

214 4819 317 4874 sed
349 4821 575 4873 tantum
600 4833 704 4888 pro
735 4814 996 4871 remedio
1026 4813 1242 4870 salutis.
1271 4815 1462 4882 Utere,
1490 4812 1750 4885 inquam,
1775 4813 1854 4867 la-

215 4927 391 4967 vacro
420 4910 651 4983 quando
670 4908 856 4982 poscit
872 4908 1199 4977 inﬁrmitas,
1220 4924 1337 4963 non
1361 4906 1594 4980 quando
1611 4905 1855 4961 suaserit

216 5007 504 5061 voluntas.
528 5004 691 5071 Quod
714 5004 871 5060 enim
900 5018 1131 5058 necesse
1160 5018 1278 5057 non
1299 5004 1405 5070 est,
1428 5002 1472 5056 si
1497 5001 1705 5074 egeris,
1728 5015 1854 5073 pec-

218 5099 398 5155 cabis.
434 5098 718 5171 Scriptum
754 5100 841 5154 est
867 5114 882 5153 :
910 5100 981 5154 Et
1007 5099 1184 5153 carnis
1216 5112 1404 5153 curam
1429 5111 1496 5151 ne
1521 5096 1758 5163 feceritis
1795 5096 1855 5149 in

216 5194 660 5263 concupiscentiis
710 5191 880 5263 (Rom.
912 5190 1085 5262 xvm).
1118 5191 1264 5246 Cura
1302 5189 1489 5244 carnis
1518 5188 1753 5243 veniens
1784 5204 1855 5243 ex

220 5284 687 5358 concupiscentia
712 5284 961 5341 habetur
986 5285 1046 5341 in
1068 5283 1233 5350 vitio;
1278 5299 1399 5339 non
1427 5299 1495 5361 ea
1528 5298 1655 5355 quae
1686 5280 1855 5336 saluti

220 5378 565 5451 reparandis
594 5378 879 5435 convenit.
912 5379 1275 5451 Quapropter
1302 5393 1417 5432 non
1450 5378 1506 5431 te
1545 5374 1745 5430 illiciat
1771 5376 1853 5430 la-

223 5489 359 5529 vare
379 5471 588 5544 saepius
607 5471 796 5528 carnis
810 5472 1092 5539 voluntas,
1113 5471 1215 5526 sed
1240 5468 1588 5525 infirmitatis
1608 5468 1858 5540 imperet

225 5565 556 5623 necessitas.
597 5566 772 5623 Cares
811 5565 967 5623 enim
1012 5565 1199 5638 culpa,
1229 5564 1276 5618 si
1308 5562 1464 5636 quod
1496 5578 1727 5619 necesse
1770 5564 1857 5618 est

228 5663 437 5735 egeris.

1972 1829 2182 1901 legitur
2201 1828 2329 1884 vide
2354 1845 2367 1884 :
2390 1832 2580 1886 Risum
2612 1833 2865 1901 reputavi
2880 1845 3136 1898 errorem;
3170 1836 3221 1886 et
3242 1832 3445 1900 gaudio
3464 1832 3606 1902 dimi,

1972 1924 2105 1994 quid
2140 1924 2354 1991 frustra
2387 1922 2589 1994 decipis
2632 1922 2792 1994 (Eccl.
2838 1925 2933 1995 11)?
2977 1924 3046 1977 Et
3083 1922 3291 1979 iterum
3337 1923 3554 1980 ibidem
3587 1942 3599 1980 :

1970 2019 2129 2073 Risus
2151 2017 2331 2072 dolore
2357 2019 2608 2073 miscetur
2639 2036 2655 2071 :
2687 2022 2737 2072 et
2761 2021 2999 2073 extrema
3026 2017 3222 2088 gaudii
3244 2018 3418 2074 luctus
3456 2034 3605 2074 occu-

1964 2115 2087 2181 pat.
2118 2112 2189 2165 Et
2210 2109 2489 2164 Dominus
2519 2110 2599 2165 ait
2632 2128 2644 2165 :
2674 2113 2829 2167 Beati
2853 2113 2949 2182 qui
2977 2110 3176 2180 lugent,
3205 2114 3461 2182 quoniam
3496 2114 3605 2182 ipsi

1971 2205 2390 2258 consolabuntur
2415 2204 2628 2273 (Matth.
2651 2203 2727 2275 v).
2749 2206 2962 2259 Verum
2984 2207 3041 2259 et
3066 2206 3355 2276 apostolus
3394 2204 3598 2260 insane

1971 2295 2293 2351 laetantibus
2316 2295 2452 2349 dicit
2476 2312 2490 2351 :
2513 2298 2672 2352 Risus
2691 2300 2863 2351 vester
2878 2302 3123 2352 vertatur
3152 2299 3212 2351 in
3245 2297 3446 2353 luctum
3466 2296 3598 2369 (Jac.

1971 2390 2067 2461 1v).
2100 2388 2295 2443 Risum
2322 2405 2482 2460 ergo,
2511 2405 2693 2457 soror,
2719 2393 2780 2444 ut
2811 2406 3068 2444 errorem
3097 2390 3252 2461 fuge,
3282 2393 3340 2444 et
3368 2392 3595 2463 tempo-

1970 2484 2154 2538 ralem
2182 2481 2442 2537 laetitiam
2468 2486 2762 2537 commuta
2788 2482 2850 2537 in
2875 2484 3119 2551 luctum;
3147 2485 3210 2537 ut
3231 2481 3597 2555 beatificeris,

1972 2576 2016 2631 si
2042 2575 2350 2648 peregrina
2368 2575 2430 2630 in
2460 2576 2679 2631 mundo
2708 2575 2952 2631 luxeris:
2982 2576 3258 2647 quoniam
3283 2575 3380 2648 qui
3401 2593 3599 2632 secun-

1970 2670 2107 2724 dum
2125 2671 2304 2725 Deum
2320 2669 2540 2741 lugent,
2561 2668 2715 2724 beati
2737 2672 2888 2739 sunt,
2909 2672 2966 2724 et
2986 2669 3095 2741 ipsi
3124 2669 3592 2726 consolabuntur.

1966 2762 2329 2834 Peregrinari
2352 2764 2406 2816 te
2432 2762 2492 2816 in
2524 2762 2744 2817 mundo
2772 2762 2942 2828 scito;
2979 2779 3086 2817 nec
3114 2761 3207 2817 hic
3242 2762 3457 2819 habere
3487 2781 3593 2837 pa-

1966 2856 2159 2925 triam,
2191 2856 2292 2910 sed
2318 2855 2376 2910 in
2406 2857 2567 2910 coelo.
2592 2855 2650 2911 Si
2678 2855 2778 2909 tali
2807 2854 3094 2911 desiderio
3124 2855 3366 2911 ardebat
3388 2857 3595 2914 Christi

1967 2966 2179 3018 servus,
2210 2953 2271 3003 ut
2296 2948 2512 3003 diceret
2536 2966 2548 3003 :
2581 2950 2746 3019 Cupio
2773 2948 3014 3012 dissolvi,
3036 2953 3087 3003 et
3111 2964 3219 3004 esse
3243 2965 3360 3005 cum
3388 2949 3597 3008 Christo

1967 3043 2126 3114 (Phil.
2161 3043 2227 3114 1);
2259 3044 2473 3114 quanta
2507 3041 2721 3097 amoris
2771 3040 3078 3113 ﬂagrantia
3108 3041 3268 3114 virgo
3296 3041 3468 3099 debet
3498 3061 3589 3099 ac-

1966 3136 2149 3204 cendi,
2180 3152 2353 3208 quam
2392 3136 2596 3190 uberes
2633 3136 2915 3207 lacrymas
2956 3134 3240 3191 desiderio
3281 3137 3474 3209 sponsi
3506 3139 3597 3196 sui

1965 3228 2281 3299 effundere,
2307 3229 2491 3284 donec
2519 3228 2593 3283 ad
2619 3229 2950 3301 amplexum
2967 3228 3175 3286 Christi
3193 3230 3380 3284 valeat
3396 3248 3594 3303 perve-

1965 3323 2107 3389 nire,
2139 3325 2197 3375 et
2231 3320 2477 3376 ubertim
2504 3321 2642 3375 ﬂere
2675 3338 2792 3376 non
2822 3320 3066 3391 desinat,
3101 3337 3398 3394 usquequo
3429 3323 3588 3378 Chri-

1963 3418 2136 3482 stum,
2171 3430 2340 3485 quem
2372 3414 2566 3468 v1dere
2597 3413 2771 3485 cupit,
2801 3413 3066 3485 attingat.
3103 3414 3361 3484 Lugebat
3395 3414 3491 3469 ille
3529 3433 3589 3471 se

1962 3506 2333 3579 peregrinum
2371 3506 2430 3560 in
2460 3506 2565 3561 hac
2595 3506 2729 3574 vita,
2763 3506 2862 3578 qui
2892 3522 3139 3562 moerens
3173 3506 3399 3562 dicebat
3429 3525 3442 3563 :
3469 3510 3589 3564 Heu

1959 3603 2076 3657 me!
2098 3601 2243 3672 quod
2270 3601 2535 3655 incolatus
2560 3615 2707 3655 meus
2726 3600 3083 3671 prolongatus
3109 3605 3188 3656 est
3206 3616 3240 3655 a
3261 3617 3341 3656 me
3367 3600 3587 3671 (Psalm.

1962 3694 2127 3764 cx1x).
2156 3695 2300 3748 Nam
2335 3692 2629 3748 exsultans
2655 3695 2710 3747 te
2741 3693 2983 3748 celestis
3008 3710 3248 3766 sponsus
3284 3697 3341 3749 et
3374 3694 3585 3750 charis-

1960 3789 2119 3843 simis
2143 3787 2384 3860 excipiet
2402 3786 2775 3859 amplexibus,
2793 3786 2837 3842 si
2861 3790 2915 3841 te
2936 3787 3021 3842 sui
3044 3787 3323 3843 desiderio
3340 3787 3587 3860 ﬂagrare

1962 3881 2243 3949 didicerit,
2277 3884 2334 3935 et
2363 3880 2409 3935 si
2450 3881 2685 3937 absente
2718 3898 2786 3937 eo
2824 3881 3067 3950 ﬂeveris,
3100 3881 3195 3937 ille
3234 3885 3290 3937 te
3333 3900 3588 3958 praesens

1959 3974 2366 4032 consolabitur.

2021 4055 2024 4058 ’
2586 4054 2810 4110 CAPUT
2846 4055 2954 4109 XII.

2030 4149 2273 4218 Qualiter
2293 4148 2592 4203 habeantur
2608 4148 2822 4203 ancillae
2844 4150 3215 4217 virginitatem
3239 4152 3511 4220 professa.

2030 4256 2183 4320 Quas
2220 4254 2323 4309 tibi
2370 4254 2523 4322 fecit,
2556 4257 2655 4308 aut
2692 4252 2893 4308 fecerit
2942 4254 3176 4308 ancillas
3216 4254 3490 4324 conditio,
3532 4260 3589 4312 et

1957 4365 2183 4405 sorores
2210 4348 2509 4419 professio,
2525 4346 2652 4417 jam
2676 4363 2790 4400 non
2820 4363 2924 4417 pro
2956 4362 3103 4401 nexu
3131 4347 3417 4403 servitutis
3438 4351 3587 4405 exul-

1875 4433 1935 4505 D
1957 4458 2135 4510 ceres,
2153 4440 2251 4497 sed
2263 4457 2367 4512 pro
2379 4438 2622 4511 paritate
2635 4438 3006 4510 professionis
3017 4439 3431 4506 honores.Quee
3445 4458 3583 4515 ergo

1949 4538 2141 4590 tecum
2167 4532 2228 4588 in
2254 4531 2477 4589 Christo
2506 4530 2853 4603 virginitatis
2875 4531 3176 4604 stipendiis
3202 4532 3439 4604 militat,-
3459 4536 3586 4607 pari

1949 4632 2139 4685 tecum
2166 4627 2431 4683 libertate
2457 4626 2717 4681 exsultat.
2746 4626 2859 4681 Nec
2887 4625 2965 4681 sic
2992 4643 3089 4681 vos
3111 4643 3490 4699 provocamus
3511 4630 3582 4685 ad

1949 4721 2356 4789 humilitatem,
2386 4721 2448 4775 ut
2472 4719 2597 4775 illas
2621 4719 2887 4791 superbia
2914 4719 3204 4792 erigamus
3232 4739 3245 4777 :
3277 4739 3418 4794 quas
3444 4724 3581 4779 dum

1950 4820 2013 4871 tu
2043 4814 2251 4887 accipis
2276 4817 2340 4869 ut
2366 4828 2613 4884 sorores,
2646 4813 2864 4886 gratius
2897 4814 3008 4869 illa:
3038 4815 3141 4869 tibi
3179 4815 3292 4870 sint
3328 4817 3581 4885 famulos,

1949 4909 2360 4982 praebeantque
2386 4907 2727 4980 obsequium
2755 4924 2872 4963 non
2896 4907 3167 4963 servitute
3193 4908 3455 4977 addictus,
3483 4910 3583 4965 sed

1950 5002 2148 5058 liberie
2179 5001 2478 5058 charitate.
2513 5001 2800 5067 Quoniam
2832 5001 3067 5073 quidem
3094 5016 3200 5057 non
3223 5006 3302 5058 est
3315 5019 3583 5074 persona-

1948 5113 2074 5153 rum
2109 5098 2342 5168 acceptio
2376 5096 2530 5167 apud
2569 5098 2850 5152 Dominum
2886 5094 3099 5166 (Ephes.
3134 5095 3230 5167 v1),
3259 5096 3491 5166 scilicet,
3524 5098 3583 5154 in

1953 5190 2351 5247 distribuenda
2379 5189 2515 5259 ﬁde,
2540 5188 2637 5244 ubi
2661 5188 2877 5260 pariter
2905 5188 3222 5245 consulitur
3247 5190 3500 5247 dominae
3525 5196 3586 5247 et

1953 5284 2194 5352 ancillas,
2226 5283 2323 5338 ubi
2354 5299 2471 5338 non
2500 5282 2731 5353 eligitur
2756 5281 3013 5351 domina,
3042 5286 3101 5337 et
3126 5284 3468 5356 reprobatur
3487 5303 3583 5340 an-

1953 5378 2101 5446 cilla,
2132 5376 2430 5449 aequaliter
2467 5374 2789 5447 baptizata,
2824 5375 2989 5431 simul
3030 5377 3238 5435 Christi
3286 5395 3490 5450 corpus
3526 5383 3583 5432 et

1954 5470 2297 5543 sanguinem
2324 5471 2579 5524 sumunt.
2609 5470 2753 5524 Nam
2780 5472 2838 5524 et
2860 5471 3199 5543 patriarcha:
3228 5472 3364 5525 dum
3390 5473 3579 5524 essent

1953 5562 2317 5631 sanctissimi,
2340 5566 2620 5635 quantum
2644 5562 2717 5618 ad
2737 5579 2830 5619 res
2848 5567 3105 5620 terrenas
3126 5569 3183 5619 et
3208 5562 3578 5635 temporales,

1955 5656 2359 5713 discernebant
2375 5657 2526 5714 inter
2544 5673 2735 5715 servos
2756 5661 2815 5713 et
2835 5658 2983 5713 ﬁlios
3006 5674 3018 5712 :
3042 5656 3167 5712 illos
3187 5654 3453 5723 famulos,
3476 5655 3581 5711 hos

1956 5750 2222 5810 dominos
2240 5749 2605 5824 judicabant;
2635 5752 2793 5827 quod
2819 5766 2953 5806 vero
2978 5749 3053 5806 ad
3081 5749 3204 5823 spei
3234 5750 3438 5805 futuras
3459 5766 3583 5808 mu-
