4054 6186
440 270 543 325 887

1402 268 1637 323 SANCTI
1677 267 2002 332 LEANDRI,
2048 268 2478 323 HISPALENSIS
2517 268 2841 332 EPISCOPI,

3708 267 3815 320 888

447 395 551 431 nus
582 375 779 441 atinet,
813 392 880 429 ex
901 391 1067 445 aequo
1094 374 1224 427 filiis
1247 377 1304 426 et
1335 374 1654 428 vernaculis
1679 375 2077 440 consulebant,
2104 385 2161 459 Α
2182 375 2392 429 iterum
2436 375 2509 429 ad
2538 375 2718 430 filiam
2758 374 2888 430 Saul
2921 374 3057 428 dicit
3091 377 3162 430 ill
3189 376 3316 440 Reg.
3352 379 3422 440 γι)
3451 391 3467 425 :
3503 374 3642 426 Vilis
3672 375 3816 425 ince-

449 487 592 541 quos
622 486 737 525 una
761 466 1189 523 circumcisione
1218 467 1544 536 signabant.

1061 587 1283 642 CAPUT
1319 588 1452 643 XIII.

563 689 636 742 De
664 685 978 739 discretione
1003 682 1228 737 senioris
1254 695 1383 748 erga
1404 695 1658 750 personas
1682 682 1947 749 singulas.

519 795 683 862 Quod
701 793 938 865 quidem
955 792 1058 847 sub
1073 809 1186 847 una
1203 791 1560 863 professione
1575 791 1943 846 manentibus
1958 807 2077 845 om-

451 891 546 945 nia
570 891 741 944 erunt
760 885 1090 941 communia
1117 885 1404 952 omnibus,
1431 900 1631 938 verum
1657 886 1760 950 est,
1786 886 1844 937 et
1869 882 2079 954 legitur

447 983 584 1051 (Act.
613 981 686 1050 iv)
724 997 736 1034 :
769 979 1000 1045 scilicet,
1034 979 1078 1032 si
1110 995 1315 1032 omnes
1335 977 1633 1049 aequaliter
1660 977 1902 1030 valeant.
1926 978 2079 1028 Atta-

446 1092 578 1130 men
605 1074 846 1128 interest
870 1072 1139 1144 quaedam
1170 1071 1436 1126 discretio
1459 1069 1700 1124 senioris
1727 1068 2080 1140 providentis

447 1167 583 1237 quid
613 1183 974 1238 unaquaque
1012 1165 1214 1236 poscit.
1246 1164 1336 1220 Sic
1374 1163 1530 1218 enim
1565 1161 1940 1217 dividendum
1971 1164 2076 1228 est,

447 1263 616 1332 prout
646 1259 954 1330 unicuique
991 1275 1134 1329 opus
1177 1262 1282 1312 est.
1317 1255 1456 1322 Quae
1488 1255 1670 1326 potuit
1714 1253 1991 1310 honorari
2019 1253 2077 1308 in

445 1353 686 1420 mundo,
711 1357 770 1407 et
788 1353 945 1407 dives
965 1351 1074 1406 fuit
1100 1351 1158 1405 in
1184 1350 1414 1417 saeculo,
1437 1348 1704 1403 blandius
1726 1346 1975 1402 fovenda
1996 1350 2082 1401 est

447 1449 507 1502 in
527 1445 908 1514 monasterio;
933 1448 991 1500 et
1010 1461 1137 1516 quae
1159 1443 1392 1514 reliquit
1413 1443 1471 1496 in
1493 1443 1697 1497 saeculo
1719 1446 1939 1496 vestem
1960 1455 2083 1512 pre-

449 1541 674 1607 tiosam,
695 1539 996 1594 cultiorem
1025 1537 1084 1592 in
1115 1536 1468 1592 monasterio
1489 1538 1764 1590 meretur.
1790 1535 1926 1599 Quae
1946 1551 2081 1588 vero

449 1635 551 1689 sub
579 1633 819 1705 penuria
847 1631 984 1686 vixit
1020 1631 1077 1685 in
1110 1631 1337 1697 saeculo,
1371 1632 1428 1684 et
1453 1632 1789 1699 tegumento
1819 1627 2082 1699 victuque

452 1726 630 1798 eguit,
654 1729 816 1797 grate
844 1725 993 1780 ferat
1015 1724 1075 1778 in
1103 1721 1456 1778 monasterio
1479 1738 1584 1776 nec
1603 1722 1814 1792 algeat,
1837 1737 1942 1775 nec
1961 1737 2086 1774 esu-

453 1820 580 1886 riat,
603 1835 707 1873 nec
727 1824 1067 1885 murmuret,
1087 1816 1130 1870 si
1153 1832 1220 1870 ea
1239 1817 1518 1869 tractetur
1545 1812 1937 1884 indulgentius
1958 1829 2084 1890 qua;

462 1911 596 1967 vixit
616 1911 674 1966 in
699 1911 902 1965 saeculo
929 1908 1248 1964 delicatius.
1267 1909 1412 1962 Nam
1444 1908 1490 1961 si
1522 1910 1693 1978 prout
1721 1905 1925 1977 cuique
1947 1922 2088 1977 opus

452 2009 539 2060 est
569 2021 686 2060 non
728 2002 1018 2070 dividitur,
1062 2003 1127 2056 fit
1171 2001 1419 2073 superba
1449 2000 1508 2054 in
1552 1999 1928 2065 monasterio,
1959 2015 2086 2069 quae

453 2098 561 2154 fuit
583 2097 707 2152 vilis
737 2097 795 2151 in
825 2096 1073 2162 mundo;
1114 2099 1172 2149 et
1208 2111 1336 2166 quas
1376 2097 1502 2148 erat
1535 2096 1738 2164 potens
1769 2092 1825 2146 in
1859 2093 2086 2159 smculo,

453 2190 792 2246 humiliatur
811 2190 869 2243 in
895 2187 1267 2242 monasterio.
1302 2187 1390 2242 Sic
1421 2187 1560 2257 agit,
1585 2184 1682 2256 qui
1706 2184 1948 2239 discrete
1972 2201 2087 2239 non

455 2284 620 2354 sapit,
643 2286 707 2337 ut
738 2282 1030 2352 superbire
1070 2280 1241 2335 faciat
1269 2297 1334 2334 ex
1363 2279 1461 2334 vili
1484 2296 1657 2334 censu
1688 2295 2010 2344 conversas,
2034 2281 2092 2331 et

459 2376 657 2432 dolore
674 2375 936 2430 stimules
950 2375 1194 2429 honesto
1214 2373 1341 2428 loco
1365 2376 1547 2428 natas.
1567 2373 1635 2426 Et
1651 2372 1699 2426 si
1713 2371 1922 2426 sufficit
1937 2371 2090 2424 unde

459 2468 730 2524 omnibus
771 2467 1058 2522 tribuatur
1091 2466 1410 2538 aequaliter,
1444 2465 1603 2520 nulla
1633 2468 1720 2520 est
1747 2464 1900 2518 unde
1929 2467 2088 2518 mur-

459 2565 653 2617 muret
672 2579 686 2617 :
711 2560 988 2633 quoniam
1009 2559 1275 2614 discretio
1293 2558 1536 2614 senioris
1553 2558 1769 2612 dividet
1785 2557 2090 2629 unicuique

457 2658 629 2728 prout
657 2671 800 2726 opus
835 2656 938 2708 est.
967 2653 1082 2708 Sed
1119 2653 1260 2707 dicis
1291 2670 1304 2707 :
1335 2653 1479 2707 Cum
1522 2667 1797 2706 conversa
1845 2654 1949 2717 est,
1983 2649 2092 2704 nisi

409 2783 412 2792 -
457 2751 520 2804 ut
544 2749 648 2804 ﬁat
669 2746 899 2802 humilis
924 2762 990 2802 ex
1016 2749 1253 2818 potente
1269 2745 1298 2800 ‘I
1323 2745 1384 2801 Si
1406 2761 1546 2817 ergo
1571 2745 1680 2800 ista
1698 2761 1766 2798 ex
1785 2743 1996 2815 inclyto
2017 2743 2094 2798 ad

456 2841 846 2898 humilitatem
875 2839 1194 2906 descendit,
1216 2839 1314 2894 illa
1343 2855 1411 2893 ex
1437 2854 1689 2910 paupere
1717 2837 1873 2910 quod
1903 2837 2090 2892 humi-

457 2936 694 2991 liaretur
713 2951 830 2990 non
852 2933 1072 3001 habuit,
1089 2932 1328 2988 forsitan
1352 2933 1398 2986 si
1418 2930 1694 3003 superbit.
1717 2929 1976 2986 Charitas
1999 2946 2094 2986 au-

457 3033 576 3084 tem
595 3027 793 3083 omnia
808 3029 1117 3098 temperat,
1139 3031 1308 3097 atque
1324 3025 1398 3080 ad
1415 3024 1687 3079 eumdem
1706 3023 1861 3095 pacis
1879 3026 2096 3095 pertra-

461 3120 546 3174 hit
575 3119 848 3185 limitem;
878 3123 941 3173 ut
969 3135 1075 3172 nec
1097 3117 1193 3172 illa
1213 3117 1464 3184 inﬂetur,
1487 3134 1615 3188 quae
1641 3115 1872 3188 reliquit
1894 3119 2095 3188 poten-
2113 3123 2168 3198 ρ

461 3213 632 3278 tiam;
657 3227 764 3266 nec
784 3211 879 3266 illa
895 3212 1217 3282 frangatur;
1237 3227 1364 3282 quas
1384 3209 1493 3264 fuit
1509 3225 1745 3280 pauper,
1760 3211 1846 3263 vel
1865 3209 2092 3264 ancilla.

462 3305 775 3362 Laudanda
798 3307 995 3359 tamen
1024 3306 1111 3358 est
1139 3303 1352 3369 senior,
1377 3303 1424 3357 si
1443 3303 1685 3358 discrete
1705 3319 1835 3356 cum
1858 3302 2096 3374 singulis

462 3417 522 3454 se
555 3398 816 3473 gesserit,
851 3401 910 3453 et
943 3396 1250 3468 unicuique
1295 3398 1467 3468 prout
1496 3413 1638 3468 opus
1675 3398 1778 3463 est,
1818 3395 2094 3451 diviserit.

463 3496 570 3549 Ista
591 3492 706 3547 sint
729 3490 882 3546 dicta
909 3491 980 3545 de
1009 3493 1186 3558 veste,
1220 3490 1368 3557 cibo,
1392 3493 1552 3562 potu,
1579 3490 1666 3544 vel
1694 3505 1868 3562 opere
1888 3506 1994 3560 pro
2014 3489 2098 3544 in-

387 3585 391 3590 ’
463 3585 666 3641 validis
693 3601 758 3640 ac
784 3584 1059 3651 delicatis,
1093 3587 1156 3638 ut
1184 3600 1315 3655 quas
1346 3583 1542 3637 durius
1570 3583 1718 3638 ferre
1749 3600 1866 3638 non
1887 3585 2096 3654 potest,

466 3682 738 3734 tractetur
762 3677 968 3732 lenius.
997 3677 1278 3731 Caeterum
1309 3677 1353 3730 si
1383 3675 1534 3731 circa
1558 3693 1654 3731 eas
1675 3693 1803 3747 quae
1829 3676 1979 3731 ferre
2003 3692 2100 3746 po-

465 3769 702 3836 tuerint,
730 3771 953 3825 factura
984 3773 1071 3823 est
1105 3768 1299 3824 senior
1336 3772 1510 3840 prout
1541 3769 1765 3836 viderit,
1799 3772 1856 3824 et
1893 3768 2100 3840 quibus

466 3861 710 3917 consulit
739 3878 842 3932 pro
872 3878 975 3916 usu
1005 3862 1266 3916 delicatae
1291 3862 1441 3928 vitae,
1469 3863 1555 3916 vel
1596 3862 1852 3934 corporis
1878 3861 2097 3934 fragili-

468 3963 608 4026 tate,
623 3974 739 4013 non
758 3975 854 4012 eas
870 3958 1138 4029 praeferas
1152 3959 1373 4014 honore
1387 3959 1699 4027 seniorum,
1714 3960 1759 4014 si
1781 3960 2100 4032 posteriore

466 4067 756 4108 conversae
777 4055 909 4106 sunt
929 4055 1208 4123 tempore.
1235 4053 1381 4106 Dum
1401 4069 1540 4123 ergo
1558 4053 1628 4107 ad
1654 4057 1711 4107 te
1732 4070 1915 4121 meus,
1939 4071 2102 4109 soror

469 4144 818 4212 Florentina,
843 4161 1036 4200 sermo
1058 4143 1344 4215 dirigitur,
1370 4145 1750 4202 derivavimus
1781 4146 2102 4202 orationem

367 4299 375 4306 ,
469 4238 670 4296 studiis
706 4238 1051 4311 plurimum;
1096 4238 1236 4293 nulli
1265 4241 1462 4294 tamen
1486 4238 1696 4311 jugum
1725 4239 2098 4312 imponimus,

470 4333 570 4390 sed
597 4333 753 4406 quod
781 4332 1093 4420 honestum
1128 4335 1216 4387 est
1239 4331 1568 4387 suademus.

1094 4453 1318 4508 CAPUT
1355 4453 1484 4510 XIV.

475 4557 542 4610 Ut
563 4555 718 4622 virgo
744 4552 970 4622 aequalis
998 4553 1072 4607 sit
1090 4556 1140 4607 et
1159 4553 1216 4606 in
1234 4555 1558 4622 paupertate
1583 4555 1634 4607 et
1657 4553 1714 4606 in
1739 4552 2101 4610 abundantia.

541 4665 701 4720 Nunc
729 4664 804 4718 ad
832 4668 888 4719 te
932 4663 1224 4734 loquendo
1259 4667 1533 4730 revertar,
1563 4681 1724 4720 soror
1753 4664 2103 4734 Florentina,

472 4773 579 4830 pro
611 4773 724 4829 qua
750 4773 844 4812 me
873 4756 1178 4811 familiaris
1205 4773 1344 4812 cura
1369 4757 1654 4813 sollicitat.
1683 4759 1890 4814 Hortor
1911 4759 2104 4830 itaque

473 4847 760 4918 aequalem
781 4848 840 4899 te
868 4848 926 4899 et.
949 4844 1301 4899 uniformem
1329 4844 1543 4900 habere
1570 4862 1801 4918 semper
1825 4848 2104 4915 animum,

475 4943 535 4994 ut
555 4956 662 4994 nec
693 4937 1038 4994 adversitate
1065 4937 1371 5010 frangaris,
1395 4955 1523 5010 qua:
1554 4939 1890 5009 patientiam
1920 4944 1978 4997 et
2007 4957 2104 5012 pe-

469 5031 702 5087 nuriam
731 5033 836 5087 Job
879 5031 1063 5104 sapis;
1113 5048 1220 5086 nec
1258 5031 1496 5086 eleveris
1534 5033 1934 5102 prosperitate,
1981 5051 2108 5106 quae

475 5125 828 5196 patriarchas
855 5125 1058 5181 divites
1077 5125 1300 5197 opibus,
1324 5124 1424 5180 sed
1446 5124 1697 5180 humiles
1719 5126 1916 5181 animo
1936 5127 2108 5183 fuisse

472 5216 638 5287 legis.
667 5218 842 5272 Beata
871 5218 1028 5272 enim
1060 5219 1190 5288 eris,
1213 5218 1259 5272 si
1279 5221 1338 5272 et
1363 5217 1422 5272 in
1454 5217 1708 5273 adversis
1738 5222 1796 5272 et
1823 5220 2112 5291 prosperis

476 5325 710 5380 semper
739 5310 857 5364 Deo
885 5309 1101 5381 gratias
1129 5311 1344 5382 egeris;
1379 5315 1438 5366 et
1473 5311 1603 5366 vitae
1631 5310 1793 5366 istius
1829 5313 2112 5384 prosperi-

473 5405 656 5458 tatem
685 5402 909 5456 fumum
935 5419 1322 5476 vaporemque
1349 5404 1501 5460 illico
1528 5409 1964 5461 evanescentem
1984 5422 2107 5462 cre-

474 5496 708 5552 dideris.
759 5494 936 5550 David
990 5499 1142 5550 certe
1192 5498 1490 5570 regnabat,
1529 5503 1586 5556 et
1629 5515 1762 5555 cum
1789 5499 2114 5556 abundaret

473 5589 777 5658 thesauris,
801 5605 867 5644 ac
892 5604 1070 5642 manu
1095 5587 1228 5643 forti
1259 5589 1497 5646 infinitis
1521 5593 1748 5664 populis
1777 5593 2108 5665 imperaret,

477 5684 758 5740 humilem
798 5699 858 5738 se
886 5680 1060 5748 canit,
1093 5684 1152 5736 et
1190 5681 1327 5737 dicit
1356 5699 1369 5737 :
1397 5686 1611 5756 Pauper
1639 5701 1758 5742 sum
1792 5702 1908 5756 ego,
1950 5693 2002 5744 et
2049 5691 2110 5744 in

473 5778 743 5832 laboribus
773 5793 808 5832 a
837 5777 1122 5846 juventute
1159 5792 1279 5834 mea
1326 5776 1542 5840 (Psalm.
1573 5781 1834 5849 Lxxxm).
1871 5781 1938 5835 Et
1984 5781 2106 5852 ipse

2176 472 2324 532 dam,
2353 475 2403 523 et
2431 469 2557 524 vilis
2583 468 2854 539 apparebo
2883 471 3008 522 ante
3051 471 3220 522 Deum
3268 468 3366 536 qui
3406 465 3565 534 elegit
3588 481 3692 526 me,
3715 480 3812 534 po-

2176 566 2283 618 tius
2307 578 2474 632 quam
2489 566 2702 631 patrem
2729 566 2884 615 tuum
2905 559 3122 628 (Psalm.
3157 559 3341 629 cxvn).
3365 557 3643 614 Similiter
3661 557 3812 611 idem

2177 655 2313 710 dicit
2353 671 2366 710 ε
2407 655 2594 709 Incola
2637 671 2732 722 ego
2782 669 2902 708 sum
2933 655 2991 707 in
3023 658 3168 706 terra
3214 656 3264 706 et
3304 654 3647 722 peregrinus,
3680 653 3818 704 sicut

2175 763 2352 803 omnes
2370 753 2556 818 patres
2583 749 2704 802 mei.
2732 745 2998 800 Terrenis
3033 761 3171 816 ergo
3207 761 3505 816 nunquam
3533 744 3815 798 delectata

2177 842 2368 908 rebus,
2401 840 2629 895 etiamsi
2668 857 2728 893 se
2769 839 2896 894 vita:
2923 839 3231 894 commoda
3260 838 3551 909 ingerent,
3581 853 3697 890 non
3737 836 3815 891 eis

2179 934 2372 988 animo
2391 933 2676 1000 innitaris,
2700 949 2806 987 nec
2835 932 2905 986 de
2937 931 3244 987 mundanis
3269 931 3523 1003 gaudeas
3540 931 3744 995 lucris;
3763 933 3816 984 et

2183 1044 2297 1081 non
2331 1026 2756 1081 contristaberis
2795 1025 3041 1080 damnis.
3089 1025 3316 1080 Etenim
3366 1025 3642 1096 scriptum
3685 1026 3813 1078 est:

2181 1123 2395 1176 Divitiae
2433 1123 2483 1175 si
2526 1123 2784 1189 afﬂuant,
2825 1121 2991 1174 nolite
3033 1134 3121 1174 cor
3157 1133 3425 1190 apponere
3464 1119 3687 1188 (Psalm.
3732 1131 3815 1177 ul.

2179 1218 2322 1270 Cum
2349 1230 2547 1269 amore
2580 1213 2738 1268 enim
2770 1229 3033 1284 possessa
3059 1229 3186 1267 cum
3226 1211 3422 1266 dolore
3465 1211 3682 1266 utentis
3721 1226 3818 1281 pe-

2183 1311 2382 1373 reunt;
2403 1311 2461 1361 et
2480 1307 2615 1361 inde
2639 1307 2896 1360 tribulari
2919 1322 3271 1377 quemquam
3293 1321 3525 1359 necesse
3542 1308 3650 1371 est,
3670 1304 3822 1358 unde

2182 1400 2489 1456 carnaliter
2521 1399 2754 1471 gaudet.
2777 1401 2857 1454 Tu
2887 1400 2958 1454 ad
3000 1400 3181 1454 instar
3208 1399 3451 1454 caelestis
3491 1397 3690 1469 sponsi
3717 1398 3819 1451 ho-

2185 1491 2379 1549 nor’ari
2407 1493 2465 1548 in
2493 1494 2700 1548 saeculo
2733 1494 2984 1564 fuge.Ne
3006 1492 3145 1546 velis
3165 1493 3238 1546 ab
3264 1493 3389 1547 aliis
3419 1491 3555 1559 dici,
3580 1493 3682 1545 aut
3701 1507 3821 1544 esse

2185 1587 2492 1659 praelatior,
2525 1603 2653 1658 quae
2679 1587 2824 1657 legis
2858 1603 2870 1640 :
2905 1587 2966 1641 Si
2991 1581 3257 1656 quis“qu
3281 1589 3424 1640 inter
3448 1600 3542 1639 vos
3562 1599 3678 1638 esse
3703 1600 3821 1638 ma-

2175 1681 2290 1750 jor,
2331 1684 2399 1734 sit
2437 1685 2610 1734 vester
2648 1695 2832 1734 servus
2871 1681 3092 1750 (Matth.
3122 1680 3232 1749 xx),
3271 1678 3543 1749 quoniam
3588 1681 3649 1730 et
3705 1677 3822 1747 ipse

2106 1759 2162 1830 Β
2187 1774 2444 1829 Salvator
2485 1773 2622 1826 dum
2649 1789 2684 1826 a
2713 1772 2894 1826 turbis
2928 1775 2988 1825 ut
3025 1787 3125 1826 rex
3152 1772 3319 1825 ﬁeret
3343 1773 3726 1841 quaereretur,
3744 1786 3822 1822 se-

2187 1867 2370 1938 ipsum
2392 1865 2710 1920 abscondit.
2733 1865 3037 1930 Quomodo
3055 1863 3216 1918 enim
3234 1864 3305 1918 ab
3321 1863 3556 1919 homine
3575 1879 3820 1932 regnum

2189 1961 2493 2030 acciperet,
2508 1958 2746 2013 cuicum
2768 1961 2934 2013 Patre
2957 1974 3203 2028 regnum
3225 1961 3571 2028 perpetuum
3595 1955 3821 2010 manet?

2189 2053 2302 2108 Sed
2324 2052 2458 2124 quia
2477 2055 2716 2106 venerat
2741 2051 2948 2106 docere
2976 2051 3384 2117 humilitatem,
3407 2051 3712 2105 hominum
3734 2050 3820 2103 de

2190 2145 2419 2200 clinavit
2450 2146 2753 2199 honorem.
2793 2147 2852 2198 ln
2896 2145 3085 2198 forma
3113 2144 3270 2198 enim
3315 2144 3417 2198 Dei
3447 2161 3699 2198 manens
3735 2161 3818 2197 se-

2191 2239 2498 2309 metipsum
2530 2254 2634 2308 pro
2661 2237 2824 2291 nobis
2855 2237 3175 2291 liumiliavit
3200 2237 3360 2304 (Phil.
3383 2238 3475 2301 u);
3509 2241 3566 2291 et
3595 2238 3686 2291 cui
3715 2254 3824 2292 ca:-

2191 2333 2351 2385 lestia
2392 2330 2646 2384 serviunt
2680 2347 2745 2384 ac
2782 2329 3096 2395 terrestria,
3127 2345 3230 2400 pro
3263 2331 3602 2384 mortalibus
3645 2332 3829 2385 factus

2193 2427 2277 2479 est
2304 2440 2543 2495 pauper,
2573 2426 2633 2477 ut
2672 2423 2795 2494 ejus
2828 2422 3022 2493 inopia
3054 2439 3158 2477 nos
3192 2422 3529 2478 ditaremur.
3563 2425 3646 2477 Tu
3688 2441 3828 2494 ergo

2192 2516 2387 2572 insiste
2425 2515 2698 2587 vestigiis,
2729 2515 2935 2587 quibus
2963 2515 3254 2586 praecessit
3286 2532 3561 2586 sponsus;
3595 2520 3657 2571 et
3695 2533 3824 2588 pas-

2193 2611 2346 2664 sibus
2371 2609 2674 2664 indefessis
2700 2609 2906 2664 ducem
2945 2625 3186 2680 sequere
3221 2610 3506 2663 cmlestem
3543 2627 3558 2664 :
3591 2627 3666 2664 ne
3692 2611 3832 2666 dum

2193 2703 2356 2759 factis
2383 2702 2497 2757 suis
2521 2702 2730 2774 probat
2759 2719 2883 2756 esse
2913 2702 3268 2771 dissimilem,
3298 2703 3359 2757 in
3389 2703 3717 2759 caelestibus
3741 2721 3832 2760 re-

2195 2797 2321 2868 gnis
2347 2796 2492 2852 nolit
2529 2795 2744 2852 habere
2777 2799 3125 2850 consortem.
3157 2796 3385 2851 Etenim
3423 2797 3534 2852 ista
3563 2796 3833 2866 dicimus,

2195 2893 2257 2945 ut
2279 2889 2686 2963 parvipendas,
2709 2893 2809 2945 aut
2828 2906 2902 2943 ne
2927 2905 3032 2960 pro
3065 2905 3280 2961 magno
3308 2890 3503 2962 cupias
3533 2891 3696 2946 lucra
3715 2895 3833 2946 ter-

2194 2999 2364 3050 rena;
2397 2984 2485 3037 vel
2521 2999 2594 3036 ne
2621 2982 2868 3037 aestimes
2896 2998 3162 3054 magnos,
3193 2999 3336 3054 quos
3361 2983 3420 3038 in
3456 2985 3666 3040 saeculo
3695 3001 3834 3056 pm-

2195 3076 2362 3148 spicis
2401 3076 2621 3132 divites.
2661 3076 2828 3141 Quod
2857 3075 3012 3130 enim
3048 3075 3261 3132 habere
3298 3082 3540 3148 possunt
3575 3081 3639 3132 et
3671 3079 3834 3145 mali,

2195 3170 2440 3226 libenter
2465 3170 2681 3224 debent
2709 3172 3084 3224 contemnere
3122 3169 3282 3225 boni.
3327 3173 3436 3228 Dat
3463 3171 3624 3226 enim
3661 3173 3834 3227 malis

2195 3265 2345 3318 Deus
2369 3264 2710 3335 temporales
2736 3263 2978 3330 divitias,
3008 3261 3213 3333 quibus
3239 3267 3415 3335 negat
3442 3267 3707 3332 aeternas,
3731 3265 3837 3320 dat

2197 3374 2293 3412 eas
2319 3361 2472 3412 certe
2501 3361 2560 3412 et
2581 3357 2768 3426 bonis,
2792 3358 2894 3411 sed
2922 3362 3066 3429 Quos
3095 3357 3255 3414 novit
3271 3375 3390 3414 non
3416 3359 3740 3430 superbisse
3763 3376 3833 3414 ex

2198 3450 2298 3504 eis.
2314 3451 2455 3505 Boni
2475 3451 2724 3522 propitio
2746 3453 2864 3505 Deo
2885 3451 3033 3506 fiunt
3045 3452 3265 3518 divites,
3279 3453 3530 3524 propitio
3545 3453 3662 3507 Deo
3683 3453 3835 3506 fiunt

2199 3561 2480 3616 pauperes
2513 3560 2526 3598 :
2557 3544 2616 3598 in
2647 3547 2891 3616 utroque
2918 3547 3031 3600 Deo
3056 3545 3272 3617 gratias
3296 3549 3496 3618 agunt,
3519 3547 3616 3618 qui
3636 3547 3834 3601 volun-

2197 3641 2377 3693 tatem
2401 3638 2503 3692 Dei
2530 3637 2776 3693 libenter
2798 3639 3103 3710 accipiunt.
3130 3639 3286 3694 Malis
3304 3639 3540 3710 quando
3563 3640 3831 3695 tribuun-

2200 3734 2293 3785 tur
2313 3730 2544 3798 divitiaa,
2563 3731 2864 3803 pcenaliter
2883 3732 3232 3800 tribuuntur,
3254 3737 3316 3786 ut
3332 3734 3486 3787 male
3505 3732 3576 3787 de
3595 3733 3678 3788 eis
3691 3749 3835 3804 gau-

2201 3823 2402 3890 deant;
2436 3827 2495 3878 et
2524 3824 2756 3895 quando
2785 3825 3218 3893 subtrahuntur,
3241 3826 3547 3897 pmnaliter
3565 3828 3838 3881 auferun-

2201 3921 2312 3985 tur,
2333 3921 2394 3971 ut
2413 3918 2561 3974 male
2581 3918 2652 3972 de
2671 3918 2752 3972 eis
2773 3918 3027 3986 doleant,
3042 3923 3282 3990 utraque
3291 3919 3448 3990 justo
3467 3920 3538 3974 ad
3557 3921 3833 3991 gloriam;

2201 4014 2439 4082 utraque
2468 4011 2646 4082 impio
2669 4011 2742 4066 ad
2771 4011 3106 4066 vindictam.
3140 4011 3284 4076 Quid
3309 4012 3384 4067 ad
3405 4015 3483 4080 te,
3503 4029 3630 4084 quae
3651 4014 3836 4068 habes

2203 4106 2479 4176 Regulam
2493 4121 2668 4176 quam
2685 4104 2972 4176 sequaris?
2991 4104 3390 4176 Virginitatem
3411 4106 3602 4178 itaque
3624 4109 3838 4177 etpau-

2202 4201 2484 4270 pertatem
2511 4197 2698 4252 Maria:
2719 4197 2978 4270 prospice
3001 4215 3015 4253 :
3039 4215 3167 4270 qua:
3186 4201 3306 4253 tam
3327 4199 3483 4254 dives
3505 4199 3564 4254 in
3584 4200 3833 4255 Domino

2201 4292 2328 4361 fuit,
2353 4294 2415 4345 ut
2441 4293 2630 4346 mater
2647 4291 2874 4346 Domini
2892 4307 3015 4346 esse
3042 4295 3380 4360 mereretur,
3398 4296 3458 4348 et
3476 4295 3638 4348 tanto
3659 4294 3836 4348 rebus

2201 4385 2570 4457 paupercula,
2603 4387 2665 4439 ut
2702 4387 2899 4456 partus
2923 4387 3186 4457 tempore
3217 4402 3323 4440 nec
3352 4385 3689 4451 obstetricis,
3723 4404 3836 4441 nec

2120 4493 2182 4566 D
2205 4478 2426 4534 ancillas
2453 4481 2710 4533 uteretur
2733 4478 2954 4546 solatio,
2981 4478 3166 4550 ipsum
3193 4495 3422 4550 quoque
3451 4478 3832 4534 diversorium

2204 4575 2320 4626 tam
2345 4574 2673 4643 angustum,
2691 4573 2758 4626 ut
2776 4587 3034 4642 praesepe
3061 4575 3379 4626 assumeret
3402 4587 3506 4643 pro
3525 4573 3832 4627 cunabulo.

2205 4664 2315 4721 Sed
2344 4669 2402 4720 et
2425 4664 2654 4735 Ioseph,
2684 4664 2773 4718 cui
2804 4664 2993 4718 fuerat
3017 4664 3382 4736 desponsata,
3414 4681 3546 4720 cum
3572 4669 3723 4719 esset
3743 4667 3836 4736 ju-

2205 4761 2345 4826 stus,
2366 4760 2491 4812 erat
2513 4761 2710 4812 tamen
2736 4760 2794 4812 et
2816 4773 3060 4830 pauper,
3083 4757 3164 4812 ita
3182 4761 3245 4813 ut
3259 4758 3467 4812 victum
3491 4761 3549 4812 et
3565 4759 3834 4814 vestitum

2207 4850 2446 4908 artiﬁcio
2477 4833 2780 4922 quaereret.
2815 4852 2979 4906 Certe
3019 4851 3184 4906 faber
3219 4851 3495 4906 ferrarius
3531 4852 3708 4906 fuisse
3751 4853 3835 4906 le-

2209 4945 2382 5016 gitur.
2411 4944 2596 4999 Habes
2621 4945 2900 5016 exempla,
2931 4961 3203 5000 normam
3229 4960 3490 5016 sequere,
3513 4961 3586 4998 ne
3615 4949 3676 5000 te
3703 4946 3838 4999 velis

2209 5038 2536 5093 divitiarum
2565 5037 2830 5109 periculis
2849 5038 3229 5093 committere.
3253 5037 3519 5103 Quoniam
3535 5041 3631 5108 qui
3649 5039 3836 5094 volunt

2208 5133 2399 5188 divites
2434 5135 2570 5202 ﬁeri,
2601 5131 2854 5186 incidunt
2876 5134 2936 5186 in
2961 5134 3308 5186 tentationem
3339 5136 3390 5186 et
3431 5132 3682 5202 laqueum
3715 5133 3835 5186 dia-

2211 5225 2319 5280 boli
2345 5224 2391 5294 (Ι
2419 5227 2555 5280 Tim.
2579 5224 2675 5292 v1),
2694 5227 2754 5278 et
2773 5223 3060 5278 desideria
3088 5225 3272 5280 multa
3293 5223 3516 5278 inutilia
3537 5229 3596 5279 et
3613 5224 3835 5288 nociva,

2210 5335 2338 5390 quae
2354 5321 2625 5390 mergunt
2639 5317 2938 5372 hominem
2954 5317 3016 5372 in
3035 5317 3352 5372 interitum.
3364 5317 3494 5373 Illas
3509 5334 3544 5372 a
3558 5334 3619 5372 se
3632 5321 3838 5389 sponte

2211 5411 2499 5478 auferunt,
2533 5410 2740 5481 quibus
2769 5410 2826 5464 in
2851 5409 3096 5466 Domino
3123 5410 3361 5466 devotus
3390 5413 3474 5465 est
3498 5411 3743 5465 animus.
3771 5411 3840 5465 Et

2208 5505 2553 5576 plerumque
2579 5507 3011 5576 contemptores
3035 5519 3166 5559 suos
3191 5503 3375 5576 magis
3398 5507 3682 5576 appetunt
3705 5504 3842 5560 divi-

2209 5597 2324 5664 tiae,
2355 5614 2530 5670 quam
2558 5613 2851 5670 sequaces.
2875 5600 3125 5666 Qua-ite,
3165 5597 3369 5668 inquit,
3398 5613 3621 5666 regnum
3645 5601 3756 5660 Dei,
3787 5601 3842 5652 et

2211 5692 2318 5747 hac
2341 5694 2521 5747 omnia
2548 5696 2889 5763 apponentur
2916 5692 3064 5746 vobis
3099 5692 3311 5753 (Matth.
3343 5691 3437 5762 vi).
