3996 6188
227 310 330 361 889

850 413 1070 470 CAPUT
1095 415 1200 468 XV.

432 520 505 572 De
529 517 872 586 indulgentia
897 520 948 571 ct
977 516 1342 587 prohibitione
1359 518 1626 573 carnium.

289 641 458 694 Esum
489 637 745 693 carnium
771 635 1117 692 inﬁrmitatis
1141 641 1253 692 tua:
1273 637 1508 692 obtentu
1533 654 1637 693 nec
1656 640 1847 711 prohi-

216 735 352 787 bere
377 731 479 786 tibi
509 731 688 786 audeo
715 746 818 784 nec
845 730 1194 801 permittere.
1223 730 1325 786 Cui
1357 735 1551 785 tamen
1596 734 1847 804 suppetit

217 821 412 888 virtus,
445 838 479 875 a
504 819 767 874 carnibus
797 835 854 874 se
879 819 1173 876 abstineat.
1203 819 1342 874 Nam
1370 821 1513 875 dura
1538 825 1622 876 est
1646 823 1842 878 condi-

215 915 314 984 tio,
345 914 565 969 nutrire
592 915 786 968 contra
824 929 995 984 quem
1038 912 1308 982 dimices;
1337 917 1394 968 et
1439 930 1670 970 carnem
1718 932 1846 988 pro-

217 1008 402 1079 priam
422 1007 498 1062 sic
525 1007 694 1075 alere,
722 1009 787 1060 ut
812 1006 1018 1061 sentias
1043 1010 1460 1062 contumacem.
1483 1007 1642 1072 Quod
1661 1008 1708 1063 si
1726 1009 1845 1064 tali-

215 1102 321 1156 bus
349 1101 532 1155 utitur
557 1099 742 1170 virgo,
770 1099 1038 1170 qualibus
1065 1105 1121 1154 et
1139 1100 1434 1155 saeculares
1459 1103 1718 1172 utuntur,
1748 1103 1846 1158 dat

215 1209 463 1262 sensum,
495 1198 556 1248 ut
575 1210 640 1249 ea
669 1198 802 1265 agat
817 1209 946 1264 qua:
971 1210 1003 1246 a
1028 1193 1390 1248 saecularibus
1417 1195 1845 1265 aguntur.de

217 1287 425 1359 poterit
451 1303 580 1341 caro
604 1287 818 1341 nutrita
839 1286 1099 1340 carnibus
1119 1287 1226 1341 nisi
1247 1303 1544 1358 erumpere
1567 1287 1636 1342 ad
1663 1287 1845 1343 libidi-

213 1397 370 1447 nem,
407 1380 787 1450 miseramque
826 1379 1075 1434 animam
1104 1379 1434 1435 crudelitate
1469 1381 1711 1435 luxuriae
1743 1382 1839 1436 de-

215 1473 535 1528 bacchare?
573 1473 730 1528 Unde
773 1477 827 1526 et
872 1472 1104 1544 quidam
1142 1477 1340 1528 auctor
1379 1473 1476 1540 ait,
1520 1475 1843 1529 Deliciarum

209 1570 334 1635 ﬁnis
361 1569 650 1636 corruptio.
683 1567 750 1620 Et
775 1565 1072 1636 Apostolus
1095 1567 1486 1637 voluptuosam
1504 1567 1734 1622 viduam
1763 1568 1842 1622 sic

213 1661 372 1710 notat
395 1672 409 1709 :
441 1659 504 1708 ut
521 1654 668 1708 dicat
688 1670 702 1708 :
735 1655 863 1722 Quae
885 1659 1064 1708 autem
1079 1657 1140 1708 in
1167 1655 1374 1709 deliciis
1387 1659 1484 1718 est,
1498 1657 1683 1710 vivens
1698 1671 1837 1710 mor-

210 1757 305 1802 tua
337 1753 415 1802 est
439 1749 513 1819 (II
531 1749 667 1802 Tim.
690 1746 766 1817 v).
787 1745 951 1810 Quod
965 1746 1008 1800 si
1025 1746 1363 1802 abstinentia
1377 1748 1694 1803 marcidum
1723 1765 1843 1802 cor-

1763 311 2044 365 REGULA.

1867 433 1927 506 Α
1947 418 2172 488 quisque
2202 421 2382 472 autem
2402 421 2654 489 proximo
2683 433 2780 474 suo
2795 419 3014 490 placeat
3039 421 3095 475 in
3122 420 3315 478 bonum
3341 424 3417 480 ad
3444 427 3578 482 aedi-

3477 320 3581 373 890

1944 513 2245 580 ﬁcationem
2261 510 2432 583 (Rom.
2461 512 2573 583 xv).
2599 512 2726 568 Non
2752 512 2908 568 enim
2927 515 2983 568 te
3009 514 3320 571 carnalium
3344 519 3580 575 scanda-

1945 599 2116 656 lizent
2142 601 2654 672 murmurationes;
2684 603 2782 658 sed
2806 603 3126 659 consoletur
3159 604 3578 676 proficientium

1945 692 2094 762 vita;
2137 699 2194 748 et
2211 709 2340 766 quae
2381 695 2560 750 nescis
2589 701 2870 767 quantum
2906 697 3219 753 demoreris
3259 699 3321 754 in
3348 703 3573 772 aesculo,

1945 786 2115 842 debes
2140 802 2260 844 esse
2286 787 2503 858 patiens
2521 805 2625 860 pro
2651 789 2886 844 caelestis
2916 790 3109 861 glorise
3133 791 3304 849 dono.

2561 881 2782 937 CAPUT
2821 883 2968 938 XVII.

2287 973 2532 1040 Qualiter
2552 976 2670 1030 vita
2691 976 2947 1044 fugiatur
2971 981 3220 1048 privata.

2018 1065 2171 1138 Fuge
2195 1083 2390 1138 quaeso
2410 1067 2686 1138 privatam
2711 1069 2923 1137 vitam;
2955 1088 3060 1126 nec
3087 1073 3222 1127 velis
3247 1073 3458 1129 imitari
3478 1090 3572 1130 eas

1945 1159 2192 1230 virgines
2217 1177 2344 1231 quae
2379 1161 2438 1215 in
2473 1161 2709 1216 urbibus
2743 1179 2847 1233 per
2883 1164 3108 1219 cellulas
3148 1165 3560 1223 demorentur:

1944 1268 2082 1324 quas
2129 1253 2471 1309 multimoda
2513 1272 2649 1310 cura
2696 1257 3077 1329 constringit;
3115 1259 3272 1330 prius
3313 1260 3574 1332 placendi

1943 1346 2169 1416 saeculo,
2201 1363 2273 1401 ne
2303 1347 2449 1402 foedo
2475 1349 2750 1420 prodeant
2776 1350 3027 1421 amictu;
3053 1356 3111 1407 et
3147 1352 3450 1409 domestica
3477 1371 3576 1428 0p-

1943 1455 2150 1511 pressae
2171 1439 2562 1509 sollicitudine,
2585 1443 2723 1497 dum
2741 1459 2846 1514 pro
2867 1443 2993 1498 vitae
3020 1445 3266 1500 subsidio
3282 1451 3568 1518 satagunt,

1943 1531 2131 1586 minus
2157 1549 2285 1605 qua”:
2324 1535 2396 1588 ad
2421 1535 2602 1589 Deum
2647 1535 2938 1606 pertinent
2975 1542 3259 1608 quaerunt.
3291 1539 3572 1596 Privatam

1943 1625 2098 1680 enim
2142 1626 2314 1680 vitam
2342 1627 2411 1681 de
2449 1643 2557 1682 usu
2600 1629 2898 1699 gentilium
2935 1630 3106 1685 traxit
3142 1631 3402 1700 Ecclesia,
3433 1649 3575 1704 quos

1943 1718 2080 1772 dum
2110 1735 2226 1774 non
2259 1719 2562 1791 quiverunt
2607 1723 2844 1792 apostoli
2874 1723 2946 1778 ad
2984 1740 3246 1780 normam
3296 1741 3414 1780 suae
3443 1727 3572 1782 vitae

209 1799 318 1913 iis
341 1799 900 1912 ζέχῐὶὲὲὲρέέοξιίξ
1710 1799 1837 1896 ὡς,
1861 1799 1917 1871 Β
1940 1811 2270 1913 traducere,
2293 1813 2554 1913 Ecclesiae
2590 1814 2837 1913 venienti
2889 1831 2958 1870 ex
2998 1819 3263 1913 gentibus
3299 1819 3571 1913 permise-

207 1935 333 2002 tris,
369 1933 735 2006 prohibemus
758 1950 772 1999 ;
800 1933 934 2005 quid
965 1933 1128 1987 faciet
1153 1950 1282 2005 quae
1312 1933 1388 1988 sic
1415 1933 1603 1988 obruit
1627 1938 1838 1990 terram

207 2027 395 2082 carnis
424 2043 560 2094 suaa,
586 2032 647 2080 ut
663 2031 718 2081 et
733 2026 909 2097 possit
921 2026 1112 2097 spinas
1133 2031 1189 2080 et
1205 2026 1443 2080 tribulos
1469 2027 1788 2097 germinare
1812 2029 1841 2082 Τ

207 2121 481 2175 Fomenta
517 2119 806 2186 vitiorum,
839 2135 967 2174 esus
1012 2117 1266 2173 carnium
1299 2135 1311 2173 :
1341 2135 1445 2174 nec
1479 2119 1664 2174 solum
1713 2136 1837 2174 car-

209 2215 397 2281 nium,
422 2213 520 2268 sed
559 2217 616 2268 et
649 2211 828 2267 nimia
863 2211 1084 2266 satietas
1117 2212 1360 2267 aliorum
1387 2212 1664 2268 ciborum.
1687 2213 1836 2278 Quo-

205 2309 369 2362 niam
388 2323 503 2361 non
532 2306 791 2378 culpatur
810 2320 949 2360 escae
970 2304 1228 2376 qualitas,
1251 2305 1346 2360 sed
1371 2305 1657 2377 quantitas
1677 2322 1840 2378 repu-

207 2405 366 2456 tatur
379 2401 440 2455 in
455 2399 610 2455 vitio.
629 2398 912 2469 Quidquid
933 2398 1086 2452 enim
1114 2398 1387 2469 accipitur
1411 2398 1601 2467 nimis,
1618 2399 1725 2454 hoc
1745 2416 1838 2471 ag-

208 2498 408 2562 gravet
420 2493 696 2559 animam,
715 2495 771 2547 et
783 2491 1181 2546 abundantiori
1205 2491 1330 2546 cibo
1358 2496 1622 2548 extensus
1638 2498 1840 2548 stoma-

206 2589 352 2643 chus
377 2587 638 2642 obtundit
655 2585 861 2640 animze
891 2601 1105 2640 sensus.
1137 2585 1305 2656 Virgo
1332 2590 1557 2641 tantum
1585 2603 1719 2640 sana
1749 2588 1840 2641 de-

205 2682 306 2735 bet
333 2697 472 2748 esse,
494 2696 608 2734 non
633 2679 852 2750 rigida;
885 2677 1092 2749 pallida
1109 2684 1327 2748 gestare
1355 2696 1472 2746 ora,
1494 2696 1611 2734 non
1637 2680 1840 2734 ruben-

203 2775 322 2843 tia;
354 2789 482 2845 quee
509 2772 747 2844 suspiria
765 2771 946 2826 cordis
961 2770 1184 2826 emittat
1199 2771 1270 2826 ad
1297 2773 1493 2839 Deum,
1522 2789 1638 2827 non
1655 2777 1839 2828 metet

205 2867 517 2923 cruditates
541 2865 817 2920 ciborum.
848 2863 1059 2928 Quibus
1084 2879 1221 2935 ergo
1249 2864 1394 2920 vires
1418 2866 1670 2938 corporis
1695 2883 1838 2938 opus

203 2963 366 3029 sunt,
393 2960 640 3014 habeant
667 2958 850 3014 carnis
875 2973 1038 3012 usum
1068 2973 1080 3010 :
1111 2958 1337 3027 scilicet,
1367 2959 1465 3030 qui
1493 2959 1720 3015 metalla
1753 2960 1837 3015 ef-

202 3054 466 3120 fodiunt;
515 3052 614 3125 qui
655 3051 717 3107 in
763 3069 944 3125 agone
993 3059 1220 3109 terreno
1269 3056 1522 3120 certant;
1555 3053 1654 3124 qui
1702 3070 1837 3108 con-

202 3150 440 3203 struunt
453 3147 732 3202 celsorum
752 3147 1002 3201 culmina
1023 3145 1413 3213 aedificiorum,
1427 3145 1514 3200 vel
1533 3145 1593 3200 in
1609 3146 1840 3201 diversis
1860 3160 1916 3234 Ο

204 3241 451 3314 opiﬁciis
467 3240 662 3295 labore
680 3240 959 3296 desudant
975 3241 1225 3312 corporis
1243 3257 1258 3309 ;
1281 3239 1370 3294 his
1390 3241 1840 3312 reparandarum

203 3335 419 3390 virium
445 3339 609 3406 aptus
629 3337 713 3388 est
736 3350 874 3389 usus
899 3334 1100 3388 carnis.
1128 3334 1297 3406 Virgo
1316 3350 1445 3405 quae
1462 3333 1642 3405 magis
1662 3333 1841 3389 defec-

202 3434 299 3484 tus
315 3427 556 3481 sustinet
570 3427 837 3498 corporis,
853 3426 1001 3480 bona
1011 3426 1172 3497 virgo
1194 3431 1296 3481 est.
1318 3427 1402 3481 Ad
1421 3441 1560 3496 quos
1575 3443 1708 3480 usus
1725 3442 1841 3480 car-

201 3537 308 3577 nes
335 3522 542 3588 sumet,
559 3519 670 3574 nisi
689 3523 755 3574 ut
777 3519 1051 3574 miserum
1077 3535 1280 3590 corpus
1305 3519 1443 3574 faece
1464 3518 1735 3574 vitiorum
1759 3519 1841 3574 in-

203 3615 432 3670 undet?
454 3614 664 3668 Verum
689 3612 736 3667 si
763 3612 914 3684 cogit
943 3612 1259 3682 inﬁrmitas,
1288 3611 1701 3667 medicinaliter
1742 3629 1838 3666 su-

204 3708 433 3764 menda:
455 3711 586 3761 sunt
603 3722 818 3761 carnes.
843 3705 1243 3761 Medicinaliter
1262 3704 1415 3760 enim
1430 3709 1532 3772 est,
1551 3705 1706 3776 quod
1724 3722 1840 3760 non

206 3805 426 3874 gravat,
444 3800 541 3856 sed
568 3800 777 3855 relevat
803 3815 817 3854 :
838 3799 1107 3870 quoniam
1131 3803 1188 3854 et
1209 3798 1390 3870 ipsam
1414 3797 1753 3854 medicinam
1765 3798 1842 3853 ita

204 3895 343 3950 artis
367 3894 546 3966 ipsius
570 3893 744 3964 periti
762 3893 1122 3964 impendunt,
1142 3895 1209 3946 ut
1226 3891 1436 3946 sensim
1456 3891 1706 3947 adhibita
1725 3908 1841 3946 non

205 3991 452 4044 onerent
471 3986 784 4055 inﬁrmum,
813 3985 911 4040 sed
935 3985 1196 4040 allevent.
1227 3984 1383 4040 Unde
1414 3989 1470 4040 et
1493 3984 1589 4040 illa
1615 4000 1744 4041 vera
1758 3989 1843 4040 est

207 4080 488 4138 sententia
511 4079 992 4153 philosophorum
1023 4095 1036 4133 :
1069 4080 1148 4136 Ne
1173 4079 1307 4149 quid
1331 4080 1513 4133 nimis.

851 4197 1067 4256 CAPUT
1109 4199 1240 4254 XVI.

361 4313 428 4368 Ut
449 4313 510 4365 in
537 4311 860 4366 Monasterio
886 4324 992 4380 quo
1016 4311 1174 4378 capit
1194 4309 1346 4378 virgo
1361 4315 1698 4377 permaneat.

283 4425 355 4479 Ut
383 4422 540 4478 enim
557 4423 619 4477 in
647 4420 993 4476 monasterio
1020 4435 1358 4492 permaneas
1387 4419 1622 4474 sollicite
1651 4419 1842 4475 admo-

211 4533 344 4584 neo,
371 4517 681 4572 multarum
707 4513 862 4569 enim
905 4513 1171 4569 societate
1208 4511 1494 4585 proﬁcies;
1525 4515 1582 4566 et
1611 4511 1844 4576 virtutes
1861 4527 1921 4600 D

214 4611 458 4666 aliarum
482 4609 725 4664 videndo
750 4607 860 4662 eris
882 4607 1045 4679 virgo
1070 4605 1363 4661 virtutum.
1395 4605 1466 4659 Et
1489 4603 1534 4659 si
1556 4604 1846 4660 interdum

213 4720 318 4775 pro
341 4701 610 4757 varietate
630 4701 989 4756 voluntatum
1016 4699 1235 4755 oriatur
1252 4698 1510 4770 quaedam
1537 4713 1846 4770 congrega-

211 4797 358 4852 tioni
370 4795 646 4864 simultas,
661 4799 718 4849 et
733 4809 1139 4865 nonnunquam
1162 4791 1712 4848 murmurationibus
1729 4807 1847 4846 car-

214 4889 434 4944 nalium
483 4887 779 4944 tristentur
819 4887 1155 4960 spirituales,
1199 4901 1318 4941 non
1363 4889 1558 4941 tamen
1607 4885 1848 4940 deerunt

213 4999 356 5056 quas
380 4982 442 5037 in
463 4980 626 5037 bonis
651 4980 867 5036 actibus
895 4979 1155 5036 imiteris.
1182 4981 1250 5035 Et
1273 4983 1422 5034 certe
1451 4979 1692 5034 tolerare
1720 4995 1840 5034 car-

214 5077 395 5146 nales,
422 5075 672 5148 probataa
705 5073 927 5130 virtutis
953 5077 1072 5142 est;
1103 5072 1313 5128 imitari
1339 5088 1472 5128 vero
1498 5071 1840 5143 spirituales,

214 5170 335 5242 spei
354 5173 440 5224 est
461 5167 750 5224 maximae.
780 5165 1060 5222 Erudiunt
1073 5165 1326 5221 carnales
1345 5164 1722 5237 spiritualium
1747 5181 1846 5236 pa-

214 5262 500 5328 tientiam,
530 5266 587 5317 et
613 5261 751 5316 dant
779 5277 907 5333 quae
943 5263 1146 5315 sancta:
1188 5261 1321 5313 sunt
1355 5259 1636 5313 bonarum
1665 5257 1841 5312 docu-

215 5361 413 5411 menta
456 5355 730 5410 virtutum
758 5370 772 5408 :
804 5370 868 5408 ac
888 5353 967 5408 sic
999 5353 1204 5408 animae
1230 5350 1545 5423 proﬁcienti
1585 5354 1844 5422 utraeque

216 5453 350 5504 sunt
375 5448 557 5516 utiles,
586 5451 644 5503 et
661 5463 803 5520 quas
817 5446 1096 5518 patienter
1117 5446 1336 5514 tolerat,
1359 5449 1416 5500 et
1433 5459 1573 5515 quas
1591 5442 1845 5498 imitatur

217 5541 484 5597 suaviter.
523 5541 792 5604 Libenter,
828 5539 1015 5612 inquit
1056 5539 1377 5611 Apostolus,
1403 5537 1677 5593 sustinetis
1703 5538 1842 5590 insi-

211 5638 444 5706 pientes,
469 5649 587 5690 cum
615 5636 736 5690 sitis
779 5636 1045 5705 sapientes
1069 5633 1145 5702 (II
1169 5631 1288 5688 Cor.
1321 5631 1418 5700 x1).
1451 5631 1518 5684 Et
1545 5629 1662 5700 ipse
1692 5627 1844 5683 idem

218 5728 353 5784 dicit
381 5745 394 5782 :
423 5728 636 5784 Debetis
661 5731 840 5783 autem
859 5742 949 5782 vos
973 5729 1069 5797 qui
1089 5727 1350 5795 ﬁrmiores
1367 5725 1497 5779 estis
1513 5722 1845 5778 imbecillita-

221 5827 293 5878 tes
322 5824 660 5894 inﬁrmorum
703 5823 982 5884 sustinere,
1010 5825 1058 5875 et
1089 5833 1194 5874 non
1222 5817 1369 5873 vobis
1401 5817 1632 5888 placere.
1670 5819 1838 5872 Unus-

1940 1907 2076 1958 runt
2097 1905 2311 1976 private
2342 1905 2544 1972 vivere,
2573 1907 2932 1979 propriisque
2962 1910 3131 1964 rebus
3156 1910 3260 1966 uti.
3284 1912 3571 1970 Craterum

1939 1997 2036 2067 qui
2064 1998 2167 2052 sub
2193 1998 2458 2069 apostolis
2486 1999 2851 2055 crediderunt
2880 2018 2950 2056 ex
2984 2002 3253 2072 Hebrteis,
3301 2005 3564 2061 eamdem

1938 2107 2218 2159 normam,
2255 2107 2428 2162 quam
2482 2108 2634 2146 nunc
2673 2095 2866 2147 tenent
2913 2096 3272 2165 monasteria,
3316 2113 3570 2153 servave-

1939 2187 2090 2238 runt.
2120 2185 2319 2248 Quaere
2345 2185 2494 2256 quod
2517 2185 2727 2257 legitur
2747 2185 2804 2240 in
2833 2187 3061 2241 Actibus
3084 2189 3566 2260 apostolorum,et

1937 2292 2137 2331 verum
2163 2293 2282 2332 esse
2309 2278 2456 2349 quod
2479 2277 2602 2333 dico
2621 2279 2917 2350 probabis:
2947 2282 3338 2347 Multitudinis,
3361 2283 3566 2356 inquit,

1939 2370 2269 2424 credentium
2281 2375 2400 2425 erat
2417 2387 2508 2425 cor
2525 2387 2713 2439 unum,
2737 2377 2788 2426 et
2802 2376 2989 2428 anima
3009 2390 3137 2429 una.
3167 2377 3274 2431 Nec
3287 2379 3574 2447 quisquam

1937 2478 2120 2518 eorum
2149 2479 2270 2533 qua
2292 2465 2622 2535 possidebat,
2653 2481 2809 2520 suum
2836 2468 3051 2537 aliquid
3085 2483 3192 2524 esse
3220 2469 3452 2533 dicebat,
3480 2471 3576 2526 sed

1939 2561 2194 2626 quotquot
2215 2573 2543 2627 possessores
2557 2575 2812 2626 agrorum
2838 2567 3012 2624 erant,
3039 2563 3362 2626 vendebant,
3390 2569 3441 2618 et
3449 2579 3572 2634 pre-

1940 2651 2018 2702 tia
2043 2665 2222 2704 eorum
2258 2652 2536 2720 ponebant
2563 2658 2689 2708 ante
2707 2654 2875 2724 pedes
2905 2656 3288 2724 apostolorum,
3305 2662 3356 2712 et
3383 2657 3568 2712 distri-

1940 2742 2203 2798 buebatur
2231 2749 2399 2814 prout
2442 2747 2734 2815 unicuique
2772 2763 2906 2816 opus
2952 2752 3070 2802 erat
3096 2748 3236 2817 (Act.
3277 2748 3374 2820 1v).
3411 2749 3570 2818 Vide,

1938 2835 2090 2908 quod
2117 2835 2365 2891 viventes
2389 2835 2446 2890 in
2470 2839 2813 2894 monasterio
2833 2839 3172 2911 regulariter
3190 2841 3571 2912 apostolorum

1938 2933 2166 2984 teneant
2189 2930 2392 2998 vitam;
2423 2946 2528 2985 nec
2557 2931 2821 2986 dubitent
2859 2948 3057 2988 eorum
3096 2934 3318 3006 assequi
3347 2935 3568 3004 merita,

1938 3037 2190 3092 quorum
2218 3022 2514 3078 imitantur
2534 3025 2814 3096 exempla.

2524 3117 2744 3173 CAPUT
2771 3119 2946 3173 XVIII.

2011 3209 2090 3265 Ne
2112 3209 2390 3278 peculiare
2413 3212 2564 3278 virgo
2593 3213 2652 3266 in
2680 3215 3004 3268 monasterio
3033 3216 3169 3285 quid
3201 3216 3498 3286 possideat.

2010 3301 2314 3372 Peculiare,
2363 3305 2518 3374 quod
2551 3304 2612 3359 in
2647 3305 2916 3360 ccenobiis
2951 3323 3056 3378 pro
3092 3323 3303 3380 magno
3327 3309 3572 3364 habetur

1940 3393 2198 3463 crimine,
2228 3399 2290 3449 tu
2310 3413 2414 3467 pro
2450 3397 2648 3466 grandi
2675 3397 2803 3452 vitae
2829 3400 3182 3470 contagione.
3215 3401 3571 3456 Adulterium

1939 3489 2090 3540 certe
2115 3490 2218 3553 est,
2234 3489 2364 3559 quia
2380 3489 2738 3544 conscientiae
2766 3491 3151 3563 integritatem
3173 3497 3458 3564 usurpatae
3488 3495 3572 3550 rei

1938 3579 2208 3650 pravitate
2235 3581 2502 3636 maculat.
2532 3582 2688 3637 Furti
2715 3583 2932 3638 crimen
2962 3589 3044 3639 est
3067 3603 3084 3654 ;
3118 3586 3388 3656 quoniam
3435 3587 3574 3642 dum

1939 3672 2132 3726 omnia
2181 3688 2306 3744 quae
2333 3673 2620 3729 habentur
2648 3675 2710 3730 in
2752 3677 3114 3748 monasterio,
3141 3679 3405 3734 omnibus
3438 3685 3572 3736 sunt

1940 3765 2280 3832 communia,
2331 3767 2540 3822 habere
2587 3783 2696 3822 una
2737 3769 2980 3825 latenter
3013 3771 3324 3842 praesumit,
3354 3773 3505 3845 quod
3535 3790 3569 3828 a

1939 3858 2156 3914 caeteris
2181 3858 2495 3930 ignoratur,
2528 3864 2583 3915 et
2607 3861 2760 3916 aliud
2781 3862 3005 3933 publice
3031 3880 3162 3919 cum
3179 3865 3442 3922 omnibus
3459 3868 3569 3923 uti-

1939 3955 2053 4020 tur,
2092 3951 2246 4007 aliud
2294 3952 2498 4008 furtive
2536 3953 2846 4010 abscondit.
2902 3957 3074 4012 Fraus
3120 3963 3205 4014 cst
3243 3961 3568 4031 manifesta,

1939 4044 2072 4116 quia
2122 4060 2237 4100 non
2280 4046 2510 4117 reponit
2539 4046 2599 4101 in
2631 4063 2937 4105 commune
2981 4052 3134 4122 quod
3171 4053 3445 4124 possidet,
3473 4055 3573 4111 sed

1940 4131 2208 4210 exiguam
2232 4139 2567 4210 parvitatem
2595 4140 2860 4212 privatim
2888 4145 3133 4200 occultat
3154 4145 3575 4204 fraude.Unum

1941 4231 2176 4302 crimen,
2205 4232 2302 4286 sed
2327 4233 2492 4304 plura
2518 4235 2796 4306 contagia.
2827 4237 3019 4290 Tanta:
3047 4237 3319 4309 nequitiae
3352 4239 3572 4296 malum

1941 4325 2095 4398 velut
2121 4325 2398 4394 gehenna:
2429 4327 2574 4380 evita
2601 4327 3000 4399 praecipitium,
3034 4334 3090 4384 et
3114 4331 3274 4402 quasi
3299 4331 3410 4386 iter
3439 4349 3572 4388 cave

1941 4416 2152 4471 ducens
2172 4417 2244 4471 ad
2270 4417 2580 4472 infernum.
2603 4419 2740 4473 Inde
2765 4435 2943 4491 usque
2960 4421 3032 4476 ad
3055 4423 3274 4477 malum
3299 4424 3572 4495 proditio-

1942 4508 2030 4562 nis
2049 4514 2106 4563 et
2138 4509 2364 4564 Domini
2393 4509 2755 4566 traditionem
2792 4513 2960 4567 ludas
2987 4514 3196 4586 erupit,
3244 4517 3395 4588 quod
3432 4517 3571 4574 furti

1943 4600 2158 4656 crimen
2173 4606 2384 4656 tractus
2409 4601 2714 4673 cupiditate
2739 4605 3042 4661 commisit.
3063 4607 3313 4680 Denique
3331 4626 3462 4665 cum
3476 4611 3572 4666 ha-

1941 4695 2103 4750 beret
2113 4710 2244 4749 cum
2259 4695 2526 4766 apostolis
2543 4695 2819 4768 quidquid
2838 4697 2947 4753 illis
2962 4704 3107 4756 esset
3117 4717 3441 4774 commune,
3455 4720 3572 4759 non

1944 4781 2051 4838 fuit
2075 4787 2372 4838 contentus
2397 4785 2815 4842 communionis
2837 4788 3188 4846 sufﬁcientia.
3205 4791 3313 4847 Sed
3331 4791 3468 4864 quid
3493 4792 3574 4848 di-

1943 4876 2018 4930 cit
2043 4875 2113 4933 de
2140 4892 2207 4931 eo
2231 4877 2602 4948 Evangelium
2619 4879 2648 4934 ‘t
2672 4882 2784 4935 Fur
2805 4887 2944 4944 erat,
2968 4887 3019 4937 et
3046 4884 3240 4941 loculos
3263 4885 3486 4949 habens,
3509 4902 3574 4942 ea

1943 4984 2062 5038 qua:
2086 4969 2443 5025 mittebantur
2459 4972 2721 5041 portabat
2755 4975 2932 5043 (Joan.
2972 4977 3085 5046 xu).
3117 4978 3227 5032 Nec
3257 4993 3374 5034 non
3418 4982 3567 5034 Ana-

1943 5061 2052 5117 niae
2081 5065 2137 5117 et
2155 5061 2406 5134 Saphiraa
2432 5065 2695 5137 exempla
2721 5067 2938 5136 recole;
2961 5068 3060 5140 qui
3086 5068 3382 5126 offerentes
3401 5073 3574 5145 Apos-

1943 5155 2056 5209 tolo
2105 5158 2326 5226 partem
2358 5157 2546 5228 pretii,
2589 5162 2809 5228 partem
2836 5175 2971 5214 vero
3019 5161 3283 5234 celantes,
3309 5167 3574 5238 praesenti

1942 5253 2073 5304 sunt
2114 5248 2330 5319 judicio
2373 5249 2624 5304 damnati
2673 5250 2814 5319 (Act.
2856 5253 2942 5322 v);
2971 5257 3028 5309 et
3064 5269 3168 5326 pro
3216 5261 3431 5316 terrore
3476 5276 3566 5316 se-

1942 5341 2242 5413 quentium
2269 5358 2388 5396 non
2417 5345 2501 5396 est
2524 5342 2696 5397 dilata
2719 5343 2982 5401 facinoris
3003 5347 3165 5405 ultio.
3179 5351 3316 5416 Quae
3331 5356 3570 5407 autema

1942 5434 2338 5490 communione
2362 5435 2688 5490 monasterii
2717 5437 2933 5509 privata
2969 5443 3297 5513 secernitur,
3346 5460 3574 5501 necesse

1943 5532 2026 5582 est
2061 5532 2182 5581 uta
2207 5526 2442 5581 ccelestis
2472 5527 2598 5582 vita:
2623 5532 2904 5587 consortio
2933 5539 3244 5606 separetur.
3285 5535 3568 5607 Quidquid

1943 5635 2144 5674 manus
2181 5623 2280 5673 tua
2322 5619 2592 5691 attigerit,
2624 5623 2830 5680 seniori
2875 5628 3134 5692 ostende;
3167 5628 3226 5682 in
3269 5643 3573 5686 commune

1943 5727 2170 5782 repone.
2209 5711 2330 5766 Noli
2369 5713 2680 5787 quidquam
2719 5722 3098 5790 transportare
3133 5735 3404 5788 seorsum,
3433 5723 3570 5794 quia

1943 5803 2186 5861 nimium
2214 5804 2369 5861 ludas
2395 5807 2696 5879 proditoris
2725 5810 2983 5882 exempla
3014 5812 3258 5868 cavenda
3287 5817 3439 5870 sunt.
