3996 6188
467 243 562 294 891

1083 357 1300 412 CAPUT
1349 357 1472 412 XIX.

933 457 1013 512 Ne
1035 456 1188 524 virgo
1201 454 1397 524 jurare
1427 455 1634 514 debeat.

541 563 844 636 Nunquam
862 565 1080 636 jurare,
1107 565 1206 620 sed
1251 582 1478 637 semper
1510 583 1710 622 verum
1739 567 1944 634 dicere,
1973 567 2098 638 pari

471 657 704 711 observa
752 657 957 712 studio.
1003 659 1143 713 Nam
1187 659 1332 713 sicut
1377 661 1690 714 carnalibus
1732 677 1835 731 pro
1879 664 2096 717 terrore

469 749 680 804 fraudis
701 750 899 820 jurare
921 753 1258 821 permissum
1279 759 1380 820 est,
1412 755 1488 810 sic
1517 753 1806 825 prohibita
1832 759 1964 808 sunt
1983 755 2092 825 spi-

470 841 783 911 ritualibus,
815 843 984 898 etiam
1014 845 1152 900 dum
1185 846 1286 900 sibi
1319 848 1464 902 bene
1485 847 1694 900 conscii
1723 851 1876 913 sunt,
1908 863 2092 902 sacra-

468 941 676 990 menta.
704 936 808 998 Sit,
841 937 1044 1008 inquit,
1073 953 1243 994 sermo
1275 947 1464 1002 vester,
1493 944 1607 1002 Est,
1643 944 1748 1006 est;
1785 943 1923 1006 Non,
1949 957 2092 1006 non;

470 1029 614 1098 quod
642 1033 822 1084 autem
843 1032 972 1100 plus
997 1037 1093 1094 est,
1123 1049 1155 1086 a
1185 1035 1326 1088 malo
1360 1039 1436 1089 est
1463 1035 1595 1104 (Jac.
1625 1035 1699 1102 v).
1733 1035 1876 1088 Cave
1907 1033 2094 1105 itaque

462 1121 656 1190 jurare
695 1121 752 1176 in
777 1123 944 1190 bono,
974 1125 1108 1196 quia
1131 1125 1200 1180 de
1219 1127 1368 1180 malo
1399 1131 1504 1181 est.
1533 1128 1600 1181 Et
1623 1131 1922 1198 propterea
1948 1126 2091 1180 dici-

467 1219 562 1270 tur
588 1231 706 1270 esse
737 1233 770 1270 a
799 1217 965 1286 malo,
997 1233 1063 1273 eo
1099 1219 1252 1289 quod
1273 1219 1508 1290 jurandi
1537 1219 1832 1274 necessitas
1863 1236 1930 1274 ex
1961 1219 2090 1274 inﬁ-

469 1307 578 1362 deli
606 1309 678 1364 sit
700 1311 1062 1366 conscientia.
1093 1312 1227 1382 Ejus
1256 1315 1447 1368 autem
1479 1303 1726 1368 hominis
1743 1313 1976 1384 jurandi
2001 1329 2094 1368 ex-

469 1406 764 1474 torquetur
789 1404 1109 1474 necessitas,
1141 1405 1300 1476 cujus
1325 1405 1464 1461 ﬁdes
1491 1411 1686 1462 manet
1709 1406 1768 1461 in
1795 1407 1988 1461 dubio.
2011 1407 2094 1461 Tu

468 1511 619 1564 vero,
647 1511 776 1566 quas
819 1496 1236 1566 simplicitatem
1273 1499 1455 1554 cordis
1481 1499 1652 1554 debes
1681 1499 1978 1554 ostendere
2006 1499 2088 1553 1a-

467 1588 593 1656 biis,
621 1605 722 1642 cur
743 1592 800 1643 te
825 1595 1135 1660 spontaneo
1179 1591 1376 1663 alliges
1413 1595 1764 1647 sacramento
1781 1593 1808 1646 ?
1826 1592 1980 1648 Tolle
1999 1593 2091 1663 ju-

471 1681 630 1736 mndi
655 1697 826 1736 usum
853 1683 912 1736 in
937 1683 1105 1752 bono,
1135 1687 1191 1739 et
1209 1701 1326 1740 non
1352 1685 1668 1757 perjurabis
1695 1685 1756 1740 in
1781 1686 1951 1741 malo.
1984 1686 2089 1740 Lo-

1420 253 1648 306 SANL‘TI
1691 253 1982 306 LEANDlil
2007 294 2018 316 ,
2065 253 2492 306 IIISI’ALENSIS
2533 254 2856 314 El’lSCUl’l,
3707 263 3792 316 892

2119 381 2179 456 Α
2197 363 2315 456 tare
2339 359 2624 456 voluisset,
2653 376 2767 416 non
2798 360 2930 416 inde
2957 361 3204 456 ejiceret.
3237 363 3346 418 Sed
3373 365 3500 434 quia
3529 365 3660 420 utile
3689 383 3796 438 pro-

2197 453 2378 524 posito
2423 459 2520 509 tuo
2561 453 2682 509 fore
2733 454 3053 525 prospexit,
3099 455 3246 511 bene
3285 456 3426 512 sicut
3457 457 3728 514 Abraham
3765 477 3792 515 a

2196 547 2473 614 Chaldeis,
2509 551 2564 602 et
2599 551 2872 618 tanquam
2897 549 3036 604 Loth
3081 553 3136 604 te
3161 548 3434 604 abstraxit
3468 567 3502 604 a
3541 551 3790 610 Sodomis.

2197 639 2450 711 Denique
2481 657 2732 696 errorem
2759 657 2952 696 meum
2981 641 3104 712 ipse
3127 642 3328 712 fateor,
3356 660 3426 698 ne
3453 661 3792 702 communem

2197 739 2440 788 matrem
2468 751 2616 806 saepe
2645 735 2977 802 allocutum,
3015 752 3178 790 nosse
3205 737 3435 807 cupiens
3459 738 3508 792 si
3535 738 3688 794 vellet
3715 757 3787 794 re-

2195 827 2335 882 verti
2364 827 2434 882 ad
2479 827 2722 898 patriam
2753 846 2767 894 ;
2801 828 2894 882 illa
2931 833 3143 898 autem,
3184 845 3310 900 quae
3351 847 3408 886 se
3441 839 3668 886 noverat
3713 835 3788 888 Dei

2195 921 2477 974 voluntate
2515 937 2680 976 causa
2711 921 2842 976 inde
2887 921 3080 976 salutis
3128 923 3346 992 exiisse,
3375 925 3478 978 sub
3505 925 3682 979 divina
3705 927 3786 982 ob.

2195 1013 2494 1067 testatione
2525 1013 2762 1081 dicebat,
2791 1031 2896 1069 nec
2921 1016 3066 1070 velle
3102 1032 3160 1070 se
3195 1016 3402 1086 videre,
3435 1034 3538 1072 nec
3571 1036 3788 1090 unquam

2194 1106 2442 1161 visuram
2465 1107 2622 1161 illam
2647 1107 2891 1179 patriam
2918 1124 3058 1178 esse,
3086 1112 3144 1162 et
3181 1125 3312 1164 cum
3357 1110 3578 1182 magnis
3601 1111 3792 1168 dicebat

2193 1199 2416 1256 ﬂetibus
2449 1216 2462 1254 :
2487 1200 2872 1272 Peregrinatio
2900 1217 2992 1256 me
3019 1203 3196 1257 Deum
3224 1202 3356 1258 fecit
3379 1221 3692 1275 agnoscere,
3719 1223 3792 1276 pe-

2193 1293 2424 1365 regrina
2448 1293 2698 1363 moriar;
2731 1297 2788 1349 et
2813 1295 2892 1350 ibi
2929 1295 3254 1366 sepulcrum
3297 1297 3558 1366 habeam,
3585 1297 3674 1352 ubi
3711 1299 3794 1354 Dei

2192 1386 2574 1457 cognitionem
2594 1387 2804 1459 accepi.
2822 1389 2980 1444 Teste
2999 1389 3130 1444 Jesu
3155 1390 3260 1444 hoc
3283 1389 3343 1444 in
3369 1391 3492 1459 ejus
3517 1391 3792 1462 experiisse

2192 1479 2480 1534 desideriis
2511 1495 2729 1533 memor
2765 1497 2911 1548 sum,
2943 1485 3007 1535 ut
3051 1481 3270 1538 etiamsi
3317 1481 3414 1536 diu
3465 1483 3684 1550 viveret,
3712 1501 3789 1554 pa-

2189 1572 2360 1627 triam
2399 1573 2556 1626 illam
2587 1589 2700 1628 non
2735 1573 3020 1629 reviseret.
3065 1577 3167 1643 Tu,
3207 1591 3422 1646 quaeso,
3468 1593 3614 1642 cave,
3653 1593 3786 1632 soror

2191 1665 2532 1733 Florentina,
2563 1667 2714 1738 quod
2747 1670 2930 1722 mater
2963 1668 3175 1738 timuit,
3205 1673 3262 1734 et
3295 1669 3510 1746 malum
3537 1670 3676 1742 quod
3713 1671 3788 1726 illa

467 1791 638 1844 quere
670 1776 964 1830 veritatem
995 1793 1064 1832 ex
1091 1747 1278 1848 corde,
1314 1747 1372 1834 et
1399 1747 1580 1834 aberit
1609 1778 1826 1848 juranti
1855 1779 2092 1832 necessi-
2111 1747 2168 1818 B
2192 1763 2422 1830 experta
2445 1759 2575 1830 fuit:
2609 1764 2670 1814 ίυ
2695 1761 3004 1830 Ριύἀθηίετ
3032 1762 3196 1816 θνίῐει·
3225 1762 3492 1817 Miserum
3531 1779 3616 1818 me
3635 1765 3786 1828 ἀοῙεον

469 1873 568 1922 tus.
600 1868 862 1939 Legimus
885 1869 1036 1924 enim
1069 1889 1083 1924 :
1117 1874 1195 1926 Ne
1220 1887 1498 1928 assuescas
1512 1873 1807 1942 jurationi,
1837 1875 2092 1942 quoniam

465 1962 628 2016 multi
653 1977 808 2018 casus
833 1965 892 2020 in
917 1965 1018 2020 illa
1048 1963 1206 2036 (Eccl.
1235 1967 1382 2036 xxv).

1095 2085 1312 2140 CAPUT
1367 2086 1467 2140 XX.

791 2186 870 2240 Ne
896 2184 1010 2238 sola
1035 2184 1190 2253 virgo
1215 2199 1335 2240 cum
1359 2185 1476 2240 sola
1502 2185 1776 2255 loquatur.

535 2294 656 2349 Noli
669 2311 954 2350 assumere
971 2311 1143 2350 unam
1155 2295 1422 2368 loquendi
1440 2296 1902 2364 familiaritatem,
1927 2301 1984 2352 et
1999 2298 2092 2352 de-

466 2387 676 2444 clinare
702 2387 860 2442 alias.
892 2389 998 2444 Sed
1041 2405 1154 2460 quo
1183 2389 1322 2444 scire
1350 2390 1452 2444 uni
1491 2390 1623 2444 utile
1649 2394 1752 2460 est,
1785 2390 1994 2446 sciatur
2021 2390 2090 2446 ab

465 2481 750 2536 omnibus.
777 2481 921 2536 Audi
949 2482 1256 2537 Dominum
1283 2482 1420 2554 quid
1449 2481 1596 2538 dicat
1626 2503 1639 2538 :
1677 2485 1829 2552 Quod
1851 2484 1970 2539 dico
1996 2499 2086 2540 υο-

427 2639 436 2644 _
465 2575 544 2630 bis
571 2577 632 2629 in
663 2575 914 2638 tenebris,
941 2575 1102 2632 dicite
1115 2578 1174 2630 in
1195 2578 1430 2642 lumine;
1457 2577 1602 2646 quod
1627 2579 1684 2632 in
1711 2593 1842 2632 aure
1861 2578 2088 2640 auditis,

457 2669 755 2740 pmdicate
779 2683 942 2738 super
971 2673 1110 2724 tecta
1142 2671 1359 2739 (Matth.
1391 2668 1542 2742 xvn).
1576 2671 1688 2724 Hoc
1727 2673 1831 2739 est,
1875 2669 1920 2724 si
1953 2670 2090 2742 quid

462 2761 616 2816 vobis
641 2761 703 2817 in
741 2765 955 2818 secreto
995 2763 1201 2818 mentis
1229 2762 1402 2818 fuerit
1435 2763 1764 2832 revelatum,
1796 2764 1984 2834 palam
2009 2764 2092 2818 di-

462 2855 598 2910 cite:
620 2860 678 2912 et
691 2855 844 2928 quod
864 2856 1030 2912 corde
1047 2857 1402 2928 concepistis,
1421 2857 1682 2912 omnibus
1702 2857 2086 2914 manifestate.

461 2949 518 3004 Si
547 2949 760 3004 bonum
789 2953 872 3004 est
897 2950 1048 3021 quod
1073 2950 1338 3021 loqueris,
1373 2967 1474 3006 cur
1501 2967 1617 3004 una
1646 2953 1864 3004 tantum
1889 2953 1946 3004 et
1973 2966 2090 3004 non

463 3057 658 3096 omnes
681 3042 869 3112 potius
916 3042 1296 3098 informentur
1317 3044 1345 3097 ?
1371 3044 1426 3098 Si
1453 3048 1618 3114 turpe
1648 3047 1750 3110 est,
1795 3059 1902 3098 nec
1931 3043 2086 3114 cogi-

461 3139 602 3202 tare,
634 3149 738 3190 nec
766 3135 920 3206 loqui
967 3135 1157 3202 debes,
1209 3136 1358 3206 quod
1401 3135 1542 3190 alias
1589 3135 1872 3190 erubescis
1922 3136 2085 3192 scire.
2108 3112 2162 3188 (ἶ

459 3229 584 3282 Non
597 3227 720 3298 jam
747 3227 816 3282 de
843 3228 994 3283 bono
1019 3231 1122 3296 est,
1153 3229 1307 3301 quod
1331 3228 1698 3301 singulariter
1719 3229 1879 3300 virgo
1909 3228 2093 3300 loqui-

458 3326 570 3376 tur.
596 3323 777 3378 Omnis
805 3325 946 3378 enim
971 3326 1068 3392 qui
1094 3324 1234 3378 male
1253 3325 1388 3392 agit,
1421 3323 1500 3376 ait
1525 3323 1823 3392 Dominus,
1857 3323 1972 3378 odit
2003 3324 2088 3376 lu-

461 3431 570 3470 cem
597 3417 770 3486 (Joan.
803 3417 904 3486 Ill).
933 3417 1090 3472 Unde
1119 3421 1176 3472 et
1203 3415 1292 3472 ille
1331 3416 1804 3488 philosophorum
1833 3416 2088 3487 pruden-

463 3509 714 3564 tissimus
738 3509 881 3564 dixit
903 3526 916 3564 :
941 3529 968 3562 ‹‹
987 3509 1192 3566 Omnia
1218 3513 1368 3564 recte
1397 3510 1546 3564 facta
1569 3510 1630 3564 in
1655 3510 1782 3578 luce
1811 3526 1869 3564 se
1897 3513 2092 3564 amant

463 3603 744 3658 collocari.
775 3623 804 3654 »
843 3605 886 3659 Ο
909 3603 1071 3675 virgo
1099 3604 1226 3658 ideo
1257 3603 1474 3658 occulte
1516 3603 1785 3674 loqueris,
1813 3603 1948 3676 quia
1973 3620 2088 3658 non

463 3699 548 3751 est
597 3697 745 3751 unde
781 3697 1002 3767 publice
1042 3697 1318 3768 glorieris.
1369 3697 1478 3752 Sed
1521 3697 1566 3751 si
1606 3713 1773 3752 aures
1811 3701 1868 3751 et
1901 3697 2091 3762 oculos

463 3789 746 3844 humanos
767 3789 934 3859 fallis,
953 3790 1214 3861 nunquid
1243 3790 1336 3844 Dei
1357 3790 1744 3861 cognitionem
1771 3789 1965 3845 fallere
1991 3807 2092 3861 po-

463 3880 598 3936 teris
621 3883 648 3936 ?
679 3881 918 3938 Pulchre
959 3885 1016 3936 et
1039 3882 1182 3936 alius
1216 3883 1298 3936 ait
1327 3901 1341 3938 :
1383 3902 1410 3934 ‹‹
1441 3883 1599 3948 Quod
1638 3883 1722 3936 vis
1749 3884 1930 3938 Deum
1959 3899 2086 3939 nes-

465 3973 600 4044 cire,
627 3990 738 4054 nec
766 3991 918 4046 agas,
947 3991 1050 4030 nec
1073 3975 1304 4046 cogites.
1337 3997 1364 4025 »
1394 3975 1474 4030 Sit
1503 3993 1639 4048 ergo
1665 3975 1768 4030 tibi
1794 3977 2086 4032 conscien-

465 4067 546 4122 tia
571 4068 840 4138 innocua,
871 4085 1054 4124 sermo
1083 4069 1276 4124 libera
1303 4069 1488 4139 culpa.
1517 4069 1852 4140 Respuenda
1879 4087 1982 4124 nec
1995 4087 2090 4124 au-

463 4160 586 4215 dire
611 4165 687 4228 te,
727 4177 832 4216 nec
860 4162 1108 4234 cogitare
1148 4161 1384 4217 delectet
1413 4179 1430 4230 ;
1471 4162 1646 4216 multo
1687 4161 1877 4216 minus
1907 4161 2086 4234 loqui,

463 4255 548 4309 vel
575 4270 764 4328 agere.

1083 4349 1302 4404 CAPUT
1331 4347 1455 4404 XXI.

773 4449 851 4504 Ne
867 4447 998 4501 velit
1019 4448 1172 4515 virgo
1197 4449 1396 4502 reverti
1417 4447 1490 4502 ad
1514 4447 1785 4502 saeculum.

2191 1853 2290 1924 qui
2319 1853 2530 1907 ibidem
2575 1869 2943 1908 communem
2988 1855 3223 1910 fratrem
3261 1857 3551 1911 transmisi
3575 1858 3786 1928 Fulgen-

2189 1947 2354 2013 tium,
2384 1946 2544 2018 cujus
2573 1947 2824 2017 pericula
2844 1948 2974 2019 jugi
3003 1949 3305 2004 formidine
3331 1951 3682 2020 pertimesco.
3705 1953 3788 2005 Tu-

2189 2039 2300 2093 tior
2319 2044 2510 2094 tamen
2537 2039 2663 2108 erit,
2694 2040 2742 2094 si
2773 2043 2832 2094 tu
2861 2041 3108 2096 securior
3133 2047 3189 2097 et
3213 2043 3418 2098 absens
3445 2061 3546 2114 pro
3572 2043 3662 2098 illo
3687 2060 3784 2098 ora-

2189 2132 2354 2196 veris,
2398 2134 2476 2188 Ea
2499 2132 2632 2189 inde
2671 2137 2836 2188 aetate
2888 2135 3170 2190 abstracta
3207 2152 3284 2206 es,
3329 2141 3392 2192 ut
3427 2136 3514 2192 vel
3538 2139 3584 2192 si
3611 2138 3788 2194 ibidem

2189 2229 2322 2282 nata
2345 2226 2540 2296 fueris,
2559 2243 2673 2282 non
2697 2228 3047 2283 memineris.
3071 2229 3232 2284 Nulla
3250 2233 3336 2286 est
3353 2231 3658 2286 recordatio
3681 2247 3786 2302 qua

2189 2325 2412 2375 moveat
2437 2319 2728 2376 desideriis
2752 2321 3039 2390 animam;
3063 2327 3120 2376 et
3143 2323 3304 2378 beata
3331 2339 3413 2391 es,
3443 2341 3568 2396 quae
3595 2325 3787 2396 ignoras

2189 2414 2340 2486 quod
2372 2413 2580 2469 doleas.
2609 2415 2726 2486 Ego
2755 2419 2944 2469 tamen
2971 2420 3236 2488 expertus
3263 2416 3495 2488 loquor,
3526 2419 3600 2472 sic
3625 2418 3782 2489 perdi-

2190 2507 2333 2562 disse
2358 2511 2568 2562 statum
2595 2511 2652 2562 et
2681 2507 2924 2579 speciem
2969 2509 3132 2563 illam.
3155 2509 3430 2581 patriam,
3459 2515 3520 2566 ut
3545 2528 3640 2566 nec
3667 2511 3787 2566 liber

2189 2601 2488 2672 quisquam
2531 2601 2593 2654 in
2632 2617 2698 2655 ea
2739 2601 3000 2672 supersit,
3044 2617 3147 2657 nec
3187 2607 3338 2658 terra
3374 2605 3500 2675 ipsa
3547 2605 3698 2659 solita
3733 2603 3787 2658 sit

2190 2693 2444 2748 ubertate
2467 2693 2725 2762 fecunda,
2746 2697 2802 2748 et
2815 2711 2928 2748 non
2945 2693 3066 2749 sine
3087 2695 3186 2748 Dei
3207 2695 3448 2766 judicio.
3475 2698 3636 2752 Terra
3659 2696 3786 2751 enim

2189 2786 2280 2841 cui
2321 2786 2466 2840 cives
2495 2786 2676 2858 erepti
2723 2792 2872 2856 sunt,
2903 2792 2958 2842 et
2987 2789 3236 2843 concessi
3261 2785 3553 2858 extraneo,
3589 2807 3708 2844 mox
3731 2793 3780 2842 ut

2188 2879 2525 2950 dignitatem
2553 2879 2816 2950 perdidit,
2831 2881 3010 2936 caruit
3029 2887 3084 2937 et
3103 2882 3470 2939 fecunditate.
3487 2883 3634 2952 Vide,
3657 2899 3788 2938 soror

2187 2973 2526 3042 Florentina,
2559 2973 2710 3044 quod
2737 2975 2791 3028 te
2827 2990 3038 3044 pavens
3079 2991 3441 3048 maerensque
3473 2977 3784 3043 conveniam,

2187 3082 2259 3120 ne
2285 3069 2335 3120 te
2366 3082 2594 3138 serpens
2624 3065 2912 3137 praeripiat
2933 3085 2966 3121 a
2991 3067 3268 3138 paradiso,
3297 3073 3354 3124 et
3385 3070 3448 3124 in
3485 3086 3606 3125 eam
3639 3073 3788 3141 ponat

2191 3164 2400 3216 terram
2420 3176 2548 3230 quae
2574 3159 2762 3230 spinas
2789 3163 2845 3214 et
2863 3160 3100 3216 tribulos
3127 3163 3435 3233 germinat,
3463 3163 3532 3218 de
3559 3179 3662 3234 qua
3685 3177 3785 3216 rur-

2191 3269 2316 3307 sum
2341 3253 2386 3306 si
2409 3252 2544 3306 velis
2569 3269 2804 3307 manum
2831 3253 3154 3324 extendere,
3177 3255 3476 3326 etlignum
3503 3257 3626 3312 vita:
3648 3256 3782 3311 eden-

2191 3345 2328 3400 dum
2379 3361 2686 3414 assumere,
2733 3363 2848 3400 non
2888 3347 3226 3418 permittatis
3273 3350 3575 3421 attingere.
3618 3351 3778 3404 Testor

2191 3439 2346 3494 enim
2379 3444 2434 3494 te
2470 3455 2602 3494 cum
2637 3439 2934 3510 PrOpheta,
2978 3445 3034 3495 et
3061 3441 3280 3495 conscio
3305 3443 3440 3497 Jesu
3470 3443 3674 3498 Christo
3697 3439 3774 3495 ad-

2189 3549 2414 3602 moneo,
2447 3532 2671 3588 dicens:
2701 3533 2871 3596 Audi,
2897 3535 3034 3602 ﬁlia,
3059 3539 3108 3588 et
3133 3535 3289 3590 ride:
3319 3541 3375 3590 et
3403 3537 3602 3590 inclina
3627 3551 3779 3588 aurem

2191 3629 2362 3688 tuam;
2377 3629 2427 3680 et
2439 3626 2743 3680 obliviscere
2759 3627 3022 3696 populum
3038 3631 3206 3690 tuum,
3223 3633 3274 3682 et
3289 3629 3512 3684 domum
3525 3630 3684 3700 patris
3697 3629 3777 3686 tui,

2190 3721 2322 3788 quia
2345 3720 2643 3789 concupivit
2665 3722 2780 3774 Rea:
2803 3722 3028 3788 speciem
3051 3725 3220 3782 tuam,
3257 3727 3306 3775 et
3331 3723 3452 3792 ipse
3474 3729 3547 3776 est
3571 3725 3780 3776 Dominus

2189 3815 2327 3866 Deus
2353 3816 2475 3866 tuus
2503 3811 2724 3882 (Psalm.
2753 3812 2917 3882 xuv).
2947 3815 3108 3870 Nemo
3139 3815 3360 3868 mittens
3405 3831 3618 3868 manum
3651 3827 3778 3868 suam

2188 3907 2249 3958 in
2282 3908 2550 3967 aratrum,
2586 3909 2636 3958 et
2683 3907 2969 3974 respiciens
2997 3910 3162 3968 retro,
3207 3911 3374 3976 aptus
3415 3913 3492 3962 est
3529 3923 3674 3974 regno
3703 3907 3780 3960 Dei

2190 3997 2334 4068 (Luc.
2367 3997 2460 4068 ix).
2489 3997 2613 4052 Noli
2639 3997 2709 4051 ab
2735 4013 2802 4052 eo
2837 3997 3064 4052 evolare
3089 3999 3245 4068 nido,
3279 3999 3438 4070 quod
3465 3999 3666 4056 invenit
3687 4003 3775 4050 tur-

2189 4093 2301 4160 tur,
2331 4089 2431 4144 ubi
2452 4094 2693 4162 reponat
2717 4091 2902 4161 pullos
2929 4107 3056 4146 suos
3081 4093 3294 4161 (Psalm.
3331 4095 3568 4162 Lxxxni).
3595 4091 3776 4162 Simpli-

2188 4183 2367 4238 citatis
2385 4182 2501 4238 ﬁlia
2530 4201 2610 4252 es,
2639 4199 2769 4254 quas
2793 4187 3012 4239 turture
3040 4191 3221 4241 matre
3253 4191 3391 4241 nata
3417 4203 3496 4242 es.
3531 4189 3588 4241 In
3607 4184 3770 4239 eadem

2190 4293 2306 4332 una
2331 4291 2573 4347 persona
2587 4277 2968 4348 complurium
2985 4278 3464 4334 necessitudinem
3503 4280 3659 4334 uteris
3680 4277 3770 4330 otti-

2187 4370 2291 4424 cio.
2308 4371 2610 4424 Turturem
2635 4386 2739 4441 pro
2765 4375 2946 4425 matre
2977 4371 3210 4443 respice.
3237 4373 3544 4428 Turturem
3571 4387 3660 4444 pro
3683 4384 3770 4424 ma-

2103 4479 2163 4552 D
2185 4463 2362 4535 gistra
2389 4463 2637 4530 attende,
2667 4468 2724 4518 et
2753 4479 2879 4535 quas
2909 4469 2964 4518 te
2989 4465 3211 4520 Christo
3239 4467 3496 4536 quotidie
3519 4464 3764 4520 atiectibus

530 4559 652 4613 lam
695 4557 764 4611 ad
813 4561 1042 4628 portum
1084 4573 1286 4612 navem
1341 4557 1611 4613 orationis
1659 4557 1980 4629 dirigimus,
2030 4563 2086 4614 et
2187 4559 2444 4628 generat,
2476 4556 2788 4610 chariorem
2825 4573 2936 4628 qua
2957 4562 3092 4612 nata
3120 4573 3178 4611 es
3207 4565 3412 4630 reputa
3431 4553 3762 4614 matremzah

463 4667 691 4706 emenso
720 4649 1002 4704 dictorum
1021 4651 1221 4721 pelago
1249 4651 1308 4704 in
1333 4651 1521 4706 littore
1538 4651 1864 4722 quiescendi
1881 4651 2086 4706 ancho-

461 4761 582 4799 ram
613 4743 896 4814 ponimus,
937 4744 1072 4797 ﬂatu
1107 4747 1298 4799 tamen
1323 4743 1611 4800 charitatis
1641 4749 1757 4800 tua;
1785 4744 1994 4799 iterum
2024 4745 2082 4798 in

461 4838 722 4892 ﬂuctibus
759 4837 1061 4892 verborum
1107 4837 1366 4892 revehor.
1406 4839 1480 4893 Te
1528 4854 1740 4909 quaeso,
1774 4853 1931 4892 soror
1962 4838 2080 4892 Flo-

459 4931 699 5000 rentina,
729 4948 830 5003 per
858 4932 1082 4987 beatam
1108 4945 1336 5002 quoque
1359 4930 1688 4986 Trinitatem
1717 4931 1902 4985 unicte
1941 4931 2081 4985 divi-

457 5023 646 5078 nitatis
661 5026 928 5092 obtestor,
947 5029 1010 5079 ut
1031 5041 1158 5095 qua:
1186 5024 1254 5079 de
1279 5027 1430 5079 terra
1453 5027 1552 5078 tua
1571 5029 1626 5078 et
1652 5024 1721 5078 de
1747 5025 2084 5096 cognatione

459 5122 554 5171 tua
577 5133 706 5172 cum
732 5119 1014 5173 Abraham
1043 5133 1269 5190 egressa
1303 5133 1385 5183 es,
1415 5133 1546 5172 cum
1593 5133 1766 5172 uxore
1801 5117 1943 5172 Loth
1968 5133 2085 5172 non

459 5209 721 5281 respicias
749 5217 897 5266 retro
919 5213 1068 5270 (Gen.
1099 5217 1232 5282 xu);
1259 5227 1332 5267 ne
1359 5210 1621 5266 efﬁciaris
1648 5211 1906 5283 exemplo
1939 5211 2084 5266 malo

457 5304 863 5358 documentum
892 5304 1134 5360 aliarum
1159 5305 1230 5360 ad
1253 5305 1490 5374 bonum,
1517 5309 1573 5360 et
1599 5320 1670 5359 ne
1696 5303 1757 5359 in
1783 5309 1836 5360 te
1863 5304 1988 5359 alite
2007 5305 2085 5359 vi-

456 5398 625 5452 deant
647 5397 798 5468 quod
825 5397 882 5451 in
907 5413 964 5452 se
993 5401 1241 5453 caveant.
1273 5399 1368 5453 Illa
1382 5413 1512 5453 vero
1531 5397 1655 5453 aliis
1681 5397 1825 5452 facta
1848 5401 1930 5452 est
1945 5415 2081 5452 con-

453 5491 774 5546 dimentum
800 5490 1108 5561 sapientiae,
1127 5491 1234 5545 sibi
1253 5507 1386 5546 vero
1415 5491 1782 5546 simulacrum
1809 5490 2081 5556 stultitiae,

455 5583 560 5638 sibi
607 5583 760 5638 enim
811 5583 1005 5638 nocuit
1050 5583 1433 5652 malefactum,
1486 5584 1606 5637 aliis
1643 5584 1859 5654 profuit
1887 5600 2082 5639 exem-

456 5675 620 5744 plum
655 5675 1027 5730 contrarium.
1063 5675 1140 5729 Ne
1179 5679 1234 5728 te
1279 5691 1529 5746 unquam
1568 5677 1771 5730 reverti
1806 5676 1878 5730 ad
1923 5676 2082 5748 geni-

459 5767 568 5822 tale
594 5769 776 5823 soluui
829 5767 1086 5824 sollicitet
1131 5767 1396 5838 cogitatio
1424 5785 1442 5838 ς
1473 5765 1572 5824 ubi
1599 5767 1646 5820 si
1677 5771 1728 5822 te
1759 5770 1906 5826 Deus
1931 5769 2086 5828 habi-

2187 4649 2344 4704 omni
2361 4649 2627 4721 procella,
2645 4651 2713 4705 ab
2735 4650 2890 4704 omni
2907 4651 3196 4706 mundano
3215 4651 3444 4707 turbine
3459 4653 3518 4706 in
3532 4653 3642 4722 ejus
3659 4655 3702 4703 te
3715 4647 3764 4699 si-

2185 4743 2350 4798 nibus
2362 4743 2650 4798 conde.Sit
2663 4742 2766 4797 tibi
2783 4759 2950 4798 suave
2971 4744 3094 4814 ejus
3111 4745 3270 4800 lateri
3285 4745 3596 4800 adhaerere.
3609 4742 3676 4798 Sit
3687 4739 3762 4794 tibi

2184 4837 2344 4891 dulce
2363 4836 2486 4907 ejus
2515 4836 2800 4907 gremium
2817 4837 2938 4906 jam
2969 4841 3264 4907 provectae,
3287 4839 3442 4910 quod
3475 4843 3592 4894 erat
3607 4831 3761 4890 infanti

2185 4929 2587 5002 gratissimum.
2631 4931 2922 4984 Postremo
2963 4929 3354 4986 charissimam
3395 4937 3450 4986 te
3483 4939 3758 5002 germanam

2184 5039 2394 5094 quaeso,
2413 5025 2476 5076 ut
2491 5021 2602 5077 mei
2627 5021 2838 5076 orando
2865 5023 3214 5090 memineris,
3239 5041 3344 5078 nec
3365 5023 3600 5095 junioris
3615 5017 3760 5076 fratris

2185 5115 2378 5171 Isidori
2413 5115 2754 5170 obliviscaris
2786 5133 2799 5169 :
2825 5132 2996 5187 quem
3025 5117 3160 5187 quia
3199 5117 3302 5172 sub
3345 5117 3446 5172 Dei
3473 5113 3760 5178 tuitione,et

2185 5209 2363 5264 tribus
2393 5209 2678 5281 germanis
2715 5209 3104 5280 superstitibus
3147 5213 3412 5282 parentes
3455 5205 3758 5279 reliquerunt

2183 5318 2529 5370 communes,
2545 5300 2680 5368 laeti,
2699 5304 2756 5356 et
2771 5301 2840 5358 de
2857 5302 2906 5373 ej
2915 5319 2980 5356 us
2999 5302 3140 5358 nihil
3151 5303 3525 5358 formidantes
3539 5295 3750 5358 infantia.

2183 5395 2253 5450 ad
2303 5395 2606 5450 Dominum
2639 5399 3051 5450 commearunt.
3089 5397 3266 5460 Quem
3303 5413 3436 5450 cum
3463 5411 3563 5466 ego
3589 5399 3642 5446 ut
3663 5401 3758 5442 vere

2183 5487 2364 5544 ﬁlium
2393 5488 2650 5556 habeam,
2679 5505 2782 5543 nec
2807 5489 3118 5560 temporale
3148 5489 3362 5561 aliquid
3389 5489 3510 5558 ejus
3545 5477 3756 5540 charitah'

2183 5597 2535 5653 prmponam,
2549 5585 2718 5653 atque
2733 5581 2788 5634 in
2807 5582 2930 5652 ejus
2946 5597 3156 5652 pronus
3167 5581 3466 5636 dilectione
3481 5575 3754 5634 recumbam

2183 5677 2343 5730 tanto
2368 5689 2502 5728 eum
2529 5673 2754 5729 charius
2781 5673 2973 5747 dilige,
3005 5677 3272 5747 tantoque
3285 5675 3478 5730 Jesum
3505 5683 3658 5726 exora
3677 5677 3756 5736 pro

2185 5767 2298 5838 illo,
2315 5771 2524 5842 quanto
2543 5767 2690 5824 nosti
2705 5783 2839 5825 eum
2850 5785 2884 5824 a
2895 5767 3224 5844 parentibus
3237 5767 3476 5826 terrenis
3485 5764 3640 5824 fuisse
3653 5757 3758 5816 (ωο-

3905 5389 3907 5467 ι

3896 5787 3901 5891 4
