3996 6188
104 308 204 357 893

1235 302 1512 357 HUMILIA
1553 302 1617 354 IN
1661 301 1926 356 ιΑυυΕΜ
1970 300 2326 365 ECCLESIAS,

3315 361 3319 365 ,
3369 303 3471 358 894

105 417 284 464 ctum.
314 409 513 464 Certus
534 425 662 464 sum
689 409 844 481 quod
868 410 1056 466 tlectat
1080 425 1186 482 pro
1215 408 1374 464 nobis
1399 423 1565 464 aures
1595 409 1741 464 divi-
1766 427 1826 501 Α
1844 423 2074 476 corona,
2102 412 2159 462 et
2183 407 2506 462 exhortanti
2536 406 2790 462 Leandre
2817 405 3179 479 prastabitur
3202 407 3391 475 venia;
3418 414 3476 465 et

108 519 202 558 nas
252 506 352 557 tua
393 502 685 575 virginalis
730 502 932 568 oratio.
976 503 1044 557 Et
1085 501 1131 556 si
1176 505 1405 574 pactum
1434 501 1586 574 quod
1614 517 1745 558 cum
1768 498 1822 501 ἡ
1845 500 1894 556 si
1924 499 2370 576 perseveraveris
2406 515 2586 574 usque
2614 499 2674 556 in
2707 498 2901 571 ﬁnem,
2925 499 3076 556 salva
3100 499 3229 557 eris.
3269 503 3472 558 Amen.

113 595 332 651 Christo
357 595 621 668 pepigisti
650 595 978 663 servaveris,
1005 595 1152 652 bene
1174 595 1365 667 agenti
1389 595 1493 652 tibi
1512 595 1751 652 debetur

112 753 3458 774 Μ

564 851 998 918 BEATORUM
1039 851 1405 931 LEANDRI,
1454 853 1746 922 ISIDOBI
1791 852 1892 918 ET
1933 851 2456 918 FLORENTINE
2498 850 3015 918 EPITAPHIUM.

104 1060 251 1114 Crux
281 1059 404 1114 hac
434 1059 584 1114 alma
615 1060 760 1131 gerit
785 1063 1114 1116 sanctorum
1140 1077 1375 1132 corpora
1407 1062 1670 1132 fratrum,

104 1153 348 1207 Leandri
377 1151 683 1224 lsidorique
712 1153 941 1224 piorum
971 1170 1041 1210 ex
1071 1153 1267 1209 ordine
1297 1159 1508 1210 vatum.

102 1246 291 1300 Tertia
318 1245 636 1300 Florentius
665 1263 826 1300 soror
859 1247 1060 1302 devota
1089 1247 1372 1319 perennis.

103 1339 167 1391 Et
193 1338 382 1408 posita
411 1338 707 1393 amborum
739 1355 971 1395 consors
997 1341 1076 1394 sic
1102 1341 1276 1412 digna
1303 1340 1562 1412 quiescit.

100 1430 349 1484 Isidorus
375 1432 562 1487 medio
589 1432 866 1502 disjungit
892 1431 1150 1487 membra
1176 1433 1440 1488 duorum.
1469 1493 1486 1501 _

103 1524 170 1577 Hi
203 1523 405 1595 quales
429 1523 643 1578 fuerint
669 1523 830 1579 libris
860 1525 1149 1596 inquirito,
1171 1525 1369 1592 lector,

101 1619 168 1672 Et
205 1633 485 1688 cognosce
511 1617 633 1674 illos
658 1618 803 1674 bene
829 1623 1031 1674 cuncta
1057 1619 1226 1674 fuisse
1254 1620 1488 1687 locutos,

1842 1064 2112 1133 Dogmata
2141 1064 2464 1116 sanctorum
2493 1075 2730 1114 cernens
2754 1061 2991 1116 crevisse
3025 1059 3219 1116 ﬁdeles

1841 1156 2072 1210 Eterno
2097 1153 2359 1219 Domino,
2388 1169 2528 1224 quos
2552 1152 2727 1223 impia
2747 1152 2882 1224 jura
2909 1153 3192 1209 tenebant.

1843 1249 2022 1319 thue
2049 1246 2198 1304 viros
2230 1247 2425 1301 credas
2453 1245 2724 1302 sublimes
2751 1245 2939 1302 vivere
2967 1263 3191 1319 semper

1842 1339 2134 1412 Aspiciens
2161 1355 2387 1395 sursum
2415 1339 2592 1410 pictos
2620 1339 2896 1395 contende
2923 1339 3130 1396 videre.

1845 1434 1990 1492 Obiit
2015 1435 2191 1504 felicis
2216 1435 2482 1489 memoria
2517 1433 2759 1488 Leander
2801 1435 3072 1504 episcopus
3115 1433 3202 1490 die
3251 1435 3333 1490 III
3358 1434 3478 1486 ’Κα-

2238 1526 2380 1581 tend.
2404 1527 2654 1588 Martias,
2684 1540 2794 1581 ara
2823 1525 3044 1583 DCXLI.

104 1803 3458 1811 ω

641 1910 1022 1986 SANCTI
1073 1913 1542 1988 LEANDRI
1563 1963 1590 2008 ,
1641 1913 2344 1988 HISPALENSIS
2393 1913 2920 2006 EPISCOPI,

291 2071 1067 2202 HOMILIA
1164 2076 1347 2202 IN
1467 2037 2200 2204 LAUDEM
2305 2074 3274 2232 ECCLESIAE,

456 2261 552 2324 Ob
581 2263 1062 2325 conversionem
1091 2264 1323 2344 gentis,
1347 2270 1499 2346 post
1527 2263 1876 2328 concilium
1918 2271 1982 2326 et
2005 2264 2562 2342 conﬁrmationem
2591 2281 2916 2328 canonum
2947 2263 3144 2329 edita.

1419 2372 1614 2442 (Mansi
1637 2372 1847 2428 Concil.
1875 2373 2124 2445 Collect.)

1923 2497 2371 2511 *ιο*

169 2563 552 2620 Festivitatem
591 2567 737 2622 hanc
775 2569 1032 2624 omnium
1075 2585 1194 2624 esse
1233 2569 1635 2625 solemniorem
1662 2570 1816 2654 fe-B
1840 2570 1938 2625 Dei
1981 2571 2264 2642 paradiso,
2304 2570 2412 2626 hoc
2454 2576 2556 2639 est,
2588 2575 2745 2628 extra
2787 2570 3125 2628 catholicam
3171 2569 3472 2626 Ecclesium

93 2658 438 2728 stivitatem,
495 2660 710 2715 novitas
757 2661 879 2734 ipsa
933 2661 1231 2734 signiﬁcat.
1277 2661 1554 2728 Quoniam
1597 2663 1742 2718 sicut

92 2769 247 2808 nova
286 2757 374 2808 est
412 2753 701 2809 conversio
725 2758 1015 2812 tantarum
1059 2755 1312 2827 plebium
1339 2773 1524 2826 causa,
1555 2760 1612 2812 et
1633 2773 1738 2811 no-

93 2845 300 2901 biliora
347 2851 480 2901 sunt
524 2847 687 2902 solito
733 2849 992 2904 Ecclesia
1041 2849 1249 2922 gaudia
1289 2866 1302 2904 :
1345 2865 1482 2905 nam
1529 2850 1740 2906 multas

92 2939 484 2996 solemnitates
507 2957 613 3011 per
649 2941 782 2996 anni
821 2942 1140 2998 discursum
1185 2941 1433 2999 celebrat
1472 2943 1736 3014 Ecclesia,

93 3035 152 3087 in
184 3033 398 3104 quibus
429 3033 650 3090 tametsi
675 3033 850 3090 habet
893 3036 1094 3108 gaudia
1120 3039 1407 3108 consueta,
1436 3053 1581 3092 nova
1608 3053 1740 3093 vero

91 3126 242 3180 sicut
268 3125 334 3180 in
357 3125 464 3181 hac
482 3142 600 3182 non
627 3126 814 3182 habet.
841 3127 1019 3183 Aliter
1044 3128 1196 3184 enim
1236 3129 1444 3200 gaudet
1476 3130 1546 3186 de
1571 3129 1739 3186 rebus

90 3235 328 3291 semper
352 3219 635 3292 possessis,
660 3221 824 3276 aliter
849 3221 918 3277 de
946 3221 1120 3277 lucris
1161 3223 1385 3295 magnis
1424 3223 1514 3278 his
1552 3241 1740 3296 nuper

93 3313 362 3368 inventis.
387 3315 495 3368 Pro
519 3329 630 3386 qua
654 3330 714 3369 re
744 3317 800 3369 et
828 3331 931 3370 nos
955 3315 1267 3386 majoribus
1304 3317 1525 3389 gaudiis
1550 3317 1734 3373 eleva-

93 3423 248 3474 mur,
277 3406 414 3478 quia
440 3411 672 3480 repente
691 3423 868 3464 novos
893 3409 1196 3464 Ecclesiam
1223 3409 1532 3480 parturisse
1557 3427 1738 3484 popu-

91 3501 176 3554 los
201 3501 536 3570 intuemur;
571 3505 628 3556 et
652 3517 896 3573 quorum
931 3503 1290 3574 asperitatem
1330 3503 1618 3574 quondam
1647 3520 1737 3576 ge-

93 3593 418 3662 mebamus,
447 3594 517 3650 de
563 3611 765 3650 eorum
806 3611 957 3650 nunc
1013 3596 1330 3668 gaudemus
1384 3597 1732 3653 credulitate.

94 3689 243 3758 Ergo
284 3687 523 3744 materia
552 3688 742 3760 gaudii
786 3689 963 3744 nostri
1017 3689 1391 3744 tribulationis
1434 3691 1736 3761 praeterita

93 3781 310 3836 occasio
363 3781 489 3836 fuit.
535 3781 915 3837 Gemebamus
970 3781 1108 3836 dum
1158 3799 1546 3854 gravaremur,
1597 3784 1734 3840 dum

89 3875 570 3946 exprobaremur;
618 3875 716 3930 sed
754 3875 999 3946 gemitus
1030 3875 1109 3931 illi
1156 3875 1214 3930 id
1257 3881 1520 3948 egerunt,
1550 3881 1616 3932 ut
1646 3877 1726 3946 hi,

89 3945 190 4039 qui
237 3984 346 4040 per
391 3945 781 4024 inﬁdelitatem
829 3968 995 4024 nobis
1044 3973 1210 4025 erant
1251 3945 1804 4040 sa‘rcina,vﬁerentC

89 4065 284 4116 nostra
300 4076 406 4133 per
428 4077 590 4116 suam
607 4061 1032 4117 conversionem
1061 4079 1286 4118 corona.
1308 4064 1417 4118 Hoc
1437 4063 1592 4120 enim
1608 4081 1730 4138 gra-

89 4155 324 4210 tulative
371 4155 589 4226 profert
630 4155 690 4210 in
728 4157 965 4211 Psalmis
993 4156 1236 4211 Ecclesia
1261 4155 1454 4212 dicens
1483 4174 1496 4212 :
1525 4160 1591 4213 In
1624 4161 1725 4214 tri-

89 4249 366 4304 bulatione
392 4249 644 4304 dilatasti
669 4265 752 4304 me
780 4249 950 4321 (Psal.
983 4249 1090 4318 1v);
1114 4252 1171 4305 et
1199 4249 1331 4306 Sara
1361 4251 1498 4306 dum
1523 4269 1671 4325 sape
1694 4270 1726 4307 a

87 4342 322 4413 regibus
339 4341 772 4414 concupiscitur,
790 4359 896 4397 nec
924 4343 1202 4398 maculam
1231 4343 1516 4415 pudicitia
1535 4346 1722 4416 sentit,

87 4441 146 4488 et
168 4435 458 4490 Abraham
485 4452 656 4490 causa
691 4435 1131 4508 pulchritudinis
1166 4453 1283 4491 sua
1321 4435 1552 4492 divitem
1592 4438 1727 4494 facit

91 4529 294 4591 (Genes.
329 4529 447 4599 xx);
477 4529 548 4584 ab
579 4528 710 4600 ipsis
739 4529 893 4584 enim
919 4529 1146 4602 regibus
1175 4529 1460 4584 Abraham
1491 4531 1722 4600 ditatur,

87 4640 126 4676 a
151 4622 358 4694 quibus
383 4622 516 4678 Sara
539 4622 974 4694 concupiscitur.
1003 4621 1293 4695 Condigne
1317 4639 1456 4695 ergo
1485 4623 1725 4678 Ecclesia

84 4715 362 4770 catholica
388 4720 605 4787 gentes,
637 4733 778 4788 quas
805 4714 977 4771 simul
1004 4715 1241 4771 senserit
1287 4714 1417 4770 ﬁdei
1463 4732 1580 4771 sua
1621 4716 1720 4771 de-

79 4825 235 4878 core,
267 4809 340 4864 ad
369 4809 455 4864 sui
487 4825 585 4864 eas
611 4808 824 4880 sponsi,
857 4809 963 4864 hoc
987 4812 1090 4878 est,
1119 4808 1329 4865 Christi
1354 4808 1511 4864 lucra
1537 4813 1721 4864 trans-

77 4902 255 4970 ducit,
285 4906 346 4956 et
371 4917 474 4974 per
497 4917 564 4957 ea
595 4918 774 4974 regna
809 4919 977 4958 suum
1017 4903 1202 4956 virum
1244 4901 1474 4958 divitem
1516 4902 1720 4972 reddit,

77 5011 186 5068 per
208 5011 340 5067 qua
365 5011 424 5050 se
456 4994 760 5066 inquietari
795 4994 1168 5067 persenserit;
1197 4995 1276 5049 sic
1306 4994 1462 5050 enim
1491 4995 1628 5050 dum
1653 5012 1723 5052 ex

78 5089 243 5144 initio
270 5088 587 5158 lacessitur,
616 5088 703 5144 vel
727 5088 1096 5144 invidentium
1121 5087 1386 5144 dentibus
1405 5089 1717 5144 mordetur.

78 5182 222 5238 dum
249 5181 552 5254 premitur,
581 5182 864 5252 eruditur;
894 5186 951 5237 et
988 5182 1126 5237 dum
1166 5181 1490 5252 insectatur,
1522 5181 1720 5237 dilata-

83 5281 196 5332 tur.
213 5275 494 5342 Quoniam
509 5275 782 5347 patientia
803 5292 903 5330 sua
922 5276 1276 5331 amulatores
1296 5291 1428 5330 suos
1448 5279 1545 5330 aut
1561 5291 1725 5346 snpe-

77 5376 172 5424 rat
195 5375 299 5424 aut
327 5371 596 5424 lucretur.
628 5368 770 5425 Dicit
805 5369 959 5424 enim
995 5369 1068 5425 ad
1093 5385 1220 5424 eam
1245 5368 1466 5424 divinus
1495 5383 1680 5424 sermo
1713 5385 1726 5423 :

75 5464 272 5518 Multa
307 5463 434 5532 ﬁlia
473 5467 932 5532 congregaverant
959 5463 1204 5524 divitias,
1232 5465 1291 5517 tu
1317 5465 1500 5516 autem
1537 5475 1727 5530 super-

71 5572 266 5625 gressa
303 5571 354 5612 es
396 5558 679 5611 universas
703 5557 876 5624 (Prov.
908 5558 1051 5626 xxm)
1084 5554 1156 5612 .Si
1185 5571 1301 5609 non
1329 5554 1544 5608 mirum
1572 5555 1730 5624 quod

73 5650 330 5705 hareses
362 5648 493 5705 ﬁlia
523 5649 812 5718 dicuntur,
848 5647 946 5704 sed
975 5647 1382 5706 attendendum
1416 5645 1566 5718 quod
1607 5645 1728 5702 loco

73 5743 380 5814 spinarum
420 5745 716 5815 ponuntur
743 5759 756 5796 :
786 5743 916 5798 lilia
946 5747 1098 5810 sunt,
1127 5759 1192 5798 eo
1223 5740 1375 5813 quod
1405 5755 1474 5794 ex
1501 5740 1728 5804 semine

73 5835 401 5893 Christiano
434 5847 817 5908 generantur;
849 5836 1026 5908 spina
1055 5839 1204 5904 sunt,
1237 5852 1304 5890 eo
1344 5833 1494 5906 quod
1531 5831 1668 5888 foris
1695 5853 1728 5890 a

1838 2664 2207 2734 nutriuntur;
2237 2668 2295 2720 et
2331 2665 2439 2736 hoc
2470 2681 2586 2721 non
2624 2666 2842 2722 lectura
2885 2664 3247 2738 [coniectura]
3277 2680 3476 2720 sensus

1840 2757 2038 2828 nostri,
2069 2759 2166 2814 sed
2209 2758 2516 2830 Scriptura
2553 2759 2758 2815 divina
2804 2759 3136 2815 auctoritate
3177 2757 3472 2830 probatur,

1838 2850 2056 2908 dicente
2105 2851 2402 2908 Salomone
2453 2871 2468 2908 :
2520 2854 2672 2911 Sicut
2737 2853 2914 2908 lilium
2963 2855 3104 2908 inter
3149 2854 3358 2922 spinas,
3398 2853 3476 2907 sic

1837 2946 2010 3000 amica
2048 2961 2167 3001 mea
2211 2949 2354 3001 inter
2386 2946 2530 3016 ﬁlias
2573 2946 2750 3017 (Cant.
2789 2947 2884 3018 x1).
2915 2947 3066 3018 Ergo
3090 2961 3163 3001 ne
3189 2959 3470 3016 magnum

1838 3034 1994 3089 vobis
2017 3034 2303 3090 videretur
2330 3035 2484 3108 quod
2510 3035 2756 3091 haereses
2782 3033 2990 3091 direxit
3012 3033 3174 3102 ﬁlias,
3207 3033 3473 3090 continuo

1838 3143 1930 3183 eas
1944 3132 2208 3183 numerat
2227 3128 2523 3200 [nominat]
2545 3145 2664 3184 esse
2685 3127 2905 3201 spinas;
2932 3128 3197 3197 hareses,
3212 3127 3471 3202 inquam,

1836 3225 1936 3277 aut
1960 3221 2018 3276 in
2036 3221 2284 3294 aliquem
2311 3223 2588 3295 angulum
2606 3223 2830 3294 mundi,
2848 3227 2948 3278 aut
2966 3222 3026 3278 in
3045 3238 3220 3278 unam
3241 3224 3471 3295 gentem

1836 3314 2205 3372 inveniuntur
2239 3317 2470 3372 versari.
2521 3316 2769 3373 Ecclesia
2814 3332 2946 3372 vero
2993 3315 3284 3385 catholica,
3331 3315 3475 3372 sicut

1835 3424 1939 3481 per
1962 3412 2147 3464 totum
2171 3410 2450 3466 mundum
2473 3409 2728 3466 tenditur
2747 3409 2845 3476 ita,
2859 3413 2916 3464 et
2934 3410 3192 3464 omnium
3215 3407 3470 3480 gentium

1835 3501 2101 3557 societate
2129 3502 2507 3558 constituitur.
2539 3505 2707 3558 Recte
2733 3518 2870 3574 ergo
2898 3503 3142 3558 hareses
3179 3502 3239 3556 in
3281 3517 3472 3556 caver-

1835 3594 1954 3664 nis,
1996 3595 2201 3668 quibus
2247 3595 2461 3664 latent,
2500 3599 2852 3668 congregant
2894 3612 2964 3652 ex
3006 3599 3166 3668 parte
3205 3595 3468 3650 divitias:

1833 3688 2078 3744 Ecclesia
2117 3693 2308 3745 autem
2351 3689 2631 3744 catholica
2659 3689 2720 3744 in
2745 3689 2974 3761 speculo
3003 3689 3269 3761 [specula]
3295 3687 3470 3744 totius

1833 3781 2032 3836 mundi
2091 3781 2369 3854 locupleta
2427 3783 2856 3855 supergreditur
2917 3781 3188 3838 universi.
3242 3782 3470 3838 Exsulta

1835 3891 1991 3946 ergo,
2031 3878 2090 3930 et
2136 3875 2348 3942 latere,
2393 3876 2636 3932 Ecclesia
2677 3875 2794 3946 Dei,
2846 3876 3048 3948 gaude,
3093 3880 3152 3930 et
3191 3891 3472 3947 consurge

1827 3983 2011 4024 unum
2040 3985 2244 4042 corpus
2269 3969 2495 4038 Christi,
2523 3969 2760 4026 induere
2793 3968 3146 4040 fortitudine,
3191 3973 3248 4025 et
3286 3968 3472 4041 jubila

1826 4062 2228 4132 exsultatione;
2261 4063 2531 4136 quoniam
2551 4063 2635 4119 tui
2653 4079 2922 4120 marores
2942 4063 3003 4118 in
3031 4063 3306 4136 gaudium
3333 4067 3468 4118 sunt

1825 4155 2047 4225 mutati,
2079 4156 2322 4212 tristitia
2347 4150 2609 4214 h'abitum
2635 4158 2694 4214 in
2721 4157 2994 4213 amictum
3012 4157 3223 4212 latitia
3237 4171 3466 4212 versum

1825 4255 1928 4306 est.
1958 4251 2096 4306 Ecce
2121 4255 2352 4323 repente
2371 4251 2544 4308 oblita
2560 4251 2866 4308 sterilitatis
2884 4256 2940 4307 et
2960 4249 3306 4322 paupertatis
3325 4253 3462 4317 tua,

1823 4359 1939 4398 uno
1965 4348 2130 4415 partu
2153 4347 2397 4422 papulas
2431 4345 2762 4400 innumeros
2792 4343 3038 4415 genuisti
3081 4341 3305 4398 Christo
3343 4345 3463 4396 tuo.

1824 4436 1964 4490 Nam
1993 4437 2299 4508 dispendiis
2325 4437 2442 4493 tuis
2467 4437 2710 4509 proﬁcis,
2741 4441 2954 4508 tuoque
2995 4435 3202 4490 damno
3245 4433 3472 4490 subcre-

1823 4529 1928 4584 scis
1960 4547 1973 4584 :
2005 4533 2194 4584 tantus
2221 4530 2466 4603 denique
2492 4535 2578 4585 est
2601 4545 2841 4602 sponsus
2867 4533 3017 4598 tuus,
3038 4528 3200 4600 cuius
3226 4527 3466 4599 imperio

1825 4623 2055 4694 regeris,
2087 4627 2153 4678 ut
2179 4623 2316 4678 dum
2341 4628 2396 4678 te
2425 4623 2678 4696 patiatur
2715 4621 3030 4694 depradari
3057 4621 3129 4676 ad
3155 4621 3462 4692 modicum,

1823 4731 2050 4772 rursum
2092 4717 2345 4787 pradam
2371 4720 2527 4772 tuam
2563 4717 2633 4772 ad
2658 4720 2714 4771 te
2741 4716 2992 4784 reducat,
3023 4720 3080 4771 et
3113 4714 3304 4770 hostes
3333 4718 3463 4770 tuos

1823 4809 1926 4864 tibi
1952 4809 2269 4881 conquirat.
2299 4809 2387 4864 Sic
2412 4813 2608 4866 autem
2633 4809 2898 4882 agricola,
2929 4809 3006 4864 sic
3035 4808 3298 4880 piscator,
3327 4807 3465 4862 dum

1821 4903 1978 4958 lucra
2022 4903 2264 4958 attendit
2300 4904 2514 4972 futura,
2544 4919 2674 4976 qua
2700 4902 2962 4972 seminat,
2991 4905 3048 4957 et
3083 4917 3212 4974 qua
3253 4901 3460 4956 amodo

1822 4995 2130 5064 incesserit,
2171 5013 2286 5052 non
2316 4996 2562 5070 imputat
2589 4997 2816 5052 damna.
2855 4997 2935 5050 Tu
2970 4995 3208 5067 proinde
3241 4993 3364 5066 jam
3393 5011 3468 5052 ne

1821 5088 1972 5158 ﬂeas,
2001 5105 2072 5144 ne
2098 5089 2311 5161 lugeas,
2342 5090 2730 5163 temporaliter
2771 5089 3046 5162 quosdam
3088 5087 3382 5143 recessisse
3430 5105 3464 5143 a

1821 5187 1896 5250 te,
1926 5197 2068 5253 quos
2111 5183 2294 5238 cernis
2337 5200 2468 5238 cum
2512 5183 2736 5255 magnis
2779 5181 2951 5237 lucris
2991 5180 3226 5236 rediisse
3272 5181 3342 5236 ad
3387 5184 3465 5238 te.

1831 5269 2060 5326 Exsulta
2100 5287 2238 5343 ergo
2267 5271 2399 5327 ﬁdei
2426 5270 2788 5339 conﬁdentia,
2820 5273 2876 5325 et
2901 5269 2984 5324 tui
3011 5268 3211 5341 capitis
3247 5270 3468 5340 merito,

1831 5317 2060 5326 -’““’““”“”
2103 5317 2150 5326 ν’
2167 5317 2235 5343 δ”
2270 5317 2399 5327 ⁸⁵“’ν⁶
2428 5317 2788 5339 νν⁹⁶⁶⁸“¹¹““¹⁶“’⁷”“”7
2824 5317 2876 5325 ’⁷
2906 5317 2984 5324 “““’
3015 5317 3209 5341 ν’·ι*““-
3247 5317 3467 5340 -""",

1749 5317 1808 5390 D
1829 5363 1939 5419 ﬁde
1969 5367 2088 5420 esto
2112 5365 2372 5434 robusta;
2402 5364 2542 5420 dum
2567 5379 2696 5436 qua
2724 5361 2926 5418 recolis
2947 5361 3082 5418 olim
3107 5363 3467 5439 repromissa,

1827 5473 1980 5512 nunc
2007 5457 2189 5514 cernis
2221 5457 2394 5513 fuisse
2418 5457 2716 5528 completa.
2743 5455 2838 5512 Ait
2873 5455 3026 5510 enim
3069 5455 3127 5510 in
3171 5454 3471 5527 Evangelio

1827 5551 1948 5623 ipsa
1976 5551 2191 5606 Veritas
2223 5567 2236 5605 ε
2273 5550 2564 5621 Oportebat
2609 5551 2876 5609 Christum
2917 5551 3058 5604 mori
3080 5565 3182 5620 pro
3215 5552 3389 5615 gente.
3419 5549 3471 5601 et

1827 5659 1934 5698 non
1965 5648 2175 5698 tantum
2197 5660 2300 5714 pro
2331 5649 2505 5714 gente,
2539 5643 2635 5698 sed
2657 5648 2718 5698 ut
2755 5644 2896 5712 ﬁlios
2925 5645 3035 5702 Dei,
3078 5643 3175 5710 qui
3199 5643 3354 5694 erant
3377 5639 3466 5692 di-

1823 5740 2012 5809 spersi,
2041 5742 2385 5806 congregaret
2413 5740 2471 5792 in
2497 5753 2665 5792 unum
2695 5737 2869 5806 (Joan.
2901 5736 2992 5804 χι).
3021 5735 3102 5788 Tu
3132 5731 3378 5803 profecto
3405 5730 3463 5784 in

1825 5829 2059 5886 Psalmis
2103 5832 2438 5905 proclamas,
2467 5830 2788 5886 odienlibus
2825 5843 3015 5900 pacem
3043 5825 3233 5882 dicens
3267 5840 3279 5878 :
3315 5826 3465 5894 Mag-
