4054 6186
539 297 642 354 895

1117 299 1169 354 S.
1215 299 1526 366 LE.\NDRI,
1576 299 1828 354 HISPAL.
1873 298 2188 360 EPISCOPI,
2233 297 2506 351 HOMILIA
2549 298 2612 350 IN
2657 297 2922 352 [AUDEM
2961 297 3316 359 ECCLESLE,

3803 294 3904 348 896

539 411 752 478 niﬁcate
774 413 1056 466 Dominum
1088 425 1308 474 mecum,
1338 413 1388 466 et
1421 411 1714 466 exaltemus
1748 425 1938 465 nomen
1965 409 2076 478 ejus
2110 411 2170 492 in
2191 419 2250 493 Α
2268 410 2570 465 novissimis
2593 408 2786 488 diebus
2805 413 3154 480 praeparatus
3180 422 3330 462 mons
3371 406 3558 460 domus
3601 405 3829 460 Domini
3856 405 3912 458 in

538 517 706 557 unum
731 504 892 574 (Psal.
911 504 1115 574 xxxm);
1131 506 1188 558 et
1203 519 1430 558 rursum
1449 520 1462 558 :
1489 506 1556 558 In
1571 505 1927 558 conveniendo
1939 504 2170 574 populos

537 597 596 649 in
621 612 809 658 unum,
831 601 882 651 et
906 613 1090 666 regna,
1121 602 1184 652 ut
1209 599 1452 652 serviant
1480 599 1704 652 Domino
1727 598 1944 667 (Psalm.
1977 599 2069 667 Cl).

611 689 789 752 Quam
816 688 994 742 dulcis
1021 689 1095 744 sit
1121 690 1382 758 charitas,
1407 707 1580 762 quam
1617 689 1957 746 delectabilis
1982 690 2170 745 unitas

540 798 654 836 non
677 781 933 837 nesciens
953 799 1056 853 per
1073 784 1398 856 prophetica
1425 784 1703 851 vaticinia,
1723 800 1825 856 per
1853 784 2172 856 evangelica

543 875 783 944 oracula,
822 891 928 946 per
967 878 1266 947 apostolica
1297 878 1658 946 documenta,
1687 895 1804 932 non
1831 877 1938 932 nisi
1967 893 2172 932 conne-

538 967 765 1023 xionem
797 969 1053 1041 gentium
1077 971 1370 1042 praadicas,
1401 988 1514 1025 non
1541 971 1649 1025 nisi
1679 971 1956 1025 unitatem
1984 987 2168 1042 popu-

540 1061 724 1115 lorum
750 1061 1014 1134 suspiras,
1045 1079 1161 1118 non
1185 1065 1294 1118 nisi
1313 1065 1486 1136 pacis,
1515 1069 1571 1120 et
1589 1063 1878 1118 charitatis
1903 1064 2049 1118 bona
2066 1063 2173 1118 dis-

462 1225 466 1229 »
541 1153 806 1208 seminas.
854 1156 1068 1212 Laetare
1111 1173 1249 1228 ergo
1289 1157 1348 1212 in
1389 1157 1644 1227 Domino,
1677 1173 1744 1212 eo
1771 1157 1926 1229 quod
1949 1173 2067 1212 non
2097 1156 2172 1212 sis

539 1247 792 1303 fraudata
823 1249 1099 1304 desiderio
1136 1255 1275 1320 tuo;
1322 1267 1460 1306 nam
1503 1267 1644 1322 quos
1689 1255 1844 1306 tanto
1891 1255 2169 1322 tempore,

543 1341 758 1411 gemitu
784 1346 944 1412 teste,
979 1349 1034 1398 et
1061 1344 1319 1400 oratione
1356 1344 1623 1400 continua
1657 1344 1980 1416 concepisti,
2021 1355 2174 1399 nunc

541 1439 671 1505 post
708 1436 964 1506 glaciem,
993 1442 1118 1508 post
1159 1437 1428 1508 hiemem,
1457 1441 1586 1510 post
1617 1437 1884 1494 duritiam
1923 1437 2170 1508 frigoris,

539 1530 666 1598 post
685 1529 1077 1584 austeritatem
1093 1531 1257 1599 nivis,
1275 1532 1427 1586 velut
1439 1530 1856 1602 jucunditatem
1876 1545 2145 1602 agrorum
2157 1573 2171 1599 ,

544 1621 791 1692 frugem,
809 1627 865 1678 et
887 1623 1045 1678 laetos
1059 1624 1218 1678 verni
1243 1624 1410 1678 ﬂores
1435 1625 1628 1694 (Forte,
1643 1623 1807 1694 veris,
1827 1627 1927 1678 aut
1949 1627 2172 1694 tempo-

545 1713 621 1767 ris
648 1715 848 1784 verni],
872 1717 958 1770 vel
995 1715 1310 1772 arridentes
1331 1716 1621 1772 vinearum
1655 1715 1940 1788 stipitibus
1965 1715 2174 1788 palmi-

546 1810 648 1874 tes,
691 1811 924 1878 repente
953 1808 1014 1862 in
1046 1808 1252 1880 gaudio
1279 1808 1570 1881 peperisti,
1616 1787 1782 1880 Ergo,
1811 1787 2030 1878 fratres,
2059 1787 2252 1863 totaB

545 1905 817 1960 charitate
842 1905 1018 1961 animi
1047 1907 1391 1962 exsultemus
1426 1906 1488 1961 in
1517 1907 1770 1974 Domino,
1791 1911 1848 1961 et
1865 1906 2178 1977 juhilemus

547 1999 660 2054 Deo
684 1999 920 2054 salutari
946 2004 1157 2056 nostro.
1192 2002 1304 2055 Hoc
1331 2001 1401 2056 de
1430 2003 1634 2055 caetero
1674 2015 1778 2071 per
1814 2016 1881 2054 ea
1907 2015 2035 2070 quae
2057 1999 2182 2069 jam

543 2091 764 2148 sublata
787 2097 938 2160 sunt,
967 2109 1033 2149 ea
1075 2110 1206 2166 quia
1247 2093 1432 2148 adhuc
1459 2095 1860 2164 exspectantur
1887 2091 2180 2164 implenda

544 2201 680 2241 vera
704 2202 824 2241 esse
842 2186 1158 2242 credamus.
1177 2188 1313 2252 Quae
1335 2187 1486 2241 enim
1506 2187 1746 2258 praefata
1765 2189 1917 2256 sunt,
1941 2185 2180 2240 Domino

546 2278 765 2334 dicente
797 2295 811 2334 :
839 2281 996 2335 Alias
1021 2296 1139 2336 oves
1165 2281 1351 2347 habeo,
1382 2297 1504 2350 quae
1531 2297 1642 2334 non
1664 2285 1794 2335 sunt
1818 2296 1884 2336 ea:
1909 2280 2003 2334 hoc
2028 2281 2178 2343 ovili,

543 2374 592 2426 et
619 2373 748 2426 illas
773 2377 980 2442 oportet
1005 2390 1088 2428 me
1120 2371 1213 2444 [ad
1230 2373 1330 2445 me]
1365 2373 1652 2440 adducere,
1673 2379 1734 2428 ut
1757 2375 1829 2429 sit
1852 2387 1992 2428 unus
2025 2389 2178 2442 grex,

542 2469 595 2519 et
605 2480 743 2520 unus
749 2471 942 2536 pastor
959 2457 1134 2536 (Joan.
1157 2465 1230 2539 x),
1253 2483 1380 2522 ecce
1401 2471 1736 2522 contuemur
1748 2466 1922 2522 fuisse
1938 2467 2183 2538 comple-

542 2562 618 2612 ta.
648 2559 754 2613 Pro
773 2575 885 2630 qua
912 2577 974 2614 re
999 2576 1114 2614 non
1141 2560 1462 2616 dubitemus
1487 2564 1671 2616 totum
1699 2559 1982 2616 mundum
2015 2576 2182 2631 posse

543 2651 604 2706 in
629 2651 851 2706 Christo
875 2653 1126 2723 credere,
1155 2657 1327 2726 atque
1354 2653 1424 2708 ad
1449 2670 1625 2708 unam
1651 2654 1944 2709 ecclesiam
1970 2669 2178 2708 conve-

544 2745 688 2800 nire.
718 2746 995 2810 Quoniam
1032 2763 1226 2801 rursus
1253 2746 1377 2818 ipso
1417 2746 1749 2802 testiﬁcante
1787 2746 2087 2802 didicimus
2117 2745 2180 2800 in

543 2839 848 2910 Evangelio
875 2856 888 2894 :
920 2843 991 2896 Et
1013 2841 1408 2910 medicabitur
1433 2839 1660 2912 (inquit)
1691 2842 1784 2894 hoc
1823 2841 2183 2908 Evangelium

545 2933 702 3002 regni
731 2935 789 2986 in
812 2936 1062 2988 universo
1087 2935 1230 2996 orbe,
1264 2935 1321 2987 in
1361 2935 1720 2988 testimonium
1762 2933 2006 2987 omnibus
2054 2948 2184 3002 gen-

553 3025 726 3090 tibus;
778 3029 828 3080 et
873 3031 998 3079 tunc
1039 3025 1263 3096 (inquit)
1301 3029 1475 3080 veniet
1527 3027 1909 3081 consummatio
1967 3026 2180 3095 (Matth.

2268 504 2461 557 vertice
2485 504 2768 564 montium,
2793 506 2844 557 et
2869 501 3163 558 elevabitur
3185 516 3346 571 super
3367 500 3548 562 colles,
3569 503 3621 554 et
3649 500 3821 567 ﬂuent
3839 497 3919 553 ad

2270 611 2388 649 eum
2413 611 2590 650 omnes
2613 599 2814 662 gentes,
2843 599 2893 650 et
2918 595 3072 649 ibunt
3082 595 3275 664 populi
3293 593 3471 655 multi,
3487 597 3536 647 et
3560 592 3776 647 dicent:
3807 593 3913 647 Ve-

2269 691 2380 742 nite
2413 689 2768 743 ascendamus
2804 688 2880 742 ad
2918 693 3146 742 montem
3191 689 3424 748 Domini,
3469 690 3520 741 et
3569 685 3646 739 ad
3694 685 3918 740 domum

2270 783 2367 836 Dei
2407 781 2570 836 Jacob
2613 782 2816 851 (Ibid).
2859 781 3014 836 Mons
3038 780 3192 835 enim
3216 779 3468 835 Christus
3493 785 3598 845 est,
3626 782 3686 832 et
3711 778 3912 832 domus

2271 873 2370 929 Dei
2393 873 2580 941 Jacob,
2621 891 2736 928 una
2781 873 3021 928 Ecclesia
3063 879 3148 928 est
3184 873 3324 944 ejus,
3353 872 3424 927 ad
3452 888 3650 944 quam,
3681 877 3739 926 et
3765 887 3902 942 gen-

2271 967 2416 1022 tium
2445 983 2801 1034 concursum,
2823 972 2880 1022 et
2899 961 3252 1039 populorum
3268 965 3596 1036 pronuntiat
3621 963 3904 1020 conﬁnem

2271 1069 2644 1133 conventum;
2673 1065 2744 1118 de
2771 1080 2882 1135 qua
2912 1080 3139 1140 rursum
3189 1063 3246 1117 in
3287 1063 3396 1118 alio
3431 1063 3554 1118 loco
3600 1050 3744 1117 dicit
3780 1079 3904 1133 pro-

2272 1158 2442 1228 pheta
2473 1173 2486 1211 :
2517 1159 2706 1226 Surge,
2733 1158 3044 1212 illuminare
3071 1158 3387 1219 Jerusalem,
3413 1159 3543 1226 quia
3569 1159 3721 1210 venit
3741 1156 3912 1209 lumen

2274 1255 2445 1314 tuum,
2475 1255 2526 1306 et
2557 1252 2733 1320 gloria
2772 1252 2992 1306 Domini
3033 1265 3195 1320 super
3219 1255 3270 1304 te
3302 1255 3418 1304 orta
3446 1253 3554 1315 est;
3581 1254 3629 1303 et
3663 1249 3908 1302 ambula-

2275 1349 2408 1403 bunt
2433 1348 2549 1420 (ait)
2569 1353 2749 1416 gentes
2776 1351 2834 1402 in
2863 1349 3062 1402 lumine
3092 1351 3203 1410 tuo,
3249 1351 3300 1402 et
3339 1362 3487 1415 reges
3535 1349 3592 1400 in
3627 1346 3910 1416 splendore

2275 1451 2423 1500 ortus
2455 1448 2555 1500 tui.
2582 1447 2725 1500 Leva
2749 1449 2807 1500 in
2833 1448 3120 1501 circuitum
3145 1445 3324 1500 oculos
3351 1449 3488 1508 tuos,
3519 1450 3571 1499 et
3599 1445 3727 1498 vide
3758 1463 3775 1496 :
3803 1459 3912 1498 om-

2275 1559 2366 1600 nes
2392 1547 2489 1598 isti
2505 1547 2816 1613 congregati
2830 1549 2978 1614 sunt,
3000 1549 3052 1599 et
3070 1549 3328 1599 venerunt
3355 1544 3487 1606 tibi;
3505 1549 3558 1597 et
3574 1519 3914 1613 aedificabant

2277 1643 2498 1714 (inquit)
2523 1643 2630 1712 ﬁlii
2648 1645 3058 1712 peregrinorum
3085 1657 3265 1697 muros
3295 1647 3431 1704 tuos,
3467 1645 3519 1696 et
3545 1656 3700 1709 reges
3739 1657 3914 1695 eorum

2274 1741 2662 1795 ministrabant
2687 1741 2788 1794 tibi
2817 1743 2963 1800 (Isai.
3005 1739 3111 1808 ιχ).
3147 1740 3274 1807 Qui,
3319 1745 3384 1793 ut
3428 1743 3754 1794 notesceret
3795 1755 3918 1809 qua:

2276 1841 2510 1892 ventura
2541 1843 2726 1892 essent
2753 1837 2934 1908 genti,
2969 1839 3056 1892 vel
3093 1838 3322 1908 populo,
3351 1853 3480 1908 quae
3509 1837 3581 1890 ab
3619 1837 3792 1890 unius
3818 1837 3912 1890 Ec-

2277 1935 2459 1990 clesia:
2479 1935 2878 1990 communione
2899 1935 3231 1991 recidissent
3253 1936 3385 2005 (sic),
3401 1939 3630 1989 secutus
3659 1940 3776 1989 est:
3798 1951 3916 2004 gens

2279 2036 2439 2097 enim,
2472 2039 2524 2088 et
2547 2049 2791 2102 regnum,
2821 2034 2966 2104 quod
2993 2049 3103 2088 non
3124 2035 3372 2088 servierit
3397 2033 3517 2094 tibi,
3540 2034 3752 2103 peribit
3775 2034 3912 2102 (lsai.

2281 2132 2386 2202 Lv).
2419 2131 2539 2186 Alio
2567 2131 2813 2203 denique
2846 2131 2973 2186 loco
3011 2130 3267 2186 similiter
3307 2131 3386 2184 ait
3441 2147 3454 2184 :
3507 2132 3643 2184 Ecce
3689 2135 3908 2200 gentem,

2281 2246 2446 2300 quam
2481 2230 2751 2285 nesciebas
2777 2229 3026 2294 vocabis;
3055 2234 3106 2284 et
3129 2231 3332 2296 gentes,
3371 2243 3491 2298 qua
3525 2243 3636 2282 non
3673 2243 3911 2295 cognove-

2280 2332 2412 2383 runt
2437 2333 2505 2391 te,
2534 2327 2610 2382 ad
2629 2331 2678 2382 te
2703 2332 2938 2382 current.
2968 2327 3120 2382 Unus
3143 2326 3296 2381 enim
3321 2331 3406 2380 est
3429 2325 3689 2381 Christus
3731 2326 3912 2380 Domi-

2281 2443 2408 2494 nus,
2431 2425 2594 2496 cujus
2607 2427 2691 2480 est
2700 2441 2817 2479 una
2835 2440 2938 2496 per
2952 2429 3134 2480 totum
3153 2424 3433 2479 mundum
3451 2424 3722 2488 Ecclesia,
3739 2429 3916 2477 sancta

2283 2523 2595 2598 possessio;
2625 2521 2720 2576 ille
2744 2521 2924 2593 igitur
2949 2527 3136 2593 caput,
3165 2527 3223 2577 et
3247 2523 3354 2576 ista
3382 2538 3608 2592 corpus,
3631 2521 3706 2575 de
3727 2521 3916 2592 quibus

2283 2624 2342 2678 in
2371 2622 2650 2696 principio
2675 2619 2907 2676 Genesis
2931 2619 3136 2674 dicitur
3151 2599 3177 2674 ἐ
3207 2622 3384 2674 Erunt
3408 2620 3518 2674 duo
3549 2623 3611 2674 in
3633 2635 3802 2674 carne
3823 2634 3919 2674 una

2287 2717 2492 2786 (Genes.
2521 2719 2578 2786 ιι)
2604 2733 2622 2784 ;
2655 2713 2804 2787 quod
2830 2713 3118 2785 apostolus
3143 2712 3201 2767 in
3231 2712 3451 2768 Christo
3480 2712 3761 2784 intelligit
3795 2719 3851 2766 et
3870 2712 3920 2766 in

2284 2810 2545 2865 Ecclesia.
2579 2809 2723 2864 Dum
2750 2823 2890 2880 ergo
2917 2823 2985 2862 ex
3013 2806 3280 2861 omnibus
3310 2805 3574 2877 gentibus
3610 2821 3798 2860 unam
3819 2806 3928 2860 vult

2283 2903 2536 2958 Christus
2560 2903 2767 2957 habere
2801 2901 3121 2968 Ecclesiam,
3161 2900 3486 2970 quicunque
3514 2904 3834 2954 extraneas
3857 2905 3930 2953 est

2283 2997 2353 3051 ab
2381 3013 2464 3066 ea,
2497 2995 2628 3050 licet
2653 2995 2860 3050 Christi
2897 2993 3130 3049 nomine
3177 2998 3556 3063 nuncupatur,
3601 2992 3822 3047 Christi
3855 2999 3928 3045 ta-

551 3085 718 3183 xxrv);
747 3113 804 3168 Si
830 3130 968 3184 ergo
992 3085 1262 3169 remansit
1289 3131 1417 3184 pars
1443 3115 1634 3184 aliqua
1671 3114 1891 3183 mundi,
1919 3085 2005 3169 vel
2047 3130 2184 3185 gens
2207 3159 2257 3185 η
2287 3107 2421 3144 me“
2469 3091 2718 3185 c(’I‘Ptn'is
2771 3103 3052 3158 compage
3074 3085 3584 3185 ⁸ῐὶοῐξ-(ὲίξξιῐὶΙΙξε-ῑιιξο
3631 3087 3930 3185 (Ephesv).

553 3205 809 3273 barbara,
837 3223 1012 3278 quam
1038 3207 1178 3262 ﬁdes
1199 3223 1314 3262 non
1335 3207 1658 3262 iradiaverit
1681 3207 1908 3276 Christi,
1937 3208 2185 3278 profecto

553 3299 916 3366 credituram,
943 3305 1115 3371 atque
1142 3300 1201 3354 in
1227 3316 1400 3355 unam
1421 3301 1723 3356 Ecclesiam
1749 3316 1866 3355 esse
1891 3305 2187 3356 venturam

553 3393 711 3448 nullo
729 3394 900 3448 modo
926 3393 1272 3464 dubitemus,
1303 3393 1348 3448 si
1374 3409 1439 3448 ea
1457 3410 1587 3466 quin
1607 3393 1880 3449 Dominus
1899 3393 2040 3450 dixit
2057 3409 2189 3449 vera

553 3500 670 3541 esse
697 3489 985 3558 putamus.
1015 3488 1180 3558 Ergo,
1211 3487 1433 3556 fratres,
1464 3487 1714 3559 reposita
1739 3491 1824 3542 est
1863 3487 1984 3542 loco
2026 3487 2186 3542 mali-

553 3579 782 3651 gnitatis
807 3579 1045 3650 bonitas,
1067 3585 1126 3637 et
1161 3581 1340 3635 errori
1377 3580 1622 3636 occurrit
1661 3581 1910 3636 veritas:
1950 3585 2014 3636 ut
2057 3581 2190 3653 quia

551 3677 814 3748 superbia
836 3679 1162 3750 linguarum
1185 3678 1503 3734 diversitate
1533 3678 1602 3733 ab
1625 3679 1839 3734 unione
1871 3683 2066 3749 gentes
2098 3694 2188 3734 se-

553 3774 865 3840 paraverat,
895 3787 986 3826 eas
1034 3788 1226 3826 rursus
1269 3771 1486 3842 gremio
1525 3771 1858 3843 germinatis
1901 3771 2192 3842 colligeret

557 3866 797 3922 Charitas
817 3885 830 3934 ;
849 3871 907 3922 et
923 3867 1406 3938 quemadmodum
1423 3885 1573 3924 unus
1597 3885 1882 3940 possessor
1909 3874 1993 3924 est
2020 3869 2190 3924 totius

555 3959 756 4014 mundi
805 3960 1096 4027 Dominus,
1146 3961 1222 4016 ita
1269 3965 1331 4016 ut
1377 3961 1492 4032 (ita,
1538 3961 1612 4034 et]
1662 3962 2026 4033 possessionis
2069 3962 2190 4032 ejus

559 4057 702 4108 esset
725 4068 908 4107 unum
939 4070 1055 4122 cor,
1079 4058 1136 4109 et
1177 4053 1404 4108 animus
1431 4070 1578 4109 unus
1611 4071 1624 4108 :
1661 4058 1784 4110 Pete
1817 4072 1852 4110 a
1890 4071 1972 4110 me
2005 4055 2116 4126 (ait)
2143 4061 2194 4110 et

557 4146 696 4201 dabo
735 4147 838 4201 tibi
875 4151 1054 4216 gentes
1099 4147 1470 4202 hereditatem
1511 4151 1680 4216 tuam,
1727 4153 1778 4203 et
1812 4151 2194 4219 possessionem

555 4245 706 4296 tuam
729 4243 978 4297 terminos
1005 4246 1161 4297 terrae
1195 4240 1414 4312 (Psalm.
1441 4241 1536 4310 u);
1563 4245 1861 4313 propterea
1888 4244 1944 4296 et
1974 4258 2038 4296 ex
2075 4258 2193 4296 uno

555 4333 788 4390 homine
818 4340 1193 4408 propagatum
1233 4339 1318 4390 est
1353 4334 1861 4400 omnehominum
1901 4350 2100 4406 genus,
2128 4337 2194 4389 ut

555 4432 654 4504 qui
675 4449 745 4486 ex
765 4448 880 4486 uno
899 4432 996 4488 illo
1013 4433 1387 4504 procederent
1406 4447 1590 4486 unum
1605 4437 1892 4504 saperent,
1913 4432 2192 4487 unitatem

2205 3159 2259 3233 Ο
2286 3185 2522 3238 Hmresis
2541 3182 2716 3252 enim,
2741 3198 2869 3253 quae
2901 3180 3114 3252 respuit
3138 3179 3430 3234 catholicae
3451 3178 3724 3234 Ecclesiae
3749 3179 3931 3232 unita-

2285 3287 2422 3347 tem,
2465 3297 2532 3335 eo
2573 3281 2726 3352 quod
2769 3279 3084 3334 adulterino
3128 3295 3322 3333 amore
3363 3277 3564 3350 diligat
3611 3277 3930 3344 Christum,

2285 3395 2402 3434 non
2430 3378 2641 3449 uxoris,
2668 3377 2766 3434 sed
2791 3377 3122 3433 concubinas
3159 3375 3374 3430 obtinet
3413 3376 3628 3431 locum.
3656 3376 3934 3440 Quoniam

2287 3493 2486 3532 revera
2509 3477 2648 3532 duos
2673 3475 2807 3531 dicit
2831 3474 3118 3546 Scriptura
3145 3489 3268 3530 esse
3307 3473 3367 3528 in
3401 3489 3572 3528 carne
3601 3489 3722 3528 una
3746 3491 3765 3541 ;
3791 3473 3935 3528 vide.

2289 3576 2420 3630 licet
2458 3575 2744 3630 Christum
2783 3577 2840 3628 et
2881 3572 3204 3641 ecclesiam,
3251 3587 3368 3643 quo
3417 3573 3613 3626 locum
3661 3571 3934 3626 meretrix

2289 3673 2511 3728 nullum
2549 3671 2764 3728 invenit
2793 3671 3047 3728 tertimn.
3083 3671 3202 3726 Una
3238 3674 3318 3724 est
3357 3671 3500 3724 enim
3529 3668 3631 3737 (ait
3653 3669 3934 3737 Christus)

2289 3773 2466 3827 amica
2511 3786 2651 3833 mea,
2689 3785 2800 3824 una
2841 3775 2918 3825 est
2959 3783 3157 3840 sponsa
3197 3784 3338 3830 mea;
3379 3783 3491 3824 una
3532 3774 3614 3823 est
3655 3771 3934 3835 genitricis

2288 3884 2399 3924 sua
2423 3870 2542 3938 ﬁlia
2567 3867 2745 3939 (Cant.
2777 3867 2872 3937 γι).
2901 3867 2982 3922 De
3006 3883 3119 3939 quo
3146 3865 3284 3921 item
3303 3865 3502 3920 eadem
3530 3865 3786 3920 Ecclesia
3810 3882 3928 3936 pro-

2291 3965 2516 4020 nuntiat
2539 3965 2768 4020 dicens?
2790 3967 2902 4035 Ego
2930 3966 3120 4020 dilecto
3147 3980 3288 4030 meo;
3317 3968 3365 4019 et
3385 3964 3615 4019 dilectus
3630 3980 3785 4019 meus
3804 3965 3934 4018 mihi

2293 4065 2469 4134 (Cant.
2488 4063 2606 4134 v11).
2627 4064 2896 4128 Quaerant
2920 4079 3071 4118 nunc
3094 4064 3355 4132 haereses,
3377 4079 3411 4116 a
3427 4079 3541 4134 quo
3556 4066 3929 4134 constupren—

2291 4166 2387 4216 tur
2395 4161 2480 4216 vel
2491 4161 2650 4232 cujus
2661 4161 2774 4215 sint
2787 4161 3168 4232 prostibulum
3182 4159 3642 4232 factaszquoniam
3659 4159 3732 4213 ab
3745 4160 3934 4214 imma-

2294 4259 2475 4314 culato
2487 4263 2614 4313 toro
2629 4263 2982 4314 recesserunt
2993 4257 3201 4313 Christi
3207 4275 3262 4327 ;a
3275 4273 3387 4329 quo
3401 4260 3618 4329 quanto
3629 4257 3929 4328 pretiosam

2294 4371 2413 4411 esse
2423 4357 2682 4410 novimus
2693 4354 2956 4426 copulam
2968 4355 3276 4424 charitatis,
3295 4359 3448 4409 tanto
3469 4355 3649 4408 Deum
3671 4354 3784 4409 hac
3803 4355 3932 4408 cele-

2293 4455 2497 4510 britate
2526 4454 2826 4510 laudemus
2855 4471 2868 4508 :
2899 4455 3054 4526 quod
3085 4459 3302 4526 gentes,
3328 4470 3432 4524 pro
3463 4453 3674 4524 quibus
3703 4453 3927 4525 sanguis

554 4532 873 4625 (Ῑίξξθτένθιξῖ
897 4530 954 4580 et
978 4526 1300 4625 ἀίῙίξθΓθῙξίο
1329 4527 1476 4625 Οτάξ)
1526 4527 1969 4625 θῙἨΟ-ΠξίίυτδῙίε
2011 4543 2188 4599 θΧΡΟ·
2210 4533 2270 4604 D
2292 4554 2446 4609 fusus
2474 4553 2760 4625 Unigeniti
2783 4554 2892 4621 sui,
2920 4569 3035 4607 non
3061 4568 3257 4624 passus
3283 4557 3368 4607 est
3397 4557 3554 4606 extra
3581 4569 3766 4606 unum
3792 4552 3929 4607 ovile

557 4617 660 4672 scit
671 4623 734 4673 ut
749 4619 849 4690 qui
870 4637 941 4674 ex
961 4637 1075 4674 uno
1096 4620 1328 4674 homine
1349 4621 1586 4676 trahunt
1604 4619 1908 4690 originem,
1933 4625 2192 4676 mutuam

557 4714 786 4766 teneant
819 4711 1182 4767 charitatem:
1213 4730 1317 4768 nec
1343 4713 1676 4770 dissentiant
1715 4729 1749 4767 a
1776 4713 1910 4768 ﬁdei
1936 4714 2190 4783 veritate,

555 4803 652 4876 qui
693 4821 807 4860 non
835 4805 1241 4877 disjunguntur
1280 4807 1524 4861 naturali
1569 4805 1900 4878 propagine.
1947 4807 2195 4861 Hmreses

471 4926 491 4939 ε
556 4913 710 4968 vero,
741 4902 799 4954 et
827 4897 1124 4954 divisiones
1161 4915 1192 4954 e
1232 4899 1388 4954 fonte
1425 4903 1657 4954 manant
1694 4898 1994 4967 vitiorum;
2036 4899 2192 4954 unde

555 4991 808 5063 quisquis
829 4993 899 5047 ad
921 4992 1215 5048 lenitatem
1253 4991 1422 5062 venit,
1451 5009 1520 5048 ex
1549 4992 1682 5047 vitio
1708 4991 1776 5046 ad
1807 4995 2070 5047 naturam
2096 5009 2193 5046 re-

561 5083 644 5137 dit
670 5100 684 5137 :
713 5085 844 5155 quia
869 5086 1012 5140 sicut
1035 5090 1253 5142 naturae
1281 5092 1366 5140 est
1391 5085 1512 5140 ﬁeri
1545 5101 1614 5140 ex
1644 5085 1899 5156 pluribus
1916 5085 2194 5140 unitatem

562 5174 757 5244 [Forte,
797 5178 865 5232 ad
904 5179 1220 5250 unitatem],
1264 5179 1342 5234 sic
1387 5183 1474 5234 est
1513 5178 1654 5247 vitii,
1696 5177 2064 5233 fraternitatis
2093 5178 2193 5234 de-

563 5267 770 5322 clinare
821 5269 1197 5328 dulcedinem.
1244 5273 1548 5346 Erigamur
1574 5287 1712 5344 ergo
1737 5275 1854 5326 tota
1897 5275 2108 5338 mente,
2136 5271 2194 5326 in

563 5359 800 5431 gaudio;
832 5367 894 5416 ut
922 5363 1054 5433 quia
1079 5370 1274 5435 gentes
1309 5366 1496 5422 studio
1529 5363 1853 5422 decertandi
1887 5364 2196 5435 perierant,

563 5451 789 5508 sibimet
813 5453 874 5508 in
899 5455 1206 5511 amicitiam
1242 5458 1494 5514 Christus
1522 5475 1698 5514 unam
1724 5456 2028 5513 Ecclesiam
2062 5473 2196 5529 pro-

561 5550 806 5616 curaret,
838 5546 896 5601 in
923 5562 1038 5618 qua
1063 5563 1156 5602 eas
1181 5565 1374 5605 rursus
1415 5551 1710 5608 reduceret
1737 5549 2036 5606 concordia
2060 5551 2197 5605 cha-

561 5639 760 5697 ritatis.
783 5641 856 5696 De
878 5640 982 5696 hac
1001 5641 1256 5714 profecto
1276 5643 1515 5698 Ecclesia
1537 5645 1876 5700 vaticinatur
1895 5643 2196 5716 pr0pheta,

563 5733 785 5789 dicens:
817 5738 1010 5790 Domus
1058 5751 1176 5790 mea
1222 5737 1412 5790 domus
1455 5738 1713 5791 orationis
1762 5739 2037 5792 vocabitur
2083 5752 2197 5792 om-

562 5825 720 5882 nibus
768 5823 1014 5896 gentibus
1056 5829 1182 5901 (Isa.
1215 5836 1272 5902 u)
1291 5845 1310 5902 ς
1347 5833 1403 5886 et
1442 5829 1653 5884 iterum
1684 5843 1697 5884 :
1728 5831 1849 5885 Erit
1890 5829 2110 5903 (inquit)
2142 5831 2200 5886 in

2291 4653 2500 4707 diaboli
2526 4651 2790 4707 dentibus
2833 4649 3107 4705 devorari.
3136 4650 3349 4720 Lugeat
3388 4649 3568 4720 igitur
3610 4655 3932 4704 veternosus

2295 4751 2484 4822 praedo
2511 4766 2669 4804 suam
2700 4748 2952 4820 prmdam
2979 4746 3250 4814 amisisse,
3281 4745 3418 4817 quia
3445 4745 3750 4816 impletum
3783 4746 3932 4800 vide-

2296 4864 2424 4902 mus
2481 4847 2632 4918 quod
2684 4847 2959 4918 propheta
3001 4843 3338 4898 vaticinante
3405 4842 3726 4898 audivimus
3784 4844 3930 4914 (lsai.

2297 4946 2435 5017 xux)
2477 4964 2494 5000 :
2534 4945 2802 5016 Equidem
2835 4942 3058 5014 (inquit)
3086 4943 3195 4996 haec
3239 4943 3530 5012 captivitas
3582 4957 3620 4994 a
3654 4942 3798 5008 forti
3833 4940 3932 4995 tol-

2297 5046 2429 5099 litur
2458 5042 2738 5116 [tolletur],
2771 5046 2822 5098 et
2849 5041 2992 5112 quod
3017 5041 3263 5096 ablatum
3285 5043 3471 5109 fuerat
3503 5056 3538 5093 a
3562 5039 3798 5101 robusto,
3826 5040 3933 5093 sal-

2297 5147 2462 5198 vatur
2497 5138 2835 5214 (salvabitur)
2863 5156 2876 5206 ;
2904 5138 3179 5210 parietem
3225 5137 3382 5192 enim
3421 5136 3740 5206 discordiae,
3769 5152 3936 5208 quem

2293 5240 2665 5296 fabricaverat
2687 5237 2966 5304 diabolus,
2995 5253 3105 5308 pax
3131 5235 3337 5291 Christi
3377 5233 3655 5290 destruxit
3705 5251 3719 5288 :
3754 5239 3810 5290 et
3838 5234 3937 5288 do-

2295 5357 2444 5410 mus,
2463 5355 2591 5411 quae
2620 5337 2890 5394 divisione
2909 5336 2968 5392 in
2991 5337 3250 5390 mutuam
3276 5333 3531 5389 certabat
3564 5333 3802 5402 caedem,
3829 5349 3938 5388 uno

2290 5440 2412 5510 jam
2456 5437 2679 5494 Christo
2717 5435 2904 5508 lapide
2945 5432 3202 5506 angulari
3255 5432 3646 5504 conjungitur.
3677 5432 3940 5486 Dicamus

2298 5549 2436 5605 ergo
2464 5546 2658 5587 omnes
2688 5545 2702 5584 :
2733 5529 2921 5585 Gloria
2955 5529 3014 5582 in
3050 5528 3266 5582 excelsis
3291 5527 3418 5588 Deo,
3447 5529 3499 5579 et
3539 5527 3601 5580 in
3649 5529 3801 5580 terra
3831 5540 3941 5597 pa:

2299 5631 2600 5686 hominibus
2657 5628 2801 5682 bona
2855 5625 3152 5681 voluntatis
3200 5623 3348 5694 (Luc.
3378 5624 3458 5692 ιι).
3505 5622 3738 5678 Nullum
3793 5623 3937 5678 enim

2299 5728 2603 5800 praemium
2629 5723 2892 5782 charitati
2918 5727 3334 5794 compensatur.
3364 5720 3501 5776 Inde
3533 5722 3696 5776 omni
3739 5720 3938 5793 gaudio

2298 5825 2676 5900 praeponitur,
2709 5823 2842 5898 quia
2866 5825 2925 5880 et
2950 5819 3192 5879 charitas
3229 5816 3379 5877 facta
3399 5823 3503 5891 est,
3523 5835 3658 5892 qua:
3690 5821 3938 5878 omnium
