4054 6186
198 275 306 332 897
1261 273 1579 332 ΑΝἸὈΝΙΝΙ
1617 275 1799 331 PLACI

1957 275 2014 331 Nl
2051 275 2510 333 ITINERARIUM.
3455 285 3558 344 898

195 381 470 437 virtutem
512 379 737 436 obtinet
771 381 1178 454 principatum.
1227 382 1502 454 Superest
1538 386 1734 440 autem
1774 387 1836 438 ut
1855 397 1914 469 Α
1933 383 2051 453 stis,
2083 385 2264 440 Deum
2291 384 2556 457 precibus
2584 385 2888 455 adeamus;
2915 389 2981 442 ut
3007 405 3275 461 regnum,
3304 395 3364 447 et
3390 408 3552 465 gens,

203 475 559 530 unanimiter
593 491 776 531 unum
811 493 1013 532 omnes
1047 493 1296 548 regnum
1337 477 1544 546 effecti,
1577 481 1696 532 tam
1727 495 1833 550 pro
1933 495 2062 550 quae
2089 479 2374 534 Christum
2413 479 2751 550 gloriﬁcavit
2794 481 2853 536 in
2891 483 3079 552 terris,
3109 485 3460 556 glorificetur
3487 489 3558 543 ab

202 569 510 624 stabilitate
540 570 706 641 regni
737 571 973 637 terreni,
996 587 1170 643 quam
1193 570 1460 626 felicitate
1484 572 1652 643 regni
1677 573 1835 628 coele-
1931 571 2028 626 illo
2060 589 2177 628 non
2209 573 2393 628 solum
2421 573 2482 626 in
2511 567 2698 642 terris,
2731 575 2832 630 sed
2865 575 3041 632 etiam
3068 577 3129 632 in
3160 580 3329 636 caelis.
3356 584 3558 636 Amen.

208 736 3551 778 ὥ

633 922 1599 1044 Αυατοιιεε
1721 924 2472 1045 INGERTI
2597 929 3123 1050 ANNI.

752 1321 1708 1547 ANTONINUS
1802 1312 3037 1550 PLACEN’I‘INUS.

1498 1822 1815 1878 ΑΝΤΟΝΙΝΙ
1855 1821 2256 1879 PLACENTINI

1309 1954 2463 2067 ITINERARIUM.

1547 2125 1800 2188 (Bolland.
1830 2125 1949 2178 Maii
1971 2130 2100 2178 tom.
2130 2127 2214 2190 Il.)

1561 2383 1568 2396 ’
1586 2383 2178 2458 PROLOGUS.

266 2641 629 2696 Tornacense
653 2658 764 2698 ms.
795 2642 1024 2698 titulum
1055 2644 1207 2698 hunc
1237 2645 1472 2716 praefert
1502 2663 1514 2700 :
1543 2649 1620 2702 De
1641 2648 1766 2702 locis
1786 2649 1990 2703 sanctis
2009 2646 2546 2719 quw‘perambulavit
2565 2649 2747 2705 beatus
2774 2649 3082 2706 Antoninus
3105 2655 3335 2722 martyr.
3357 2652 3561 2709 Biblio-

188 2731 382 2786 theca:
415 2734 607 2786 autem
625 2732 911 2788 Vaticana:
935 2732 1123 2789 Codex
1163 2734 1266 2789 sub
1293 2751 1536 2790 numero
1571 2738 1694 2804 636,
1719 2737 1806 2790 cui
1835 2736 2030 2791 titulus
2048 2737 2213 2792 Bedes
2241 2741 2299 2790 et
2322 2737 2587 2805 aliorum,
2609 2741 2944 2810 opusculum
2969 2740 3126 2795 idem
3150 2740 3228 2794 sic
3257 2741 3514 2796 inscribit
3541 2759 3554 2796 :

190 2821 410 2875 Relatio
430 2824 586 2878 Beati
606 2823 872 2878 Antonini
895 2825 1178 2893 martyris.
1206 2828 1278 2880 De
1303 2825 1419 2888 hoc,
1453 2825 1640 2897 inquit
1667 2827 1837 2880 Pater
1866 2826 2064 2881 Daniel
2099 2843 2133 2880 a
2157 2826 2388 2898 Virgine
2431 2827 2606 2882 Maria
2633 2827 2695 2881 in
2731 2831 2903 2884 Vinea
2929 2830 3164 2888 Carmeli
3194 2846 3354 2884 num.
3397 2833 3554 2897 1331,

187 2909 452 2966 Nolanus
471 2910 530 2964 in
549 2912 950 2984 Martyrologio
971 2913 1046 2968 ad
1067 2913 1222 2976 diem
1247 2917 1310 2968 13
1331 2915 1684 2986 Novembris,
1705 2916 1994 2971 Placentia:
2019 2917 2290 2972 Revelatio
2317 2919 2494 2971 sancti
2516 2918 2782 2972 Antonini
2803 2921 3084 2988 martyris.
3115 2918 3228 2974 Sed
3257 2918 3561 2974 addiderat

193 3000 478 3065 notulam,
506 3002 570 3052 ut
599 2999 950 3070 significaret
977 3001 1190 3056 festum
1219 3002 1328 3057 hoc
1359 3019 1482 3057 esse
1503 3003 1696 3058 minus
1715 3003 2030 3076 principale
2060 3003 2222 3058 istius
2253 3005 2456 3074 sancti,
2491 3023 2596 3060 nec
2615 3006 2675 3060 in
2701 3006 2959 3062 Usuardo
2986 3011 3305 3078 repertum,
3334 3007 3435 3062 sed
3461 3008 3558 3062 ali-

187 3088 356 3145 unde
397 3091 714 3159 acceptum.
748 3091 1062 3162 Principale
1092 3094 1284 3146 autem
1314 3092 1527 3147 festum
1555 3097 1676 3148 tam
1703 3093 1857 3164 apud
1883 3093 2173 3165 antiquos,
2202 3111 2376 3166 quam
2423 3095 2482 3150 in
2509 3097 2772 3152 Romano
2804 3096 3085 3152 hodierno
3113 3099 3347 3152 notatur
3375 3097 3466 3152 die
3493 3100 3560 3152 30

194 3179 584 3250 Septembris;
608 3180 706 3237 ubi
727 3180 1004 3236 Baronius
1028 3182 1305 3237 lectorem
1331 3180 1574 3237 remittit
1599 3182 1673 3238 ad
1695 3185 1932 3238 Petrum
1965 3183 2035 3238 de
2051 3184 2343 3239 Natalibus
2363 3184 2460 3239 lib.
2485 3202 2601 3252 νηί,
2622 3202 2748 3256 cap.
2780 3189 2900 3242 133.
2923 3186 3036 3241 Cur
3065 3186 3174 3240 huc
3201 3203 3319 3240 non
3341 3185 3560 3240 remisit
3633 3205 3639 3212 ·

192 3289 304 3328 nos
326 3275 496 3329 Pater
520 3270 762 3328 Daniel?
809 3269 1166 3342 Legissemus
1195 3271 1276 3325 ibi
1317 3271 1474 3342 quod
1507 3293 1534 3320 «
1563 3272 1804 3328 Sanctus
1833 3272 2159 3326 Antoninus
2198 3276 2485 3345 martyr...
2527 3274 2598 3328 de
2635 3275 2984 3329 Placentinis
3022 3274 3232 3328 finibus
3273 3290 3554 3344 egressus,

192 3379 305 3435 per
327 3362 636 3418 orientales
665 3359 987 3432 provincias
1016 3360 1406 3431 pertransivit,
1437 3365 1493 3417 et
1511 3362 1693 3416 multa
1723 3361 2004 3415 miracula
2033 3362 2190 3429 fecit,
2215 3363 2450 3417 demum
2477 3363 2549 3417 ab
2580 3363 2903 3418 infidelibus
2922 3366 3135 3431 tentus,
3159 3367 3217 3417 et
3235 3363 3419 3433 capite
3447 3378 3557 3416 cae-

193 3469 294 3507 sus
319 3452 568 3524 glorioso
595 3449 873 3521 martyrio
895 3453 1202 3504 coronatus
1222 3451 1344 3505 est?
1373 3473 1400 3499 «
1422 3450 1536 3506 Sed
1562 3449 1672 3506 ista
1693 3451 1972 3522 legentes,
2007 3450 2184 3505 etiam
2213 3449 2567 3522 legissemus,
2595 3453 2751 3522 quod
2775 3451 2878 3506 istc
2920 3474 2948 3501 ‹‹
2987 3454 3216 3506 sanctus
3241 3451 3560 3506 Antoninus

191 3542 308 3596 fuit
335 3559 403 3597 ex
437 3557 596 3596 sacra
628 3539 856 3612 legione
894 3539 1293 3609 Thebaeorum,
1326 3543 1386 3594 et
1414 3539 1600 3595 socius
1637 3540 1794 3595 beati
1832 3538 2080 3595 Mauritii
2118 3541 2410 3612 martyris.
2444 3563 2472 3592 »
2515 3543 2628 3596 Hoc
2671 3545 2864 3596 autem
2905 3541 3158 3595 indicare
3185 3540 3404 3608 lectori,
3435 3545 3558 3594 erat

191 3637 456 3687 evertere
487 3633 669 3686 totam
699 3628 1102 3684 auctoritatem
1129 3629 1253 3700 ejus
1272 3629 1487 3701 scripti,
1515 3629 1607 3684 cui
1634 3645 1861 3683 summa
1882 3628 2026 3683 ﬁdes
2050 3630 2468 3700 postulabatur.
2502 3629 2649 3684 Fieri
2679 3630 2836 3686 enim
2877 3646 2996 3684 non
3026 3632 3270 3700 poterat,
3304 3633 3369 3682 ut
3400 3628 3554 3684 idem

192 3719 302 3774 sub
334 3719 687 3775 Diocletiano
718 3734 784 3772 ac
813 3717 1156 3774 Maximiano
1185 3718 1631 3789 imperatoribus
1653 3718 1972 3787 militasset,
2004 3717 2146 3774 duce
2175 3721 2374 3774 sancto
2410 3719 2690 3787 Mauritio,
2719 3720 2880 3790 cujus
2905 3718 3248 3790 martyrium
3275 3735 3425 3772 anno
3455 3719 3557 3772 297

191 3808 431 3864 ascribit
455 3807 734 3864 Baronius
756 3825 771 3874 ;
794 3810 854 3861 et
879 3824 946 3862 ea
978 3807 1174 3862 omnia
1202 3808 1512 3878 reperisset
1531 3809 1588 3863 in
1615 3809 1790 3864 Terra
1816 3809 2042 3875 Sancta,
2071 3825 2199 3880 quae
2228 3809 2320 3862 hic
2354 3812 2686 3877 narrantur,
2720 3825 2963 3880 quasque
2995 3824 3113 3864 non
3139 3807 3247 3862 nisi
3269 3808 3374 3863 sub
3408 3809 3556 3864 Con-

183 3899 448 3954 stantino
467 3899 671 3970 Magno
693 3900 991 3968 cceperunt
1008 3897 1396 3964 innotescere;
1429 3901 1492 3952 ut
1517 3897 1588 3952 de
1611 3898 1930 3954 Iustiniano
1951 3897 2094 3952 nihil
2118 3897 2330 3966 dicam,
2353 3898 2516 3968 cujus
2529 3897 2622 3953 hic
2641 3898 2864 3953 mentio
2885 3897 2951 3952 ﬁt
2970 3895 3295 3968 aliquoties,
3323 3899 3382 3951 et
3395 3896 3558 3967 cujus

181 3988 507 4060 imperium
533 3987 703 4058 ccepit
725 4003 879 4042 anno
912 3985 1033 4042 527.
1062 3987 1181 4058 Ego
1201 3990 1264 4041 ut
1289 3987 1585 4042 neminem
1617 3987 1707 4042 hic
1737 4003 1962 4056 accuso,
1991 3987 2070 4042 sic
2094 4003 2202 4042 nec
2233 3990 2372 4058 puto
2404 3987 2546 4042 mihi
2570 3987 2935 4059 sequendum
2963 3987 3289 4058 exemplum
3321 3987 3468 4054 tale;
3500 3989 3560 4040 et

184 4077 404 4132 Leonis
430 4075 620 4132 Allatii
641 4075 926 4147 judicium
951 4075 1140 4144 laudo,
1171 4077 1267 4148 qui
1288 4077 1572 4132 Vaticana;
1597 4077 1962 4132 Bibliotheca
1983 4082 2364 4132 monumenta
2385 4077 2583 4132 omnia
2603 4077 2904 4133 notissima
2926 4077 3166 4143 habens,
3189 4076 3300 4130 alia
3323 4075 3558 4146 quidem

185 4166 334 4222 inde
361 4166 638 4238 excerpsit
675 4165 999 4238 Symmictis
1028 4165 1143 4220 suis
1172 4167 1573 4237 adjungenda;
1607 4167 1708 4222 sed
1734 4165 2098 4222 Itinerarium
2125 4167 2181 4222 S.
2209 4167 2487 4222 Antonini
2519 4166 2793 4240 martyris
2824 4183 3035 4222 nomen
3068 4167 3400 4237 praeferens,
3433 4165 3557 4218 luce

185 4256 427 4330 publica
445 4256 751 4327 indignum
780 4255 1019 4310 censuit.
1045 4256 1136 4312 Sic
1162 4263 1357 4312 autem
1379 4258 1619 4325 censuit,
1647 4275 1764 4313 non
1783 4259 2011 4312 tantum
2034 4258 2169 4328 quia
2189 4259 2440 4328 tempori
2467 4275 2580 4312 non
2610 4275 2712 4312 suo
2735 4257 3066 4328 ascriptum,
3091 4256 3192 4310 sed
3215 4255 3350 4326 quia
3371 4255 3558 4325 ipsum

188 4345 549 4413 inveniebat,
581 4361 700 4416 pra:
725 4345 850 4399 aliis
881 4345 1082 4400 similis
1109 4347 1437 4420 argumenti
1475 4347 1686 4402 Latinis
1727 4347 1970 4419 scriptis,
2004 4347 2282 4401 refertum
2310 4347 2530 4400 fabellis
2554 4348 2726 4417 plane
2758 4345 3023 4411 anilibus,
3051 4361 3194 4416 quas
3226 4343 3390 4398 nobis
3421 4342 3558 4397 satis

192 4435 310 4491 erit
329 4434 599 4490 asterisco
614 4438 637 4458 *
650 4437 874 4504 notare,
891 4438 954 4490 ut
965 4435 1226 4491 animum
1240 4436 1710 4491 advertatlector.
1732 4436 1801 4490 lis
1815 4453 2008 4508 porro,
2029 4435 2129 4507 qui
2142 4436 2314 4507 paulo
2329 4436 2616 4491 notiorem
2636 4433 3115 4490 habentlocorum
3131 4432 3322 4501 situm,
3341 4431 3555 4512 quique

195 4524 345 4581 alias
358 4525 625 4596 legerunt
649 4523 942 4580 itineraria
961 4542 1122 4581 sacra
1143 4529 1315 4598 atque
1336 4526 1598 4598 profana,
1621 4525 2105 4581 considerandum
2145 4525 2430 4596 relinquo,
2455 4527 2648 4583 utrum
2668 4524 2728 4578 in
2745 4524 2852 4578 hac
2872 4523 3148 4578 relatione
3166 4521 3410 4576 inveniri
3431 4538 3558 4592 pos-

194 4614 275 4669 sit
297 4614 780 4670 vertsimilisratio
805 4615 1026 4670 itineris
1051 4615 1316 4686 alicujus;
1333 4616 1430 4670 ubi
1455 4615 1594 4670 nihil
1608 4615 1938 4672 ordinatum
1955 4614 2382 4686 digestumque,
2400 4631 2467 4668 ex
2479 4631 2638 4669 more
2657 4629 2861 4668 eorum
2880 4611 2978 4684 qui
2997 4611 3316 4684 prudenter
3327 4615 3385 4666 et
3400 4615 3555 4666 certo

196 4704 376 4760 ductu
398 4705 877 4777 peregrinantur;
907 4703 1496 4775 sed_confusa‘omnia,
1525 4705 1680 4759 velut
1707 4705 1751 4760 si
1781 4721 1887 4776 per
1915 4703 2206 4759 somnium
2239 4719 2332 4758 res
2357 4707 2560 4775 agatur
2583 4703 2640 4756 in
2668 4705 2884 4769 mente,
2914 4717 3032 4756 non
3055 4702 3249 4754 autem
3276 4715 3555 4770 corporeo

191 4798 364 4852 motu
393 4811 564 4866 super
582 4799 820 4850 terram.
847 4795 1116 4850 Antonini
1134 4795 1436 4850 Placentini
1448 4796 1801 4850 Itinerarium
1819 4792 2154 4865 simpliciter
2172 4792 2388 4860 vocavi,
2411 4796 2472 4846 ut
2487 4809 2674 4863 neque
2697 4808 2956 4848 errorem
2979 4789 3304 4845 evidentem
3331 4790 3558 4843 secutus

191 4883 418 4952 videar,
445 4883 491 4938 si
511 4884 786 4956 scripsero
811 4886 1105 4954 Martyrem
1127 4903 1143 4949 ;
1166 4900 1354 4956 neque
1385 4901 1618 4956 prorsus
1639 4901 1672 4940 a
1685 4885 1812 4956 jam
1835 4886 1972 4938 nota
1998 4883 2384 4954 appellatione
2405 4881 2694 4950 recedam,
2723 4881 2770 4936 si
2797 4881 3010 4937 omisso
3034 4879 3271 4935 nomine
3293 4877 3562 4934 Antonini

193 4990 478 5030 vocavero
507 4974 787 5045 Anonymi
805 4976 1173 5041 Itinerarium;
1205 4978 1466 5044 respectu
1497 4973 1745 5030 auctoris
1766 4990 1982 5028 nomen
2013 4988 2182 5026 suum
2217 4989 2336 5027 non
2369 4971 2760 5043 exprimentis.
2784 4971 2942 5026 Nunc
2970 4970 3157 5041 ipsum
3187 4970 3338 5039 lege,
3363 4971 3421 5022 et
3459 4967 3556 5022 ad-

195 5064 532 5120 notationes
574 5064 678 5118 sub
720 5066 877 5119 textu
925 5063 1233 5136 appositas.
1281 5065 1353 5118 Ut
1376 5080 1510 5118 vero
1537 5063 1714 5118 etiam
1746 5063 2074 5118 discernere
2101 5063 2288 5118 valeas
2333 5079 2401 5117 ea
2427 5063 2573 5128 loca,
2607 5077 2736 5132 quae
2763 5060 2896 5114 hinc
2927 5061 3193 5130 excerpta
3225 5057 3389 5112 nobis
3421 5057 3558 5128 obji«

194 5154 451 5223 ciuntur,
480 5157 755 5226 tanquam
780 5154 1070 5214 luculenta
1089 5156 1390 5226 praetensaa
1413 5152 1772 5224 antiquitatis
1795 5153 2163 5219 documenta,
2192 5151 2406 5222 placuit
2425 5150 2522 5205 illa
2545 5150 2736 5204 Italico
2755 5149 3086 5204 charactere
3118 5151 3552 5218 repraesentare.

270 5347 295 5367 '
320 5343 532 5415 Martyr
555 5344 762 5398 saeculo
786 5359 870 5409 v1;
903 5339 1466 5415 sublcujus‘nomine
1496 5339 1713 5415 incerta
1742 5339 1853 5394 fide
1883 5339 2462 5415 ferturtltinerarium
2491 5339 2556 5392 de
2586 5337 2719 5415 locis
2741 5338 2918 5415 Terra
2955 5335 3308 5415 sanctaque
3334 5350 3553 5415 peram-

195 5415 434 5490 buiavit,
460 5404 826 5490 prtemissum
838 5404 884 5490 _a
911 5404 1302 5490 Papebrochio
1331 5411 1868 5490 Ac_tis_Sanctorum,
1889 5404 2136 5490 .torno'll
2163 5409 2312 5490 Maii,
2343 5408 2672 5478 Antuerpiae
2703 5409 2857 5490 1.680,
2891 5407 3106 5474 in-fol.,
3131 5404 3304 5477 atque
3332 5404 3550 5460 editum

191 5480 519 5561 primum}.
545 5485 780 5542 Claudio
807 5480 1100 5541 Menardo.
1128 5481 1424 5553 Andegavi
1456 5481 1572 5536 sive
1596 5481 1792 5536 Juliorr

738 5501 780 5541 .o
807 5480 1100 5541 Menardo.
1128 5481 1424 5553 Andegavi
1456 5481 1572 5536 sive
1596 5480 1905 5551 Juliomagi
1931 5481 2086 5548 1640,
2119 5480 2290 5534 ἱη-4ο.
2332 5502 2339 5510 ·
