3996 6188
190 311 297 366 901

1268 303 1588 362 ΑΝΤΟΝῘΝΙ
1628 301 2028 359 PLACENTINI
2067 301 2530 359 ITINERARIUM.

3466 304 3569 357 902

194 417 370 472 debat
393 413 702 470 infantibus
737 432 750 471 :
784 430 913 487 quae
937 414 1092 470 trabs
1110 415 1134 440 “
1160 431 1194 469 a
1216 413 1550 471 Christianis
1580 411 1841 484 agitatur
1860 420 1920 496 Α
1938 413 2247 483 vespertina
2264 410 2603 467 mandantur
2627 411 2866 466 thema.
2880 410 3025 466 Ante
3054 409 3244 482 ipsum
3253 423 3386 465 vero
3399 407 3575 465 cliba-

192 513 254 565 et
280 509 636 578 sublevatur;
667 508 845 564 Judaei
892 524 1025 563 vero
1068 523 1193 563 eam
1228 507 1389 563 nullo
1414 506 1587 561 modo
1623 504 1838 577 agitare

194 607 470 675 possunt:
501 602 596 658 sed
616 618 719 657 nec
747 602 1027 675 permittit
1047 617 1105 657 se
1130 602 1280 657 foras
1307 600 1447 656 tolli.
1479 601 1691 655 Domus
1720 615 1842 653 san-

198 700 313 765 cta,
341 696 574 751 basilica
601 701 713 763 est;
740 701 797 750 et
820 696 998 751 multa
1039 697 1174 749 sunt
1197 694 1275 749 ibi
1315 692 1588 748 beneﬁcia
1621 692 1691 747 de
1747 708 1838 746 ve-

198 789 484 844 stimentis
512 788 655 859 ejus.
679 791 741 844 ln
766 788 985 844 civitate
1020 804 1154 843 vero
1181 791 1335 843 tanta
1373 791 1457 841 est
1494 786 1674 858 gratia
1711 802 1839 840 mu-

198 882 410 937 lierum
430 882 834 949 Haebraaarnm,
858 886 923 937 ut
941 881 1090 936 intra
1103 882 1260 936 illam
1274 880 1423 936 inter
1442 880 1699 935 Hebraeas
1724 881 1845 950 pul-

201 976 458 1031 chriores
503 991 617 1029 non
652 975 1055 1030 inveniantur:
1093 979 1149 1030 et
1182 974 1325 1029 hoc"
1364 990 1399 1028 a
1441 976 1638 1028 sancta
1674 973 1845 1029 Maria

204 1069 316 1124 sibi
342 1084 672 1124 concessum
684 1068 879 1123 dicunt
896 1069 1048 1136 (nam
1073 1072 1130 1123 et
1154 1070 1446 1139 parentem
1468 1083 1629 1122 suam
1651 1066 1847 1122 dicunt

207 1162 378 1234 eam),
408 1166 465 1217 et
489 1163 627 1216 dum
654 1162 808 1216 nulla
849 1162 922 1217 sit
955 1162 1196 1217 Charitas
1228 1161 1475 1217 Hebraeis
1510 1176 1650 1232 erga
1684 1160 1843 1215 Chri-

207 1256 440 1324 stianos,
469 1255 580 1309 illae
622 1258 755 1310 sunt
797 1254 952 1309 omni
995 1254 1271 1310 charitate
1306 1254 1507 1325 plenae.
1555 1253 1848 1309 Provincia

204 1348 470 1420 paradiso
494 1348 696 1403 similis
724 1348 784 1402 in
805 1347 1011 1417 tritico,
1044 1347 1104 1402 in
1131 1347 1391 1419 frugibus
1429 1346 1632 1401 similis
1674 1348 1842 1418 Egy-

206 1446 339 1513 pto;
371 1440 466 1496 sed
495 1441 766 1513 praecellit
792 1441 853 1495 in
882 1440 1014 1495 vino
1041 1445 1096 1495 et
1123 1441 1245 1495 oleo
1269 1442 1326 1494 et
1349 1439 1535 1511 pomis
1559 1455 1624 1494 ac
1655 1439 1845 1493 melle.

208 1534 317 1590 Sed
347 1539 403 1590 et
436 1535 658 1589 milium
703 1538 862 1590 extra
904 1538 1168 1589 naturam
1208 1533 1390 1588 altum
1436 1532 1630 1601 nimis,
1682 1548 1851 1603 supra

209 1633 478 1683 naturam
508 1628 755 1683 hominis
778 1628 922 1683 talea
940 1643 1131 1699 gressa
1157 1625 1202 1681 ⁸.

1938 520 2082 560 num
2116 504 2333 577 grande
2357 508 2442 559 est
2467 504 2693 574 solium,
2722 504 2875 576 quod
2900 503 3038 558 dum
3073 503 3375 576 impletum
3411 503 3583 558 fuerit

1940 597 2128 653 omnia
2149 597 2292 653 ostia
2316 597 2692 654 clauduntur:
2726 603 2783 654 et
2800 614 2904 670 per
2931 596 3140 652 ostium
3167 598 3474 652 mittuntur
3500 596 3581 650 in—

1939 695 2032 746 tus
2059 690 2365 745 luminaria
2389 694 2447 747 et
2486 691 2818 761 incensum;
2857 695 2916 746 et
2958 690 3158 745 sedent
3192 690 3252 744 in
3296 690 3403 745 isto
3443 689 3581 744 solio

1940 788 2057 840 tota
2080 786 2243 840 nocte
2273 800 2287 840 :
2317 789 2375 839 et
2410 785 2549 839 dum
2589 785 2833 856 soporati
2872 783 3112 852 fuerint,
3157 780 3306 838 videt
3351 782 3444 837 ille
3482 783 3579 854 qui

1941 878 2248 933 mundatus
2272 882 2359 933 est
2371 878 2663 949 aliquamd
2692 878 2969 933 visionem
2997 893 3010 932 :
3040 882 3097 932 et
3124 876 3260 931 dum
3286 876 3469 948 ipsam
3488 892 3577 930 re-

1943 971 2214 1041 citaverit,
2246 971 2597 1027 mundantur
2638 972 2880 1027 thermm
2920 986 3024 1042 per
3062 974 3281 1042 septem
3322 969 3460 1024 dies.
3502 969 3581 1023 lbi

1942 1081 2077 1121 vero
2096 1064 2395 1121 defunctus
2420 1069 2505 1121 est
2530 1065 2750 1136 collega
2778 1069 2969 1120 noster
2992 1065 3230 1119 Joannes
3254 1063 3323 1117 de
3349 1062 3578 1117 Placen-

1944 1158 2043 1213 tia.
2074 1159 2195 1230 Ipse
2219 1158 2423 1213 ﬂuvius
2440 1158 2676 1225 calidus,
2706 1157 2805 1229 qui
2832 1158 3087 1213 Gaddera
3111 1156 3334 1222 dicitur,
3357 1156 3583 1210 descen-

1946 1251 2029 1306 dit
2060 1253 2283 1306 torrens
2319 1255 2375 1306 et
2404 1250 2584 1305 intrat
2605 1251 2925 1321 Jordanem,
2950 1254 3007 1305 et
3035 1265 3104 1304 ex
3131 1248 3252 1320 ipso
3279 1248 3584 1320 ampliatur

1946 1343 2206 1399 Jordanis
2234 1347 2294 1398 et
2316 1345 2498 1416 major
2520 1344 2601 1398 iit.

2019 1440 2072 1493 8.
2101 1439 2168 1493 Et
2192 1441 2329 1493 tunc
2369 1436 2761 1493 descendimus
2796 1451 2900 1507 per
2941 1436 3225 1490 Galilaeam
3252 1436 3418 1506 juxta
3456 1437 3576 1491 Jor-

1949 1530 2177 1601 danem,
2216 1532 2572 1586 transeuntes
2611 1529 2820 1584 multas
2851 1528 3098 1583 civitates
3122 1544 3251 1599 quae
3274 1528 3577 1599 leguntur;

1951 1628 2008 1678 et
2042 1623 2304 1678 venimus
2336 1623 2396 1677 in
2439 1622 2725 1678 civitatem
2752 1621 3115 1693 metropolim
3160 1621 3406 1676 Galilaeae
3452 1637 3579 1692 qum

281 1725 336 1777 6.
370 1722 447 1776 De
470 1722 745 1777 Nazareth
773 1721 1031 1776 venimus
1067 1721 1128 1775 in
1166 1723 1422 1775 montem
1461 1718 1716 1775 Thabor:
1749 1718 1848 1791 qui
1869 1788 1909 1791 _
1948 1720 2186 1771 vocatur
2223 1714 2575 1786 Scythopolis
2615 1726 2657 1783 ο,
2701 1715 2759 1769 in
2797 1720 2992 1770 monte
3042 1715 3242 1786 posita,
3290 1715 3390 1769 ubi
3448 1730 3578 1768 san—

205 1830 378 1870 mons
394 1815 512 1869 exit
541 1815 601 1869 in
626 1814 811 1870 medio
835 1814 1154 1885 campestri,
1177 1818 1328 1869 terra
1352 1812 1500 1882 viva,
1518 1818 1717 1868 tenens
1736 1788 1845 1867 cir-
1868 1788 1925 1860 B
1948 1814 2138 1865 ctus...
2170 1809 2376 1864 multas
2415 1813 2677 1879 operatus
2713 1813 2796 1863 est
2829 1808 3083 1863 virtutes.
3124 1809 3328 1863 Deinde
3366 1808 3579 1863 descen-

202 1909 429 1963 cuitum
481 1908 663 1963 millia
692 1924 769 1975 vi,
808 1923 1099 1963 ascensum
1137 1907 1318 1962 millia
1362 1923 1443 1978 m,
1481 1922 1707 1961 sursum
1732 1905 1847 1960 adi

206 2001 546 2057 milliarium
589 2002 843 2073 planum,
885 2001 944 2055 in
985 2017 1100 2073 quo
1145 2005 1286 2061 sunt,
1308 2001 1421 2055 tres
1455 1999 1721 2068 ecclesiae,
1768 1999 1849 2054 di-

205 2098 369 2150 ctum
392 2100 479 2150 est
503 2111 537 2149 a
560 2093 883 2166 discipulis:
911 2095 1196 2150 Faciamus
1226 2095 1312 2148 hic
1340 2096 1449 2149 tria
1471 2093 1844 2148 tabernacula.

204 2189 273 2243 In
321 2189 557 2243 circuitu
591 2188 823 2243 diversae
872 2187 1126 2242 civitates
1174 2203 1301 2259 quae
1340 2187 1401 2242 in
1437 2186 1581 2241 libro
1624 2188 1848 2258 Regum

204 2281 504 2353 leguntur.
532 2282 608 2336 De
652 2282 873 2337 Thabor
913 2281 1170 2336 venimus
1213 2281 1285 2336 ad
1321 2296 1478 2335 mare
1520 2279 1845 2349 Tiberiadis,

208 2375 271 2430 in
294 2375 581 2430 civitatem
609 2391 737 2447 qua:
764 2376 876 2430 alio
895 2377 1149 2446 tempore
1174 2377 1260 2431 est
1283 2374 1561 2446 appellata
1576 2373 1846 2429 Samaria.

208 2484 368 2523 nunc
406 2484 537 2523 vero
579 2468 785 2523 dicitur
828 2467 1086 2540 Neapolis
1114 2468 1160 2536 δ,
1202 2466 1260 2522 in
1295 2483 1408 2539 qua
1440 2470 1645 2539 puteus
1670 2470 1753 2521 est
1779 2482 1847 2521 ex

209 2578 331 2634 quo
360 2562 629 2617 Dominus
665 2577 871 2634 aquam
915 2578 949 2617 a
988 2561 1227 2617 muliere
1261 2560 1614 2616 Samaritana
1644 2559 1844 2631 petiit;

210 2659 272 2711 et
293 2655 376 2709 ibi
402 2655 632 2710 basilica
666 2661 751 2711 est
788 2655 963 2711 sancti
1009 2654 1238 2710 Joannis
1282 2654 1575 2726 Baptistae;
1623 2657 1680 2708 et
1729 2652 1849 2724 ipse

208 2752 420 2820 puteus
460 2755 546 2804 est
579 2752 710 2804 ante
749 2749 1027 2805 cancellos
1059 2747 1282 2816 altaris;
1328 2752 1385 2802 et
1420 2746 1588 2802 situla
1633 2747 1704 2801 de
1740 2762 1850 2817 qua

211 2842 424 2897 dicitur
450 2842 720 2898 Dominus
746 2842 970 2913 bibisse,
1001 2845 1060 2897 et
1097 2840 1264 2896 multi
1311 2840 1450 2912 ωειδί
1492 2840 1571 2895 ibi
1613 2838 1851 2895 veniunt

215 2939 275 2990 et
303 2940 596 2991 sanantur.

286 3033 343 3083 7.
388 3030 599 3085 Deinde
644 3029 901 3085 venimus
942 3029 1002 3084 in
1052 3028 1336 3084 civitatem
1386 3025 1738 3082 Tiberiadem
1790 3026 1849 3081 in

212 3138 332 3195 qua
352 3125 486 3177 sunt
512 3123 751 3178 thermae
776 3123 956 3178 salse.
988 3122 1090 3177 Hic
1115 3138 1263 3194 aqua
1289 3120 1461 3176 maris
1486 3118 1637 3175 illius
1672 3120 1850 3175 dulcis
1870 3158 1925 3233 ϐ

214 3219 323 3285 est,
351 3216 503 3287 quod
523 3232 678 3272 mare
703 3216 901 3271 circuit
922 3216 1101 3270 millia
1124 3231 1244 3271 vm.
1267 3215 1479 3270 Deinde
1506 3213 1764 3269 venimus
1790 3213 1851 3267 in

214 3309 618 3381 Capharnaum
645 3310 706 3364 in
731 3310 967 3365 domum
990 3309 1140 3365 beati
1165 3309 1333 3376 Petri,
1365 3324 1495 3380 quae
1529 3312 1613 3363 est
1646 3308 1707 3362 in
1748 3307 1848 3362 ba-

213 3404 393 3459 silica.
424 3403 558 3458 Inde
582 3404 874 3459 venientes
898 3419 1002 3474 per
1026 3406 1223 3470 castra,
1255 3403 1344 3457 vel
1367 3402 1536 3472 vicos,
1582 3401 1673 3456 vel
1714 3400 1850 3455 civi-

211 3501 377 3566 tates,
411 3498 482 3552 ad
507 3498 648 3552 duos
670 3497 853 3552 fontes
877 3497 1158 3564 venimus,
1186 3496 1395 3552 scilicet
1416 3496 1513 3550 Jor
1546 3507 1569 3537 ο
1615 3499 1671 3550 et
1706 3495 1849 3563 Dan,

214 3592 319 3664 qui
354 3590 415 3645 in
440 3607 621 3646 unum
649 3590 908 3661 effluunt,
936 3594 993 3646 et
1034 3590 1310 3645 vocitatur
1334 3589 1608 3644 Jordanis.
1647 3590 1854 3642 Parvus

214 3685 544 3757 ingreditur
572 3701 750 3755 mare,
779 3688 836 3739 et
870 3684 1179 3756 pertransit
1208 3686 1390 3737 totum
1416 3681 1591 3737 maris
1618 3682 1855 3754 pelagus

214 3794 403 3850 usque
413 3779 484 3834 ad
496 3778 652 3834 littus
662 3779 855 3833 maris.
876 3779 1240 3833 Revertentes
1251 3779 1382 3849 post
1398 3793 1500 3831 nos
1509 3776 1766 3831 venimus
1785 3776 1855 3830 ad

216 3871 411 3927 locum
451 3871 552 3926 ubi
599 3872 853 3927 Jordanis
890 3870 1182 3941 egreditur
1212 3886 1390 3924 mare.
1420 3871 1491 3924 Et
1521 3872 1578 3924 in
1602 3872 1719 3940 ipso
1746 3870 1856 3923 loco

218 3967 904 4028 transivimus'Jordanem,
922 3970 973 4020 et
999 3967 1241 4020 venimus
1263 3966 1323 4018 in
1341 3965 1611 4018 civitatem
1636 3979 1757 4033 qua
1772 3978 1859 4017 vo-

219 4064 380 4115 catur
400 4058 654 4115 Gaddera
679 4060 709 4099 ἀ
738 4075 857 4130 quae
879 4063 930 4114 et
955 4058 1178 4114 Gabaon
1197 4059 1415 4113 dicitur.
1451 4059 1513 4111 In
1556 4059 1664 4112 ista
1698 4060 1860 4127 parte

221 4154 481 4215 civitatis,
512 4153 774 4207 milliaria
800 4169 859 4207 III
892 4152 961 4207 ab
991 4153 1141 4215 urbe,
1173 4157 1298 4206 sunt
1328 4166 1482 4221 aqua:
1509 4151 1718 4213 calida,
1741 4166 1860 4220 quae

222 4247 577 4317 appellantur
597 4247 815 4301 thermae
838 4247 993 4309 Elia,
1024 4246 1116 4300 ubi
1151 4246 1346 4316 leprosi
1379 4245 1730 4299 mandantur.
1776 4245 1863 4298 Ibi

223 4345 301 4397 est
321 4340 733 4409 menodochium,
768 4340 991 4396 delicias
1016 4341 1083 4394 de
1106 4340 1325 4409 publica
1367 4339 1586 4401 habens,
1636 4342 1688 4393 et
1728 4338 1861 4393 hora

1947 1903 2126 1959 dimus
2148 1919 2250 1974 per
2271 1904 2386 1957 alia
2418 1903 2533 1957 loca
2578 1904 2843 1958 Samaria
2884 1906 2935 1956 et
2973 1901 3175 1956 Judzz
3210 1903 3270 1955 in
3311 1903 3583 1955 civitatem

1946 1997 2275 2053 Sebastzam
2314 1994 2350 2061 τ,
2389 1998 2448 2050 in
2473 2012 2583 2065 qua
2606 1996 2894 2065 requiescit
2916 1996 3142 2051 Elisazus
3160 1994 3444 2064 propheta.
3476 1994 3579 2049 De-
3611 1983 3624 1992 ’

1946 2091 2273 2146 scandentes
2299 2106 2402 2162 per
2442 2087 2796 2160 campestria,
2840 2087 2986 2159 [per]
3018 2086 3268 2142 civitates
3306 2087 3394 2141 vel
3435 2086 3582 2141 vicos

1947 2183 2434 2240 Samaritanorum
2455 2186 2513 2238 et
2529 2183 2739 2253 plateas
2752 2180 2905 2236 unde
2919 2180 3276 2236 transivimus
3296 2179 3576 2251 [vidimus]

1946 2278 2234 2334 venientes
2257 2277 2478 2333 Judaeos
2516 2282 2640 2347 post
2669 2292 2771 2331 nos
2795 2291 2928 2330 cum
2954 2274 3150 2346 paleis,
3200 2273 3437 2345 vestigia
3476 2289 3581 2328 no-

1948 2376 2065 2428 stra
2090 2372 2112 2395 ‘
2151 2372 2537 2440 incendentes,
2575 2374 2734 2425 tanta
2776 2374 2861 2424 est
2909 2368 3138 2423 illorum
3195 2366 3504 2423 exsecratio
3532 2380 3579 2423 s.
3658 2367 3685 2377 “

1947 2466 2149 2537 Utique
2190 2465 2521 2521 Christianis
2558 2464 2793 2536 quidem
2837 2478 3172 2534 responsum
3214 2461 3471 2516 faciunt:
3526 2465 3585 2517 at

1947 2563 2163 2629 cavent,
2209 2559 2363 2631 quod
2405 2558 2476 2613 ab
2516 2557 2624 2613 illis
2680 2572 2869 2613 emere
2896 2555 2997 2626 vis,
3031 2571 3146 2611 non
3175 2560 3377 2627 tangas
3402 2555 3584 2626 prius-

1947 2669 2117 2725 quam
2143 2652 2390 2723 pretium
2418 2652 2515 2707 des
2548 2668 2562 2706 :
2594 2651 2745 2723 quod
2769 2651 2814 2705 si
2844 2649 3116 2722 tetigeris,
3147 2655 3202 2704 et
3226 2666 3340 2703 non
3365 2665 3585 2720 compa-
3690 2696 3693 2697 ν

1946 2745 2155 2801 raveris
2184 2744 2210 2784 δ
2245 2762 2383 2800 mox
2419 2744 2967 2800 scandalizabuntur.
3007 2743 3147 2797 Nam
3188 2742 3324 2796 foris
3363 2741 3423 2795 in
3462 2742 3583 2796 vico

1944 2840 2158 2895 habent
2193 2856 2323 2894 cum
2362 2839 2530 2894 domo
2555 2854 2671 2893 una
2695 2836 2920 2909 posita!
2954 2836 3107 2907 quod
3143 2835 3330 2906 ipsum
3369 2835 3583 2890 faciunt

1946 2949 2301 3005 responsum.
2334 2933 2606 2987 Nummos
2645 2931 2714 2986 de
2759 2946 2935 2985 manu
2971 2934 3068 2984 tua
3092 2945 3209 2984 non
3235 2929 3534 3001 accipient,
3564 2930 3584 2949 ⁸

1946 3027 2044 3082 sed
2091 3032 2152 3083 tu
2196 3027 2255 3082 in
2300 3043 2506 3099 aquam
2545 3024 2805 3097 projicies
2846 3040 2976 3093 eos;
3020 3028 3076 3079 et
3117 3023 3455 3078 denuntiant
3481 3020 3584 3078 tibi

1950 3123 2100 3194 quod
2133 3120 2285 3195 [non]
2333 3119 2690 3193 ingrediaris.
2732 3119 2814 3173 Tu
2854 3134 2990 3173 vero
3031 3116 3145 3173 noli
3183 3132 3496 3188 exspuere;
3540 3117 3586 3170 si

1950 3218 2143 3270 autem
2181 3213 2490 3287 exspueris,
2526 3210 3067 3267 scandalizabuntur.
3097 3211 3230 3266 Sero
3258 3215 3450 3265 autem
3476 3226 3585 3282 pu-

1950 3308 2171 3364 riﬁcant
2200 3325 2258 3363 se
2287 3308 2348 3362 in
2365 3324 2511 3379 aqua
2544 3323 2558 3361 :
2594 3308 2652 3360 et
2673 3305 2751 3360 sic
2777 3305 3180 3377 ingrediuntur
3208 3304 3263 3358 in
3291 3305 3476 3358 vicum
3489 3309 3587 3357 aut

1951 3401 2011 3455 in
2041 3400 2325 3456 civitatem
2337 3442 2351 3455 .

2024 3497 2077 3548 9.
2107 3493 2318 3548 Deinde
2336 3491 2595 3547 venimus
2618 3491 2679 3545 in
2698 3490 2886 3545 locum
2913 3489 3013 3544 ubi
3037 3489 3306 3543 Dominus
3332 3488 3400 3543 de
3426 3487 3587 3559 quin«

1953 3602 2068 3658 que
2089 3585 2331 3658 panibus
2356 3588 2414 3640 et
2453 3584 2671 3639 duobus
2712 3583 2963 3655 piscibus
2997 3582 3251 3655 quinque
3285 3580 3585 3636 hominum

1954 3679 2136 3735 millia
2173 3678 2411 3747 satiavit,
2444 3680 2603 3732 extra
2632 3676 2899 3732 mulieres
2926 3682 2982 3730 et
3011 3676 3275 3748 parvulos
3308 3692 3321 3729 :
3364 3680 3587 3745 extenta

1955 3765 2270 3845 campania,
2301 3771 2502 3826 oliveta
2527 3775 2584 3826 et
2608 3771 2878 3842 palmata.
2909 3770 3041 3826 Inde
3065 3773 3309 3825 venimus
3329 3769 3589 3823 adlocum

1954 3868 2049 3922 ubi
2097 3867 2406 3937 baptizatus
2447 3869 2526 3919 est
2568 3867 2842 3920 Dominus.
2887 3866 2952 3919 In
2992 3865 3087 3918 illo
3137 3865 3245 3919 loco
3270 3864 3375 3933 ﬁlii
3419 3862 3592 3918 Israel

1957 3962 2329 4016 transiuerunt
2342 3959 2653 4023 Jordanem,
2674 3964 2724 4013 et
2732 3958 3230 4030 ﬁliiprophetamm
3238 3957 3593 4027 perdiderunt

1957 4056 2205 4121 securim;
2229 4057 2279 4109 et
2299 4070 2365 4108 ea:
2388 4054 2503 4124 ipso
2539 4054 2647 4108 loco
2678 4053 2831 4107 Elias
2852 4056 3161 4123 assumptus
3185 4055 3264 4107 est
3295 4052 3351 4106 in
3379 4051 3586 4105 calum.

1961 4148 2151 4220 Ibique
2180 4163 2345 4202 mons
2379 4142 2653 4201 Hermoni
2684 4146 2961 4215 modicus,
2990 4146 3087 4217 qui
3116 4146 3327 4216 legitur
3354 4143 3410 4197 in
3442 4144 3588 4197 Psal-

1959 4242 2159 4297 mo.Ad
2191 4240 2366 4313 pedes
2394 4240 2601 4295 montis
2635 4240 2809 4311 ipsius
2832 4239 3083 4293 ascendit
3111 4238 3179 4292 de
3192 4236 3361 4291 ﬂuvio
3386 4236 3587 4304 nubes,

1961 4339 2018 4390 et
2037 4336 2176 4390 hora
2207 4334 2391 4406 prima
2409 4333 2627 4388 oriente
2656 4333 2770 4387 sole
2800 4332 3242 4401 Hierosolymam
3268 4330 3424 4385 venit
3443 4330 3463 4352 ’
3491 4346 3587 4384 su-

297 4523 324 4556 ⁸
348 4526 410 4581 Id
441 4529 527 4581 est
552 4525 779 4581 hominis
798 4525 1011 4597 proceri
1036 4542 1053 4590 ;
1090 4522 1233 4578 talea
1263 4526 1457 4597 autem
1478 4538 1583 4594 pro
1605 4520 1854 4597 longitu-
1876 4524 1936 4596 D
2030 4519 2050 4561 Γ
2090 4521 2158 4575 Ut
2195 4519 2564 4597 Sebastaeam;
2606 4517 2661 4597 id
2697 4522 2780 4572 est
2822 4516 3136 4597 Samariam
3176 4515 3457 4597 veniatur,
3486 4531 3591 4570 nec

225 4598 381 4664 dine,
408 4614 515 4652 vox
539 4598 623 4652 est.
643 4587 872 4668 accepta
911 4611 982 4651 ex
1022 4587 1320 4650 vernacula
1361 4587 1631 4648 Italérum
1664 4587 1860 4664 lingua
1876 4587 1926 4596 ”
1959 4608 2107 4668 unus
2133 4590 2363 4668 quidem
2393 4589 2603 4668 Judaaae
2629 4588 2786 4643 locus
2811 4587 3174 4668 attingendus
3202 4592 3321 4668 est:
3347 4588 3419 4643 ad
3443 4589 3593 4668 hanc

227 4670 428 4739 taglia,
458 4667 683 4723 Francis
715 4668 886 4722 taille.

302 4749 331 4788 ι)
359 4748 611 4803 Samaria
636 4746 769 4801 urbs
792 4746 1221 4811 mediterranea,
1252 4745 1418 4800 distat
1443 4759 1478 4797 a
1512 4742 1656 4797 mari
1697 4743 1860 4798 Tibe-

226 4816 405 4874 riadis
423 4819 597 4889 duplo
622 4818 844 4889 longius
861 4832 1033 4889 quam
1057 4816 1179 4889 ipse
1206 4832 1368 4871 mons
1395 4814 1644 4889 Thabor:
1677 4831 1862 4889 neque

227 4891 378 4958 haec,
408 4885 715 4944 sed'vicina
727 4885 930 4944 'civitas
968 4885 1164 4958 Sichar
1196 4890 1388 4958 postea
1421 4885 1569 4940 dicta
1604 4890 1689 4940 est
1720 4885 1861 4940 Nea-

230 4957 401 5034 polis.
446 4961 590 5034 Cum
627 4975 764 5034 ergo
794 4957 1038 5034 Joannis
1051 4974 1106 5034 1v
1126 4957 1332 5034 dicitur
1363 4973 1377 5010 :
1416 4959 1576 5034 Venit
1600 4959 1750 5034 Iesus
1766 4958 1866 5034 _ad

232 5026 510 5087 civitatem
533 5026 796 5089 Samaria
831 5044 951 5099 quae
976 5026 1177 5083 dicitur
1206 5029 1419 5090 Sichar,
1460 5026 1732 5098 accipitur
1762 5028 1862 5083 Sa-

230 5103 436 5170 maria,
463 5119 579 5157 non
599 5117 701 5173 pro
726 5101 851 5172 ipsa
877 5099 1117 5173 civitate,
1149 5099 1247 5154 sed
1271 5116 1375 5171 pro
1401 5103 1520 5154 toto
1546 5114 1611 5154 eo
1638 5099 1863 5153 territo-

231 5175 342 5241 rio,
361 5174 522 5243 cujus
552 5170 721 5244 caput
746 5170 867 5226 erat
893 5170 1160 5226 Samaria.

308 5265 331 5294 ο
363 5252 435 5308 Ut
455 5252 528 5307 ad
552 5252 658 5307 hos
681 5252 867 5307 fontes
890 5251 1196 5321 veniretur,
1222 5248 1570 5305 remetienda
1592 5251 1712 5303 erat
1752 5253 1868 5321 tota

233 5323 605 5453 {gratiamin
639 5323 917 5395 superior,
962 5339 1066 5395 per
1106 5322 1354 5394 spatium
1387 5321 1659 5375 horarum
1702 5320 1865 5375 circi-

294 5412 326 5451 r
427 5437 441 5451 .

294 5412 326 5451 1‘
348 5412 441 5451 20.

308 5483 335 5523 d
358 5475 631 5530 Gadaram
656 5490 836 5546 prope
860 5475 1045 5528 lacum
1071 5472 1414 5546 Genezareth
1438 5469 1614 5546 novi_:
1643 5469 1870 5546 Gabaon

234 5549 475 5603 unicum
502 5540 677 5600 sacrae-
702 5540 925 5600 Litterae
953 5544 1250 5599 nominant
1284 5544 1342 5597 in
1379 5542 1532 5597 tribu
1577 5540 1869 5610 Benjamin

236 5635 422 5691 prope
451 5618 779 5686 Jerusalem,
812 5617 979 5687 longe
1005 5634 1038 5670 a
1064 5615 1214 5671 dicto
1240 5615 1382 5668 lacu.

309 5712 334 5740 ο
362 5698 624 5763 Quinque
649 5703 713 5751 ut
740 5712 1029 5751 summum
1069 5697 1338 5751 horarum
1384 5695 1493 5749 iter
1538 5698 1623 5748 est
1663 5693 1874 5748 Gadara

192 5837 203 5841 ρ
239 5763 657 5851 ScythOpolim,
685 5768 925 5893 proinde
948 5768 1007 5849 in
1025 5772 1139 5822 tam
1165 5766 1325 5821 brevi
1342 5765 1521 5837 spatio
1549 5780 1662 5820 non
1687 5763 1875 5835 potuit

239 5858 367 5893 ams
389 5841 596 5893 multas
619 5855 691 5893 ur
729 5855 786 5893 es
810 5845 1097 5893 transisse.

239 5841 367 5916 quis
389 5841 596 5896 multas
619 5841 786 5895 urbes
810 5841 1097 5894 transisse.

1959 4661 2429 4733 autem’primum
2456 4661 2700 4729 venitur,
2728 4663 2856 4730 post
2880 4674 3173 4713 emensam
3198 4661 3374 4714 totam
3402 4661 3589 4731 regio-

1961 4750 2096 4788 nem
2127 4732 2613 4788 Samaritanorum
2628 4772 2640 4785 .

2034 4825 2061 4865 s
2088 4812 2321 4867 Videtur
2352 4826 2668 4883 supponere
2693 4814 2888 4865 auctor
2912 4809 3064 4883 quod
3083 4813 3260 4865 totam
3296 4812 3591 4883 regionem

1956 4886 2077 5011 jam
2103 4883 2311 4938 dictam
2336 4880 2516 4963 Judaei.
2532 4886 2812 4948 tenerent,
2841 4885 2897 4936 et
2925 4880 3158 4962 quidem
3198 4880 3337 4954 tam}
3351 4880 3589 4956 scrupu-

1984 4973 2067 5010 051
2091 4959 2290 5009 contra
2317 4953 2677 5011 Christlanos.
2709 4959 2773 5008 ut
2800 4958 3076 5011 sequitur.

1984 4956 2067 5010 osi
2091 4959 2290 5009 contra
2317 4953 2677 5019 Christianos,
2709 4959 2773 5008 ut
2800 4953 3076 5024 sequitur.

2032 5034 2061 5075 ιι
2093 5038 2432 5109 Comparare,
2460 5032 2606 5088 Italis
2625 5033 2857 5105 proprio
2881 5032 3184 5109 idiotismo,
3204 5048 3391 5099 emere,
3422 5036 3593 5109 vulgo

1964 5104 2264 5177 comprare,
2293 5104 2445 5159 unde
2470 5104 2710 5174 compra,
2742 5104 2975 5175 emptio.

2038 5190 2050 5228 ί
2089 5186 2284 5259 ΑΞᾱίρο
2314 5189 2447 5267 eget
2475 5185 2567 5239 hic
2602 5186 2775 5267 locus.
2829 5183 3090 5267 Suspicor
3129 5184 3365 5267 indicari
3389 5189 3597 5267 .forum

1967 5275 2160 5314 rerum
2187 5254 2495 5323 venalium,
2525 5259 2689 5327 extra
2703 5255 2851 5327 vicos
2870 5254 3118 5325 positum
3143 5272 3245 5327 pro
3270 5259 3597 5316 Christianis

1967 5346 2157 5385 emere
2185 5328 2525 5394 volentibus,
2557 5327 2652 5399 ubi
2680 5326 2786 5379 illis
2804 5342 3143 5399 responsum
3167 5327 3374 5386 faciant
3394 5333 3596 5399 Judtei,
3695 5356 3701 5359 -

1968 5419 2041 5456 ne
2068 5416 2264 5455 eorum
2284 5399 2545 5469 ingressu
2564 5397 2873 5469 immunda:
2893 5398 3032 5469 ﬁant
3059 5398 3435 5457 habitationes
3458 5397 3593 5457 suae.

1968 5472 2077 5528 Sed
2102 5471 2228 5541 quis
2252 5468 2391 5523 talia
2415 5484 2669 5539 unquam
2700 5468 2907 5523 Judzris
2936 5468 3158 5523 afﬁnxit
3182 5471 3209 5524 ?

2037 5550 2052 5603 i
2096 5551 2217 5603 Non
2242 5549 2311 5602 ad
2334 5546 2634 5601 Jordanem
2667 5551 2751 5602 est
2786 5563 2949 5602 mons
2991 5549 3266 5618 Harmon;
3313 5550 3411 5605 sed
3455 5550 3595 5604 alius

1972 5621 2153 5691 major
2179 5621 2237 5691 in
2261 5618 2969 5691 Calesyria,icontinuatus
2993 5636 3123 5691 cum
3164 5619 3404 5691 Libano;
3452 5620 3596 5674 alius

1971 5689 2163 5764 minor
2184 5690 2244 5744 in
2269 5689 2514 5758 Galilaea,
2544 5690 2615 5744 ad
2639 5695 2953 5745 torrentem
2980 5689 3215 5764 Cisson,_
3233 5690 3384 5745 haud
3427 5691 3596 5764 longe

1972 5780 2004 5816 a
2027 5761 2330 5817 Thaboraao
2357 5766 2546 5815 monte
2576 5767 2732 5816 trans
2757 5765 3070 5817 torrentem
3097 5759 3298 5831 posito.
