4054 6186
452 281 554 335 903

1757 279 2078 338 ΑΝΤΟΝΙΝΙ
2117 281 2515 339 PLACENTINI

3723 286 3825 340 904

448 404 554 461 per
579 387 867 444 basilicam
898 393 1104 444 sanctae
1132 389 1318 446 Mariae
1353 390 1422 446 ad
1463 395 1712 446 sanctam
1754 391 2023 463 Sophiam
2042 388 2089 457 ⁸,
2113 402 2173 474 Α
2191 391 2516 462 perﬁcitur;
2542 391 2778 446 inferior
2805 407 2935 446 vero
2959 391 3109 462 fugit
3131 392 3193 446 in
3219 408 3394 462 mare,
3423 391 3646 446 dicente
3671 392 3823 447 Psal-

450 499 580 555 qua:
605 482 714 538 fuit
741 483 1073 556 praetorium
1098 483 1197 538 ubi
1222 484 1448 540 auditus
1477 487 1563 540 est
1591 485 1881 539 Dominus.
1913 485 2095 555 Super

449 575 540 631 his
565 577 706 632 locis
724 577 1046 632 descendit"
1061 594 1152 632 ros
1173 577 1318 633 sicut
1335 577 1547 649 pluvia,
1577 581 1635 632 et
1657 577 1936 648 colligunt
1959 593 2094 632 eum

451 671 658 726 medici
680 689 697 740 ;
729 674 787 726 et
808 671 868 724 in
886 671 1009 742 ipso
1033 674 1358 743 coquuntur
1383 687 1580 727 omnes
1597 670 1972 726 coufectiones
1991 686 2095 741 per

452 763 830 819 xenodochia:
860 779 990 818 nam
1017 763 1182 819 multi
1211 765 1512 836 languores
1543 769 1814 820 sanantur
1850 763 1950 825 ibi,
1996 762 2094 817 ubi

451 856 599 912 cadit
622 857 742 927 ipse
770 873 879 910 ros.
901 857 918 909 l
925 873 1020 928 pse
1037 863 1123 912 est
1146 874 1238 912 ros
1263 857 1331 912 de
1361 874 1474 929 quo
1500 858 1750 912 canitur:
1782 879 1808 908 α
1836 857 1988 912 Sicut
2004 871 2093 911 ros

449 953 685 1006 Hermon
715 952 811 1018 qui
843 951 1114 1006 descendit
1144 953 1203 1005 in
1234 953 1383 1008 Sion.
1417 969 1445 1003 »
1472 953 1540 1006 In
1564 953 1685 1021 ipsa
1714 953 1839 1020 ripa
1865 956 1942 1006 est
1969 953 2093 1018 fons

450 1041 544 1096 ubi
573 1042 870 1112 baptizavit
890 1049 1107 1099 sanctus
1132 1027 1384 1099 Joannes.
1413 1045 1546 1098 Inde
1592 1059 1760 1114 usque
1793 1044 1868 1098 ad
1903 1043 2092 1098 Iorda-

447 1152 572 1190 nem
589 1137 766 1190 millia
783 1137 910 1192 duo.
925 1140 988 1192 In
1005 1140 1126 1208 ipsa
1150 1138 1294 1192 valle
1310 1140 1556 1192 inventus
1580 1143 1659 1192 est
1675 1137 1849 1200 Elius,
1875 1137 2092 1207 quando

451 1244 638 1284 corvus
687 1229 715 1268 ¹>
743 1233 796 1284 ei
810 1230 1085 1298 deferebat
1103 1246 1304 1300 panem
1335 1236 1386 1285 et
1411 1246 1642 1285 carnem.
1675 1233 1740 1284 In
1769 1232 1980 1285 circuiti
1997 1245 2092 1284 au-

451 1327 556 1378 tem
571 1325 735 1378 vallis
759 1325 931 1394 ipsius
956 1325 1249 1378 multitudo
1277 1326 1639 1378 eremitarum.

528 1419 614 1472 10.
649 1419 714 1471 Et
743 1417 820 1470 ibi
847 1433 1022 1488 prope
1055 1421 1140 1472 est
1165 1417 1356 1470 civitas
1393 1432 1520 1488 quae
1556 1420 1788 1470 vocatur
1820 1414 2087 1470 Salamiu-

453 1509 526 1564 da
558 1523 600 1577 ο,
628 1509 726 1564 ubi
761 1513 1159 1565 remanserunt
1198 1511 1325 1564 dua:
1370 1515 1427 1564 et
1475 1508 1643 1564 semis
1683 1509 1862 1563 tribus
1904 1508 2086 1574 Israel,

449 1603 789 1675 priusquam
813 1603 1125 1658 transirent
1151 1603 1454 1658 Iordanem
1483 1619 1495 1656 :
1525 1602 1585 1656 in
1635 1617 1750 1672 quo
1799 1602 1920 1656 loco
1959 1605 2090 1654 sunt

451 1696 692 1750 thermas
734 1712 801 1750 ex
843 1712 901 1750 se
947 1687 1212 1765 lavantes,
1269 1697 1289 1720 ’
1340 1713 1466 1768 quae
1520 1695 1791 1750 vocantur
1830 1695 2090 1750 Thermas

2193 484 2396 540 mista:
2434 486 2587 540 Mare
2619 485 2760 540 cidit
2787 490 2840 540 et
2875 487 3043 556 fugit,
3065 487 3322 542 Iordanis
3345 501 3625 541 conversus
3649 491 3726 540 est
3749 503 3826 540 re-

2195 581 2447 633 trorsum.
2474 579 2628 632 Tunc
2657 593 2854 634 omnes
2882 578 3252 634 Alexandrini
3275 579 3491 634 habent
3515 578 3633 632 ibi’
3658 596 3824 634 naves

2193 683 2216 710 ο
2263 687 2395 725 suas
2442 687 2573 726 cum
2628 671 2977 741 hominibus,
3024 673 3298 728 habentes
3341 671 3589 726 calathos
3630 673 3821 743 plenos

2191 764 2536 819 aromatibus
2561 768 2620 819 et
2657 765 2938 819 balsamo:
2996 771 3052 819 et
3095 766 3234 842 hora
3265 782 3379 837 qua
3413 765 3820 820 benedixerunt

2192 857 2405 912 fontem
2442 862 2748 929 antequam
2775 857 3048 928 incipiant
3075 857 3378 929 baptizare,
3416 857 3666 912 fundunt
3705 859 3819 912 illos

2193 951 2438 1006 calathos
2465 951 2526 1004 in
2553 950 2792 1006 ﬂuvium
2819 955 2875 1006 et
2901 951 3109 1005 tollunt
3135 968 3342 1022 aquam
3366 951 3742 1017 benedictum,
3769 958 3820 1006 et

2193 1043 2396 1099 exinde
2420 1043 2636 1098 faciunt
2681 1060 2888 1116 aquam
2929 1043 3263 1114 aspersionis
3301 1045 3361 1098 in
3407 1045 3524 1098 suis
3567 1043 3817 1111 navibus,

2190 1137 2786 1208 antequamexeantad
2799 1137 3198 1207 navigandum.
3224 1137 3506 1208 Baptismo
3515 1137 3820 1208 completo,

2191 1245 2388 1285 omnes
2429 1230 2490 1284 in
2513 1230 2748 1284 ﬂuvium
2785 1246 2890 1300 pro
2919 1229 3306 1284 benedictione
3347 1230 3718 1295 descendunt,
3745 1231 3824 1284 in-

2191 1323 2310 1378 duti
2343 1323 2638 1392 sindones;
2675 1328 2732 1377 et
2780 1323 2916 1377 alias
2965 1323 3171 1378 multas
3215 1322 3478 1377 sindones
3507 1323 3825 1394 [intinguut

2189 1417 2396 1488 aqum],
2449 1432 2589 1488 quas
2621 1415 2724 1469 sibi
2767 1415 2838 1482 ad
2884 1415 3202 1486 sepulturas
3235 1420 3478 1470 servant.
3524 1417 3659 1470 Post
3703 1416 3823 1469 ham

2190 1510 2380 1565 omnia
2407 1509 2673 1580 perfecta,
2701 1507 2893 1564 statim
2911 1525 3058 1586 aqua
3087 1509 3146 1562 in
3165 1508 3394 1579 proprio
3421 1508 3731 1563 revertitur
3753 1509 3827 1561 al-

2189 1619 2291 1660 veo
2323 1621 2337 1658 :
2367 1619 2501 1657 nam
2538 1602 2690 1656 unde
2735 1602 2920 1672 surgit
2953 1601 3210 1656 Iordanis
3248 1618 3284 1655 a
3321 1618 3477 1658 mare
3515 1601 3826 1657 Tiberiadis

2189 1713 2368 1769 usque
2396 1696 2467 1751 ad
2497 1711 2651 1750 mare
2680 1694 3016 1750 Sabinamm
3043 1699 3177 1750 sunt
3203 1695 3384 1750 millia
3411 1711 3550 1749 cxxx
3590 1693 3627 1750 ί.

451 1789 654 1860 Moysis
683 1806 696 1843 :
729 1789 827 1843 ubi
857 1789 1028 1843 etiam
1047 1789 1253 1860 leprosi
1278 1765 1645 1856 mundantur,
1675 1791 1732 1842 et
1755 1788 1831 1842 ibi
1861 1791 1945 1841 est
1969 1787 2091 1842 dul-
2110 1765 2166 1837 B
2262 1765 2348 1845 l2.
2383 1790 2447 1863 In
2459 1789 2579 1860 ipsa
2603 1803 2735 1842 vero
2761 1787 2888 1859 ripa
2910 1787 3164 1843 Iordanis
3189 1793 3275 1844 est
3303 1787 3596 1860 spelunca,
3622 1788 3683 1842 in
3713 1805 3822 1860 qua

452 1881 709 1937 cissimus
755 1899 916 1954 aquae
963 1882 1108 1953 fons,
1167 1883 1259 1938 cui
1293 1883 1510 1936 bibitur
1553 1899 1656 1954 pro
1700 1881 1983 1948 catarrho,
2033 1884 2092 1936 et

449 1975 662 2030 multos
679 1981 840 2030 sanat
857 1976 1177 2048 languores.
1201 1977 1321 2030 Non
1342 1976 1510 2046 longe
1530 1993 1564 2030 a
1583 1975 1726 2030 mari
1748 1975 2084 2042 Salinarum,

448 2069 521 2122 ad
547 2069 698 2140 quod
723 2068 980 2123 Iordanis
1006 2068 1346 2141 ingreditur.
1408 2069 1620 2124 Subtus
1663 2073 1748 2123 est
1779 2068 2089 2122 Gomorrha

451 2165 509 2216 et
531 2161 790 2230 Sodoma,
820 2162 891 2216 ad
919 2161 1081 2233 cujus
1106 2161 1265 2216 littus
1291 2161 1550 2217 bitumen
1579 2164 1636 2216 et
1663 2161 1904 2232 sulphur
1929 2160 2084 2214 colli-

451 2254 643 2326 gitur;
673 2255 734 2309 in
753 2271 867 2326 quo
893 2255 1060 2323 mari,
1089 2271 1286 2310 mense
1307 2254 1452 2310 Iulio
1479 2257 1536 2308 et
1560 2256 1810 2325 Augusto
1834 2257 1891 2308 et
1910 2270 2087 2326 usque

450 2348 522 2402 ad
550 2347 804 2402 medium
835 2347 1200 2420 Septembris,
1230 2353 1348 2404 tota
1373 2347 1464 2402 die
1497 2348 1691 2418 jacent
1731 2347 1936 2419 leprosi
1965 2349 1985 2368 "
2032 2353 2087 2402 et

449 2440 522 2494 ad
542 2456 842 2512 vesperum
864 2441 1128 2496 lavantur
1163 2441 1224 2496 in
1278 2441 1410 2512 ipsis
1449 2440 1684 2496 thermis
1713 2457 1726 2495 :
1773 2444 1828 2495 et
1867 2441 2082 2512 aliquo-

451 2533 575 2589 ties.
605 2533 894 2604 Dominus,
921 2551 1094 2606 quem
1119 2535 1258 2603 vult,
1288 2534 1528 2589 mundat
1555 2553 1568 2588 :
1600 2550 1734 2588 nam
1762 2535 1822 2588 in
1849 2551 2084 2606 genera-

447 2625 604 2682 litate
631 2631 715 2682 est
737 2627 923 2699 aliqua
946 2627 1218 2698 primitia.
1248 2628 1307 2682 In
1333 2644 1446 2699 quo
1491 2627 1638 2682 mari
1667 2627 1810 2682 nihil
1851 2627 2086 2682 viviﬁca-

451 2721 564 2789 tur,
593 2735 696 2775 nec
726 2719 884 2792 ligna
918 2720 996 2775 ibi
1030 2723 1246 2791 natant,
1285 2737 1389 2776 nec
1425 2721 1622 2792 paleae,
1661 2737 1848 2792 neque
1879 2721 2080 2789 homo;

349 2804 354 2808 ’
448 2813 547 2869 sed
574 2814 852 2886 quidquid
876 2814 951 2869 ibi
973 2815 1286 2886 projectum
1315 2815 1505 2885 fuerit,
1535 2815 1595 2869 in
1620 2815 1962 2886 profundum
1983 2816 2081 2870 de—

446 2909 748 2979 mergitur.
781 2909 860 2963 De
887 2907 1124 2963 Iordane
1145 2924 1326 2980 usque
1345 2909 1415 2962 ad
1440 2909 1630 2962 locum
1656 2909 1717 2963 in
1745 2925 1858 2979 quo
1875 2909 2084 2980 Moyses

449 3001 520 3056 de
549 3017 782 3072 corpore
811 3001 1003 3070 exivit,
1036 3006 1170 3056 sunt
1197 3001 1374 3056 millia
1419 3018 1536 3057 vui.
1576 3001 1791 3057 Exinde
1827 3019 1861 3056 a
1898 3005 2080 3070 Sego-r,

2187 1887 2318 1938 sunt
2361 1885 2579 1954 septem
2623 1881 2841 1936 cellulae
2877 1898 3012 1936 cum
3047 1887 3263 1953 septem
3290 1883 3510 1955 puellis,
3537 1885 3560 1903 ⁸
3586 1899 3719 1952 quin
3749 1881 3823 1936 ibi

2186 1975 2480 2030 infantulae
2505 1973 2844 2030 mittuntur:
2870 1979 2926 2030 et
2955 1991 3084 2029 cum
3125 1975 3318 2048 aliqua
3359 1992 3429 2030 ex
3473 1975 3554 2030 eis
3597 1979 3820 2029 mortua

2185 2069 2358 2124 fuerit
2382 2067 2442 2122 in
2479 2067 2597 2140 ipsa
2631 2067 2828 2122 cellula
2862 2067 3163 2139 sepelitur;
3205 2074 3262 2124 et
3295 2069 3410 2123 alia
3443 2068 3648 2122 cellula
3683 2068 3820 2122 inci-

2187 2163 2359 2232 ditur,
2392 2165 2449 2216 et
2481 2161 2591 2215 alia
2617 2161 2698 2215 ibi
2723 2159 2970 2216 mittitur
2992 2161 3183 2232 puella
3205 2167 3272 2217 ut
3295 2178 3569 2218 numerus
3599 2165 3744 2229 stet;
3772 2169 3822 2217 et

2185 2257 2401 2311 habent
2425 2255 2562 2310 foris
2599 2254 2700 2326 qui
2743 2254 2822 2310 eis
2859 2254 3067 2310 cibaria
3105 2261 3402 2327 praeparet.
3443 2257 3503 2310 In
3547 2272 3664 2326 quo
3708 2255 3823 2310 loco

2185 2365 2315 2404 cum
2339 2365 2550 2420 magno
2584 2347 2789 2403 timore
2831 2348 3074 2420 ingressi
3119 2366 3316 2404 sumus
3351 2349 3422 2404 ad
3453 2349 3778 2404 orationem
3805 2367 3820 2416 ;

2185 2437 2394 2493 nullius
2425 2437 2502 2493 ibi
2529 2437 2732 2494 faciem
2760 2437 3022 2493 vidimus.
3050 2438 3112 2492 In
3137 2438 3257 2509 ipso
3291 2438 3415 2493 loco
3455 2438 3666 2493 dicitur
3708 2455 3822 2492 esse

2185 2535 2474 2590 sudarium
2501 2535 2654 2606 quod
2677 2535 2788 2590 fuit
2826 2550 2998 2606 super
3037 2539 3204 2608 caput
3235 2536 3387 2590 Iesu.
3429 2539 3551 2594 Non
3593 2536 3821 2590 multum

2186 2633 2337 2701 longe
2359 2648 2395 2686 a
2417 2631 2670 2694 Iordane,
2699 2631 2796 2685 ubi
2822 2631 3126 2700 baptizatus
3142 2636 3218 2686 est
3242 2633 3518 2694 Dominus,
3547 2637 3630 2686 est
3643 2646 3824 2685 mona-

2184 2727 2408 2780 sterium
2431 2726 2607 2779 sancti
2622 2725 2848 2779 Ioannis
2871 2724 3032 2780 valde
3058 2740 3339 2795 magnum,
3371 2727 3429 2778 in
3456 2739 3561 2794 quo
3575 2729 3710 2779 sunt
3729 2740 3822 2778 ze-

2182 2819 2444 2873 nodochia
2467 2817 2592 2872 duo.
2623 2817 2684 2871 In
2712 2816 2818 2872 ista
2840 2833 3044 2872 vero...
3075 2817 3171 2872 illa
3205 2818 3330 2889 ripa
3359 2817 3620 2872 Iordanis
3661 2818 3820 2870 inve-

2182 2911 2374 2966 nimus
2400 2915 2689 2982 serpentes
2707 2910 2775 2965 de
2802 2909 3008 2982 quibus
3040 2910 3291 2965 theriaca
3329 2910 3645 2966 coniicitur.
3687 2911 3818 2965 lude

2183 3003 2440 3059 venimus
2459 3003 2530 3059 ad
2557 3002 2876 3058 Iordanem.

445 3096 508 3149 in
539 3095 734 3164 quibus
760 3095 910 3207 Aiacis
945 3099 1071 3207 sunt
1113 3095 1567 3207 multivoetemitfc.
1614 3095 1864 3150 Vidimus
1909 3095 1987 3150 ibi
2027 3101 2156 3207 etC
2256 3100 2342 3153 l3.
2369 3099 2445 3152 De
2468 3096 2709 3153 Iordane
2741 3113 2926 3201 usque
2955 3097 3025 3152 ad
3063 3097 3288 3152 Iericho
3329 3097 3506 3152 millia
3545 3114 3624 3151 vr.
3671 3099 3814 3153 Ieri~

445 3189 885 3242 monumentum
907 3187 1145 3242 Absalon
1174 3188 1201 3228 ἀ
1227 3186 1328 3242 ﬁlii
1357 3188 1546 3242 David.

521 3283 606 3335 Η.
636 3279 904 3334 Venimus
933 3279 1045 3352 (sic)
1075 3279 1437 3352 Theophania
1460 3280 1626 3351 juxta
1652 3281 1950 3336 Iordanem
1980 3297 1993 3334 :
2027 3286 2084 3336 et

443 3366 522 3425 ibi
550 3369 695 3424 fiunt
731 3369 1028 3438 mirabilia,
1070 3371 1168 3425 ubi
1206 3370 1518 3442 baptizatus
1557 3374 1642 3426 est
1689 3371 1976 3442 Dominus,
2021 3370 2080 3425 in

443 3459 569 3531 ipsa
591 3462 756 3514 nocte
779 3475 793 3513 :
821 3462 876 3514 et
904 3459 982 3514 ibi
1010 3459 1267 3514 tumulus
1286 3460 1543 3515 cancellis
1569 3461 1950 3516 circumdatur
1978 3477 1992 3515 :
2025 3466 2083 3516 et

442 3553 504 3608 in
529 3554 650 3609 loco
679 3553 775 3607 ubi
812 3553 1091 3608 redundat
1125 3571 1273 3626 aqua
1315 3555 1375 3609 in
1411 3555 1632 3610 alveum
1671 3572 1859 3626 suum,
1904 3555 2082 3627 posita

444 3651 526 3702 est
539 3663 677 3701 crux
696 3647 902 3718 lignea.
930 3649 1048 3702 ltur
1072 3647 1132 3702 in
1151 3664 1356 3720 aquam
1384 3665 1452 3702 ex
1472 3652 1713 3720 utraque
1739 3652 1897 3719 parte
1923 3666 2076 3704 mar-

443 3740 642 3795 moris.
671 3742 734 3794 Iu
762 3740 952 3812 vigilia
975 3741 1358 3812 Theophania:
1391 3743 1630 3814 grandes
1656 3743 1801 3796 ﬁunt
1825 3741 2034 3814 vigilite
2063 3760 2075 3797 :

443 3832 684 3905 populus
703 3833 958 3887 inﬁnitus
971 3851 988 3902 ;
1003 3839 1058 3888 et
1077 3837 1276 3904 quarta
1297 3837 1394 3889 aut
1422 3836 1621 3907 quinta
1638 3835 1755 3890 vice
1783 3837 1926 3908 gallo
1953 3853 2080 3890 can-

443 3929 604 3980 tante
641 3926 786 3979 ﬁunt
811 3925 1037 3996 vigilite.
1067 3926 1370 3997 Completis
1399 3929 1690 3984 matutinis
1715 3929 1901 4000 primo
1928 3930 2076 3984 dilu-

443 4019 573 4074 culo
601 4021 917 4090 surgentes,
949 4004 1264 4090 procedunt
1300 4021 1542 4077 ministri
1577 4023 1681 4077 sub
1710 4023 1838 4077 divo
1862 4030 1918 4078 et
1954 4024 2073 4078 dia-

444 4112 594 4183 coni,
638 4115 892 4168 tenentes
934 4112 1300 4169 sacerdotem.
1349 4115 1454 4170 Ter
1493 4115 1780 4171 descendit
1821 4117 2078 4172 sacerdos

442 4207 504 4264 in
532 4207 770 4262 ﬂuvium
790 4223 808 4276 ;
837 4211 894 4262 et
917 4207 1056 4261 hora
1079 4223 1191 4278 qua
1220 4206 1449 4278 coeperit
1482 4208 1811 4265 benedicere
1847 4227 2074 4282 aquam,

441 4317 578 4358 mox
600 4299 856 4356 Iordanis
875 4301 893 4320 "
921 4317 1051 4354 cum
1075 4317 1286 4372 magno
1311 4301 1506 4374 rugitu
1525 4302 1822 4358 revertitur
1849 4309 1976 4376 post
1995 4321 2072 4374 se,

443 4400 500 4451 et
545 4399 652 4450 stat
688 4410 833 4467 aqua
875 4393 1130 4466 superior
1159 4393 1218 4449 in
1261 4411 1319 4448 se
1362 4410 1542 4466 usque
1580 4395 1718 4451 dum
1765 4397 2075 4469 baptismus

2180 3191 2288 3246 cho
2314 3193 2506 3246 autem
2527 3190 2586 3244 in
2611 3189 2784 3245 oculis
2813 3190 3113 3246 hominum
3142 3191 3219 3246 ita
3243 3191 3464 3246 videtur
3481 3207 3606 3246 esse
3625 3195 3692 3246 ut
3715 3208 3818 3263 pa-

2181 3284 2417 3354 radisus,
2445 3301 2479 3338 a
2505 3286 2836 3338 terrmmotu
2861 3284 3012 3338 muri
3040 3283 3244 3354 diruti;
3296 3285 3497 3339 domus
3545 3284 3701 3339 Raab
3741 3303 3822 3340 re-

2179 3381 2307 3447 stat,
2333 3381 2390 3432 et
2413 3382 2496 3432 est
2520 3377 2956 3446 xenodochium,
2989 3377 3086 3432 sed
3112 3381 3168 3432 et
3208 3377 3554 3446 cubiculum,
3598 3377 3667 3433 de
3703 3395 3816 3450 quo

2180 3472 2554 3543 exploratores
2580 3470 2856 3542 deposuit,
2887 3471 3198 3526 oratorium
3243 3475 3327 3526 est
3365 3473 3574 3526 sanctas
3609 3472 3808 3527 Mai-ite.

2178 3565 2413 3636 Lapides
2440 3579 2570 3620 vero
2597 3563 2675 3618 illi
2703 3581 2842 3635 quos
2866 3563 3194 3620 levaverunt
3227 3563 3328 3618 ﬁlii
3360 3564 3526 3619 lsrael
3577 3565 3648 3620 de
3691 3567 3812 3620 Ior-

2181 3659 2343 3724 dane,
2373 3674 2487 3712 non
2510 3659 2676 3728 longe
2703 3674 2737 3711 a
2762 3657 2984 3712 civitate
3006 3658 3226 3712 Iericho
3252 3657 3416 3729 positi
3455 3664 3590 3713 sunt
3619 3659 3680 3713 in
3727 3659 3818 3712 ba.

2179 3751 2333 3806 silica
2355 3754 2485 3822 post
2511 3751 2716 3820 altare;
2746 3756 2802 3806 et
2823 3755 2954 3806 ante
2985 3750 3271 3806 basilicam
3311 3755 3397 3806 est
3433 3767 3670 3823 campus
3717 3754 3814 3824 qui

2178 3843 2382 3900 dicitur
2413 3849 2563 3916 Ager
2585 3844 2808 3900 Domini
2835 3863 2848 3898 :
2881 3845 2897 3862 '
2927 3843 2985 3898 in
3012 3861 3126 3914 quo
3158 3844 3431 3899 Dominus
3459 3861 3636 3900 manu
3676 3862 3810 3916 pro-

2176 3939 2299 4010 pria
2322 3938 2636 4007 seminavit,
2662 3938 2851 3993 ferens
2886 3941 3074 3992 satum
3094 3938 3270 3992 tritici
3294 3939 3402 3993 tria
3425 3938 3617 3993 modia
3645 3940 3746 4010 qui
3761 3946 3814 3994 et

2176 4032 2480 4104 colligitur,
2519 4037 2576 4086 et
2603 4047 2897 4103 nunquam
2931 4032 3157 4101 seritur,
3179 4031 3286 4090 sed
3310 4047 3380 4086 ex
3409 4047 3468 4086 se
3492 4032 3714 4103 profert
3736 4049 3818 4086 se-

2176 4141 2328 4181 men.
2357 4124 2656 4196 Colligitur
2677 4141 2711 4177 a
2749 4139 2941 4180 mense
2971 4123 3294 4191 Februario,
3323 4127 3380 4179 et
3405 4123 3538 4180 inde
3564 4141 3816 4180 commu-

2178 4218 2396 4272 nicatur
2420 4217 2477 4272 in
2509 4217 2738 4272 Pascha.
2765 4217 2904 4272 Cum
2934 4217 3228 4272 collectum
3263 4217 3454 4286 fuerit,
3496 4222 3714 4285 aratur,
3759 4223 3812 4273 et

2173 4311 2384 4366 iterum
2409 4327 2538 4364 cum
2568 4309 2800 4382 reliquis
2829 4310 3104 4366 messibus
3123 4310 3430 4382 colligitur.

2252 4405 2334 4460 14.
2386 4406 2460 4460 At
2503 4419 2624 4459 vero
2671 4405 2794 4472 fons
2836 4419 2992 4474 aqua
3035 4419 3190 4474 quem
3233 4403 3538 4460 indulcavit
3584 4403 3813 4460 Elisus

513 4521 639 4602 "De
683 4525 874 4602 sancta
905 4519 1112 4602 Sophia
1149 4520 1762 4602 Constantinopolitana
1799 4523 1942 4602 forte
1982 4523 2069 4577 in-
2091 4503 2150 4576 D
2172 4535 2586 4602 occupaverunt
2601 4528 2780 4584 tribus
2803 4528 3004 4602 Ruben
3032 4534 3089 4584 et
3109 4529 3226 4602 Gad
3247 4527 3641 4602 cumidimidia
3657 4529 3808 4584 tribu

441 4591 736 4715 ξάίῖθῖᾳὲ
760 4591 972 4662 aliquid
997 4591 1254 4662 scriptor,
1283 4591 1436 4664 quod
1465 4591 1594 4647 inde
1633 4593 2072 4664 Hierosolymam

498 4678 599 4715 ans
623 4678 663 4715 u
689 4679 706 4715 1
739 4703 752 4715 .

441 4667 752 4717 transtulit.

514 4735 542 4774 ι)
568 4731 912 4805 Integridiei
949 4731 1148 4788 itinere
1177 4733 1336 4788 locus
1380 4733 1644 4804 baptismi
1685 4733 1855 4789 distat
1898 4753 1931 4790 a
1965 4739 2074 4790 tor-

439 4809 605 4864 rente
629 4803 843 4860 Cdrith.
872 4804 968 4857 Est
1001 4809 1194 4858 tamen
1229 4803 1529 4860 verisimile
1565 4806 1714 4874 satis,
1766 4806 1837 4860 ad
1884 4809 2072 4862 locum

439 4875 719 4934 memoria
745 4873 1060 4930 absconditi
1085 4875 1372 4945 quondam
1396 4875 1476 4930 ibi
1501 4876 1636 4930 Elia:
1663 4873 1944 4932 celebrem
1969 4879 2072 4932 ali-

442 4946 1005 5021 quando_habitasse_
1046 4946 1325 5021 eremitas.
1379 4947 1466 5021 An
1513 4947 1683 5021 etiam
1721 4948 1871 5019 quod
1908 4949 2070 5021 Elius,

440 5016 778 5092 usqueadeo
798 5023 933 5092 tunc
957 5017 1228 5092 abductus
1244 5033 1277 5071 a
1301 5016 1848 5092 notitiabominum,
1880 5024 1945 5076 ut
1971 5016 2071 5076 ne;

445 5087 596 5162 cesse
624 5089 940 5162 habuerita
965 5089 1142 5143 corvis
1165 5087 1336 5161 pasci,
1377 5104 1473 5162 eos
1506 5087 1591 5162 ibi
1623 5089 1932 5162 collegerit,
1976 5109 2070 5147 vo-

442 5160 568 5235 lens
579 5163 720 5235 post
743 5176 801 5235 se
829 5159 1147 5235 relinquere
1159 5159 1508 5235 _'monasticaa
1544 5159 1673 5235 vitae
1707 5159 2070 5235 successores,

445 5234 512 5286 ut
538 5229 743 5286 dicitur
767 5230 826 5283 in
861 5229 1009 5284 libro
1046 5231 1114 5286 de
1157 5232 1336 5286 lnstit.
1381 5231 1836 5287 monachorum?
1873 5229 2075 5290 Credat

437 5301 553 5376 hoc
599 5299 904 5376 quihpotest
927 5301 1155 5376 credere
1184 5303 1604 5376 Graecumqesse
1623 5307 1928 5376 auctorem,
1973 5306 2074 5376 qui

440 5373 504 5447 in
531 5370 664 5431 voCe
692 5370 880 5447 cura];
915 5372 1206 5447 mysticam
1242 5375 1386 5428 hanc
1424 5373 1888 5446 signiﬁcationem
1917 5370 2074 5447 repe-

439 5446 536 5513 rit,
567 5442 718 5515 quod
742 5442 1054 5516 Eliassedit
1081 5445 1141 5516 in
1173 5449 1402 5500 torrente
1430 5442 1637 5510 Carith,
1667 5448 1762 5516 qui
1787 5451 1862 5502 est
1887 5442 2073 5502 contra

435 5513 772 5575 Iordanem:
820 5513 953 5582 quia
981 5514 1040 5565 in
1067 5513 1274 5578 Carith,
1305 5516 1364 5570 id
1399 5521 1496 5580 est,
1548 5519 1604 5572 in
1645 5513 1745 5572 Dei
1787 5519 2070 5582 charitate,

441 5605 563 5645 eum
587 5586 859 5642 dividente
883 5599 920 5638 α
942 5582 1199 5648 Iordane,
1223 5585 1284 5639 id
1307 5592 1384 5641 est
1419 5603 1454 5641 a
1483 5593 1828 5658 peccatorum
1867 5589 2074 5646 descen-

438 5663 608 5722 sione,
629 5674 696 5712 σε
721 5662 849 5713 tunc
872 5669 1078 5726 semper
1099 5657 1325 5711 exstitit.

509 5743 534 5772 ο
585 5731 782 5800 Totam
829 5726 1156 5800 regionemJ
1179 5727 1489 5782 secundum
1532 5728 1851 5799 Iordanem,
1900 5749 2071 5800 quam

441 5798 612 5871 longe
643 5799 769 5856 ﬂuit
792 5815 827 5855 a
850 5797 966 5856 suis
997 5797 1247 5855 fontibus
1279 5814 1457 5872 usque
1485 5800 1554 5856 ad
1598 5815 1752 5856 mare
1791 5797 2072 5862 Morinum

2172 4600 2448 4682 alapa—sse,
2471 4601 2568 4656 sed
2596 4613 2889 4682 nusquam.
2907 4600 3178 4682 leguntur
3205 4600 3508 4682 invenisse
3524 4601 3806 4682 civitatem

2174 4673 2491 4728 Salamiada
2519 4689 2532 4726 :
2561 4687 2760 4726 verum
2786 4671 3057 4726 Antonini
3078 4671 3429 4742 imperatoris
3444 4671 3808 4726 ltinemrium

2171 4743 2606 4801 Salaminiadam
2648 4742 2820 4797 habet
2855 4743 3050 4812 procul
3099 4742 3250 4812 inde,
3299 4743 3448 4798 inter
3485 4743 3728 4798 Deorum
3753 4748 3804 4798 et

2169 4815 2446 4868 Emissam
2474 4813 2789 4884 leesyriaa
2817 4813 3000 4868 urbes.

2241 4886 2268 4926 ά
2296 4887 2536 4940 Ecoutra
2568 4883 2778 4956 exlib.
2825 4885 2881 4956 ll
2911 4884 3152 4956 Regum,
3195 4899 3321 4956 cap,
3341 4887 3428 4954 l8,
3463 4885 3678 4940 scimus
3701 4900 3804 4956 pu-

2176 4971 2347 5026 gnam
2372 4956 2522 5010 inter
2552 4954 2830 5026 exercitus
2855 4954 3122 5026 David‘et
3144 4954 3403 5026 _Absalon
3445 4954 3803 5010 commissam

2173 5023 2377 5110 essein
2398 5026 2552 5109 saltu
2581 5024 2851 5108 Ephraim
2876 5025 2936 5080 in
2961 5023 3318 5107 Galaaditide,
3359 5025 3514 5080 haud
3555 5028 3730 5153 long
3763 5043 3803 5106 .a

2173 5113 2317 5152 mari
2351 5097 2680 5153 Tiberiadis.
2705 5096 2896 5153 ibique
2929 5111 3196 5153 occisum.
3222 5101 3280 5152 et
3307 5096 3410 5152 sub
3438 5113 3645 5153 acervo
3722 5114 3800 5153 m-

2172 5098 2317 5170 mari
2351 5096 2680 5170 Tiberiadis,
2696 5096 2896 5170 ibique
2929 5096 3196 5164 occisum,
3222 5101 3280 5152 et
3307 5096 3410 5152 sub
3438 5113 3645 5153 acervo
3669 5096 3800 5170 lapi-

2172 5169 2312 5224 dum
2339 5168 2623 5240 sepultum
2650 5167 2987 5240 Absalonem
3012 5182 3151 5222 esse.

2243 5251 2267 5280 ο
2300 5238 2523 5295 Diceres
2545 5255 2701 5294 mare
2727 5238 3212 5310 Mediterraneum,
3240 5253 3346 5310 per
3376 5239 3532 5310 quod
3553 5239 3802 5295 Alexan-

2173 5310 2321 5366 drini
2349 5311 2674 5382 navigantes
2699 5308 2996 5364 stationem
3021 5308 3260 5382 capiunt
3275 5308 3334 5364 in
3357 5308 3548 5382 aliquo
3570 5311 3804 5366 Palesti~

2171 5397 2263 5436 nae
2297 5379 2509 5464 portu;
2528 5384 2670 5453 puta
2693 5382 2912 5464 ‘Ioppe,
2957 5379 3226 5464 contundi
3273 5395 3306 5433 a
3350 5379 3632 5464 scriptore
3676 5398 3804 5436 cum

2172 5452 2317 5507 mari
2343 5452 2578 5520 Mortuo,
2611 5452 2827 5507 nullam
2853 5467 2982 5506 cum
3016 5452 3190 5508 altero
3225 5452 3802 5507 communicationem

2172 5523 2444 5592 habente;
2491 5523 2630 5578 adeo
2682 5526 2750 5578 ut
2793 5521 3135 5593 impossibile
3173 5521 3257 5593 sit
3293 5522 3804 5593 Alexandrinorum

2173 5611 2340 5666 naves
2368 5591 2669 5666 ascendere
2693 5593 2763 5648 ad
2787 5591 2974 5648 locum
2997 5591 3586 5666 baptismidominici.

2245 5663 2266 5706 ί
2295 5666 2556 5723 Abundat
2581 5665 2672 5720 hic
2696 5680 2970 5722 numerus
2995 5663 3372 5734 centenarius,
3402 5679 3536 5720 nam
3567 5680 3678 5723 xxx
3696 5665 3805 5722 suf-

2173 5735 2338 5795 ﬁcere
2364 5737 2549 5810 reipsa
2575 5741 2750 5811 patet.
