4054 6186
264 260 369 311 905

1721 261 2177 316 ITINERARIUM.

3518 273 3620 324 906

257 365 547 435 propheta,
576 368 775 435 irrigat
809 381 1012 421 munem
1049 368 1279 430 Iericho,
1307 368 1400 421 ubi
1427 370 1668 423 nascitur
1704 371 1891 423 vinum
1912 381 1972 453 Α
1992 372 2132 424 tum.
2169 370 2338 425 Color
2356 387 2491 426 vero
2518 377 2716 442 petrae,
2743 388 2870 442 qua;
2899 372 3083 426 excisa
3112 376 3200 426 est
3237 374 3308 428 de
3340 373 3621 446 Golgotha

254 464 447 529 potens
476 460 622 529 quod
646 460 1082 527 febricitantibus
1107 461 1290 516 datur.
1323 461 1680 516 lbi-nascitur
1700 461 1890 534 dacty-

261 552 384 606 lum
415 551 438 579 ¹¹
468 553 538 606 de
576 553 720 607 libra
753 570 766 607 :
797 571 862 608 ex
894 554 1100 625 quibus
1137 571 1362 609 mecum
1407 554 1618 608 adduxi
1662 556 1720 609 in
1760 573 1890 627 pro-

259 644 533 713 vinciam,
563 650 621 699 et
650 646 781 700 dedi
811 665 988 702 unum
1018 648 1255 704 domino
1286 649 1510 703 Paterio
1531 648 1784 704 Tributio
1804 667 1894 720 pa-

261 742 447 798 tricio.
467 743 546 797 lbi
575 744 824 799 nascitur
851 746 1055 800 cedrus
1084 747 1154 800 de
1187 746 1390 801 cubitis
1413 747 1815 818 quadraginta,
1841 753 1897 803 et

261 837 428 906 virga
458 837 640 892 fasioli
674 838 816 892 duos
851 840 1032 910 pedes
1057 843 1250 911 longa.
1287 840 1365 894 lbi
1395 845 1478 893 est
1504 841 1627 894 vitis
1654 841 1804 895 unde
1837 842 1894 895 in

261 931 610 986 Ascensione
643 932 868 986 Domini
897 935 1083 1004 plenae
1129 935 1282 988 cistze
1319 935 1564 988 racemis
1598 935 1656 988 in
1696 939 1893 989 monte

263 1023 464 1079 Oliveti
495 1027 744 1093 venales,
777 1031 834 1080 et
865 1027 923 1080 in
953 1027 1044 1082 die
1078 1030 1410 1084 Pentecoste
1435 1028 1658 1082 mixtim
1691 1028 1893 1083 exinde

261 1118 438 1188 plena
459 1119 684 1174 calatha
707 1125 1131 1192 proponuntur.

339 1217 424 1266 l5.
454 1214 737 1267 Exetmtes
760 1214 830 1268 de
857 1215 1079 1270 Jericho
1111 1216 1370 1270 venimus
1399 1219 1601 1271 contra
1627 1216 1891 1270 Hieroso-

259 1307 500 1377 lymam.
533 1308 656 1362 Non
688 1308 860 1379 longe
892 1326 924 1362 a
952 1309 1176 1364 Jcricho
1209 1314 1293 1364 est
1318 1310 1416 1365 illa
1443 1311 1614 1364 arbor
1643 1310 1737 1364 ubi
1768 1312 1897 1364 Zac-

259 1399 456 1454 chznus
477 1400 734 1455 ascendit
760 1407 821 1456 ut
846 1402 1068 1468 videret
1099 1404 1406 1458 Dominum
1431 1421 1444 1458 :
1469 1421 1595 1474 quae
1623 1405 1794 1457 arbor
1815 1404 1895 1458 in-

259 1493 353 1548 fra
396 1494 706 1548 oratorium
751 1495 965 1550 inclusa
1003 1501 1107 1565 est,
1154 1501 1210 1550 et
1253 1514 1357 1568 per
1401 1500 1616 1551 tectum
1651 1497 1896 1568 desuper

260 1585 412 1641 sicca
449 1586 688 1641 videtur.
731 1589 910 1658 Igitur
948 1594 1217 1644 exeuntes
1259 1591 1328 1644 de
1357 1591 1604 1658 Jericho,
1637 1591 1896 1644 venimus

262 1685 468 1734 contra
507 1680 921 1736 occidentalem
943 1683 969 1722 Ι)
995 1683 1052 1736 in
1097 1683 1325 1738 sinistra
1365 1701 1541 1738 manu
1577 1701 1590 1738 :
1625 1687 1682 1737 et
1715 1684 1892 1738 intra-

1996 479 2112 518 non
2144 463 2498 536 dignoscitur
2526 481 2538 520 :
2567 481 2701 520 nam
2725 469 2888 537 petra
2915 466 3037 536 ipsa
3063 470 3266 521 ornata
3293 472 3378 522 est
3399 484 3537 526 auro
3567 475 3626 525 et

1996 558 2268 628 gemmis;
2301 562 2358 614 et
2387 559 2754 630 postmodum
2785 560 2854 614 de
2885 560 3007 630 ipsa
3033 564 3193 631 petra
3213 561 3426 617 factum
3447 567 3533 618 est
3551 565 3625 618 al-

1996 653 2139 718 tare,
2168 650 2223 704 in
2249 653 2373 707 loco
2405 653 2501 707 ubi
2532 653 2833 707 cruciﬁxus
2867 657 2949 707 est
2977 654 3272 709 Dominus.
3297 657 3463 711 Petra
3489 673 3623 713 vero

1997 746 2360 800 monumenti
2391 748 2548 800 velut
2579 737 2825 802 'molaris
2867 751 2969 815 est,
3011 751 3067 803 et
3102 748 3324 803 infinite
3371 753 3575 805 ornata
3611 769 3621 805 :

1993 838 2170 909 virgis
2199 840 2400 894 ferreis
2421 841 2679 911 pendent
2703 841 3037 909 brachialia,
3073 841 3486 911 dextrocheria,
3508 861 3628 899 mu-

1995 948 2168 995 renaa,
2202 934 2462 1004 monilia,
2497 935 2696 988 annuli
2740 934 3100 1006 capitulares,
3135 936 3399 1006 cingella,
3430 937 3627 1000 baltei,

1995 1041 2240 1093 coronae,
2258 1027 2568 1098 imperium
2589 1045 2655 1082 ex
2667 1045 2807 1083 auro
2822 1030 2906 1082 vel
2927 1029 3192 1099 gemmis,
3209 1033 3266 1083 et
3283 1035 3625 1085 ornamenta

1995 1121 2261 1190 plurima.
2282 1123 2350 1175 Et
2366 1121 2552 1192 ipsum
2575 1127 3019 1178 monumentum
3043 1123 3100 1176 in
3123 1123 3358 1178 modum
3377 1125 3628 1179 ecclesiae

1996 1218 2335 1286 coopertum
2359 1233 2426 1270 ex
2448 1221 2687 1287 argento
2713 1235 2726 1272 :
2753 1223 2811 1273 et
2833 1221 2964 1273 ante
2988 1222 3424 1273 monumentum
3449 1220 3626 1273 altare

1994 1308 2270 1378 positum.

2071 1404 2154 1456 19.
2186 1405 2230 1456 Α
2261 1407 2641 1458 monumento
2689 1421 2866 1476 usque
2910 1405 3191 1475 Golgotha
3233 1409 3363 1459 sunt
3403 1423 3630 1476 gressus

1997 1495 2308 1566 octoginta.
2328 1497 2411 1551 Ab
2435 1514 2547 1551 una
2569 1502 2728 1568 parte
2754 1498 3082 1552 ascenditur
3100 1515 3202 1569 per
3227 1499 3455 1568 gradus,
3477 1500 3628 1555 unde

1997 1588 2268 1643 Dominus
2309 1591 2566 1645 ascendit
2603 1591 2675 1645 ad
2715 1591 3192 1661 cruciﬁgendum.
3226 1593 3371 1646 Nam
3408 1593 3466 1646 in
3507 1593 3630 1648 loco

1996 1683 2095 1736 ubi
2145 1683 2252 1736 fuit
2291 1685 2607 1751 cruciﬁxus,
2637 1689 2878 1756 apparet
2917 1701 3084 1740 cruor
3121 1685 3436 1756 sanguinis.
3470 1687 3538 1740 Et
3575 1686 3632 1741 in

258 1773 451 1829 vimus
476 1773 634 1828 villas
663 1774 926 1830 Sodomze
971 1779 1029 1830 et
1067 1777 1399 1831 Gomorrhee
1452 1794 1464 1832 :
1509 1793 1681 1848 super
1718 1794 1895 1848 quam
1916 1755 1972 1826 B
1997 1777 2122 1848 ipso
2152 1778 2327 1831 latere
2355 1782 2533 1848 petra:
2562 1782 2648 1832 est
2673 1755 2852 1832 altare
2884 1779 3225 1849 patriarchas
3241 1755 3548 1850 Abraham,
3573 1780 3631 1834 in

258 1867 621 1939 provinciam
651 1885 879 1941 semper
919 1871 1177 1925 ascendit
1203 1871 1383 1925 nubes
1411 1887 1542 1924 cum
1577 1871 1751 1926 odore
1784 1872 1895 1924 sul-

259 1961 502 2032 phureo.
550 1962 714 2026 Quod
761 1962 959 2018 dicunt
1000 1963 1265 2019 homines
1305 1965 1375 2018 de
1416 1982 1588 2019 uxore
1632 1964 1796 2031 Loth,
1844 1968 1901 2017 et

263 2054 424 2125 quod
439 2055 716 2125 lingendo
739 2056 810 2110 ab
833 2058 1179 2112 animalibus
1199 2059 1511 2127 minuatur,
1529 2058 1893 2114 mendacium

261 2153 354 2203 est
382 2167 395 2202 :
430 2148 528 2203 sed
553 2153 669 2203 stat
696 2149 754 2204 in
787 2154 938 2205 statu
969 2169 1069 2206 suo
1099 2153 1155 2205 in
1188 2169 1300 2223 quo
1333 2153 1456 2206 fuit.

340 2245 425 2297 16.
469 2244 860 2298 Ascendentes
916 2246 985 2300 de
1037 2247 1326 2301 montanis
1375 2247 1897 2317 Hierosolymorum

262 2336 604 2390 Barrideum
633 2351 654 2378 ο
683 2380 696 2403 ,
731 2337 983 2410 indeque
1023 2342 1378 2394 revertentes
1407 2341 1475 2394 ad
1507 2340 1795 2395 sinistram
1827 2339 1898 2394 ad

263 2429 481 2501 oppida
497 2431 706 2485 montis
728 2430 951 2499 Oliveti,
971 2433 1231 2487 venimus
1251 2433 1310 2487 in
1330 2433 1668 2488 Bethaniam
1689 2433 1761 2488 ad
1783 2450 1901 2489 mo-

263 2527 617 2578 numentum
662 2525 877 2594 Lazari,
906 2526 1276 2598 respicientes
1310 2528 1483 2582 valles
1531 2528 1651 2581 illas
1681 2531 1737 2581 et
1768 2544 1897 2598 per-

264 2617 630 2673 ambulantes
649 2621 1000 2676 monasteria
1025 2622 1207 2676 multa
1229 2623 1288 2676 et
1311 2621 1731 2676 mirabiliorum
1752 2621 1898 2687 loca,

259 2711 512 2766 vidimus
543 2713 798 2768 clausam
817 2715 1249 2770 multitudinem
1275 2715 1332 2769 in
1356 2718 1556 2770 monte
1574 2715 1825 2770 virorum
1847 2719 1904 2767 et

258 2805 593 2860 mulierum.
621 2809 690 2862 Et
717 2824 941 2863 rursum
967 2811 1024 2862 in
1052 2814 1225 2864 monte
1252 2811 1394 2864 unde
1423 2811 1682 2864 Dominus
1709 2824 1900 2864 ascen-

262 2900 352 2954 dit
378 2901 452 2955 ad
475 2903 706 2968 Patrem,
737 2902 831 2956 ubi
867 2907 918 2957 et
945 2901 1196 2972 judicare
1224 2907 1421 2967 veniet,
1449 2905 1682 2958 vidi-mus
1712 2919 1899 2957 mona-

261 2997 436 3049 steria
462 2997 675 3066 copiosa
712 3001 762 3050 et
797 2997 1048 3051 cellulam
1073 2998 1168 3052 ubi
1198 2999 1407 3053 inclusa
1439 2999 1551 3065 fuit
1576 2999 1660 3052 vel
1670 2997 1819 3065 jacet
1847 2999 1904 3051 in

261 3103 486 3159 corpore
512 3094 698 3144 sancta
724 3090 968 3158 Pelag-ia,
999 3094 1056 3144 et
1085 3091 1144 3145 in
1177 3091 1300 3162 ipso
1336 3091 1716 3162 monterjacet
1739 3092 1900 3146 Jaco-
1925 3132 1979 3206 Ο

261 3181 372 3206 1...--
401 3182 656 3206 νι-ι.-.],..;
715 3186 763 3206 ,ι
794 3183 1071 3206 Πι--..ι.,-
1119 3186 1168 3206 ,ι
1208 3185 1378 3206 _.-_11_
1416 3188 1733 3206 _-__-1-.____.
1784 3201 1876 3206 Α-..

261 3181 376 3236 bus
400 3182 680 3251 Zebedaei,
711 3186 769 3236 et
793 3183 1073 3255 Cleophas
1113 3186 1172 3238 et
1207 3185 1386 3240 multa
1412 3188 1739 3240 sanctorum
1778 3201 1900 3238 cor-

262 3292 430 3348 pora.

342 3374 426 3424 17.
457 3371 878 3426 Descendentes
927 3371 998 3426 de
1040 3375 1238 3426 monte
1291 3371 1495 3427 Oliveti
1536 3370 1796 3427 venimus
1845 3373 1901 3424 in

259 3463 461 3518 villam
511 3465 900 3532 Gethzemani,
932 3466 989 3519 in
1023 3467 1146 3520 loco
1188 3466 1286 3520 ubi
1317 3466 1552 3521 traditus
1591 3469 1676 3519 est
1711 3466 1900 3519 Domi-

263 3573 377 3613 nus
411 3575 422 3613 :
456 3558 515 3612 in
547 3576 661 3630 quo
687 3566 820 3615 sunt
849 3560 954 3614 tria
985 3559 1264 3628 accubita,
1296 3559 1356 3613 in
1389 3559 1593 3630 quibus
1620 3559 1712 3613 ille
1739 3577 1900 3614 accu-

260 3652 412 3721 buit,
441 3655 499 3706 et
521 3670 625 3707 nos
648 3669 753 3725 pro
771 3653 1175 3709 benedictione
1198 3653 1565 3708 accubuimus
1589 3669 1602 3707 :
1627 3656 1684 3706 et
1703 3653 1761 3707 in
1784 3653 1905 3724 ipsa

264 3749 356 3801 est
386 3743 591 3800 domus
623 3750 830 3802 sanctae
855 3747 1064 3825 Mariae,
1089 3747 1160 3801 de
1182 3765 1296 3818 qua
1317 3763 1448 3801 eam
1479 3746 1680 3801 dicunt
1699 3747 1772 3801 ad
1793 3763 1901 3802 cce-

263 3841 356 3895 los
401 3840 571 3894 fuisse
614 3839 918 3896 sublatam.
965 3842 1034 3895 Et
1079 3841 1136 3895 in
1186 3841 1310 3912 ipsa
1351 3841 1496 3895 valle
1537 3840 1903 3895 Gethzemani

263 3933 491 3988 ibidem
517 3939 753 3988 vocatur
772 3934 932 3989 vallis
958 3935 1252 4006 Josaphat.
1282 3936 1338 3988 ln
1364 3934 1598 3989 dextera
1616 3937 1796 4006 portae
1821 3937 1906 3988 est

267 4027 541 4082 olivetum
574 4032 632 4082 et
661 4029 907 4082 ﬁculnea
936 4029 994 4083 in
1028 4045 1141 4100 qua
1168 4045 1226 4082 se
1246 4028 1420 4084 Judas
1447 4029 1653 4099 laqueo
1675 4045 1906 4099 suspen-

268 4121 376 4189 dit,
408 4123 517 4176 hoc
543 4125 630 4176 est
659 4122 734 4176 ad
761 4125 988 4194 portam
1032 4123 1369 4192 Jerusalem,
1401 4123 1560 4195 cujus
1600 4124 1751 4178 talea
1795 4125 1906 4178 stat

267 4216 498 4273 munita
515 4216 762 4287 perticis.
788 4218 1012 4271 Portam
1030 4217 1265 4272 civitatis
1285 4216 1433 4289 (quae
1453 4218 1706 4273 cohaeret
1724 4221 1904 4289 porta:

267 4305 576 4376 Speciosee,
603 4322 729 4377 quae
751 4305 859 4360 fuit
888 4305 1108 4378 templi,
1133 4305 1292 4376 cujus
1322 4306 1584 4361 liminare
1605 4310 1662 4361 et
1682 4307 1901 4362 tabula-

265 4394 351 4450 tio
386 4396 510 4464 stat)
538 4394 885 4450 inclinanter
913 4395 1082 4467 proni
1108 4395 1167 4448 in
1195 4398 1408 4449 terram
1439 4395 1684 4466 ingressi
1709 4412 1906 4449 sumus

265 4483 329 4540 in
381 4488 634 4539 sanetam
671 4484 976 4552 civitatem,
1011 4485 1069 4538 in
1115 4501 1227 4555 qua
1272 4483 1634 4539 adoravimus
1678 4485 1981 4581 DominiD

268 4577 740 4628 monumentum.

349 4671 435 4722 18.
463 4670 653 4738 Ipsum
697 4671 1162 4735 monumentum,
1198 4669 1258 4722 in
1291 4685 1404 4740 quo
1437 4685 1640 4741 corpus
1676 4668 1903 4724 Domini

266 4757 524 4831 positum
553 4759 681 4826 fuit,
707 4758 765 4812 in
792 4760 1113 4812 naturalem
1141 4759 1388 4814 excisum
1417 4763 1502 4813 est
1527 4762 1770 4831 petram.
1796 4759 1901 4813 Lu-

269 4865 462 4904 cernoe
493 4848 697 4919 hydria
725 4865 850 4920 qua:
879 4848 975 4902 illo
998 4852 1259 4920 tempore
1282 4851 1352 4905 ad
1379 4853 1549 4922 caput
1575 4851 1696 4922 ejus
1721 4849 1905 4922 posita

265 4938 481 5005 fuerat,
513 4937 728 4992 ibidem
759 4937 923 4992 ardet
948 4937 1046 4992 diu
1078 4941 1366 5010 noctuque
1401 4957 1413 4994 :
1449 4957 1514 4994 ex
1542 4956 1654 5010 qua
1678 4939 1906 4995 benedi-

266 5028 524 5082 ctionem
572 5028 824 5096 tulimus,
859 5030 916 5082 et
949 5030 1440 5100 recomposuimus
1485 5047 1632 5084 eam.
1681 5033 1744 5083 ln
1792 5047 1904 5100 quo

267 5119 659 5171 monumento
692 5117 762 5170 de
794 5117 930 5171 foris
962 5118 1205 5172 mittitur
1234 5122 1408 5186 terra,
1431 5123 1488 5172 et
1518 5117 1906 5189 ingredientes

263 5203 740 5263 benedictionem
782 5207 1008 5261 tollunt.
1069 5207 1236 5277 Lapis
1281 5224 1412 5263 vero
1457 5207 1610 5261 unde
1650 5208 1905 5261 clausum

265 5295 382 5353 fuit
405 5298 853 5351 monumentum
884 5295 1092 5366 ipsum,
1127 5299 1213 5349 est
1242 5300 1376 5351 ante
1403 5297 1543 5351 illud
1570 5314 1908 5352 monumen-

346 5443 372 5473 ⁸
399 5444 456 5500 Si
487 5461 685 5498 sensus
723 5447 810 5498 est
846 5443 1227 5516 dactylosqui
1267 5445 1345 5499 ibi
1386 5450 1699 5501 nascuntur
1743 5446 1908 5500 unius

267 5515 437 5645 librae
465 5516 719 5587 singulos
759 5532 902 5582 esse,
933 5515 1152 5570 caeteris
1183 5517 1404 5571 fabellis
1436 5534 1532 5572 eos
1563 5533 1910 5572 annumeres

293 5593 428 5644 lcet.

293 5604 428 5644 ιεθι.

345 5659 373 5700 b
406 5660 524 5713 lmo
555 5659 628 5712 ad
658 5658 1101 5731 meridionalem
1137 5659 1372 5731 plagam
1396 5664 1657 5731 respectu
1682 5660 1908 5717 Iericho

273 5731 399 5789 sitae
427 5731 660 5784 fuerunt
690 5729 944 5784 Sodoma
971 5734 1029 5783 et
1054 5729 1395 5784 Gomorrha.

347 5816 369 5844 ο
423 5800 781 5867 Barrideum,
834 5817 1050 5856 nomen
1100 5801 1374 5857 hactenus
1415 5803 1672 5873 ignotum
1724 5805 1909 5860 Terrae

605 5896 874 5967 PATROL.
924 5898 1155 5963 LXXII.

2000 1886 2111 1940 quo
2141 1870 2257 1924 ibat
2287 1871 2492 1926 offerre
2523 1875 2698 1940 Isaac,
2734 1873 2966 1943 quando
2995 1873 3236 1928 tentavit
3269 1890 3403 1927 eum
3433 1875 3630 1929 Domi-

2001 1982 2124 2019 nus.
2149 1964 2230 2019 lbi
2252 1970 2309 2019 et
2327 1966 2738 2021 Melchisedech
2761 1966 2966 2021 obtulit
2991 1967 3332 2022 sacriﬁcium
3353 1967 3628 2035 Abrahae;

2001 2059 2232 2130 quando
2280 2061 2675 2113 revertebatur
2717 2077 2844 2114 cum
2886 2061 3120 2116 victoria
3159 2078 3192 2115 a
3232 2061 3387 2115 caede
3414 2061 3439 2101 ἀ
3465 2065 3630 2117 Ame-

1998 2153 2143 2206 lech.
2177 2152 2331 2207 Tunc
2363 2153 2579 2208 ibidem
2618 2153 2776 2208 dedit
2809 2155 2860 2207 ei
2885 2155 3179 2209 Abraham
3210 2170 3445 2209 omnem
3479 2153 3630 2208 deci-

2001 2245 2319 2300 mationem
2347 2247 2404 2300 in
2439 2247 2672 2301 hostias.
2694 2249 2857 2302 Juxta
2886 2247 3073 2317 ipsum
3105 2249 3283 2302 altare
3305 2252 3392 2301 est
3413 2251 3631 2319 crypta,

2002 2337 2095 2392 ubi
2126 2339 2292 2410 ponis
2321 2357 2542 2407 aurem,
2575 2343 2633 2393 et
2662 2341 2822 2395 audis
2851 2339 3091 2395 ﬂumina
3121 2357 3437 2411 aquarum;
3470 2345 3526 2394 et
3547 2341 3634 2410 ja-

2002 2437 2119 2488 ctas
2140 2437 2159 2456 ¹¹
2189 2450 2423 2503 pomum
2462 2437 2560 2488 aut
2591 2434 2746 2488 aliud
2775 2436 2927 2505 quod
2959 2439 3154 2488 natare
3178 2439 3378 2504 potest,
3402 2437 3460 2488 et
3481 2433 3638 2488 vadis

2001 2527 2074 2580 ad
2121 2527 2276 2580 Siloa
2307 2528 2550 2592 fontem,
2592 2528 2686 2581 ubi
2722 2528 2863 2582 illud
2907 2527 3166 2598 recipies.
3200 2530 3355 2583 Intra
3399 2527 3554 2583 Siloa
3583 2532 3640 2582 et

2002 2621 2286 2691 Golgotha
2317 2621 2490 2675 credo
2532 2624 2617 2675 est
2651 2621 2980 2675 milliarium
3013 2639 3026 2676 :
3064 2637 3198 2676 nam
3240 2620 3635 2692 Hierosolyma

2001 2730 2211 2786 aquam
2241 2714 2431 2769 vivam
2458 2731 2571 2786 non
2599 2715 2792 2780 habet,
2823 2719 3035 2786 printer
3062 2715 3120 2768 in
3152 2714 3305 2770 Siloa
3334 2715 3515 2769 fonte.

2073 2811 2160 2863 20.
2194 2809 2271 2862 De
2302 2809 2589 2878 Golgotha
2617 2825 2794 2878 usque
2825 2808 2922 2862 ubi
2953 2808 3185 2862 inventa
3221 2811 3307 2861 est
3338 2825 3472 2862 crux
3505 2811 3640 2862 sunt

2004 2918 2227 2972 gressus
2269 2918 2317 2955 L.
2369 2904 2429 2957 ln
2475 2900 2708 2955 basilica
2738 2901 3100 2957 Constantini
3128 2901 3456 2956 cohaerente
3485 2901 3637 2956 circa

2003 2998 2444 3051 monumentum
2468 2995 2555 3049 vel
2589 2995 2889 3066 Golgotha,
2915 2994 2973 3048 in
3003 2995 3149 3050 atrio
3170 2994 3346 3066 ipsius
3365 2994 3637 3063 basilicae,

2005 3093 2090 3144 est
2135 3089 2459 3144 cubiculum
2504 3089 2599 3144 ubi
2639 3090 2860 3160 lignum
2903 3089 3086 3144 crucis
3126 3088 3488 3144 reconditum
3522 3091 3636 3156 est;

2007 3199 2179 3255 quam
2213 3181 2575 3238 adoravimus
2607 3186 2664 3236 et
2689 3183 3086 3237 osculavimus.
3122 3183 3266 3236 Nam
3299 3185 3356 3236 et
3384 3182 3638 3249 titulum,

2007 3277 2105 3348 qui
2125 3293 2295 3347 super
2320 3280 2491 3347 caput
2518 3277 2639 3347 ejus
2665 3277 2882 3347 positus
2913 3277 3120 3342 fuerat,
3143 3277 3202 3329 in
3225 3292 3339 3346 quo
3361 3275 3636 3346 scriptum

2007 3374 2093 3424 est
2131 3374 2279 3426 Iesus
2318 3374 2631 3428 Nazarenus
2676 3374 2790 3427 Rem
2812 3370 3148 3433 Iudaeorum,
3181 3369 3338 3423 tenui
3371 3369 3428 3423 in
3461 3385 3640 3423 manu

2007 3467 2064 3518 et
2087 3464 2370 3518 osculatus
2400 3480 2546 3518 sum.
2579 3464 2822 3534 Lignum
2851 3463 3033 3516 crucis
3065 3463 3136 3516 de
3171 3478 3314 3517 nuce
3348 3465 3435 3516 est
3467 3479 3479 3517 :
3513 3479 3648 3534 pro-

2006 3558 2247 3613 cedente
2273 3574 2407 3612 vero
2440 3561 2637 3612 sancta
2667 3573 2832 3612 cruce
2848 3539 2925 3611 Ide
2947 3555 3205 3610 cubiculo
3231 3573 3333 3610 suo
3355 3560 3636 3628 apparet‘

2008 3653 2170 3707 stella
2196 3651 2254 3705 in
2282 3653 2443 3718 caelo,
2466 3655 2523 3705 et
2542 3651 2698 3706 venit
2722 3667 2895 3722 super
2924 3651 3111 3705 locum
3133 3650 3229 3704 ubi
3251 3667 3384 3704 crux
3404 3650 3638 3717 residet,

2007 3748 2066 3800 et
2086 3745 2221 3799 dum
2246 3745 2521 3801 adoretur
2541 3762 2698 3813 crux,
2717 3748 2831 3799 stat
2851 3761 3023 3816 super
3042 3761 3172 3798 eam
3193 3745 3374 3799 stella.
3395 3746 3463 3799 Et
3480 3744 3644 3799 aﬂ‘er-

2005 3845 2098 3894 tur
2109 3839 2302 3895 oleum
2315 3840 2388 3894 ad
2403 3839 2864 3895 benedicendum
2883 3838 3152 3910 ampullis
3166 3839 3643 3910 onychinis.Hora

2005 3951 2140 4010 vero
2183 3951 2297 4006 qua
2337 3934 2597 4006 tetigerit
2630 3934 2852 4005 lignum
2895 3933 3076 3988 crucis
3115 3933 3400 4005 ampullas
3431 3937 3473 4004 *,
3509 3950 3640 3990 mox

2008 4012 2206 4083 ebullit
2236 4029 2409 4084 foras.
2447 4029 2791 4084 Revertente
2825 4045 2988 4082 cruce
3029 4027 3087 4082 in
3131 4029 3319 4084 locum
3363 4045 3552 4096 suum,
3587 4033 3644 4082 et

2007 4123 2170 4177 stella
2209 4122 2425 4194 pariter
2460 4123 2784 4193 revertitur,
2833 4126 2889 4176 et
2927 4127 3052 4193 post
3087 4123 3367 4177 reclusam
3414 4138 3638 4177 crucem

2007 4234 2122 4271 non
2147 4221 2386 4288 apparet
2407 4218 2590 4272 stella.
2606 4217 2792 4271 Etiam
2817 4215 2894 4269 ibi
2919 4219 3005 4270 est
3024 4232 3210 4270 canna
3231 4217 3286 4269 et
3305 4215 3549 4286 spongia
3568 4215 3640 4270 de

2006 4306 2213 4376 quibus
2235 4306 2444 4376 legitur
2458 4306 2515 4360 in
2535 4305 2860 4376 Evangelia,
2881 4321 3012 4358 cum
3035 4321 3147 4375 qua
3164 4303 3405 4375 spongia
3425 4320 3640 4375 aquam

2005 4394 2254 4448 bibimus
2289 4411 2302 4448 :
2331 4397 2388 4447 et
2417 4394 2559 4448 calix
2587 4394 2904 4464 onychinus
2931 4409 3102 4464 quem
3130 4390 3426 4448 benedixit
3450 4393 3640 4448 Domi-

2004 4500 2113 4537 nus
2142 4483 2201 4537 in
2231 4499 2409 4549 coena,
2439 4485 2496 4538 et
2539 4483 2664 4536 alia:
2690 4483 2886 4536 multae
2910 4482 3166 4537 virtutes.
3202 4482 3427 4552 Species
3456 4483 3640 4537 beatae

2004 4572 2190 4628 Mariae
2217 4572 2276 4626 in
2305 4572 2585 4643 superiori
2613 4573 2758 4639 loco,
2781 4574 2838 4625 et
2865 4589 3008 4626 zona
3040 4572 3234 4642 ipsius,
3271 4574 3327 4626 et
3352 4571 3638 4644 ligamen-

2006 4668 2128 4718 tum
2175 4680 2289 4734 quo
2333 4662 2392 4716 in
2437 4662 2617 4734 capite
2664 4661 2935 4715 utebatur
2968 4677 2980 4716 :
3013 4664 3070 4715 et
3113 4661 3191 4714 ibi
3240 4664 3374 4715 sunt
3417 4665 3638 4733 septem

2007 4753 2293 4808 cathedrae
2316 4769 2624 4807 marmora:
2652 4750 2966 4805 seniorum.

2078 4850 2165 4902 21.
2196 4847 2335 4902 Inde
2363 4845 2726 4902 ascendimus
2755 4844 2811 4898 in
2845 4844 3048 4898 turrim
3077 4843 3275 4911 David,
3310 4843 3406 4898 ubi
3438 4844 3644 4900 decan-

2006 4937 2146 4992 tavit
2188 4935 2547 4991 Psalterium.
2579 4935 2782 5006 Magna
2813 4937 2898 4987 est
2929 4933 3089 4988 valde
3121 4949 3134 4987 :
3169 4933 3228 4986 in
3262 4932 3498 5004 singulis
3528 4951 3636 4990 coe-

2010 5026 2244 5092 naculis,
2279 5042 2406 5097 qua:
2439 5025 2855 5096 quadrangula,
2890 5022 3061 5077 turris
3088 5025 3200 5090 est;
3236 5026 3293 5077 et
3324 5039 3468 5095 opus
3495 5025 3639 5080 scul-

2009 5119 2192 5188 ptum,
2218 5133 2334 5170 non
2365 5115 2583 5169 habens
2612 5117 2845 5177 tectum,
2875 5111 2934 5165 in
2956 5129 3068 5182 qua
3094 5111 3396 5167 Christiani
3420 5131 3526 5185 pro
3549 5113 3644 5170 de-

2007 5206 2235 5261 votione
2262 5205 2583 5260 ascendunt
2610 5203 2681 5257 ad
2706 5201 3104 5269 mansionem;
3139 5204 3197 5256 et
3216 5201 3366 5257 circa
3387 5203 3641 5260 medium

2009 5296 2192 5350 noctis
2231 5295 2477 5368 spatium
2512 5293 2832 5363 surgentes,
2863 5289 3107 5345 audiunt
3134 5307 3302 5347 voces
3328 5294 3349 5315 ⁶
3378 5309 3636 5349 murmu-

2011 5450 2234 5504 Sanctaa
2261 5445 2645 5518 scriptoribus.

2081 5521 2107 5562 ἀ
2134 5514 2425 5574 Abraham
2467 5535 2582 5573 non
2619 5515 2897 5589 percussit
2929 5515 3312 5589 Amalec,_sed
3341 5515 3472 5570 Saul
3508 5514 3635 5589 :_vi-

2009 5591 2187 5646 ctoria
2227 5594 2423 5645 autem
2467 5607 2501 5644 a
2542 5585 2664 5661 qua
2703 5586 3097 5661 revertebatur
3136 5586 3428 5661 Abraham
3458 5585 3640 5642 relata

2009 5662 2117 5717 fuit
2143 5662 2214 5717 de
2242 5661 2496 5733 quinque
2525 5655 2760 5733 regibus
2785 5660 2881 5733 qui
2913 5659 3058 5733 victo
3089 5655 3636 5733 regeSodpmorum

2011 5738 2068 5791 et
2092 5725 2423 5803 sociis-ejus.
2442 5725 2715 5806 nepotem
2743 5725 2884 5787 Ldth
2910 5727 3197 5799 captivum
3223 5725 3528 5785 ducebant.

3258 5902 3335 5962 ‘29
