4054 6186
439 293 540 348 907

1744 283 1832 342 AN
1836 284 2062 342 TONlNI
2099 285 2494 343 PLACENTINI

438 400 693 456 rantium
741 394 1008 454 deorsum
1056 392 1114 450 in
1153 395 1294 451 valle
1329 395 1617 466 Josaphat,
1657 393 1730 449 ad
1773 395 1895 450 loca
1939 409 2067 466 quae
2087 406 2146 479 Α
2166 399 2250 451 est
2292 395 2370 451 ibi
2412 393 2646 450 basilica
2677 392 2958 462 volubilis,
2989 392 3060 450 de
3105 391 3210 449 sub
3253 409 3366 465 qua
3407 392 3595 465 surgit
3623 391 3790 462 Siloa,

437 493 752 567 respiciunt
778 495 977 548 contra
999 490 1312 546 Sodomam
1342 493 1400 544 et
1423 488 1827 544 Gomorrham.

507 591 596 643 22.
629 585 846 643 Deinde
878 583 1136 639 venimus
1173 582 1232 638 in
1265 582 1560 638 basilicam
1603 581 1760 649 Sion,
1799 581 1895 636 ubi
1935 585 2068 636 sunt

440 680 725 736 mirabilia
753 679 934 733 multa
963 695 976 732 :
1010 677 1160 732 inter
1189 693 1316 749 quae
1345 681 1430 733 est
1459 676 1610 749 quod
1643 675 1855 748 legitur
1884 676 1954 731 de
1981 677 2063 730 la-

438 775 574 848 pide
598 771 880 844 angulari,
923 771 1018 842 qui
1049 771 1383 843 reprobatus
1409 751 1495 826 est
1524 770 1595 850 ab
1629 769 2062 826 aediﬁcantibus.

435 867 679 925 Domino
712 865 866 921 enim
884 864 1260 936 ’ingrediente
1289 865 1347 920 in
1374 865 1560 936 ipsam
1589 864 1908 930 ecclesiam,
1937 880 2066 935 qua:

435 961 544 1017 fuit
572 960 777 1016 domus
813 959 994 1014 sancti
1038 958 1250 1026 Jacobi,
1283 958 1500 1014 invenit
1539 957 1793 1030 lapidem
1825 959 1846 982 '
1873 957 2060 1012 defor-

431 1072 607 1122 mem,
637 1055 696 1109 in
723 1053 916 1108 medio
935 1053 1258 1124 jacentem;
1291 1052 1590 1123 tenuitque
1617 1069 1771 1122 eum,
1795 1055 1853 1106 et
1877 1051 2068 1123 posuit

433 1151 495 1204 in
516 1149 747 1221 angulo.
766 1147 951 1212 Quem
970 1150 1178 1201 tenens
1202 1147 1355 1201 levas
1375 1149 1433 1200 et
1457 1145 1623 1217 ponis
1644 1162 1842 1200 aurem
1865 1145 1923 1200 in
1941 1145 2063 1216 ipso

435 1243 706 1314 angulo',
730 1244 788 1296 et
812 1243 979 1296 sonat
1008 1240 1066 1294 in
1102 1240 1334 1295 auribus
1357 1239 1472 1295 tuis
1493 1239 1656 1311 quasi
1678 1239 2063 1294 murmuratio

434 1337 742 1392 multorum
774 1329 1099 1388 hominum.
1132 1337 1195 1389 In
1227 1333 1349 1404 ipsa
1379 1334 1627 1387 Ecclesia
1657 1337 1740 1386 est
1771 1333 2060 1400 columna,

433 1430 493 1485 in
513 1447 626 1502 qua
643 1430 754 1484 tale
772 1431 857 1482 est
875 1427 1127 1500 signum,
1143 1431 1205 1481 ut
1222 1427 1360 1481 dum
1375 1443 1505 1481 eam
1517 1426 1756 1498 quidam
1772 1427 2064 1498 amplexus

433 1523 652 1591 fuisset,
679 1522 740 1577 in
775 1522 900 1594 ipsa
931 1521 988 1576 ei
1021 1523 1220 1592 pectus
1249 1505 1492 1576 adhaesit
1517 1523 1574 1574 et
1599 1523 1880 1592 apparent
1909 1520 1968 1574 in
1996 1537 2064 1575 ea

431 1619 642 1690 palmas
675 1620 732 1671 et
760 1615 958 1688 digiti;
989 1615 1066 1670 ita
1099 1617 1160 1669 ut
1185 1614 1320 1668 inde
1353 1631 1456 1686 per
1483 1613 1736 1685 singulos
1759 1615 2064 1685 languores

433 1712 684 1779 tollatur,
717 1713 776 1765 et
815 1709 910 1781 qui
956 1709 1106 1764 circa
1150 1709 1359 1763 collum
1403 1708 1636 1775 habent,
1671 1711 1962 1762 sanantur.
2001 1710 2062 1762 ln

2165 491 2420 545 clausura
2439 488 2851 558 cancellorum;
2893 487 2954 543 in
2983 487 3188 559 quibus
3205 503 3310 558 pro
3331 487 3722 543 benedictione
3735 487 3793 542 in

2164 600 2281 639 uno
2307 585 2566 639 lavantur
2590 583 2716 650 viri,
2738 583 2800 638 in
2828 582 3006 638 altero
3025 598 3157 637 vero
3180 581 3446 637 mulieres
3472 597 3486 635 :
3510 581 3569 635 in
3591 581 3792 652 quibus

2166 677 2326 750 aquis
2353 677 2534 732 multa
2556 676 2954 746 ostenduntur,
2977 675 3094 730 imo
3118 680 3175 731 et
3197 673 3404 746 leprosi
3424 674 3787 730 mundantur.

2166 773 2233 826 Et
2258 776 2387 827 ante
2415 771 2620 827 atrium
2649 775 2732 826 est
2755 771 2971 842 piscina
2997 769 3248 842 grandis,
3278 785 3459 824 manu
3490 768 3788 824 hominum

2164 864 2404 935 munita,
2431 865 2490 920 in
2518 882 2630 937 qua
2655 865 2880 920 lavatur
2913 864 3156 936 populus
3191 863 3412 918 assidue
3455 862 3589 917 solis
3628 863 3788 917 certis

2165 959 2322 1014 horis
2349 975 2362 1012 :
2396 975 2529 1014 nam
2565 958 2658 1014 ille
2685 958 2809 1014 fons
2843 957 3047 1030 irrigat
3077 973 3250 1029 aquas
3280 956 3506 1026 multas,
3532 972 3665 1028 qua:
3695 955 3788 1010 de-

2163 1053 2442 1109 scendunt
2464 1069 2567 1125 per
2589 1052 2796 1108 vallem
2828 1051 3115 1123 Josaphat,
3145 1067 3272 1122 quae
3309 1055 3366 1105 et
3405 1049 3792 1119 Gethzemani,

2165 1151 2221 1202 et
2247 1146 2650 1218 ingrediuntur
2674 1146 2734 1202 in
2761 1146 3002 1202 Jordane
3027 1144 3217 1214 ﬂuvio,
3239 1143 3338 1199 ubi
3361 1142 3619 1199 Jordanis
3653 1141 3793 1198 deﬁ-

2164 1240 2240 1295 cit
2268 1241 2328 1295 in
2358 1257 2516 1296 mare
2546 1239 2885 1309 Salinarum,
2917 1239 3116 1295 subtus
3143 1238 3448 1294 Sodomam
3474 1242 3533 1292 et
3556 1237 3794 1292 Gomor-

2164 1335 2352 1390 rham.

2233 1427 2324 1480 25.
2352 1426 2470 1496 Ipse
2512 1423 2640 1480 fons
2685 1423 2834 1479 Siloa
2881 1423 3030 1478 infra
3081 1421 3364 1477 civitatem
3411 1421 3664 1476 inclusus
3691 1423 3795 1487 est,

2163 1518 2299 1590 quia
2330 1517 2586 1573 Eudoxia
2622 1517 2650 1558 ι)
2693 1535 2840 1573 uxor
2864 1515 3553 1588 Justinianiiimperatoris
3578 1513 3798 1569 addidit

2163 1629 2357 1668 muros
2385 1612 2442 1666 in
2469 1612 2694 1667 civitate
2720 1611 3048 1674 Jerusalem,
3081 1615 3138 1666 et
3174 1611 3298 1682 ipsa
3331 1609 3578 1664 munivit
3603 1608 3794 1679 sepul-

2163 1723 2324 1762 crum
2351 1711 2407 1762 et
2430 1706 2714 1761 basilicam
2753 1705 2900 1760 beati
2930 1705 3219 1777 Stephani,
3249 1709 3305 1760 et
3328 1705 3450 1776 ipsa
3477 1717 3649 1758 suum
3689 1701 3792 1756 ha-

433 1805 558 1878 ipsa
585 1806 852 1860 columna
879 1807 965 1858 est
992 1819 1172 1857 cornu
1192 1801 1332 1856 illud
1359 1801 1430 1856 de
1457 1819 1570 1873 quo
1591 1818 1758 1873 reges
1777 1801 2066 1882 ungeban-
2083 1782 2141 1854 B
2163 1801 2259 1855 bet
2301 1800 2624 1872 sepulcrum
2653 1800 2816 1871 juxta
2844 1799 3170 1872 sepulcrum
3211 1798 3363 1854 beati
3401 1795 3711 1868 Stephani;
3741 1799 3796 1851 et

435 1903 545 1968 tur,
578 1898 732 1954 unde
767 1902 825 1952 et
852 1897 1024 1952 David
1055 1896 1113 1950 in
1149 1913 1330 1966 regno
1364 1901 1566 1952 unctus
1606 1899 1709 1950 est.
1741 1896 1822 1951 lbi
1851 1899 1935 1950 est
1967 1913 2060 1950 co-

433 2009 578 2049 rona
598 1992 796 2065 spinea
816 1991 887 2046 de
909 2007 1022 2062 qua
1044 1989 1318 2046 Dominus
1336 1994 1644 2046 coronatus
1664 1992 1770 2058 est,
1789 1993 1847 2044 et
1864 1990 2064 2045 lancea

433 2087 505 2143 de
528 2103 643 2160 qua
663 2087 722 2142 in
741 2087 920 2141 latere
947 2101 1250 2157 percussus
1275 2087 1378 2151 est,
1405 2086 1462 2138 et
1478 2083 1698 2156 lapides
1723 2083 1910 2152 multi,
1931 2100 2063 2138 cum

433 2181 641 2254 quibus
669 2179 774 2234 fuit
801 2178 1084 2251 lapidatus
1104 2177 1446 2249 Stephanus.
1470 2177 1552 2232 lbi
1574 2178 1840 2232 columna
1861 2177 1921 2232 in
1951 2193 2065 2250 qua

430 2275 620 2348 posita
659 2273 767 2329 fuit
807 2290 939 2328 crux
987 2271 1141 2327 beati
1173 2271 1348 2340 Petri,
1379 2271 1479 2332 ubi
1515 2271 1810 2326 crucifixus
1837 2273 1924 2327 est
1953 2272 2060 2326 Ro-

431 2385 578 2436 mae;
612 2367 692 2422 ibi
718 2371 776 2422 et
800 2367 942 2422 calix
966 2366 1024 2420 in
1054 2382 1166 2437 quo
1187 2368 1320 2437 post
1342 2365 1820 2421 resurrectionem
1840 2364 2064 2420 Domini

433 2462 636 2517 missas
660 2461 1022 2516 celebrarunt
1043 2459 1317 2530 apostoli;
1346 2461 1406 2514 et
1433 2459 1614 2514 multa
1642 2459 1755 2514 alia
1779 2457 2064 2514 mirabilia

435 2572 563 2629 quae.
601 2573 718 2611 non
759 2555 970 2610 recolo.
1003 2555 1086 2609 lbi
1110 2559 1188 2610 est
1213 2555 1597 2610 monasterium
1615 2554 1929 2624 puellarum
1958 2571 1976 2608 :
2007 2555 2066 2606 et

431 2645 511 2700 ibi
541 2645 656 2700 vidi
693 2646 902 2699 testam
935 2642 1188 2698 hominis
1225 2643 1506 2698 inclusam
1547 2643 1604 2698 in
1654 2643 1844 2698 loculo
1887 2657 2061 2698 aureo

433 2741 636 2796 ornato
673 2737 919 2809 gemmis
951 2753 965 2792 :
995 2753 1172 2809 quam
1205 2737 1404 2792 dicunt
1437 2753 1559 2792 esse
1597 2740 1768 2809 caput
1793 2736 2064 2808 martyris

429 2833 734 2890 Theodotus
767 2841 794 2871 ι
821 2831 880 2886 in
910 2847 1024 2903 qua
1061 2831 1227 2886 multi
1267 2833 1482 2903 aquam
1511 2847 1616 2903 pro
1658 2830 2060 2886 benedictione

428 2926 656 2994 bibunt,
684 2930 743 2982 et
765 2941 874 2997 ego
900 2924 1038 2980 bibi.

502 3022 592 3074 23.
619 3021 694 3074 De
725 3020 856 3076 Sion
887 3033 1052 3088 usque
1089 3019 1365 3074 basilicam
1401 3023 1602 3074 sancta:
1631 3020 1844 3082 Maria,
1871 3018 1950 3072 ibi
1985 3021 2063 3072 est

432 3113 774 3183 congregatio
805 3127 1008 3179 magna
1047 3113 1428 3167 monachorum
1467 3127 1530 3167 ac
1554 3112 1840 3166 mulierum
1868 3127 2063 3166 mensae

427 3205 866 3268 innumerabiles,
885 3205 1021 3259 lecta
1045 3205 1415 3276 languentium
1435 3205 1565 3275 plus
1582 3207 1818 3275 quinque
1834 3205 2059 3268 millia',

429 3301 507 3357 ad
533 3302 714 3356 minus
744 3301 875 3356 tria.
907 3299 978 3353 Et
1001 3297 1289 3354 oravimus
1323 3298 1381 3352 in
1410 3298 1676 3370 praetorio
1709 3299 1808 3353 ubi
1831 3299 2060 3354 auditus

430 3399 518 3451 est
546 3394 858 3462 Dominus;
889 3397 948 3448 et
970 3392 1030 3447 in
1051 3409 1120 3448 eo
1145 3392 1380 3448 basilica
1406 3398 1616 3449 sanctae
1644 3393 1893 3465 Sophiaz.
1913 3395 2059 3450 Ante

427 3490 624 3546 ruinas
645 3487 848 3560 templi
879 3486 1204 3544 Salomonis
1223 3487 1327 3542 sub
1357 3487 1550 3560 platea
1577 3504 1729 3560 aqua
1749 3487 2002 3542 decurrit
2026 3505 2060 3542 a

429 3585 589 3640 fonte
618 3583 792 3640 Siloe.
824 3583 998 3640 Secus
1023 3581 1309 3654 porticum
1337 3581 1664 3638 Salomonis
1687 3582 1746 3637 in
1775 3582 1897 3654 ipsa
1915 3583 2061 3638 basi-

427 3679 537 3734 lica
577 3683 662 3734 est
697 3677 854 3732 sedes
883 3677 940 3731 in
987 3692 1100 3748 qua
1143 3675 1290 3732 sedit
1317 3675 1547 3748 Pilatus,
1578 3677 1806 3749 quando
1845 3677 2062 3733 audivit

428 3771 756 3827 Dominum.
779 3772 945 3826 Petra
968 3775 1053 3825 est
1074 3771 1464 3842 quadrangula
1483 3771 1541 3824 in
1561 3787 1672 3843 qua
1693 3787 1823 3826 reus
1841 3771 2060 3827 levaba-

428 3869 544 3935 tur,
571 3867 640 3920 ut
663 3865 734 3920 ab
760 3863 1024 3919 omnibus
1049 3863 1344 3920 audiretur
1369 3868 1427 3919 et
1451 3864 1758 3921 videretur.
1795 3866 1855 3920 ln
1883 3882 1948 3922 ea
1973 3865 2056 3922 le-

426 3963 590 4013 vatus
614 3959 699 4012 est
725 3955 1018 4024 Dominus,
1047 3957 1275 4028 quando
1300 3941 1526 4013 auditus
1551 3963 1635 4014 est
1659 3976 1692 4013 a
1719 3959 1914 4026 Pilato,
1947 3959 2056 4014 ibi-

428 4068 542 4125 que
565 4051 717 4106 illius
742 4050 1016 4106 remansit
1040 4051 1258 4124 imago,
1280 4051 1484 4123 pedem
1510 4051 1722 4108 habens
1748 4053 2056 4125 modicum,

425 4146 752 4220 pulchrum,
779 4144 1064 4200 subtilem.
1099 4145 1307 4200 Natura
1341 4145 1678 4216 communis,
1710 4147 1945 4218 pulchra
1971 4147 2056 4202 fa-

427 4241 558 4312 cies,
613 4240 812 4313 capillo
864 4239 1271 4310 subannulato,
1328 4256 1530 4295 manus
1578 4239 1842 4311 formosa,
1897 4241 2058 4315 digiti

423 4337 603 4408 longi,
633 4337 910 4408 quantum
937 4334 1127 4407 imago
1165 4333 1442 4407 designat,
1467 4351 1594 4406 quas
1633 4335 1729 4390 illo
1755 4335 1975 4391 vivente
2003 4341 2061 4392 et

423 4431 666 4504 pedibus
688 4429 1015 4485 ambulante
1041 4429 1063 4452 ⁸
1091 4427 1240 4500 picta
1265 4432 1369 4499 est,
1399 4433 1457 4485 et
1478 4429 1660 4501 posita
1684 4429 1745 4485 in
1771 4429 1894 4502 ipso
1920 4447 2060 4502 pras-

2081 3159 2136 3234 C

2165 1894 2316 1950 infra
2358 1893 2684 1966 sepulcrum
2729 1897 2861 1948 sunt
2905 1909 3129 1965 gressus
3166 1907 3314 1958 xxvr,
3344 1895 3400 1946 et
3435 1890 3634 1946 beatus
3671 1889 3787 1944 Ste-

2163 1989 2388 2062 phanus
2405 1987 2704 2060 requiescit
2727 1987 2860 2042 foris
2879 1991 3106 2060 portam
3126 1985 3344 2058 sagittae
3363 1985 3544 2056 jactu,
3567 1999 3796 2054 unaque

2165 2083 2333 2138 modo
2357 2087 2518 2153 porta
2565 2098 2629 2136 ex
2672 2081 2908 2136 nomine
2951 2079 3128 2153 ipsius
3173 2079 3438 2152 martyris
3465 2081 3720 2146 vocatur,
3745 2083 3800 2132 et

2165 2179 2250 2232 est
2276 2176 2346 2231 ad
2371 2175 2522 2230 viam
2548 2192 2677 2249 quas
2705 2173 2932 2247 respicit
2969 2174 3042 2230 ad
3084 2174 3465 2241 Occidentem,
3493 2189 3624 2245 quae
3671 2171 3797 2226 des-

2164 2270 2353 2326 cendit
2376 2269 2446 2325 ad
2477 2271 2712 2341 Joppem
2739 2275 2795 2324 et
2819 2269 3134 2324 Caesaream
3183 2268 3497 2323 Palaestinae
3520 2267 3610 2322 vel
3635 2267 3797 2321 Dios-

2163 2364 2306 2436 polis
2332 2363 2636 2431 civitatem,
2667 2379 2794 2435 quae
2835 2362 3146 2434 antiquitus
3186 2362 3477 2418 dicebatur
3515 2364 3726 2416 Azotus
3753 2373 3796 2430 ο,

2164 2459 2226 2515 in
2264 2475 2377 2532 qua
2417 2457 2720 2528 requiescit
2750 2461 2974 2512 sanctus
3003 2457 3274 2528 Georgius
3313 2461 3551 2528 martyr.
3579 2457 3644 2510 In
3677 2456 3802 2528 ipsa

2163 2553 2275 2622 via,
2305 2569 2421 2607 non
2465 2552 2638 2622 longe
2684 2553 2831 2606 astat
2877 2551 3140 2606 columna
3187 2565 3527 2618 marmorea,
3575 2549 3640 2604 in
3685 2565 3803 2621 qua

2165 2645 2434 2702 Dominus
2475 2644 2632 2716 prius
2667 2644 2976 2699 ducebatur
3011 2643 3082 2699 ad
3124 2643 3530 2715 ﬂagellandum
3570 2661 3584 2698 :
3617 2659 3756 2714 que
3780 2644 3802 2666 ⁸

2161 2739 2386 2812 fugiens
2420 2739 2604 2794 levata
2634 2743 2719 2793 est
2751 2738 2820 2792 ad
2859 2737 3059 2806 nubes,
3087 2741 3146 2793 et
3167 2737 3421 2809 deposita
3455 2741 3542 2793 est
3578 2737 3642 2792 in
3682 2737 3803 2809 ipso

2161 2836 2318 2905 loco;
2369 2839 2426 2890 et
2464 2835 2526 2889 in
2569 2837 2790 2889 tantum
2837 2848 3036 2888 verum
3081 2831 3438 2904 cognoscitur
3487 2847 3631 2900 esse,
3666 2832 3806 2904 quia

2161 2946 2277 2985 non
2323 2928 2498 2984 habet
2535 2927 2717 2983 basim
2763 2927 2861 2983 ubi
2907 2926 3077 2982 debet
3117 2942 3236 2982 esse
3279 2925 3531 2995 fundata,
3577 2925 3682 2982 sed
3725 2926 3802 2982 sic

2161 3027 2270 3080 stat
2313 3039 2485 3095 super
2524 3027 2740 3078 terram
2777 3026 2834 3076 et
2877 3020 3143 3093 agitatur.
3173 3022 3236 3075 In
3265 3020 3424 3091 cuius
3463 3019 3803 3076 summitate

2162 3119 2309 3175 Crux
2352 3118 2538 3172 ferrea
2564 3115 2744 3188 posita
2771 3119 2874 3171 est.
2903 3116 2970 3170 Et
2997 3131 3192 3170 rursus
3224 3131 3326 3186 per
3350 3114 3560 3170 scalam
3593 3131 3798 3170 ascen-

2162 3213 2335 3280 ditur,
2364 3215 2422 3267 et
2448 3211 2594 3266 ﬁunt
2621 3210 2700 3265 ibi
2723 3209 3031 3265 luminaria
3063 3214 3120 3264 et
3143 3209 3460 3279 incensum,
3492 3212 3552 3263 et
3575 3209 3797 3265 daemo-

2159 3306 2303 3362 niaci
2330 3307 2716 3362 mundantur:
2746 3320 2878 3359 nam
2909 3307 2966 3358 et
2990 3303 3059 3374 in
3086 3303 3206 3375 ipsa
3233 3303 3521 3375 provincia
3550 3307 3638 3359 est
3661 3303 3794 3358 bea-

2158 3405 2250 3456 tus
2275 3405 2491 3472 martyr
2515 3397 2809 3470 Georgius.

2229 3497 2318 3550 26.
2364 3497 2558 3565 Itaque
2606 3496 2877 3548 exeuntes
2926 3509 2992 3547 ex
3034 3491 3182 3548 Siloa
3225 3491 3402 3560 fonte,
3430 3491 3700 3546 venimus
3733 3491 3794 3546 in

2159 3606 2362 3662 agrum
2388 3587 2487 3660 qui
2517 3591 2875 3658 comparatus
2904 3591 2988 3642 est
3018 3585 3202 3658 pretio
3225 3585 3519 3658 sanguinis
3547 3585 3790 3655 Domini,

2157 3683 2258 3756 qui
2303 3684 2534 3738 vocatur
2573 3680 2925 3744 Haceldama,
2971 3679 3030 3734 id
3075 3684 3157 3735 est
3200 3682 3344 3749 Ager
3383 3682 3696 3748 sanguinis,
3736 3679 3792 3734 in

2159 3793 2272 3850 quo
2309 3776 2661 3848 sepeliuntur
2685 3789 2885 3830 omnes
2925 3773 3234 3846 peregrini.
3273 3774 3340 3829 Et
3372 3774 3526 3828 intra
3550 3773 3676 3846 ipsa
3703 3789 3790 3828 se-

2157 3871 2352 3944 pulcra
2378 3871 2513 3926 sunt
2549 3867 2764 3924 cellula:
2791 3883 3080 3924 servorum
3123 3867 3242 3936 Dei,
3269 3867 3364 3922 ubi
3407 3867 3558 3922 ﬁunt
3597 3866 3794 3923 multa:

2156 3965 2391 4022 virtutes
2418 3982 2433 4019 :
2463 3967 2520 4020 et
2547 3978 2650 4034 per
2682 3961 2803 4017 loca
2837 3962 2986 4018 infra
3023 3962 3143 4033 ipsa
3170 3962 3427 4034 sepulcra
3452 3967 3589 4018 sunt
3611 3961 3793 4017 vinea

2159 4063 2214 4115 et
2236 4075 2423 4132 poma.

2227 4157 2316 4210 27.
2337 4155 2698 4210 Revertentes
2721 4153 2782 4209 in
2807 4151 3111 4221 civitatem,
3130 4150 3393 4206 venimus
3417 4150 3488 4208 ad
3511 4150 3791 4222 piscinam

2157 4247 2518 4318 natatoriam,
2547 4264 2675 4320 quae
2703 4247 2956 4320 quinque
2991 4245 3242 4320 porticus
3281 4245 3472 4314 habet,
3502 4249 3562 4301 et
3589 4245 3650 4300 in
3677 4261 3791 4301 una

2159 4358 2356 4398 earum
2394 4345 2480 4398 est
2517 4341 2739 4398 basilica
2783 4345 2987 4396 sanctas
3028 4339 3237 4410 Mariae,
3269 4339 3368 4394 ubi
3405 4339 3606 4395 multas
3647 4339 3792 4394 fiunt

2157 4437 2412 4491 virtutes.
2443 4437 2568 4508 Ipsa
2599 4451 2730 4492 vero
2761 4433 2979 4508 piscina
3012 4433 3182 4490 modo
3199 4433 3406 4505 jactata
3434 4439 3520 4489 est
3553 4433 3614 4489 in
3644 4438 3787 4489 stet-

423 4523 594 4582 torio.
623 4523 806 4578 Etiam
833 4523 903 4578 de
928 4523 1048 4594 ipsa
1072 4527 1231 4594 petra
1250 4524 1448 4579 multae
1475 4524 1622 4580 fiunt
1647 4524 1882 4581 virtutes
1909 4542 1923 4580 :
1958 4525 2058 4580 tol-
2075 4539 2135 4612 D
2159 4547 2306 4600 core,
2329 4535 2385 4586 et
2410 4528 2491 4584 ibi
2513 4529 2777 4585 lavantur
2805 4528 3002 4584 omnia
3027 4544 3154 4601 quae
3179 4527 3496 4584 necessaria
3526 4531 3682 4582 sunt.
3699 4527 3788 4583 Vi-

423 4617 608 4674 lentes
637 4633 966 4672 mensuram
991 4617 1060 4672 de
1086 4615 1208 4688 ipso
1236 4617 1492 4690 vestigio,
1526 4618 1706 4690 ligant
1725 4636 1828 4692 per
1857 4619 2055 4692 singu-

425 4711 512 4768 los
553 4712 856 4784 languores
879 4712 937 4766 et
964 4715 1256 4767 sanantur.
1283 4713 1349 4766 Et
1377 4712 1499 4785 ipsa
1537 4715 1704 4784 porta
1738 4718 1935 4769 ornata
1977 4721 2062 4771 est

427 4823 496 4863 ex
520 4822 659 4862 auro
689 4810 746 4861 et
771 4808 1028 4876 argento.

497 4901 588 4958 24.
632 4901 767 4957 Inde
813 4897 1074 4954 venimus
1117 4898 1188 4955 ad
1234 4915 1390 4954 aram
1441 4899 1540 4956 ubi
1584 4901 1690 4957 fuit
1745 4901 2060 4975 antiquitus

426 5000 593 5069 porta
617 4995 856 5050 civitatis
883 5011 896 5050 :
923 4995 982 5050 in
1027 4993 1148 5066 ipso
1190 4993 1310 5048 loco
1349 4999 1482 5050 sunt
1508 5011 1671 5067 aquae
1707 4996 1971 5067 putridas,
1999 4997 2059 5052 in

429 5105 568 5162 quas
587 5089 790 5145 missus
815 5093 900 5146 est
916 5088 1186 5145 Jereinias
1212 5088 1512 5160 propheta.
1535 5089 1617 5144 Ab
1646 5106 1782 5145 arcu
1813 5090 1908 5146 illo
1939 5091 2060 5146 des-

430 5182 798 5239 cendentibus
815 5183 975 5239 nobis
990 5183 1060 5238 ad
1074 5182 1294 5239 fontem
1313 5182 1460 5239 Siloa
1478 5199 1582 5254 per
1601 5183 1809 5256 gradus
1828 5187 2056 5259 multos,

503 5351 529 5418 ξι
557 5336 735 5418 Variae
758 5337 924 5418 variis
955 5339 1152 5418 diebus
1175 5339 1476 5418 Theodotus
1501 5345 1776 5418 martyres
1800 5342 2060 5418 coluntur

429 5427 462 5466 a
481 5409 712 5478 Graecis,
741 5424 845 5478 nec
871 5409 1032 5464 facile
1061 5417 1144 5466 est
1170 5411 1420 5466 divinare
1463 5409 1665 5466 utrum
1704 5412 1911 5468 harum
1951 5415 2056 5470 ali-

429 5498 599 5556 quam
629 5477 719 5556 vel
743 5477 910 5556 aliam
937 5479 1214 5556 diversam
1247 5482 1525 5556 intelligat
1543 5488 1768 5556 auctor.

498 5555 528 5595 b
555 5553 776 5627 Nullam
808 5551 914 5607 hoc
941 5551 1668 5627 nomineuxorem'habuit
1691 5556 2054 5627 Justinianus,

427 5623 871 5700 nec_Theodora,
905 5639 1077 5700 quam
1112 5622 1329 5700 habuit,
1358 5626 1768 5700 Hierosolymas
1804 5622 2058 5700 unquam

426 5696 611 5766 venit;
657 5697 755 5752 sed
797 5693 1357 5767 intelligendaessct
1396 5693 1658 5767 Eudocia,
1689 5715 1834 5754 uxor
1876 5693 2056 5756 Theo-

430 5767 866 5848 dosii_jun_i_oris,
897 5767 967 5848 de
985 5765 1165 5848 cuius.
1176 5765 1240 5821 in
1263 5767 1435 5848 Terra
1460 5766 1660 5822 Sancta
1688 5770 1855 5848 rebus
1876 5773 2060 5848 gestis

431 5841 489 5894 et
513 5836 765 5896 aediﬁciis
789 5836 958 5894 sacris
984 5836 1174 5894 licebit
1191 5838 1371 5893 multa
1391 5836 1582 5909 legere
1606 5840 1754 5909 apud
1775 5836 2054 5914 antiquos;

2161 4623 2348 4679 dimus
2368 4629 2424 4679 et
2447 4623 2506 4679 in
2532 4640 2650 4680 uno
2673 4623 2885 4696 angulo
2910 4626 3165 4678 catenam
3190 4621 3436 4678 ferream
3461 4621 3504 4688 ⁸,
3529 4638 3662 4677 cum
3685 4637 3791 4694 qua

2159 4734 2216 4773 se
2244 4717 2570 4790 illaqueavit
2593 4717 2786 4774 infelix
2814 4719 2844 4773 J
2847 4717 3002 4772 udas.
3031 4717 3244 4772 lterum
3273 4719 3548 4772 exeuntes
3569 4715 3641 4770 ad
3661 4700 3790 4787 por?

2158 4815 2280 4866 tam
2311 4811 2607 4883 majorem,
2639 4811 2898 4867 venimus
2932 4809 3006 4865 ad
3039 4810 3226 4865 locum
3252 4809 3313 4864 in
3349 4825 3465 4882 quo
3491 4806 3791 4880 requiescit

2157 4905 2357 4961 beatus
2393 4905 2600 4960 Ysitius
2621 4906 2649 4947 (ι
2681 4922 2694 4960 :
2726 4904 2918 4977 ibique
2961 4907 3270 4977 erogantur
3307 4919 3481 4975 panes
3525 4901 3786 4975 pauperi—

2159 4999 2284 5068 bus,
2311 5015 2454 5072 quos
2477 4999 2767 5072 deputavit
2789 4999 2954 5055 beata
2979 4997 3206 5054 Helena.
3295 5017 3306 5021 '
3408 5054 3420 5070 ,

2229 5097 2318 5149 28.
2354 5093 2456 5151 Via
2482 5110 2608 5166 quia
2639 5093 2794 5150 ducit
2821 5093 2892 5149 ad
2916 5092 3210 5149 Bethleem
3234 5090 3497 5148 milliaria
3529 5092 3698 5148 tertio
3721 5089 3786 5144 ab

2157 5187 2486 5258 Jerusalem,
2507 5187 2662 5259 jacet
2699 5187 2924 5256 Rachel,
2961 5203 3106 5243 uxor
3141 5186 3330 5257 Jacob,
3360 5191 3549 5242 mater
3586 5183 3789 5240 scilicet

2160 5341 2242 5398 uti
2263 5343 2469 5411 ethoc,
2493 5342 2649 5413 quod
2679 5345 2905 5396 mortuo
2929 5341 3176 5413 conjuge
3203 5340 3404 5413 eodem
3429 5357 3675 5410 reversa,
3703 5355 3783 5394 se-

2157 5414 2316 5484 pulta
2339 5413 2412 5468 sit
2431 5413 2492 5485 in
2511 5412 2754 5485 ecclesia
2790 5414 2968 5485 sancti
2995 5412 3284 5485 Stephani.

2231 5497 2254 5525 ο
2279 5487 2379 5540 Ast
2420 5483 2815 5540 diversissimae.
2862 5481 3111 5540 civitates
3149 5489 3281 5538 sunt
3327 5481 3606 5552 Diospolis
3641 5483 3788 5552 (alias

2159 5557 2328 5612 Liddo
2355 5573 2420 5610 ac
2447 5556 2697 5624 Ramula)
2725 5561 2781 5610 et
2801 5559 3034 5624 Azotus;
3066 5555 3188 5610 hec
3225 5553 3380 5609 enim
3404 5553 3478 5610 ad
3504 5571 3664 5610 mare
3689 5554 3788 5608 sita

2159 5634 2242 5682 est
2269 5629 2328 5682 in
2354 5627 2561 5682 ﬁnibus
2585 5628 2702 5681 Dan
2731 5627 2803 5682 ad
2831 5627 3149 5696 meridiem,
3172 5627 3272 5681 illa
3292 5641 3423 5680 vero
3445 5627 3504 5680 in
3536 5626 3785 5697 ejusdem

2157 5699 2337 5754 tribus
2361 5699 2567 5754 ﬁnibus
2596 5699 2918 5753 Borealibus
2943 5698 3374 5754 mediterranea.

2228 5772 2253 5810 ά
2285 5771 2481 5842 Neque
2506 5768 2760 5842 iisitium,
2787 5785 2972 5842 neque
3014 5768 3661 5842 Hesychium__sanctum
3689 5767 3781 5822 ali-

2158 5857 2330 5915 quem
2357 5838 2486 5895 novi
2513 5841 2582 5897 de
2609 5857 2724 5915 quo
2745 5838 2838 5897 hic
2859 5838 3015 5898 locus
3037 5838 3218 5914 possit
3239 5838 3502 5916 intelligi.
