4054 6186
282 308 386 359 909

1750 315 2215 374 ITINERARIUM.

3549 331 3652 385 9l0

273 413 483 485 Ioseph
509 417 566 469 et
591 415 1047 489 Benjamin,quaa
1066 418 1372 490 requiescit
1394 420 1455 475 in
1481 420 1690 479 ﬁnibus
1708 426 1904 483 Rama.
1929 438 1989 512 Α
2007 428 2200 500 pluvia
2229 428 2537 500 descendit,
2566 433 2871 504 postquam
2901 432 3073 489 David
3103 448 3198 489 eos
3233 433 3567 505 maledixit;
3598 442 3655 493 et

278 508 345 562 In
393 507 580 563 medio
626 508 749 564 loco
802 510 862 565 in
904 511 1092 566 media
1133 512 1221 567 via
1264 529 1411 585 aqua
1442 517 1655 588 surgit,
1702 507 1989 579 habens“
2018 522 2311 578 nocturnis
2338 523 2490 578 horis
2522 530 2733 581 secreto
2764 526 3024 582 videntur
3066 526 3145 582 ibi
3186 528 3331 583 volvi
3374 528 3653 586 immundi

274 601 440 672 quasi
467 602 738 657 sextarios
779 609 1017 676 septem,
1064 606 1211 661 unde
1249 623 1446 662 omnes
1499 612 1790 683 complent
1835 632 1920 671 sa-

274 694 531 749 tietatem
575 696 825 767 bibendi,
858 704 915 753 et
957 715 1061 754 nec
1098 705 1341 772 augetur
1380 719 1486 758 nec
1534 705 1831 779 minuitur,
1864 715 1920 765 et

271 792 360 843 est
386 789 572 844 suavis
620 789 691 844 ad
737 791 1086 862 bibendum;
1138 797 1197 849 et
1244 795 1442 851 dicunt
1487 799 1640 870 quod
1684 800 1918 873 fugiens

272 880 440 936 beata
487 883 656 938 Maria
704 884 764 938 in
806 886 1093 957 Egytum,
1125 888 1332 945 sederit
1357 889 1433 944 ibi
1468 906 1599 946 cum
1635 910 1831 964 puero,
1862 902 1919 951 et

274 974 471 1029 sitiens
518 976 713 1046 oravit,
760 981 817 1032 et
858 979 1125 1034 continuo
1173 998 1322 1052 aqua
1368 985 1680 1054 emanavit;
1712 993 1768 1043 et
1795 989 1917 1059 ipso

272 1066 397 1123 loco
428 1070 596 1124 modo
623 1070 857 1126 ecclesia
879 1079 1197 1130 constructa
1216 1079 1321 1131 est.

345 1164 436 1217 29.
467 1163 598 1218 [nde
626 1180 805 1236 usque
828 1165 1115 1223 Bethleem
1135 1169 1399 1226 milliaria
1428 1188 1510 1227 IlI.
1535 1174 1601 1227 Et
1627 1174 1916 1231 Bethleem

272 1259 360 1310 est
386 1254 541 1311 locus
569 1258 1077 1331 splendidissimus,
1108 1263 1256 1317 servi
1310 1265 1412 1320 Dei
1459 1267 1645 1322 multi.
1703 1268 1783 1322 lbi
1835 1275 1918 1325 est

273 1349 542 1419 spelunca
585 1350 681 1405 ubi
727 1357 896 1408 natus
946 1360 1031 1409 est
1072 1356 1363 1428 Dominus,
1392 1363 1451 1414 et
1473 1361 1821 1432 praesepium
1847 1379 1915 1418 ex

270 1457 418 1515 auro
454 1449 511 1498 et
548 1451 784 1516 argento
827 1454 1117 1519 ornatum,
1164 1456 1220 1506 et
1256 1452 1477 1523 jugiter
1523 1453 1599 1508 ibi
1646 1454 1792 1510 ﬁunt
1836 1458 1915 1510 lu-

272 1536 537 1605 minaria,
566 1555 626 1593 os
674 1556 806 1594 vero
853 1543 1135 1612 speluncas
1180 1548 1508 1616 angustum.
1542 1548 1916 1621 Hieronymus

271 1629 591 1701 presbyter,
630 1632 690 1686 in
734 1634 1016 1704 loquendo
1063 1637 1299 1707 peritus,
1342 1638 1402 1693 in
1446 1640 1913 1712 interpretatione

269 1723 478 1790 clarus,
508 1724 655 1780 inter
673 1732 906 1783 cunctos
931 1729 1141 1784 relator
1161 1732 1512 1803 conspicuus,
1535 1735 1597 1789 in
1617 1735 1795 1808 ipsius
1816 1754 1912 1792 ore

2018 615 2267 687 spiritus,
2295 621 2569 689 tanquam
2596 619 2800 675 vellera
2834 621 2979 675 lanae
3004 622 3091 676 vel
3120 621 3288 677 undae
3316 623 3507 678 maris.

2089 713 2178 767 32.
2202 710 2416 766 Deinde
2444 713 2658 768 viantes
2684 715 2755 769 ad
2779 716 2945 783 latus,
2971 715 3228 770 venimus
3270 717 3327 771 in
3373 717 3657 774 civitatem

2017 820 2145 876 quas
2186 804 2392 859 dicitur
2433 806 2738 878 Heliopolis
2769 808 2815 875 ἀ,
2846 808 2904 863 in
2946 808 3069 864 loco
3102 809 3198 863 ubi
3227 809 3500 882 Sampson
3536 810 3652 866 for-

2014 896 2266 952 tissimus
2308 914 2438 953 cum
2482 900 2709 955 maxilla
2749 901 2892 956 asini
2936 901 3090 956 mille
3136 902 3337 958 occidit
3380 903 3553 972 viros,
3588 922 3654 960 ea

2016 1004 2129 1059 qua
2156 989 2385 1043 maxilla
2410 990 2533 1061 ipso
2560 994 2757 1045 orante
2785 1006 2938 1061 aqua
2961 990 3246 1062 proﬂuxit,
3278 992 3374 1063 qui
3400 991 3526 1046 fons
3554 1009 3651 1046 us-

2017 1096 2128 1151 que
2148 1082 2209 1136 in
2228 1082 2569 1138 hodiernum
2596 1083 2745 1139 diem
2772 1083 2896 1138 loca
2914 1083 3007 1137 illa
3026 1084 3231 1155 irrigat
3254 1101 3265 1138 :
3296 1100 3431 1140 nam
3452 1084 3511 1139 in
3531 1085 3655 1141 loco

2017 1173 2115 1228 ubi
2141 1175 2345 1246 surgit,
2373 1176 2606 1232 fuimus.
2641 1177 2849 1232 Deinde
2874 1177 3134 1232 venimus
3177 1177 3328 1232 inter
3372 1178 3658 1250 templum

2019 1272 2075 1322 et
2102 1268 2278 1335 altare
2315 1269 2413 1324 ubi
2453 1269 2666 1325 occisus
2696 1275 2780 1325 est
2806 1271 3120 1340 Zacharias,
3163 1273 3221 1326 et
3259 1263 3359 1326 ub'i
3403 1273 3654 1343 requies-

2015 1360 2111 1415 cit.
2142 1362 2275 1417 Inde
2302 1362 2562 1417 venimus
2599 1364 2669 1418 ad
2693 1364 2883 1418 locum
2919 1363 3017 1418 ubi
3052 1363 3223 1419 Isaias
3266 1366 3542 1437 propheta
3586 1366 3656 1421 de

2013 1454 2205 1526 lignea
2228 1472 2381 1511 serra
2405 1462 2622 1512 secatus
2651 1462 2754 1512 est.
2782 1459 2851 1512 Et
2875 1457 2993 1528 ipse
3012 1457 3163 1529 jacet
3190 1457 3269 1511 ibi
3308 1459 3412 1513 sub
3440 1475 3656 1530 quercu

2014 1549 2192 1620 Rogel
2209 1550 2378 1621 juxta
2406 1566 2687 1622 aquarum
2711 1551 3054 1621 decursum;
3089 1557 3144 1606 et
3188 1552 3310 1623 ipsa
3356 1568 3509 1608 serra
3549 1568 3654 1625 pro

2012 1642 2341 1698 testimonio
2369 1645 2554 1716 posita
2574 1650 2659 1700 est
2680 1645 2752 1700 ad
2772 1650 3032 1700 sanctum
3056 1645 3407 1701 Zachariam.
3433 1647 3500 1701 Et
3523 1646 3656 1702 inde

2016 1737 2272 1791 venimus
2301 1738 2373 1792 ad
2399 1738 2587 1793 locum
2615 1738 2715 1793 ubi
2754 1738 2974 1793 Ahacuc
3023 1739 3302 1810 propheta
3347 1740 3653 1812 prandium

270 1815 555 1887 speluncae
576 1822 797 1889 petram
817 1822 1065 1893 sculpsit,
1095 1828 1150 1879 et
1176 1825 1249 1879 ob
1278 1827 1632 1884 devotionem
1662 1829 1913 1886 Salvato-
1935 1815 1992 1887 B
2015 1830 2231 1885 ferebat
2258 1831 2619 1899 messoribus,
2647 1832 2874 1903 quando
2903 1848 3033 1887 cum
3059 1834 3296 1904 angelus
3336 1849 3441 1905 per
3483 1834 3654 1890 verti-

270 1909 352 1964 ris
376 1910 591 1966 ibidem
619 1913 725 1968 sibi
745 1923 1182 1973 monumentum
1202 1919 1353 1977 fecit.
1381 1921 1638 1977 Milliario
1658 1924 1826 1980 semis
1848 1925 1915 1981 de

270 2004 567 2060 Bethleem
603 2006 663 2061 in
690 2007 792 2062 sub
811 2009 947 2064 urbe
978 2010 1171 2078 David,
1196 2014 1349 2083 jacet
1376 2015 1552 2069 David
1578 2033 1591 2069 :
1621 2017 1717 2072 sed
1747 2024 1802 2073 et
1826 2018 1911 2073 in-

265 2096 457 2153 fantes
484 2116 625 2170 quos
655 2102 857 2158 occidit
898 2104 1161 2176 Herodes,
1191 2106 1311 2178 ipso
1337 2108 1396 2163 in
1423 2109 1545 2164 loco
1588 2110 1799 2168 habent
1825 2129 1912 2167 se-

267 2191 492 2263 pulcra,
515 2198 573 2250 et
588 2195 849 2250 videntur
877 2213 1075 2253 eorum
1102 2207 1294 2256 sancta
1325 2219 1467 2258 ossa.
1493 2205 1636 2259 Ante
1648 2207 1914 2261 Bethleem

266 2292 350 2342 est
396 2292 773 2344 monasterium
827 2308 979 2347 muro
1005 2296 1258 2360 cinctum,
1290 2298 1349 2350 in
1389 2314 1493 2367 quo
1537 2300 1788 2356 mltitudo
1839 2306 1914 2356 est

268 2383 674 2438 monachorum.

344 2476 434 2529 30.
466 2475 541 2529 De
576 2477 867 2533 Bethleem
903 2495 1083 2552 usque
1133 2482 1206 2537 ad
1262 2483 1449 2539 ilicem
1489 2487 1735 2542 Mambre
1779 2492 1912 2543 sunt

265 2566 450 2622 millia
476 2585 607 2624 xxm
634 2569 697 2641 ⁸;
746 2571 807 2626 in
856 2588 969 2645 quo
1014 2573 1139 2629 loco
1184 2577 1549 2648 requiescunt
1599 2581 1906 2651 Abraham,

266 2663 441 2731 Isaac,
485 2668 542 2718 et
581 2664 773 2736 Jacob,
807 2670 863 2721 et
904 2667 1056 2739 Sara,
1086 2673 1143 2723 et
1191 2671 1363 2726 simul
1416 2690 1540 2728 ossa
1581 2675 1823 2746 Ioseph;
1854 2682 1911 2731 et

265 2755 497 2811 basilica
522 2757 795 2814 aediﬁcata
821 2765 925 2815 est.
956 2762 1017 2815 In
1039 2763 1467 2836 quadriporticu
1491 2767 1698 2822 atrium
1718 2768 1778 2823 in
1797 2786 1910 2825 me-

268 2848 367 2904 dio
398 2849 816 2923 discoopertum
836 2871 854 2923 ;
889 2857 946 2909 et
970 2872 1071 2927 per
1110 2858 1364 2914 medium
1406 2862 1791 2918 cancellorum
1838 2880 1907 2919 ex

266 2959 388 2998 uno
418 2944 591 2999 latere
637 2946 851 3004 intrant
878 2949 1202 3019 Christiani,
1236 2942 1305 3007 ex
1334 2952 1443 3009 alio
1467 2955 1669 3025 Judaei,
1694 2956 1903 3013 facien-

266 3042 356 3091 tes
380 3037 606 3093 incensa
640 3041 856 3111 multa;
893 3059 1027 3097 nam
1069 3045 1342 3116 depositio
1382 3048 1551 3103 David
1592 3055 1648 3104 et
1679 3050 1850 3106 Jacob
1880 3052 1906 3092 ι)

264 3129 332 3184 in
371 3135 520 3186 terra
564 3133 677 3204 illa,
706 3135 797 3190 die
824 3136 1009 3207 primo
1035 3142 1161 3209 post
1186 3140 1381 3197 Natale
1409 3141 1631 3205 Domini
1661 3143 1902 3200 devotis-

265 3228 413 3284 sime
456 3231 526 3285 ab
571 3233 835 3289 omnibus
880 3235 1222 3309 celebratur,
1253 3239 1332 3294 ita
1359 3244 1425 3295 ut
1452 3256 1521 3296 ex
1550 3242 1707 3296 omni
1733 3248 1904 3315 terra,

264 3324 596 3381 Iudaeorum
642 3329 941 3386 conveniat
989 3330 1420 3388 innumerabilis
1462 3335 1788 3407 multitudo,
1818 3337 1904 3391 in-

267 3433 438 3473 censa
481 3420 729 3477 ferentes
772 3423 860 3478 vel
910 3424 1228 3496 luminaria,
1263 3432 1319 3482 et
1348 3427 1547 3484 dantes
1580 3446 1818 3485 munera
1844 3447 1909 3486 ac

265 3513 571 3569 servientes
601 3515 833 3572 ibidem.
865 3519 1071 3574 lterum
1099 3525 1446 3577 revertentes
1489 3522 1547 3577 in
1577 3524 1906 3591 Jerusalem,

266 3606 665 3664 descendimus
707 3627 811 3682 per
852 3612 1000 3668 viam
1048 3630 1176 3686 qua:
1216 3615 1367 3671 vadit
1396 3616 1468 3671 ad
1493 3616 1697 3671 Gazam
1728 3623 1783 3672 et
1807 3623 1905 3674 As-

269 3701 436 3756 calon
465 3703 649 3759 millia
677 3720 770 3760 xx.

337 3798 429 3851 3i.
484 3797 560 3852 De
610 3799 923 3855 Jerusalem
972 3801 1231 3858 venimus
1279 3803 1340 3859 in
1383 3808 1635 3860 montem
1683 3805 1906 3877 Gelboe,

263 3889 369 3945 ubi
398 3890 603 3947 occidit
630 3892 803 3949 David
832 3894 1120 3966 gigantem
1149 3897 1343 3967 Goliat,
1375 3910 1418 3968 ο,
1448 3904 1505 3953 et
1530 3899 1626 3953 ubi
1652 3906 1910 3956 mortuus

265 3988 356 4039 est
393 3983 522 4039 Saul
565 3990 623 4041 et
662 3985 812 4041 ﬁlius
855 3988 975 4059 ejus
1016 3991 1299 4045 Jonathas.
1328 3992 1479 4048 Iacet
1521 3992 1602 4047 ibi
1643 3993 1822 4049 Goliat
1848 3994 1908 4049 in

263 4077 459 4133 media
498 4079 604 4147 via,
650 4080 905 4152 ligneum
955 4083 1169 4139 habens
1214 4085 1286 4140 ad
1327 4091 1495 4158 caput
1535 4103 1817 4157 acervum,
1853 4094 1911 4144 et

263 4187 442 4243 super
468 4188 601 4228 eum
637 4176 931 4246 congeries
975 4193 1187 4250 magna
1230 4183 1546 4252 petrarum,
1578 4181 1655 4237 ita
1684 4186 1747 4237 ut
1773 4200 1808 4237 a
1836 4199 1904 4238 xx

263 4264 522 4320 millibus
547 4284 662 4323 non
690 4269 868 4340 possis
905 4270 1157 4327 invenire
1193 4272 1440 4345 lapidem
1479 4291 1651 4347 quem
1679 4292 1907 4333 movere

260 4359 467 4432 possis,
500 4361 631 4432 quia
658 4379 790 4418 usus
815 4369 901 4420 est
925 4365 1071 4420 talis.
1116 4366 1344 4432 Quoties
1390 4368 1517 4440 quis
1562 4370 1640 4424 ibi
1684 4371 1904 4440 transit,

263 4456 461 4509 ternos
496 4455 711 4527 lapides
753 4474 946 4514 secum
975 4459 1174 4528 defert,
1207 4465 1264 4516 et
1289 4478 1383 4517 eos
1416 4461 1495 4517 ibi
1519 4463 1744 4534 projicit
1760 4481 1778 4534 ;
1811 4465 1907 4520 sed

2016 1939 2140 1979 cem
2164 1927 2382 1994 tenens,
2411 1924 2572 1980 duxit
2599 1925 2660 1981 in
2685 1926 2877 1980 locum
2902 1924 3002 1980 ubi
3040 1926 3231 1981 Daniel
3270 1926 3421 1982 inter
3460 1927 3653 1983 leones

2015 2017 2231 2072 orabat.
2266 2020 2331 2073 Et
2358 2018 2435 2072 ibi
2473 2018 2657 2095 surgit
2698 2018 2826 2074 fons
2876 2010 2970 2074 ubi
3015 2019 3306 2092 Philippus
3348 2020 3655 2093 baptizavit

2015 2112 2373 2167 Eunuchum.
2407 2113 2465 2167 In
2491 2112 2625 2184 ipsis
2655 2116 2789 2167 sunt
2812 2112 2969 2184 putei
3002 2129 3145 2184 quos
3174 2114 3442 2169 foderunt
3472 2115 3647 2169 Abra-

2014 2203 2149 2259 ham
2176 2209 2233 2260 et
2266 2206 2432 2273 Isaac,
2463 2210 2520 2260 et
2543 2206 2904 2277 appellarunt
2930 2206 3306 2262 Calumniam.

2084 2300 2172 2354 33.
2197 2298 2332 2354 Inde
2363 2299 2604 2370 ingressi
2628 2316 2825 2355 sumus
2850 2300 3106 2355 Ascalon.
3158 2301 3376 2355 Ibidem
3421 2306 3506 2356 est
3543 2319 3647 2374 pu-

2012 2398 2135 2448 teus
2161 2392 2339 2460 Pacis,
2369 2393 2430 2447 in
2454 2394 2688 2448 modum
2714 2394 2924 2449 theatri
2967 2395 3167 2462 factus,
3216 2394 3273 2448 in
3314 2412 3429 2466 quo
3471 2412 3648 2467 usque

2010 2486 2079 2541 ad
2112 2502 2321 2557 aquam
2352 2487 2713 2542 descenditur
2739 2505 2842 2559 per
2880 2488 3123 2559 gradus;
3155 2488 3255 2542 ubi
3284 2488 3651 2560 requiescunt

2008 2584 2123 2633 tres
2152 2580 2352 2635 fratres
2378 2585 2656 2651 martyres
2683 2594 2725 2635 θ.
2774 2582 3002 2653 Propria
3029 2581 3260 2653 quidem
3290 2582 3500 2637 habent
3538 2597 3643 2638 no-

2011 2672 2188 2743 mina,
2245 2674 2344 2729 sed
2396 2674 2707 2758 vulgariter
2758 2675 3003 2747 Egyptii
3054 2679 3344 2731 vocantur.
3400 2675 3649 2731 Milliario
3744 2736 3745 2739 η

2007 2783 2041 2821 a
2069 2767 2308 2836 civitate,
2346 2768 2593 2838 ﬂerapia
2640 2773 2743 2836 est,
2789 2767 2984 2823 civitas
3028 2768 3247 2824 Maxoni
3291 2769 3643 2824 Ascalonita.

2006 2861 2138 2916 Inde
2159 2860 2420 2916 venimus
2438 2860 2495 2915 in
2516 2860 2798 2917 civitatem
2827 2858 3148 2931 Axomates,
3176 2863 3236 2917 in
3260 2879 3370 2935 qua
3395 2863 3644 2934 requies-

2006 2954 2082 3008 cit
2139 2957 2365 3009 sanctus
2414 2954 2604 3010 Victor
2648 2960 2866 3027 martyr
2893 2954 2940 3010 τ.
3002 2957 3080 3010 De
3126 2957 3352 3012 Mazona
3387 2956 3649 3012 venimus

2005 3064 2185 3120 usque
2215 3050 2419 3104 Gazam
2452 3048 2780 3104 milliarium
2804 3066 2818 3104 :
2841 3050 2981 3105 Gaza
3009 3052 3203 3105 autem
3230 3050 3424 3105 civitas
3451 3050 3640 3122 splen—

2009 3142 2162 3213 dida,
2217 3142 2497 3213 deliciosa,
2541 3142 2800 3198 homines
2847 3143 3245 3213 honestissimi,
3294 3142 3452 3199 omni
3502 3143 3641 3199 libe-

2008 3236 2224 3291 ralitate
2253 3236 2463 3306 decori,
2493 3241 2781 3293 amatores
2806 3238 3260 3310 peregrinorum.
3283 3237 3418 3293 Inde
3443 3237 3646 3295 millia-

2008 3329 2093 3386 rio
2118 3330 2363 3385 secundo
2392 3331 2690 3402 requiescit
2715 3336 2943 3387 sanctus
2966 3328 3213 3387 Hilarion
3243 3344 3288 3387 Β.

2082 3425 2168 3478 34.
2212 3422 2346 3478 Inde
2372 3424 2628 3478 venimus
2656 3424 2715 3478 in
2762 3424 3042 3480 civitatem
3069 3425 3281 3479 Dunaal
3309 3423 3356 3494 ιι,
3388 3424 3449 3479 in
3477 3427 3646 3495 caput

2010 3516 2186 3572 eremi
2210 3532 2337 3588 quae
2359 3518 2513 3571 vadit
2529 3518 2600 3571 ad
2627 3517 2758 3572 Sina
2786 3523 3042 3573 montem
3072 3536 3087 3573 :
3122 3518 3181 3573 in
3220 3534 3333 3589 qua
3376 3533 3447 3572 ex
3490 3518 3639 3572 rela-

2008 3610 2164 3665 tione
2190 3608 2434 3681 episcopi
2458 3610 2635 3682 ipsius
2662 3610 2919 3681 civitatis,
2948 3627 3132 3667 unum
3169 3610 3487 3667 audivimus
3530 3610 3638 3665 mi-

2009 3703 2285 3773 raculum,
2315 3704 2469 3776 quod
2495 3704 2658 3759 silere
2697 3721 2811 3760 non
2855 3710 3098 3776 oportet.
3139 3706 3335 3760 Puella
3375 3704 3643 3776 quaedam

2010 3798 2359 3853 nobilissima
2383 3797 2616 3854 nomine
2658 3799 2852 3867 Maria,
2884 3816 3013 3855 cum
3057 3803 3237 3871 nupta
3277 3798 3495 3870 fuisset,
3522 3798 3645 3871 ipsa

2006 3894 2171 3947 nocte
2198 3895 2410 3963 nuptus
2434 3892 2522 3947 sui
2550 3895 2810 3948 mortuus
2837 3896 2923 3948 est
2946 3909 3188 3965 sponsus
3216 3893 3372 3965 ejus;
3410 3894 3643 3965 ipsaque

2008 3987 2156 4041 hanc
2203 4002 2323 4042 rem
2366 3987 2644 4058 patienter
2688 3988 2948 4058 portavit,
2988 3992 3045 4042 et
3080 3987 3226 4043 infra
3265 3987 3641 4059 septimanam

2007 4079 2199 4136 omnia
2222 4097 2324 4135 sua
2349 4080 2633 4136 distribuit
2657 4081 3019 4153 pauperibus.
3053 4081 3345 4138 Celebrato
3386 4082 3478 4137 die
3512 4098 3641 4153 sep-

2009 4175 2173 4243 timo,
2199 4179 2365 4230 nocte
2406 4175 2531 4247 ipsa
2569 4180 2720 4232 veste
2765 4176 2953 4248 sponsi
2997 4175 3233 4245 sublata,
3264 4175 3491 4230 inventa
3523 4191 3641 4230 non

2007 4274 2091 4324 est
2120 4289 2136 4324 :
2168 4268 2238 4325 de
2268 4285 2381 4341 qua
2405 4250 2732 4326 dictum‘est
2763 4269 2926 4325 nobis
2966 4269 3099 4341 quia
3146 4274 3293 4324 esset
3340 4269 3403 4323 in
3447 4284 3639 4323 eremo

2006 4367 2160 4418 trans
2212 4364 2535 4433 Jordanem,
2592 4364 2743 4418 inter
2789 4364 3061 4418 calameta
3098 4362 3186 4417 vel
3222 4362 3471 4433 palmata
3506 4366 3638 4417 ante

2006 4473 2107 4511 nos
2136 4456 2195 4511 in
2225 4456 2433 4511 ﬁnibus
2461 4457 2659 4528 Segor,
2681 4456 2741 4510 in
2777 4455 2923 4511 mari
2946 4455 3264 4511 Salinarum
3290 4474 3305 4510 :
3346 4455 3407 4510 in
3432 4453 3639 4526 quibus

260 4552 323 4603 et
348 4564 450 4604 nos
474 4549 730 4606 similiter
752 4552 1011 4608 fecimus.
1039 4555 1097 4610 In
1128 4553 1277 4626 ipsos
1302 4560 1527 4611 montes
1550 4572 1654 4611 nec
1684 4573 1775 4612 ros
1800 4574 1903 4614 nec
1922 4558 1982 4631 D
2002 4550 2142 4605 locis
2187 4549 2510 4606 invenimus
2549 4549 2891 4606 monasteria
2918 4566 2986 4604 XV
3013 4550 3097 4604 νει
3134 4566 3267 4605 XVIII
3293 4549 3633 4622 ΡῠθῙΙειταΠιν

338 4717 362 4796 _‘
395 4718 701 4796 Bxppnctis
727 4737 818 4793 xx,
844 4722 1090 4796 sufﬁciet
1111 4722 1401 4796 reliquisse
1425 4740 1510 4780 III.

338 4788 365 4828 δ
395 4788 496 4844 De_
517 4791 688 4846 David
732 4788 813 4847 θχ⁷
842 4794 1069 4849 Menaeis
1118 4788 1353 4851 constat.
1399 4796 1568 4851 Jacob
1611 4812 1728 4852 una
1773 4814 1904 4852 cum

261 4860 487 4944 caeteris
517 4864 971 4949 progenitoribus
1013 4866 1231 4947 Christi.
1246 4867 1456 4949 festum
1500 4868 1672 4949 habet
1710 4869 1899 4949 Domi-

258 4935 395 5011 nica
443 4939 573 4988 ante
611 4934 861 5011 Natalem
911 4937 1157 5009 Domini,
1190 4937 1335 4993 sicut
1385 4939 1455 4994 ad
1501 4940 1904 5011 Ephemerides

259 5007 678 5062 Grecomoscas
701 5007 886 5062 docui.

339 5089 363 5117 ο
391 5075 550 5150 Lib.l
580 5078 823 5150 Regum,
855 5095 976 5150 cap.
1011 5096 1139 5150 xvn,
1169 5080 1410 5135 Goliathi
1452 5082 1667 5137 caedem
1702 5084 1904 5140 descri-

259 5147 373 5217 bit,
410 5146 613 5220 factam
653 5146 713 5202 in
758 5150 898 5204 valle
920 5146 1287 5220 'Terebinthi,
1335 5152 1430 5206 ubi
1476 5158 1904 5211 castrametatus

261 5224 390 5292 erat
418 5217 554 5292 Saul
579 5223 774 5292 contra
797 5221 1127 5292 Philistasos,
1150 5217 1420 5279 habentes
1439 5231 1617 5280 castra
1637 5242 1738 5281 sua
1756 5227 1905 5281 inter

260 5290 684 5369 Soch_ot_Juda:
731 5297 787 5369 et
836 5290 1127 5369 Azeca_in_
1162 5295 1392 5369 Finibus
1442 5296 1746 5367 Dommim,
1775 5314 1901 5369 qua:

260 5361 612 5441 omniaploca
639 5366 770 5441 sunt
790 5364 978 5419 media
997 5364 1087 5441 via
1102 5365 1264 5441 inter
1284 5367 1594 5441 Jerusalem
1624 5373 1680 5424 et
1705 5361 1899 5441 Joppe,

261 5432 615 5509 a_montibus
640 5434 862 5509 Gelboe,
885 5437 1082 5507 procul
1098 5437 1230 5493 inde
1255 5438 1327 5492 ad
1347 5438 1731 5495 Euroboream
1760 5432 1899 5509 sitis,

259 5505 396 5578 plus
421 5521 592 5578 quam
617 5521 687 5560 xx
717 5505 909 5578 leucisl

338 5576 456 5650 {lAW
477 5576 623 5650 valle
678 5576 1005 5632 Terebinthi
1058 5594 1238 5650 usque
1289 5580 1361 5635 ad
1416 5581 1693 5638 civitatem
1749 5583 1901 5650 solis,

262 5648 360 5705 cui
404 5648 766 5723 propinquus
792 5654 876 5704 est
899 5650 1023 5704 fons
1048 5648 1391 5723 Sampsonis,
1420 5668 1452 5708 x
1477 5653 1701 5709 circiter
1728 5648 1901 5710 leucaé

264 5719 654 5776 extenduntur
699 5736 894 5776 versus
934 5719 1254 5789 meridiem,
1288 5728 1343 5778 et
1371 5719 1504 5779 hinc
1531 5731 1733 5782 caetera
1773 5726 1904 5782 satis

260 5792 569 5864 commode
593 5797 929 5864 sequuntur,
947 5792 1057 5847 nisi
1083 5794 1235 5864 quod
1254 5793 1462 5850 iterum
1489 5802 1684 5854 auctor
1711 5814 1899 5854 recur-

268 5868 357 5919 rat
386 5863 849 5937 Hierosolymam,
877 5863 1119 5937 propter’
1135 5865 1463 5924 Zachariam
1493 5873 1550 5925 et
1575 5870 1795 5928 Isaiam.

2072 4732 2095 4760 ο
2123 4721 2335 4777 Menaea
2359 4719 2431 4775 ad
2455 4723 2487 4775 6
2511 4720 2719 4792 Aprilis
2761 4720 3148 4777 meminerunt
3191 4721 3435 4776 duorum
3481 4735 3631 4776 mar-

2001 4800 2192 4865 tyrum
2220 4792 2505 4865 Ascalonep
2518 4809 2829 4863 passorum,
2869 4796 2999 4864 post
3039 4794 3246 4848 factam
3300 4792 3637 4865 memoriam

2003 4862 2207 4919 sanctas
2229 4862 2558 4931 Platonidis,
2589 4876 2761 4935 quam
2804 4862 3077 4920 Baronius
3120 4865 3181 4919 in
3224 4864 3499 4919 hodierno
3528 4865 3637 4920 Ro-

2002 4953 2171 4995 mano
2195 4952 2300 5008 pro
2324 4936 2446 5010 viro
2474 4936 2775 5008 accipiens,
2804 4936 3024 4992 duobus
3052 4936 3380 4991 Ascalonitis
3418 4942 3635 5010 marty-

2001 5010 2157 5067 ribus
2173 5007 2384 5067 iunxit.

2070 5026 2648 5161 ξυῇὲιίῗιέἒιῆίοῐοιιᾳω
2706 5084 3035 5161 martyrem,
3076 5078 3174 5161 qui
3220 5080 3333 5161 huc
3381 5087 3636 5161 spectare

2042 5153 2194 5221 ossit,
2222 5150 2424 5226 ullum
2456 5150 2625 5226 novi;
2665 5166 2852 5226 neque
2902 5150 3235 5226 [lerapiam,
3275 5150 3634 5226 Axofnatem,

2053 5240 2285 5280 azonam
2325 5222 2609 5297 civitates;
2650 5221 2759 5275 nisi
2795 5221 2937 5297 forte
2973 5222 3178 5277 ultima
3233 5227 3319 5278 est
3365 5221 3632 5297 Majuma,

2002 5296 2320 5371 quasGazee
2339 5293 2659 5371 emporium
2685 5292 3015 5347 nominatur
3031 5310 3064 5347 a
3079 5300 3272 5351 sancto
3297 5292 3636 5371 Hieronymo

2000 5364 2063 5423 ἱῖι
2092 5368 2213 5423 Vita
2240 5364 2558 5421 Hilarionis.

2073 5451 2101 5493 8
2127 5439 2330 5521 Sancti
2364 5432 2663 5521 Hilarionis
2685 5434 3120 5521 ‘m‘onasterium
3170 5439 3414 5521 septimo
3451 5456 3497 5520 a.
3518 5441 3633 5521 illa-

1994 5511 2159 5581 juma
2195 5506 2483 5574 milliario,
2522 5506 2581 5581 id
2620 5506 2706 5581 est
2741 5505 2967 5581 duabus
2995 5505 3444 5581 acsemileucis,
3483 5510 3636 5581 idem

2002 5576 2374 5651 Hieronymus
2401 5576 2708 5651 constituit,
2727 5577 2817 5651 cui
2834 5580 3043 5651 certior
3070 5580 3206 5635 ﬁdes
3225 5580 3561 5635 adhibenda.

2073 5652 2101 5693 h
2130 5649 2342 5708 Dunaal
2389 5649 2526 5723 urbs
2548 5692 2562 5720 ,
2603 5652 2661 5705 et
2714 5649 2944 5723 quidem
2999 5651 3345 5723 episcopalis,
3402 5650 3464 5704 in
3519 5656 3636 5708 tota

2001 5739 2156 5805 sacra
2183 5740 2248 5805 ac
2271 5722 2511 5805 profana
2534 5721 2882 5805 geographia
2923 5721 3080 5805 nulla
3107 5721 3228 5805 est}
3264 5722 3349 5776 uti
3377 5738 3483 5778 nec
3520 5724 3633 5805 Eu—

2001 5795 2140 5852 latia
2167 5792 2374 5867 aliqua,
2401 5795 2472 5850 ad
2498 5792 2794 5852 introitum
2831 5794 3026 5864 eremi,
3066 5792 3249 5865 capite
3287 5809 3409 5866 seq.
3447 5797 3633 5854 nomi-

2002 5873 2155 5927 nata.
