4054 6186
309 264 315 272 ’
405 300 499 351 9n

1706 282 2020 340 ΑΝΤΟΝΙΝΙ
2063 276 2463 339 PLACENTINI

3677 272 3775 323 912

408 418 538 475 qua:
567 398 869 458 Christiani
897 397 1279 471 populabant;
1311 410 1440 466 quae
1483 392 1766 448 habebant
1805 393 2038 447 asellum
2060 406 2120 478 Α
2137 394 2382 459 fecimus,
2414 393 2465 444 et
2507 387 2946 456 lacrymavimus.
2982 383 3129 438 Tunc
3161 379 3581 447 introdumeruut
3609 391 3705 431 nos
3727 380 3783 430 in

406 497 508 570 qui
539 496 620 551 eis
643 494 849 550 cibaria
873 490 1181 560 deferebat,
1207 492 1264 545 et
1290 487 1618 544 nutriebant
1657 488 1883 543 leonem
1922 490 2038 542 ter-

406 591 635 647 ribilem
673 589 745 644 ad
787 586 1110 642 videndum.
1140 584 1395 655 Cumque
1432 582 2041 659 appropinquassemus

407 684 645 751 cellulae,
674 680 860 737 omnia
884 678 1146 735 animalia
1175 694 1301 749 quae
1337 683 1497 734 erant
1520 676 1815 732 nobiscum
1835 675 1857 698 "
1881 692 1914 728 a
1942 692 2041 729 ru-

409 779 531 851 gitu
561 777 712 832 illius
737 773 1087 843 minxerunt,
1117 776 1175 827 et
1216 771 1276 827 in
1323 774 1535 827 terram
1580 773 1954 838 corruerunt;
1988 772 2045 824 et

407 872 702 928 dicebatur
723 866 888 922 nobis
916 866 1065 937 quod
1094 866 1281 937 ipsum
1310 866 1547 921 asellum
1572 866 1660 919 leo
1684 864 1802 935 ipse
1831 863 2039 935 guber-

406 969 572 1021 naret
594 964 652 1018 in
679 962 901 1035 pascuis
931 978 945 1016 :
969 977 1141 1032 quem
1166 959 1476 1015 offerebant
1503 958 1664 1013 nobis
1689 974 1793 1029 pro
1815 961 2044 1012 centum

407 1057 619 1115 solidis.
660 1057 767 1113 Sed
804 1058 969 1111 Pater
1007 1054 1326 1110 Antoninus
1371 1052 1652 1125 suscipere
1704 1051 1907 1120 noluit,
1946 1050 2045 1105 sed

408 1152 569 1207 misit
610 1151 668 1205 in
719 1150 1032 1206 Jerusalem
1085 1149 1217 1217 cito,
1259 1153 1315 1203 et
1350 1146 1586 1202 adduxit
1621 1145 1701 1200 eis
1738 1149 1924 1200 ternas
1963 1147 2046 1197 tu-

407 1245 565 1303 nicas
593 1250 649 1301 et
676 1245 868 1301 oleum
896 1244 967 1299 ad
999 1242 1320 1311 luminaria,
1350 1247 1405 1296 et
1431 1240 1726 1312 legumina
1754 1238 1954 1293 multa.
1980 1239 2048 1292 Et

405 1340 547 1413 ipsa).
575 1338 740 1394 nobis
764 1338 1030 1393 dixerunt
1070 1337 1139 1391 de
1177 1335 1477 1390 virtutibus
1506 1333 1711 1399 Mariae,
1752 1332 1912 1403 cujus
1951 1348 2044 1385 su-

407 1434 605 1507 perius
632 1431 984 1487 mentionem
1010 1429 1266 1496 fecimus,
1287 1445 1414 1499 quae
1436 1427 1824 1482 ambulaverat
1841 1425 1902 1479 in
1928 1424 2048 1479 Hie-

410 1528 719 1598 rosolyma,
751 1525 868 1580 sola
903 1528 1131 1596 portans
1168 1521 1483 1594 legumina,
1522 1520 1818 1593 sportellas
1852 1520 2049 1590 plenas

413 1626 473 1677 et
494 1621 922 1691 tunicas;quas
971 1617 1024 1673 ei
1068 1616 1370 1688 cupiebant
1411 1615 1671 1683 auferre;
1717 1613 1815 1668 sed
1862 1612 2050 1667 nullus

413 1730 541 1771 eam
595 1713 853 1769 invenire
906 1711 1091 1784 potuit
1117 1709 1141 1738 "
1198 1712 1447 1764 attamen
1485 1709 1554 1763 de
1589 1707 1659 1762 iis
1695 1723 1823 1779 quae
1861 1722 2052 1762 secum

2136 488 2333 543 vallem
2356 487 2498 540 inter
2522 482 2696 537 Horeb
2732 484 2784 534 et
2821 477 2957 533 Sina
2998 477 3074 531 ad
3110 475 3265 543 cujus
3295 474 3492 527 montis
3512 470 3680 541 pedes
3710 476 3787 524 est

2137 584 2259 650 fons
2282 581 2378 635 ubi
2413 580 2619 646 Moyses
2644 573 2962 643 adaquabat
2998 586 3137 633 oves,
3166 568 3385 638 quando
3424 565 3566 619 vidit
3590 564 3784 619 rubum

2139 676 2433 729 ardentem.
2469 673 2571 739 Qui
2593 672 2716 738 fons
2743 672 2819 722 est
2847 665 3088 720 inclusus
3116 665 3269 730 infra
3291 660 3700 721 monasterium,
3728 660 3779 711 in

2140 785 2244 840 quo
2279 772 2404 822 sunt
2428 771 2530 821 tres
2556 764 2773 817 abbates
2793 762 3013 815 scientes
3044 759 3279 825 linguas,
3306 755 3368 808 id
3406 757 3484 808 est
3523 753 3778 814 Graecam,

2142 865 2417 923 Latinam,
2468 861 2693 927 Syram,
2750 855 3129 924 Egyptiacam
3178 862 3200 890 ο
3255 854 3305 903 et
3368 850 3601 903 Bessum.
3654 845 3783 900 Inde

2140 963 2384 1016 venimus
2411 958 2487 1013 ad
2506 957 2815 1027 speluncam
2841 953 2936 1006 ubi
2959 949 3305 1005 absconditus
3332 948 3445 1014 fuit
3473 945 3627 999 Elius
3648 957 3780 1012 pro-

2136 1056 2325 1127 pheta,
2354 1051 2572 1123 quando
2607 1050 2754 1119 fugit
2777 1045 2993 1103 Jezabel
3020 1044 3297 1098 mulierem
3323 1039 3616 1110 perﬁdam.
3649 1037 3790 1092 Ante

2142 1152 2318 1219 ipsum
2342 1147 2651 1217 speluncam
2675 1145 2852 1211 surgit
2869 1143 2993 1209 fons
3009 1140 3104 1209 qui
3118 1138 3317 1203 irrigat
3335 1136 3513 1205 ipsum
3532 1135 3787 1187 montem.

2147 1243 2279 1297 Inde
2312 1239 2669 1295 ascendimus
2701 1250 2988 1290 summum
3027 1245 3297 1287 cacumen
3334 1226 3642 1294 montis,in
3677 1239 3791 1295 quo

2146 1343 2230 1393 est
2252 1334 2563 1391 oratorium
2580 1330 2890 1397 modicum,
2909 1327 3123 1382 habens
3140 1321 3553 1393 longitudinem
3577 1335 3676 1373 sex
3698 1333 3793 1388 pe-

2148 1432 2310 1498 dum,
2338 1426 2597 1483 similiter
2622 1427 2680 1479 et
2705 1421 3085 1487 latitudinem,
3116 1416 3175 1472 in
3201 1432 3316 1489 quo
3342 1429 3575 1470 manere
3599 1411 3793 1467 nullus

2147 1522 2474 1597 prassumit;
2505 1520 2599 1575 sed
2635 1523 2759 1573 orto
2797 1517 2917 1588 jam
2960 1513 3052 1569 die
3088 1511 3402 1567 ascendunt
3429 1506 3697 1562 monachi
3724 1505 3792 1559 de

2148 1616 2469 1690 supradicto
2500 1611 2872 1679 monasterio,
2904 1612 2962 1663 et
2991 1606 3279 1662 celebrant
3304 1603 3385 1658 ibi
3413 1601 3702 1656 oﬂicium:
3733 1598 3790 1651 in

2154 1729 2267 1784 quo
2296 1711 2425 1766 loco
2455 1724 2561 1781 pro
2589 1704 2888 1761 devotione
2916 1701 3082 1757 multi
3107 1698 3344 1754 tondent
3379 1694 3617 1767 capillos
3660 1707 3791 1746 suos

417 1807 580 1863 duxit
603 1808 672 1863 de
702 1823 893 1862 eremo
906 1778 1066 1860 nihil
1091 1804 1398 1876 reportavit
1425 1778 1732 1858 revertens.
1771 1801 1944 1872 Cujus
1969 1799 2050 1854 af-
2073 1778 2130 1850 B
2154 1778 2211 1862 ei
2236 1778 2476 1859 barbam—
2487 1819 2500 1869 ;
2532 1817 2666 1855 nam
2689 1804 2746 1854 et
2764 1813 2871 1870 ego
2898 1794 3116 1851 totondi
3141 1793 3222 1847 ibi
3247 1790 3481 1846 barbam
3506 1804 3719 1842 meam.

413 1901 724 1958 ﬂictionem
749 1901 839 1955 vel
867 1901 1152 1972 ploratum
1200 1898 1354 1952 nulla
1384 1897 1605 1952 ratione
1643 1894 1921 1951 consolari
1962 1910 2057 1965 po.

411 1995 663 2066 tuimus;
691 1995 789 2050 sed
813 1998 1045 2049 tantum
1081 1992 1287 2063 saepius
1313 1990 1535 2047 dicebat
1562 1990 1706 2045 ﬂens
1738 2006 1752 2044 :
1787 1991 1878 2044 Va:
1913 1987 2055 2043 mihi

412 2089 638 2145 miserae
668 2089 683 2143 l
724 2089 885 2160 cujus
914 2104 1083 2143 causa
1110 2102 1203 2142 me
1233 2085 1359 2141 dico
1390 2083 1815 2140 Christianam?

487 2186 576 2240 35.
617 2182 1035 2238 Proﬁciscentes
1062 2181 1131 2236 de
1170 2179 1383 2235 Eulatia
1412 2178 1770 2234 introivimus
1799 2192 2057 2232 eremum

413 2276 682 2334 milliario
708 2293 797 2346 xx,
823 2277 879 2331 in
909 2291 1021 2347 quo
1049 2278 1133 2331 est
1152 2276 1400 2328 castrum
1423 2273 1517 2327 ubi
1538 2276 1621 2327 est
1642 2270 2056 2327 xenodochium

414 2370 595 2426 sancti
622 2370 898 2442 Gregorii,
923 2369 983 2423 in
1007 2385 1121 2440 quo
1149 2366 1362 2422 habent
1405 2370 1763 2422 transeuntes
1797 2366 1884 2420 vel
1930 2379 2053 2419 ere-

414 2463 570 2520 mita:
596 2463 885 2535 refugium
912 2463 1000 2517 vel
1031 2461 1334 2535 stipendia.
1363 2461 1495 2516 Inde
1524 2459 1796 2515 intrantes
1821 2457 2054 2513 interio-

414 2574 540 2615 rem
566 2573 844 2625 eremum,
872 2556 1129 2611 venimus
1158 2556 1231 2610 ad
1258 2557 1446 2611 locum
1490 2554 1559 2609 de
1596 2570 1710 2625 quo
1753 2552 1958 2607 dicitur
1998 2551 2055 2605 in

411 2656 650 2729 psalmo,
670 2659 836 2712 Terra
858 2657 1149 2724 fructifera
1164 2657 1223 2709 in
1240 2654 1513 2723 salsugine
1539 2651 1618 2723 (id
1644 2656 1747 2719 est,
1762 2651 1823 2705 in
1842 2650 2054 2706 amari-

412 2749 651 2821 tudine),
682 2749 948 2804 animalia
991 2750 1358 2804 habitantium
1392 2750 1451 2801 in
1488 2762 1571 2801 ea.
1617 2747 1690 2800 Et
1713 2745 1790 2799 ibi
1818 2744 2059 2799 vidimus

415 2843 679 2899 homines
724 2859 899 2913 rasos,
928 2842 1213 2914 fugientes
1256 2857 1391 2896 cum
1432 2838 1678 2895 camelis.
1721 2839 1863 2893 Nam
1903 2843 1960 2892 et
1998 2838 2057 2892 in

415 2934 803 3008 Hierosolyma
828 2936 1074 2991 vidimus
1103 2935 1363 2990 homines
1383 2950 1453 2988 ex
1475 2932 1759 3004 Ethiopia
1783 2932 2058 2987 habentes

418 3029 576 3084 ﬁssas
603 3045 766 3084 nares
792 3030 814 3052 ⁸
837 3033 894 3084 et
923 3045 1107 3098 aures,
1137 3027 1410 3099 caligulas
1441 3025 1687 3095 calceati,
1711 3030 1767 3080 et
1792 3042 1895 3098 per
1919 3024 2059 3095 digi-

416 3126 507 3177 tos
548 3122 608 3177 in
651 3121 822 3193 pedes
848 3123 1086 3176 annulos
1122 3121 1341 3175 missos.
1382 3120 1853 3191 lnterrogavimus
1881 3135 2058 3191 quare

419 3215 520 3285 sic,
576 3219 632 3271 et
685 3214 955 3270 dixerunt
995 3231 1009 3269 :
1052 3214 1186 3286 quia
1232 3214 1505 3285 Trajanus
1535 3214 1563 3262 ιθ
1616 3213 1927 3284 imperator
1979 3212 2056 3267 si-

424 3325 604 3381 gnum
643 3308 753 3364 hoc
784 3308 945 3363 nobis
973 3308 1223 3380 reliquit.

492 3406 580 3459 36.
621 3402 986 3458 Ambulantes
1014 3419 1117 3475 per
1146 3418 1405 3457 eremum
1429 3401 1548 3457 dies
1577 3417 1651 3471 Vl,
1680 3401 1910 3456 camelis
1952 3417 2057 3456 no-

420 3497 509 3554 bis
530 3515 739 3570 aquam
760 3497 1134 3570 portantibus,
1154 3496 1464 3552 sextarium
1492 3513 1658 3551 mane
1682 3500 1738 3551 et
1755 3495 2061 3551 sextarium

418 3608 651 3663 vespere
703 3592 945 3647 dabatur
997 3607 1102 3663 per
1154 3590 1451 3646 hominem
1486 3590 1736 3662 quotidie
1779 3607 1793 3643 :
1834 3606 2081 3645 amarem

421 3691 614 3742 scente
641 3702 788 3758 aqua
813 3685 874 3740 in
903 3685 1126 3740 utribus
1146 3700 1250 3757 per
1274 3685 1508 3740 modum
1534 3685 1700 3753 fellis,
1731 3684 2064 3740 mittebatur

420 3779 483 3834 in
508 3794 635 3833 eam
650 3779 673 3802 “
692 3794 949 3845 arenam,
973 3783 1030 3833 et
1054 3777 1470 3834 dulcorabatur.
1494 3779 1740 3833 Familias
1761 3782 1953 3834 autem
1973 3779 2064 3834 Sa-

421 3887 759 3928 racenorum
785 3876 841 3927 et
865 3888 1070 3927 uxores
1098 3888 1296 3927 eorum
1320 3872 1606 3928 venientes
1643 3874 1713 3928 de
1757 3889 2061 3930 eremo.....

422 3966 486 4020 in
516 3964 607 4018 via
643 3965 898 4020 sedentes
936 3964 1190 4035 deposita
1225 3966 1466 4035 sarcina,
1508 3967 1774 4037 petebant
1819 3984 1997 4039 panes
2033 3984 2066 4021 a

423 4058 882 4128 transeuntibus;
917 4062 974 4113 et
999 4057 1308 4114 veniebant
1334 4059 1441 4113 viri
1469 4075 1665 4114 earum
1700 4060 1769 4116 de
1808 4060 2063 4116 interiori

424 4157 590 4225 parte
618 4152 816 4222 eremi,
836 4151 1303 4223 adducebantque
1330 4155 1484 4207 utres
1510 4170 1638 4208 cum
1664 4170 1811 4226 aqua
1837 4154 2063 4226 frigida,

425 4249 485 4302 et
511 4246 861 4319 accipiebant
899 4246 1000 4301 sibi
1047 4262 1242 4318 panes,
1273 4248 1331 4300 et
1353 4246 1708 4303 adducebant
1733 4252 1908 4303 restes
1938 4265 2068 4303 cum

426 4329 730 4410 radicibus,
759 4357 1003 4412 quarum
1029 4340 1169 4395 odor
1189 4340 1554 4396 suavissimus
1588 4358 1758 4414 super
1795 4345 2064 4412 aromata,

430 4438 489 4490 et
513 4434 631 4490 dies
659 4434 828 4490 festos
865 4451 995 4490 suos
1033 4434 1410 4491 celebrabant.
1450 4436 1696 4507 Populus
1742 4441 1933 4492 autem
1970 4437 2070 4509 qui

2226 1902 2314 1955 38.
2354 1898 2509 1952 Mons
2536 1910 2674 1949 vero
2705 1892 2837 1948 Sina
2870 1892 3129 1961 petrosus
3172 1890 3276 1953 est,
3304 1901 3432 1939 raro
3474 1880 3650 1936 habet
3680 1885 3787 1934 ter-

2154 2009 2299 2061 ram,
2329 1996 2386 2047 et
2414 1990 2471 2045 in
2494 1987 2738 2044 circuitu
2764 1985 2886 2056 ejus
2911 1981 3133 2038 cellula
3159 1980 3356 2035 multa:
3384 1991 3682 2032 servorum
3700 1973 3791 2028 Dei

2155 2086 2418 2142 similiter
2445 2089 2502 2139 et
2517 2084 2578 2138 in
2604 2080 2808 2150 Horeb,
2837 2083 2895 2134 et
2918 2078 2977 2132 in
2997 2079 3161 2148 parte
3180 2073 3329 2128 illius
3348 2071 3559 2126 montis
3582 2068 3795 2123 habent

2155 2179 2417 2236 Saraceni
2444 2177 2664 2232 idolum
2694 2175 2714 2197 ‘
2741 2188 2909 2228 suum
2936 2183 3327 2225 marmoreum
3360 2164 3632 2237 positum,
3664 2178 3790 2216 can-

2155 2275 2356 2330 didum
2380 2276 2656 2343 tanquam
2679 2268 2893 2329 nivem.-
2916 2265 2993 2320 Ibi
3020 2269 3077 2319 et
3092 2264 3393 2334 permanet
3414 2257 3675 2313 sacerdos
3700 2272 3793 2311 eo-

2155 2385 2287 2425 rum
2334 2368 2593 2439 ipsorum
2648 2362 2879 2417 indutus
2934 2356 3231 2414 dalmatica
3284 2359 3341 2409 et
3394 2351 3568 2425 pallio
3625 2350 3793 2404 lineo.

2154 2462 2387 2528 Quando
2410 2458 2565 2515 venit
2592 2462 2814 2528 tempus
2837 2451 3148 2509 festivitatis
3181 2464 3399 2515 eorum,
3428 2447 3797 2517 percurrente

2154 2557 2291 2612 luna
2326 2558 2628 2625 antequam
2667 2548 2990 2621 egrediatur
3026 2562 3060 2599 a
3096 2545 3236 2599 festo
3277 2542 3556 2614 ipsorum,
3597 2536 3798 2608 incipit

2156 2665 2413 2704 marmor
2436 2646 2578 2701 illud
2609 2649 2830 2699 mutare
2858 2641 3139 2707 colorem;
3169 2642 3226 2692 et
3252 2635 3477 2708 quando
3502 2635 3800 2704 coeperunt

2158 2744 2395 2798 adorare
2427 2740 2664 2808 idolum,
2694 2738 2758 2792 ﬁt
2788 2750 3041 2791 marmor
3067 2731 3210 2786 illud
3247 2730 3480 2801 nigrum
3522 2731 3799 2797 tanquam

2158 2837 2291 2910 pix;
2321 2835 2604 2907 completo
2632 2839 2891 2903 tempore
2915 2824 3230 2883 festivitatis
3255 2839 3473 2890 eorum,
3494 2818 3801 2877 revertitur

2157 2932 2368 2986 iterum
2406 2929 2466 2983 in
2503 2926 2805 3000 pristinum
2841 2923 3121 2992 colorem,
3158 2918 3315 2986 unde
3349 2916 3511 2971 valde
3559 2913 3802 2969 miratus

2159 3041 2307 3081 sum.

2229 3124 2316 3175 39.
2358 3120 2508 3173 Inter
2545 3116 2683 3172 Sina
2719 3118 2777 3169 et
2812 3112 2994 3167 Horeb
3050 3113 3133 3164 est
3169 3107 3326 3163 vallis
3372 3105 3434 3160 in
3480 3120 3597 3176 qua
3635 3102 3800 3157 certis

2163 3211 2511 3285 temporibus
2542 3225 2635 3264 ros
2660 3209 2729 3263 de
2759 3206 2901 3262 coelo
2934 3202 3139 3277 [cadit],
3168 3217 3342 3274 quem
3368 3214 3577 3254 manna
3601 3194 3798 3268 appel—

2159 3308 2300 3362 lant.
2333 3307 2400 3361 Et
2429 3301 2784 3375 coagulatur,
2805 3306 2864 3355 et
2880 3300 2946 3354 fit
2963 3303 3235 3369 tanquam
3257 3309 3504 3366 granum
3521 3290 3795 3347 masticis;

2160 3406 2218 3457 et
2236 3401 2448 3456 habent
2476 3398 2606 3453 inde
2631 3396 2802 3468 plena
2829 3394 2995 3462 dolia,
3026 3397 3082 3446 et
3104 3391 3241 3446 dant
3265 3388 3390 3442 aliis
3424 3402 3528 3458 pro
3565 3383 3795 3439 benedi-

2161 3495 2364 3564 ctione,
2387 3498 2444 3548 et
2468 3491 2635 3548 nobis
2663 3488 2945 3545 dederunt
2969 3484 3236 3541 sextarios
3263 3483 3516 3555 quinque
3545 3497 3561 3534 :
3593 3497 3665 3534 ex
3688 3493 3795 3549 quo

2162 3595 2219 3646 et
2246 3586 2462 3660 perdite
2487 3586 2709 3655 bibunt,
2742 3587 2803 3638 et
2823 3582 2988 3637 nobis
3021 3579 3303 3635 dederunt
3325 3575 3541 3630 bibere.
3576 3573 3721 3627 Nam
3744 3576 3799 3624 et

2162 3685 2222 3739 in
2251 3683 2387 3762 ipsis
2411 3680 2704 3736 montibus
2726 3679 2816 3733 leo
2841 3681 2897 3731 et
2925 3674 3132 3747 pardus
3156 3674 3200 3740 ⁸,
3228 3686 3448 3742 caprea
3487 3671 3545 3723 et
3585 3665 3796 3722 burdo-

2162 3795 2264 3834 nes
2303 3761 2477 3831 simul
2504 3777 2780 3847 pascunt:
2814 3776 2871 3826 et
2894 3788 2964 3826 ex
2988 3770 3069 3825 eis
3093 3767 3282 3823 nullus
3307 3764 3531 3819 laeditur
3556 3779 3591 3816 a
3615 3761 3796 3826 leone,

2162 3876 2400 3946 propter
2418 3869 2595 3926 eremi
2614 3867 2948 3923 vastitatem.
2971 3866 3036 3919 Et
3056 3862 3188 3934 quia
3207 3861 3333 3932 jam
3359 3875 3419 3914 se
3443 3854 3801 3928 complebant

2166 3966 2286 4022 dies
2313 3964 2437 4021 festi
2464 3962 2900 4030 lsmaelitarum,
2936 3973 3118 4031 praeco
3147 3954 3288 4011 exiit
3312 3957 3378 4008 ut
3404 3952 3598 4007 nullus
3621 3947 3798 4003 subsi-

2166 4063 2339 4115 steret
2363 4075 2467 4131 per
2496 4073 2773 4125 eremum,
2802 4071 2906 4127 per
2932 4069 3104 4125 quam
3129 4048 3365 4122 ingressi
3390 4061 3624 4113 sumus;
3660 4039 3795 4115 [sed]

2165 4154 2264 4209 alii
2285 4170 2389 4225 per
2418 4154 2744 4224 Egyptum,
2766 4150 2865 4205 alii
2886 4164 2989 4221 per
3015 4144 3284 4201 Arabiam
3304 4141 3729 4199 reverterentur
3744 4135 3801 4189 in

2167 4244 2450 4301 civitatem
2489 4243 2765 4297 sanctam.

2238 4340 2325 4394 40.
2354 4340 2431 4393 De
2453 4340 2648 4392 monte
2673 4334 2807 4391 Sina
2824 4348 3002 4404 usque
3030 4330 3091 4385 in
3116 4326 3335 4383 Arabiae
3361 4323 3648 4381 civitatem
3675 4337 3802 4393 que

2167 4435 2398 4489 vocatur
2438 4431 2608 4486 Abela
2635 4430 2683 4498 ά,
2730 4432 2861 4484 sunt
2899 4424 3220 4481 mansiones
3240 4438 3352 4489 vn;
3384 4420 3444 4474 in
3472 4417 3655 4472 Abela
3699 4431 3801 4470 au.

427 4532 533 4601 per
547 4528 825 4599 majorem
844 4545 1099 4584 eremum
1117 4529 1549 4601 ingrediebatur
1563 4531 1635 4585 ad
1653 4531 2066 4603 explorandum
2086 4532 2146 4604 Ι)
2167 4534 2285 4584 tem
2320 4525 2724 4583 descendentes
2746 4537 2914 4577 naves
2939 4520 3008 4575 de
3038 4518 3191 4573 India
3226 4531 3357 4571 cum
3401 4512 3637 4568 diversis
3677 4526 3801 4564 aro-

428 4636 674 4677 numero
705 4638 782 4675 xu
802 4622 824 4647 ’
851 4622 1029 4676 millia
1062 4639 1145 4677 nc.

502 4717 593 4770 37.
621 4716 1060 4771 Perambulantes
1103 4732 1335 4772 eremum
1381 4722 1567 4772 octavo
1597 4719 1685 4774 die
1711 4706 1950 4775 venimus
1996 4719 2069 4774 ad

428 4814 661 4866 montem
688 4811 907 4866 Domini
926 4810 1133 4876 Horeb;
1166 4815 1217 4864 et
1244 4811 1369 4866 inde
1395 4818 1658 4868 moventes
1676 4818 1736 4868 ut
1753 4813 2066 4870 ascendere-

429 4919 549 4959 mus
595 4909 828 4959 montem
865 4905 1023 4968 Sina,
1052 4919 1165 4959 ecce
1193 4904 1483 4959 multitudo
1532 4908 1911 4963 monachorum
1953 4925 2066 4963 cre-

428 4998 689 5052 mitarum
718 5014 839 5053 cum
868 4998 1111 5053 crucibus
1131 4998 1423 5068 psallentes
1451 4999 1802 5060 obviaverunt
1824 5002 1995 5065 nobis,
2021 5007 2071 5057 et

423 5093 695 5159 prostrati
735 5093 792 5145 in
817 5097 1017 5147 terram
1044 5090 1412 5148 adoraverunt
1439 5110 1455 5146 :
1481 5094 1652 5148 simili
1687 5096 1843 5150 modo
1886 5101 1937 5151 et
1977 5112 2071 5151 nos

507 5256 800 5338 thlflullum
836 5260 1210 5338 commodum
1267 5277 1509 5338 sensum
1536 5278 1605 5317 ex
1644 5263 1864 5338 ultima
1901 5265 2072 5337 hujus

432 5330 632 5409 capitis
653 5334 818 5411 parte.
836 5330 1109 5411 hactenus
1122 5332 1342 5411 elicere
1354 5333 1513 5405 potui
1535 5333 1904 5411 conjectando
1923 5354 1940 5405 ;
1968 5330 2071 5393 nec

432 5399 630 5478 magni
655 5399 846 5478 refert,
876 5401 1011 5472 quia
1040 5402 1165 5457 talis
1210 5399 1382 5459 Maria
1426 5399 1711 5478 nusquam
1753 5407 1904 5462 inter
1923 5399 2069 5463 'san-

433 5476 549 5553 etas
562 5474 708 5553 nota
737 5475 835 5553 est.

503 5543 541 5625 3
561 5542 711 5599 Nihil
757 5541 904 5625 juris
959 5542 1198 5624 Trajano
1231 5544 1324 5625 .in
1364 5547 1652 5625 Ethiopes
1698 5551 1845 5621 fuit,
1886 5568 2073 5624 neque

429 5613 803 5691 bellum_cum
827 5614 894 5669 iis
937 5631 951 5669 :
993 5616 1186 5691 scissae
1227 5613 1570 5691 igitur_ejus
1602 5621 1767 5691 jussu
1813 5613 2001 5691 aures:
2019 5630 2076 5680 et

432 5631 649 5671 neuum
672 5632 803 5671 cum
827 5631 894 5669 ns
937 5631 951 5669 :
993 5631 1178 5669 saissae
1227 5631 1405 5739 igitur
1447 5634 1568 5689 ejus
1602 5638 1767 5691 jussu
1813 5639 1989 5679 aures.

432 5702 600 5769 nares
623 5687 951 5769 @thiopum
977 5701 1081 5769 p_ro
1112 5685 1253 5769 fabii
1273 5703 1307 5740 a
1334 5686 1529 5769 haberi
1558 5691 1783 5769 debent.
1985 5680 2001 5694 ⁸

503 5771 527 5799 ο
560 5758 978 5839 Quid‘si:pro_‘
992 5761 1155 5839 Bessa
1210 5759 1399 5839 lingua
1419 5799 1435 5828 ,
1457 5760 1643 5839 __legas
1693 5765 1916 5839 gersam
1973 5782 2075 5821 seu

435 5828 740 5885 Persicam?
770 5828 908 5884 Nam
940 5828 1110 5900 Bessi,
1140 5828 1382 5901 exiguus
1420 5828 1574 5885 olim'
1594 5833 1655 5886 in
1692 5834 1931 5893 Thracia
1966 5854 2072 5908 po-

2168 4621 2436 4690 matibus,
2467 4620 2649 4674 visum
2691 4621 2775 4672 est
2814 4614 2977 4671 nobis
3018 4629 3121 4686 per
3153 4613 3456 4683 Egyptum
3485 4605 3716 4661 reverti.
3743 4606 3806 4660 Et

2167 4717 2428 4773 venimus
2455 4714 2517 4769 in
2541 4713 2825 4768 civitatem
2863 4710 2923 4764 in
2961 4725 3075 4781 qua
3110 4704 3387 4779 pugnavit
3423 4703 3643 4773 Moyses
3681 4714 3805 4754 cum

2168 4810 2451 4880 Amalech,
2473 4808 2574 4864 ubi
2594 4810 2679 4862 est
2708 4803 3041 4872 oratorium,
3070 4801 3230 4872 cujus
3253 4798 3426 4853 altare
3449 4794 3707 4869 positum
3728 4794 3805 4847 est

2170 4922 2339 4977 super
2362 4903 2575 4976 lapides
2604 4901 2729 4956 illos
2752 4881 2893 4972 quos
2916 4898 3230 4970 posuerunt
3264 4895 3447 4963 Moyse
3497 4893 3718 4944 orante.
3750 4888 3805 4939 ln

2170 5001 2291 5055 loco
2318 4999 2442 5071 ipso
2477 5001 2562 5052 est
2590 4996 2780 5050 civitas
2807 4992 3035 5049 munita-
3055 4991 3125 5046 de
3150 4987 3437 5053 lateribus,
3464 4985 3626 5040 locus
3649 4981 3807 5036 steri-

2170 5094 2238 5149 lis
2268 5092 2433 5148 valde
2457 5095 2690 5164 propter
2712 5104 2904 5161 aquas.
2926 5085 3008 5141 lbi
3026 5084 3394 5141 occurrerunt
3414 5079 3578 5134 nobis
3604 5075 3809 5132 mulie-

2172 5265 2360 5338 pulus,
2393 5269 2451 5320 et
2487 5280 2553 5319 eo
2595 5261 2868 5338 quo_l_wec
2905 5255 3213 5338 composita
3248 5257 3382 5338 sunt
3417 5266 3535 5338 aevo
3557 5250 3679 5338 ‘sub
3718 5248 3814 5304 tali

2171 5323 2404 5392 nomine
2441 5353 2558 5390 non
2594 5323 2850 5404 amplius
2875 5323 3071 5404 notus,
3106 5343 3219 5404 non
3255 5325 3521 5404 videntur
3556 5323 3675 5376 huc
3712 5336 3811 5391 po-

2172 5409 2344 5464 tuisse
2373 5407 2621 5479 irrepere
2657 5395 2760 5477 per
2782 5399 3234 5479 aliquemipsius
3260 5395 3505 5476 auctoris
3531 5409 3813 5479 errorem.

2245 5480 2272 5520 ἀ
2300 5466 2539 5534 Deberet
2593 5466 2716 5531 ha'ac
2771 5466 2966 5548 civitas
3022 5466 3492 5548 Abela-concipi.
3531 5466 3604 5520 ad
3664 5479 3816 5548 mare

2173 5550 2452 5619 Rubrum,
2484 5549 2634 5604 haud
2658 5549 2827 5618 longe
2852 5562 2886 5619 a
2912 5545 3096 5619 Meos;
3138 5542 3236 5619 sed
3273 5556 3379 5596 nec
3417 5534 3497 5619 ibi
3536 5553 3645 5592 nec
3678 5534 3818 5619 alibi

2174 5623 2233 5677 in
2258 5628 2377 5677 tota
2403 5609 2607 5676 Arabia
2630 5609 2839 5674 nomian
2866 5614 3017 5670 istud
3043 5609 3195 5685 apud
3223 5609 3821 5685 geographosvetems

2173 5688 2999 5764 novosque}reperitur_:ibene
3034 5679 3253 5764 autem'
3268 5679 3726 5764 ingM‘adianitide
3764 5682 3818 5764 et

2172 5766 2243 5820 ad
2268 5749 2853 5830 lacum'Genezareth;
2891 5758 2978 5813 vel
3015 5757 3174 5812 Abila
3203 5756 3270 5830 in
3316 5751 3639 5825 Ccelesyria,
3669 5749 3820 5804 unde

2173 5836 2393 5894 Abilina
2416 5832 2737 5892 Tetramhia
2761 5827 2979 5888 nomen
3001 5827 3261 5900 sumpsit.
