  <div class='ocr_page' id='page_1' title='image "/cluster/home/n/w/nwhite01/storage/ocr_20150623/72/hvd.32044054758768/462.png"; bbox 0 0 3996 6188; ppageno 0'>
   <div class='ocr_carea' id='block_1_1' title="bbox 225 329 316 382">
    <p class='ocr_par' dir='ltr' id='par_1_1' title="bbox 225 329 316 382">
     <span class='ocr_line' id='line_1_1' title="bbox 225 329 316 382; baseline 0 -1"><span class='ocrx_word' id='word_1_1' title='bbox 225 329 316 382; x_wconf 81' lang='grc'><strong>913</strong></span> 
     </span>
    </p>
   </div>
   <div class='ocr_carea' id='block_1_2' title="bbox 202 428 1821 504">
    <p class='ocr_par' dir='ltr' id='par_1_2' title="bbox 202 428 1821 504">
     <span class='ocr_line' id='line_1_2' title="bbox 202 428 1821 504; baseline -0.002 -14"><span class='ocrx_word' id='word_1_2' title='bbox 202 451 301 504; x_wconf 47' lang='grc' dir='ltr'><strong>,ωε</strong></span> <span class='ocrx_word' id='word_1_3' title='bbox 327 447 446 488; x_wconf 91' lang='lat' dir='ltr'><strong>cum</strong></span> <span class='ocrx_word' id='word_1_4' title='bbox 471 428 798 500; x_wconf 80' lang='lat' dir='ltr'><strong>infantibus,</strong></span> <span class='ocrx_word' id='word_1_5' title='bbox 825 429 1040 502; x_wconf 91' lang='lat' dir='ltr'><strong>palmas</strong></span> <span class='ocrx_word' id='word_1_6' title='bbox 1058 430 1120 486; x_wconf 91' lang='lat' dir='ltr'><strong>in</strong></span> <span class='ocrx_word' id='word_1_7' title='bbox 1139 429 1402 486; x_wconf 87' lang='lat' dir='ltr'><strong>manibus</strong></span> <span class='ocrx_word' id='word_1_8' title='bbox 1430 433 1742 502; x_wconf 80' lang='lat' dir='ltr'><strong>portantes,</strong></span> <span class='ocrx_word' id='word_1_9' title='bbox 1763 435 1821 486; x_wconf 87' lang='lat' dir='ltr'><strong>et</strong></span> 
     </span>
    </p>
   </div>
   <div class='ocr_carea' id='block_1_3' title="bbox 225 518 1820 594">
    <p class='ocr_par' dir='ltr' id='par_1_3' title="bbox 225 518 1820 594">
     <span class='ocr_line' id='line_1_3' title="bbox 225 518 1820 594; baseline -0.002 -15"><span class='ocrx_word' id='word_1_10' title='bbox 225 522 479 594; x_wconf 81' lang='lat' dir='ltr'><strong>ampullas</strong></span> <span class='ocrx_word' id='word_1_11' title='bbox 504 536 631 576; x_wconf 92' lang='lat' dir='ltr'><strong>cum</strong></span> <span class='ocrx_word' id='word_1_12' title='bbox 660 519 860 576; x_wconf 81' lang='lat' dir='ltr'><strong>rafano</strong></span> <span class='ocrx_word' id='word_1_13' title='bbox 881 520 1030 588; x_wconf 91' lang='lat' dir='ltr'><strong>oleo,</strong></span> <span class='ocrx_word' id='word_1_14' title='bbox 1065 518 1237 594; x_wconf 63' lang='lat' dir='ltr'><strong>[quae]</strong></span> <span class='ocrx_word' id='word_1_15' title='bbox 1261 523 1564 593; x_wconf 60' lang='lat' dir='ltr'><strong>prostratae</strong></span> <span class='ocrx_word' id='word_1_16' title='bbox 1581 519 1820 592; x_wconf 77' lang='lat' dir='ltr'><strong>pedibus</strong></span> 
     </span>
    </p>
   </div>
   <div class='ocr_carea' id='block_1_4' title="bbox 223 617 1820 690">
    <p class='ocr_par' dir='ltr' id='par_1_4' title="bbox 223 617 1820 690">
     <span class='ocr_line' id='line_1_4' title="bbox 223 617 1820 690; baseline -0.002 -14"><span class='ocrx_word' id='word_1_17' title='bbox 223 620 409 677; x_wconf 82' lang='lat' dir='ltr'><strong>nostris</strong></span> <span class='ocrx_word' id='word_1_18' title='bbox 451 618 733 688; x_wconf 81' lang='lat' dir='ltr'><strong>angebant</strong></span> <span class='ocrx_word' id='word_1_19' title='bbox 771 619 992 690; x_wconf 82' lang='lat' dir='ltr'><strong>plantas</strong></span> <span class='ocrx_word' id='word_1_20' title='bbox 1015 622 1237 674; x_wconf 88' lang='lat' dir='ltr'><strong>nostras</strong></span> <span class='ocrx_word' id='word_1_21' title='bbox 1267 622 1323 674; x_wconf 91' lang='lat' dir='ltr'><strong>et</strong></span> <span class='ocrx_word' id='word_1_22' title='bbox 1370 617 1557 690; x_wconf 83' lang='lat' dir='ltr'><strong>capita</strong></span> <span class='ocrx_word' id='word_1_23' title='bbox 1604 623 1820 687; x_wconf 88' lang='lat' dir='ltr'><strong>nostra,</strong></span> 
     </span>
    </p>
   </div>
   <div class='ocr_carea' id='block_1_5' title="bbox 223 711 1824 786">
    <p class='ocr_par' dir='ltr' id='par_1_5' title="bbox 223 711 1824 786">
     <span class='ocr_line' id='line_1_5' title="bbox 223 711 1824 786; baseline -0.002 -15"><span class='ocrx_word' id='word_1_24' title='bbox 223 716 398 786; x_wconf 78' lang='lat' dir='ltr'><strong>lingua</strong></span> <span class='ocrx_word' id='word_1_25' title='bbox 419 712 739 786; x_wconf 71' lang='lat' dir='ltr'><strong>Egyptiaca</strong></span> <span class='ocrx_word' id='word_1_26' title='bbox 765 713 1069 784; x_wconf 82' lang='lat' dir='ltr'><strong>psallentes</strong></span> <span class='ocrx_word' id='word_1_27' title='bbox 1093 713 1468 785; x_wconf 89' lang='lat' dir='ltr'><strong>antiphonam</strong></span> <span class='ocrx_word' id='word_1_28' title='bbox 1495 729 1510 766; x_wconf 87' lang='lat'><strong>:</strong></span> <span class='ocrx_word' id='word_1_29' title='bbox 1537 733 1566 762; x_wconf 83' lang='lat'>«</span> <span class='ocrx_word' id='word_1_30' title='bbox 1587 711 1824 768; x_wconf 85' lang='lat' dir='ltr'><strong>Benedi-</strong></span> 
     </span>
    </p>
   </div>
   <div class='ocr_carea' id='block_1_6' title="bbox 224 805 1818 877">
    <p class='ocr_par' dir='ltr' id='par_1_6' title="bbox 224 805 1818 877">
     <span class='ocr_line' id='line_1_6' title="bbox 224 805 1818 877; baseline -0.002 -12"><span class='ocrx_word' id='word_1_31' title='bbox 224 810 286 865; x_wconf 82' lang='lat' dir='ltr'><strong>cti</strong></span> <span class='ocrx_word' id='word_1_32' title='bbox 310 824 396 862; x_wconf 89' lang='lat' dir='ltr'><strong>vos</strong></span> <span class='ocrx_word' id='word_1_33' title='bbox 434 824 467 862; x_wconf 89' lang='lat' dir='ltr'><strong>a</strong></span> <span class='ocrx_word' id='word_1_34' title='bbox 511 805 776 876; x_wconf 89' lang='lat' dir='ltr'><strong>Domino,</strong></span> <span class='ocrx_word' id='word_1_35' title='bbox 807 811 866 863; x_wconf 89' lang='lat' dir='ltr'><strong>et</strong></span> <span class='ocrx_word' id='word_1_36' title='bbox 907 806 1240 863; x_wconf 85' lang='lat' dir='ltr'><strong>benedictus</strong></span> <span class='ocrx_word' id='word_1_37' title='bbox 1287 807 1568 862; x_wconf 83' lang='lat' dir='ltr'><strong>adventus</strong></span> <span class='ocrx_word' id='word_1_38' title='bbox 1615 809 1818 877; x_wconf 81' lang='lat' dir='ltr'><strong>vester,</strong></span> 
     </span>
    </p>
   </div>
   <div class='ocr_carea' id='block_1_7' title="bbox 225 900 1822 973">
    <p class='ocr_par' dir='ltr' id='par_1_7' title="bbox 225 900 1822 973">
     <span class='ocr_line' id='line_1_7' title="bbox 225 900 1822 973; baseline -0.001 -16"><span class='ocrx_word' id='word_1_39' title='bbox 225 905 457 958; x_wconf 85' lang='lat' dir='ltr'><strong>Hosanna</strong></span> <span class='ocrx_word' id='word_1_40' title='bbox 484 901 543 956; x_wconf 93' lang='lat' dir='ltr'><strong>in</strong></span> <span class='ocrx_word' id='word_1_41' title='bbox 567 900 820 956; x_wconf 83' lang='lat' dir='ltr'><strong>excelsis.</strong></span> <span class='ocrx_word' id='word_1_42' title='bbox 852 922 882 950; x_wconf 84' lang='grc'><strong>››</strong></span> <span class='ocrx_word' id='word_1_43' title='bbox 914 903 1036 973; x_wconf 87' lang='lat' dir='ltr'><strong>Ipsa</strong></span> <span class='ocrx_word' id='word_1_44' title='bbox 1063 904 1149 957; x_wconf 89' lang='lat' dir='ltr'><strong>est</strong></span> <span class='ocrx_word' id='word_1_45' title='bbox 1171 905 1324 957; x_wconf 89' lang='lat' dir='ltr'><strong>terra</strong></span> <span class='ocrx_word' id='word_1_46' title='bbox 1349 900 1592 971; x_wconf 85' lang='lat' dir='ltr'><strong>Madian,</strong></span> <span class='ocrx_word' id='word_1_47' title='bbox 1627 903 1684 957; x_wconf 91' lang='lat' dir='ltr'><strong>et</strong></span> <span class='ocrx_word' id='word_1_48' title='bbox 1710 900 1822 972; x_wconf 83' lang='lat' dir='ltr'><strong>ipsi</strong></span> 
     </span>
    </p>
   </div>
   <div class='ocr_carea' id='block_1_8' title="bbox 225 993 1823 1067">
    <p class='ocr_par' dir='ltr' id='par_1_8' title="bbox 225 993 1823 1067">
     <span class='ocr_line' id='line_1_8' title="bbox 225 993 1823 1067; baseline -0.001 -16"><span class='ocrx_word' id='word_1_49' title='bbox 225 995 512 1052; x_wconf 81' lang='lat' dir='ltr'><strong>habitantes</strong></span> <span class='ocrx_word' id='word_1_50' title='bbox 535 993 597 1050; x_wconf 90' lang='lat' dir='ltr'><strong>in</strong></span> <span class='ocrx_word' id='word_1_51' title='bbox 617 1011 682 1051; x_wconf 89' lang='lat' dir='ltr'><strong>ea</strong></span> <span class='ocrx_word' id='word_1_52' title='bbox 701 994 944 1050; x_wconf 81' lang='lat' dir='ltr'><strong>civitate.</strong></span> <span class='ocrx_word' id='word_1_53' title='bbox 968 994 1182 1050; x_wconf 85' lang='lat' dir='ltr'><strong>Dicitur</strong></span> <span class='ocrx_word' id='word_1_54' title='bbox 1201 997 1394 1050; x_wconf 90' lang='lat' dir='ltr'><strong>autem</strong></span> <span class='ocrx_word' id='word_1_55' title='bbox 1415 994 1547 1067; x_wconf 89' lang='lat' dir='ltr'><strong>quia</strong></span> <span class='ocrx_word' id='word_1_56' title='bbox 1561 1011 1630 1050; x_wconf 91' lang='lat' dir='ltr'><strong>ex</strong></span> <span class='ocrx_word' id='word_1_57' title='bbox 1657 994 1823 1050; x_wconf 91' lang='lat' dir='ltr'><strong>fami-</strong></span> 
     </span>
    </p>
   </div>
   <div class='ocr_carea' id='block_1_9' title="bbox 224 1088 1817 1160">
    <p class='ocr_par' dir='ltr' id='par_1_9' title="bbox 224 1088 1817 1160">
     <span class='ocr_line' id='line_1_9' title="bbox 224 1088 1817 1160; baseline -0.002 -15"><span class='ocrx_word' id='word_1_58' title='bbox 224 1089 285 1144; x_wconf 86' lang='lat' dir='ltr'><strong>lia</strong></span> <span class='ocrx_word' id='word_1_59' title='bbox 305 1089 503 1158; x_wconf 79' lang='lat' dir='ltr'><strong>lethro,</strong></span> <span class='ocrx_word' id='word_1_60' title='bbox 542 1088 719 1144; x_wconf 87' lang='lat' dir='ltr'><strong>soceri</strong></span> <span class='ocrx_word' id='word_1_61' title='bbox 761 1088 980 1160; x_wconf 84' lang='lat' dir='ltr'><strong>Moysis,</strong></span> <span class='ocrx_word' id='word_1_62' title='bbox 1011 1088 1363 1144; x_wconf 91' lang='lat' dir='ltr'><strong>descendunt</strong></span> <span class='ocrx_word' id='word_1_63' title='bbox 1391 1103 1526 1144; x_wconf 80' lang='lat' dir='ltr'><strong>Lvin</strong></span> <span class='ocrx_word' id='word_1_64' title='bbox 1553 1096 1579 1127; x_wconf 80' lang='grc' dir='ltr'>ι</span> <span class='ocrx_word' id='word_1_65' title='bbox 1604 1088 1817 1144; x_wconf 90' lang='lat' dir='ltr'><strong>condo-</strong></span> 
     </span>
    </p>
   </div>
   <div class='ocr_carea' id='block_1_10' title="bbox 224 1181 1824 1254">
    <p class='ocr_par' dir='ltr' id='par_1_10' title="bbox 224 1181 1824 1254">
     <span class='ocr_line' id='line_1_10' title="bbox 224 1181 1824 1254; baseline -0.001 -15"><span class='ocrx_word' id='word_1_66' title='bbox 224 1199 335 1251; x_wconf 67' lang='lat' dir='ltr'><strong>me,</strong></span> <span class='ocrx_word' id='word_1_67' title='bbox 360 1182 657 1238; x_wconf 85' lang='lat' dir='ltr'><strong>militantes</strong></span> <span class='ocrx_word' id='word_1_68' title='bbox 682 1182 741 1237; x_wconf 89' lang='lat' dir='ltr'><strong>in</strong></span> <span class='ocrx_word' id='word_1_69' title='bbox 766 1181 993 1254; x_wconf 91' lang='lat' dir='ltr'><strong>publico</strong></span> <span class='ocrx_word' id='word_1_70' title='bbox 1019 1198 1150 1237; x_wconf 92' lang='lat' dir='ltr'><strong>cum</strong></span> <span class='ocrx_word' id='word_1_71' title='bbox 1170 1181 1445 1238; x_wconf 84' lang='lat' dir='ltr'><strong>uxoribus</strong></span> <span class='ocrx_word' id='word_1_72' title='bbox 1476 1181 1612 1250; x_wconf 90' lang='lat' dir='ltr'><strong>suis,</strong></span> <span class='ocrx_word' id='word_1_73' title='bbox 1645 1198 1824 1238; x_wconf 89' lang='lat' dir='ltr'><strong>anno-</strong></span> 
     </span>
    </p>
   </div>
   <div class='ocr_carea' id='block_1_11' title="bbox 222 1275 1364 1348">
    <p class='ocr_par' dir='ltr' id='par_1_11' title="bbox 222 1275 1364 1348">
     <span class='ocr_line' id='line_1_11' title="bbox 222 1275 1364 1348; baseline -0.003 -15"><span class='ocrx_word' id='word_1_74' title='bbox 222 1293 338 1333; x_wconf 86' lang='lat' dir='ltr'><strong>nam</strong></span> <span class='ocrx_word' id='word_1_75' title='bbox 362 1280 414 1332; x_wconf 88' lang='lat' dir='ltr'><strong>et</strong></span> <span class='ocrx_word' id='word_1_76' title='bbox 439 1278 619 1332; x_wconf 84' lang='lat' dir='ltr'><strong>vestes</strong></span> <span class='ocrx_word' id='word_1_77' title='bbox 644 1275 983 1348; x_wconf 86' lang='lat' dir='ltr'><strong>accipientes</strong></span> <span class='ocrx_word' id='word_1_78' title='bbox 1011 1293 1080 1332; x_wconf 86' lang='lat' dir='ltr'><strong>ex</strong></span> <span class='ocrx_word' id='word_1_79' title='bbox 1106 1278 1364 1348; x_wconf 70' lang='lat' dir='ltr'><strong>Egypto.</strong></span> 
     </span>
    </p>
   </div>
   <div class='ocr_carea' id='block_1_12' title="bbox 281 1369 1824 1443">
    <p class='ocr_par' dir='ltr' id='par_1_12' title="bbox 281 1369 1824 1443">
     <span class='ocr_line' id='line_1_12' title="bbox 281 1369 1824 1443; baseline -0.001 -18"><span class='ocrx_word' id='word_1_80' title='bbox 281 1370 360 1426; x_wconf 74' lang='grc'><strong>41.</strong></span> <span class='ocrx_word' id='word_1_81' title='bbox 389 1371 462 1425; x_wconf 89' lang='lat' dir='ltr'><strong>De</strong></span> <span class='ocrx_word' id='word_1_82' title='bbox 486 1369 694 1443; x_wconf 88' lang='lat' dir='ltr'><strong>quibus</strong></span> <span class='ocrx_word' id='word_1_83' title='bbox 734 1369 870 1424; x_wconf 88' lang='lat' dir='ltr'><strong>locis</strong></span> <span class='ocrx_word' id='word_1_84' title='bbox 896 1369 1154 1425; x_wconf 88' lang='lat' dir='ltr'><strong>venimus</strong></span> <span class='ocrx_word' id='word_1_85' title='bbox 1195 1369 1449 1441; x_wconf 88' lang='lat' dir='ltr'><strong>Magdalo</strong></span> <span class='ocrx_word' id='word_1_86' title='bbox 1475 1389 1504 1431; x_wconf 75' lang='grc' dir='ltr'><strong>ι,</strong></span> <span class='ocrx_word' id='word_1_87' title='bbox 1537 1373 1594 1425; x_wconf 89' lang='lat' dir='ltr'><strong>et</strong></span> <span class='ocrx_word' id='word_1_88' title='bbox 1619 1369 1824 1426; x_wconf 90' lang='lat' dir='ltr'><strong>Sochot</strong></span> 
     </span>
    </p>
   </div>
   <div class='ocr_carea' id='block_1_13' title="bbox 223 1462 1823 1536">
    <p class='ocr_par' dir='ltr' id='par_1_13' title="bbox 223 1462 1823 1536">
     <span class='ocr_line' id='line_1_13' title="bbox 223 1462 1823 1536; baseline 0 -18"><span class='ocrx_word' id='word_1_89' title='bbox 223 1468 273 1518; x_wconf 87' lang='lat' dir='ltr'><strong>et</strong></span> <span class='ocrx_word' id='word_1_90' title='bbox 297 1462 362 1518; x_wconf 89' lang='lat' dir='ltr'><strong>ad</strong></span> <span class='ocrx_word' id='word_1_91' title='bbox 386 1479 486 1519; x_wconf 80' lang='lat' dir='ltr'><strong>Lxx</strong></span> <span class='ocrx_word' id='word_1_92' title='bbox 533 1465 756 1536; x_wconf 87' lang='lat' dir='ltr'><strong>palmas</strong></span> <span class='ocrx_word' id='word_1_93' title='bbox 780 1469 840 1519; x_wconf 93' lang='lat' dir='ltr'><strong>et</strong></span> <span class='ocrx_word' id='word_1_94' title='bbox 880 1464 952 1520; x_wconf 90' lang='lat' dir='ltr'><strong>ad</strong></span> <span class='ocrx_word' id='word_1_95' title='bbox 989 1480 1065 1520; x_wconf 86' lang='lat' dir='ltr'><strong>xu</strong></span> <span class='ocrx_word' id='word_1_96' title='bbox 1089 1463 1275 1520; x_wconf 91' lang='lat' dir='ltr'><strong>fontes</strong></span> <span class='ocrx_word' id='word_1_97' title='bbox 1301 1481 1318 1534; x_wconf 88' lang='lat'><strong>;</strong></span> <span class='ocrx_word' id='word_1_98' title='bbox 1349 1466 1408 1518; x_wconf 93' lang='lat' dir='ltr'><strong>et</strong></span> <span class='ocrx_word' id='word_1_99' title='bbox 1443 1463 1823 1536; x_wconf 88' lang='lat' dir='ltr'><strong>applicuimus</strong></span> 
     </span>
    </p>
   </div>
   <div class='ocr_carea' id='block_1_14' title="bbox 219 1557 1823 1631">
    <p class='ocr_par' dir='ltr' id='par_1_14' title="bbox 219 1557 1823 1631">
     <span class='ocr_line' id='line_1_14' title="bbox 219 1557 1823 1631; baseline 0 -19"><span class='ocrx_word' id='word_1_100' title='bbox 219 1557 284 1612; x_wconf 87' lang='lat' dir='ltr'><strong>ibi</strong></span> <span class='ocrx_word' id='word_1_101' title='bbox 322 1573 420 1630; x_wconf 88' lang='lat' dir='ltr'><strong>per</strong></span> <span class='ocrx_word' id='word_1_102' title='bbox 459 1557 600 1613; x_wconf 89' lang='lat' dir='ltr'><strong>duos</strong></span> <span class='ocrx_word' id='word_1_103' title='bbox 627 1559 768 1628; x_wconf 90' lang='lat' dir='ltr'><strong>dies,</strong></span> <span class='ocrx_word' id='word_1_104' title='bbox 813 1558 1038 1631; x_wconf 84' lang='lat' dir='ltr'><strong>fatigati</strong></span> <span class='ocrx_word' id='word_1_105' title='bbox 1067 1574 1172 1630; x_wconf 90' lang='lat' dir='ltr'><strong>per</strong></span> <span class='ocrx_word' id='word_1_106' title='bbox 1211 1560 1435 1613; x_wconf 85' lang='lat' dir='ltr'><strong>tantum</strong></span> <span class='ocrx_word' id='word_1_107' title='bbox 1480 1557 1737 1613; x_wconf 87' lang='lat' dir='ltr'><strong>laborem</strong></span> <span class='ocrx_word' id='word_1_108' title='bbox 1765 1560 1823 1613; x_wconf 89' lang='lat' dir='ltr'><strong>et</strong></span> 
     </span>
    </p>
   </div>
   <div class='ocr_carea' id='block_1_15' title="bbox 221 1651 1823 1725">
    <p class='ocr_par' dir='ltr' id='par_1_15' title="bbox 221 1651 1823 1725">
     <span class='ocr_line' id='line_1_15' title="bbox 221 1651 1823 1725; baseline 0.001 -19"><span class='ocrx_word' id='word_1_109' title='bbox 221 1651 372 1707; x_wconf 86' lang='lat' dir='ltr'><strong>eremi</strong></span> <span class='ocrx_word' id='word_1_110' title='bbox 388 1651 722 1708; x_wconf 84' lang='lat' dir='ltr'><strong>vastitatem.</strong></span> <span class='ocrx_word' id='word_1_111' title='bbox 749 1653 810 1707; x_wconf 91' lang='lat' dir='ltr'><strong>ln</strong></span> <span class='ocrx_word' id='word_1_112' title='bbox 832 1668 946 1725; x_wconf 91' lang='lat' dir='ltr'><strong>quo</strong></span> <span class='ocrx_word' id='word_1_113' title='bbox 973 1652 1095 1707; x_wconf 92' lang='lat' dir='ltr'><strong>loco</strong></span> <span class='ocrx_word' id='word_1_114' title='bbox 1111 1656 1194 1707; x_wconf 88' lang='lat' dir='ltr'><strong>est</strong></span> <span class='ocrx_word' id='word_1_115' title='bbox 1211 1651 1510 1707; x_wconf 87' lang='lat' dir='ltr'><strong>castellum</strong></span> <span class='ocrx_word' id='word_1_116' title='bbox 1529 1651 1823 1707; x_wconf 91' lang='lat' dir='ltr'><strong>modicum</strong></span> 
     </span>
    </p>
   </div>
   <div class='ocr_carea' id='block_1_16' title="bbox 219 1749 1824 1822">
    <p class='ocr_par' dir='ltr' id='par_1_16' title="bbox 219 1749 1824 1822">
     <span class='ocr_line' id='line_1_16' title="bbox 219 1749 1824 1822; baseline -0.001 -16"><span class='ocrx_word' id='word_1_117' title='bbox 219 1749 348 1822; x_wconf 87' lang='lat' dir='ltr'><strong>quod</strong></span> <span class='ocrx_word' id='word_1_118' title='bbox 373 1753 601 1805; x_wconf 89' lang='lat' dir='ltr'><strong>vocatur</strong></span> <span class='ocrx_word' id='word_1_119' title='bbox 626 1762 650 1792; x_wconf 78' lang='grc' dir='ltr'><strong><em>ο</em></strong></span> <span class='ocrx_word' id='word_1_120' title='bbox 673 1749 1010 1817; x_wconf 88' lang='lat' dir='ltr'><strong>Surandela,</strong></span> <span class='ocrx_word' id='word_1_121' title='bbox 1039 1753 1096 1806; x_wconf 90' lang='lat' dir='ltr'><strong>et</strong></span> <span class='ocrx_word' id='word_1_122' title='bbox 1123 1751 1209 1805; x_wconf 91' lang='lat' dir='ltr'><strong>est</strong></span> <span class='ocrx_word' id='word_1_123' title='bbox 1231 1749 1383 1806; x_wconf 90' lang='lat' dir='ltr'><strong>infra</strong></span> <span class='ocrx_word' id='word_1_124' title='bbox 1412 1749 1600 1822; x_wconf 91' lang='lat' dir='ltr'><strong>ipsum</strong></span> <span class='ocrx_word' id='word_1_125' title='bbox 1627 1750 1824 1806; x_wconf 91' lang='lat' dir='ltr'><strong>castel-</strong></span> 
     </span>
    </p>
   </div>
   <div class='ocr_carea' id='block_1_17' title="bbox 1635 277 2092 380">
    <p class='ocr_par' dir='ltr' id='par_1_17' title="bbox 1635 277 2092 380">
     <span class='ocr_line' id='line_1_17' title="bbox 1635 277 2092 380; baseline 0.009 -4"><span class='ocrx_word' id='word_1_126' title='bbox 1635 277 2092 380; x_wconf 70' lang='lat' dir='ltr'><strong>ITINERARICM.</strong></span> 
     </span>
    </p>
   </div>
   <div class='ocr_carea' id='block_1_18' title="bbox 3452 331 3556 389">
    <p class='ocr_par' dir='ltr' id='par_1_18' title="bbox 3452 331 3556 389">
     <span class='ocr_line' id='line_1_18' title="bbox 3452 331 3556 389; baseline 0.01 -1"><span class='ocrx_word' id='word_1_127' title='bbox 3452 331 3556 389; x_wconf 68' lang='lat' dir='ltr'><strong>9H</strong></span> 
     </span>
    </p>
   </div>
   <div class='ocr_carea' id='block_1_19' title="bbox 1842 433 3554 517">
    <p class='ocr_par' dir='ltr' id='par_1_19' title="bbox 1842 433 3554 517">
     <span class='ocr_line' id='line_1_19' title="bbox 1842 433 3554 517; baseline 0.007 -32"><span class='ocrx_word' id='word_1_128' title='bbox 1842 443 1901 517; x_wconf 76' lang='grc' dir='ltr'><strong>Α</strong></span> <span class='ocrx_word' id='word_1_129' title='bbox 1918 448 2022 504; x_wconf 90' lang='lat' dir='ltr'><strong>per</strong></span> <span class='ocrx_word' id='word_1_130' title='bbox 2045 433 2271 505; x_wconf 87' lang='lat' dir='ltr'><strong>Clysma</strong></span> <span class='ocrx_word' id='word_1_131' title='bbox 2296 437 2603 507; x_wconf 88' lang='lat' dir='ltr'><strong>antequam</strong></span> <span class='ocrx_word' id='word_1_132' title='bbox 2620 435 3053 494; x_wconf 87' lang='lat' dir='ltr'><strong>commisceatur</strong></span> <span class='ocrx_word' id='word_1_133' title='bbox 3076 453 3208 494; x_wconf 88' lang='lat' dir='ltr'><strong>cum</strong></span> <span class='ocrx_word' id='word_1_134' title='bbox 3227 435 3384 496; x_wconf 89' lang='lat' dir='ltr'><strong>oleo:</strong></span> <span class='ocrx_word' id='word_1_135' title='bbox 3414 457 3554 498; x_wconf 92' lang='lat' dir='ltr'><strong>nam</strong></span> 
     </span>
    </p>
   </div>
   <div class='ocr_carea' id='block_1_20' title="bbox 1923 527 3559 604">
    <p class='ocr_par' dir='ltr' id='par_1_20' title="bbox 1923 527 3559 604">
     <span class='ocr_line' id='line_1_20' title="bbox 1923 527 3559 604; baseline 0.006 -22"><span class='ocrx_word' id='word_1_136' title='bbox 1923 527 1970 582; x_wconf 90' lang='lat' dir='ltr'><strong>si</strong></span> <span class='ocrx_word' id='word_1_137' title='bbox 1997 543 2114 583; x_wconf 92' lang='lat' dir='ltr'><strong>non</strong></span> <span class='ocrx_word' id='word_1_138' title='bbox 2131 527 2566 598; x_wconf 84' lang='lat' dir='ltr'><strong>adulteraretur,</strong></span> <span class='ocrx_word' id='word_1_139' title='bbox 2585 529 2756 585; x_wconf 85' lang='lat' dir='ltr'><strong>credo</strong></span> <span class='ocrx_word' id='word_1_140' title='bbox 2775 530 2912 602; x_wconf 88' lang='lat' dir='ltr'><strong>quia</strong></span> <span class='ocrx_word' id='word_1_141' title='bbox 2929 531 3113 604; x_wconf 88' lang='lat' dir='ltr'><strong>ipsam</strong></span> <span class='ocrx_word' id='word_1_142' title='bbox 3131 532 3401 590; x_wconf 84' lang='lat' dir='ltr'><strong>virtutem</strong></span> <span class='ocrx_word' id='word_1_143' title='bbox 3412 549 3559 591; x_wconf 84' lang='lat' dir='ltr'><strong>sem-</strong></span> 
     </span>
    </p>
   </div>
   <div class='ocr_carea' id='block_1_21' title="bbox 1921 621 3553 701">
    <p class='ocr_par' dir='ltr' id='par_1_21' title="bbox 1921 621 3553 701">
     <span class='ocr_line' id='line_1_21' title="bbox 1921 621 3553 701; baseline 0.005 -25"><span class='ocrx_word' id='word_1_144' title='bbox 1921 637 2026 693; x_wconf 87' lang='lat' dir='ltr'><strong>per</strong></span> <span class='ocrx_word' id='word_1_145' title='bbox 2047 621 2264 677; x_wconf 90' lang='lat' dir='ltr'><strong>faceret</strong></span> <span class='ocrx_word' id='word_1_146' title='bbox 2294 639 2308 677; x_wconf 90' lang='lat'><strong>:</strong></span> <span class='ocrx_word' id='word_1_147' title='bbox 2339 639 2474 677; x_wconf 89' lang='lat' dir='ltr'><strong>nam</strong></span> <span class='ocrx_word' id='word_1_148' title='bbox 2513 622 2699 695; x_wconf 89' lang='lat' dir='ltr'><strong>liquor</strong></span> <span class='ocrx_word' id='word_1_149' title='bbox 2723 623 2900 696; x_wconf 89' lang='lat' dir='ltr'><strong>ipsius</strong></span> <span class='ocrx_word' id='word_1_150' title='bbox 2924 629 3081 681; x_wconf 86' lang='lat' dir='ltr'><strong>tenet</strong></span> <span class='ocrx_word' id='word_1_151' title='bbox 3109 626 3388 701; x_wconf 89' lang='lat' dir='ltr'><strong>[odorem]</strong></span> <span class='ocrx_word' id='word_1_152' title='bbox 3420 645 3553 684; x_wconf 89' lang='lat' dir='ltr'><strong>con-</strong></span> 
     </span>
    </p>
   </div>
   <div class='ocr_carea' id='block_1_22' title="bbox 1921 715 3559 795">
    <p class='ocr_par' dir='ltr' id='par_1_22' title="bbox 1921 715 3559 795">
     <span class='ocr_line' id='line_1_22' title="bbox 1921 715 3559 795; baseline 0.005 -25"><span class='ocrx_word' id='word_1_153' title='bbox 1921 715 2082 771; x_wconf 90' lang='lat' dir='ltr'><strong>tinuo</strong></span> <span class='ocrx_word' id='word_1_154' title='bbox 2110 732 2216 788; x_wconf 90' lang='lat' dir='ltr'><strong>per</strong></span> <span class='ocrx_word' id='word_1_155' title='bbox 2239 717 2352 771; x_wconf 93' lang='lat' dir='ltr'><strong>duo</strong></span> <span class='ocrx_word' id='word_1_156' title='bbox 2379 717 2577 772; x_wconf 87' lang='lat' dir='ltr'><strong>millia.</strong></span> <span class='ocrx_word' id='word_1_157' title='bbox 2611 718 2762 774; x_wconf 89' lang='lat' dir='ltr'><strong>Infra</strong></span> <span class='ocrx_word' id='word_1_158' title='bbox 2791 718 3076 774; x_wconf 88' lang='lat' dir='ltr'><strong>civitatem</strong></span> <span class='ocrx_word' id='word_1_159' title='bbox 3108 719 3290 792; x_wconf 85' lang='lat' dir='ltr'><strong>ipsam</strong></span> <span class='ocrx_word' id='word_1_160' title='bbox 3316 738 3446 795; x_wconf 72' lang='lat' dir='ltr'><strong>qum</strong></span> <span class='ocrx_word' id='word_1_161' title='bbox 3476 722 3559 779; x_wconf 85' lang='lat' dir='ltr'><strong>di-</strong></span> 
     </span>
    </p>
   </div>
   <div class='ocr_carea' id='block_1_23' title="bbox 1922 809 3557 889">
    <p class='ocr_par' dir='ltr' id='par_1_23' title="bbox 1922 809 3557 889">
     <span class='ocr_line' id='line_1_23' title="bbox 1922 809 3557 889; baseline 0.005 -25"><span class='ocrx_word' id='word_1_162' title='bbox 1922 809 2069 864; x_wconf 90' lang='lat' dir='ltr'><strong>citur</strong></span> <span class='ocrx_word' id='word_1_163' title='bbox 2091 810 2335 881; x_wconf 84' lang='lat' dir='ltr'><strong>Clysma,</strong></span> <span class='ocrx_word' id='word_1_164' title='bbox 2361 811 2516 866; x_wconf 87' lang='lat' dir='ltr'><strong>intus</strong></span> <span class='ocrx_word' id='word_1_165' title='bbox 2540 810 2602 866; x_wconf 92' lang='lat' dir='ltr'><strong>in</strong></span> <span class='ocrx_word' id='word_1_166' title='bbox 2621 811 2850 867; x_wconf 90' lang='lat' dir='ltr'><strong>basilica</strong></span> <span class='ocrx_word' id='word_1_167' title='bbox 2877 813 3119 868; x_wconf 88' lang='lat' dir='ltr'><strong>vidimus</strong></span> <span class='ocrx_word' id='word_1_168' title='bbox 3138 815 3350 870; x_wconf 90' lang='lat' dir='ltr'><strong>loculos</strong></span> <span class='ocrx_word' id='word_1_169' title='bbox 3376 817 3557 889; x_wconf 84' lang='lat' dir='ltr'><strong>ligne-</strong></span> 
     </span>
    </p>
   </div>
   <div class='ocr_carea' id='block_1_24' title="bbox 1921 904 3125 963">
    <p class='ocr_par' dir='ltr' id='par_1_24' title="bbox 1921 904 3125 963">
     <span class='ocr_line' id='line_1_24' title="bbox 1921 904 3125 963; baseline 0.005 -6"><span class='ocrx_word' id='word_1_170' title='bbox 1921 919 1982 958; x_wconf 90' lang='lat' dir='ltr'><strong>os</strong></span> <span class='ocrx_word' id='word_1_171' title='bbox 2000 905 2326 959; x_wconf 90' lang='lat' dir='ltr'><strong>sanctorum</strong></span> <span class='ocrx_word' id='word_1_172' title='bbox 2356 904 2722 960; x_wconf 89' lang='lat' dir='ltr'><strong>eremitarum</strong></span> <span class='ocrx_word' id='word_1_173' title='bbox 2749 907 2980 961; x_wconf 90' lang='lat' dir='ltr'><strong>Patrum</strong></span> <span class='ocrx_word' id='word_1_174' title='bbox 3009 923 3125 963; x_wconf 87' lang='lat' dir='ltr'><strong>x1v.</strong></span> 
     </span>
    </p>
   </div>
   <div class='ocr_carea' id='block_1_25' title="bbox 1992 997 3555 1074">
    <p class='ocr_par' dir='ltr' id='par_1_25' title="bbox 1992 997 3555 1074">
     <span class='ocr_line' id='line_1_25' title="bbox 1992 997 3555 1074; baseline 0.005 -22"><span class='ocrx_word' id='word_1_175' title='bbox 1992 997 2084 1053; x_wconf 81' lang='grc'><strong>43.</strong></span> <span class='ocrx_word' id='word_1_176' title='bbox 2116 999 2183 1052; x_wconf 84' lang='lat' dir='ltr'><strong>Et</strong></span> <span class='ocrx_word' id='word_1_177' title='bbox 2211 997 2345 1053; x_wconf 90' lang='lat' dir='ltr'><strong>inde</strong></span> <span class='ocrx_word' id='word_1_178' title='bbox 2373 997 2632 1053; x_wconf 89' lang='lat' dir='ltr'><strong>venimus</strong></span> <span class='ocrx_word' id='word_1_179' title='bbox 2682 1016 2786 1071; x_wconf 90' lang='lat' dir='ltr'><strong>per</strong></span> <span class='ocrx_word' id='word_1_180' title='bbox 2821 1016 3079 1056; x_wconf 89' lang='lat' dir='ltr'><strong>eremum</strong></span> <span class='ocrx_word' id='word_1_181' title='bbox 3111 1001 3183 1057; x_wconf 91' lang='lat' dir='ltr'><strong>ad</strong></span> <span class='ocrx_word' id='word_1_182' title='bbox 3222 1002 3555 1074; x_wconf 88' lang='lat' dir='ltr'><strong>speluncam</strong></span> 
     </span>
    </p>
   </div>
   <div class='ocr_carea' id='block_1_26' title="bbox 1921 1089 3554 1168">
    <p class='ocr_par' dir='ltr' id='par_1_26' title="bbox 1921 1089 3554 1168">
     <span class='ocr_line' id='line_1_26' title="bbox 1921 1089 3554 1168; baseline 0.004 -22"><span class='ocrx_word' id='word_1_183' title='bbox 1921 1089 2073 1146; x_wconf 84' lang='lat' dir='ltr'><strong>beati</strong></span> <span class='ocrx_word' id='word_1_184' title='bbox 2099 1091 2256 1146; x_wconf 87' lang='lat' dir='ltr'><strong>Pauli</strong></span> <span class='ocrx_word' id='word_1_185' title='bbox 2276 1092 2534 1147; x_wconf 67' lang='lat' dir='ltr'><strong>eremitae</strong></span> <span class='ocrx_word' id='word_1_186' title='bbox 2558 1105 2602 1162; x_wconf 80' lang='grc' dir='ltr'><strong>ο,</strong></span> <span class='ocrx_word' id='word_1_187' title='bbox 2629 1107 2757 1165; x_wconf 70' lang='lat' dir='ltr'><strong>quae</strong></span> <span class='ocrx_word' id='word_1_188' title='bbox 2777 1099 3010 1149; x_wconf 90' lang='lat' dir='ltr'><strong>vocatur</strong></span> <span class='ocrx_word' id='word_1_189' title='bbox 3034 1093 3390 1166; x_wconf 88' lang='lat' dir='ltr'><strong>Siracumba,</strong></span> <span class='ocrx_word' id='word_1_190' title='bbox 3415 1096 3554 1168; x_wconf 83' lang='lat' dir='ltr'><strong>quia</strong></span> 
     </span>
    </p>
   </div>
   <div class='ocr_carea' id='block_1_27' title="bbox 1921 1184 3554 1261">
    <p class='ocr_par' dir='ltr' id='par_1_27' title="bbox 1921 1184 3554 1261">
     <span class='ocr_line' id='line_1_27' title="bbox 1921 1184 3554 1261; baseline 0.005 -23"><span class='ocrx_word' id='word_1_191' title='bbox 1921 1184 2046 1240; x_wconf 88' lang='lat' dir='ltr'><strong>fons</strong></span> <span class='ocrx_word' id='word_1_192' title='bbox 2072 1184 2262 1256; x_wconf 90' lang='lat' dir='ltr'><strong>ipsum</strong></span> <span class='ocrx_word' id='word_1_193' title='bbox 2302 1186 2488 1240; x_wconf 90' lang='lat' dir='ltr'><strong>locum</strong></span> <span class='ocrx_word' id='word_1_194' title='bbox 2531 1186 2748 1259; x_wconf 80' lang='lat' dir='ltr'><strong>irrigat.</strong></span> <span class='ocrx_word' id='word_1_195' title='bbox 2791 1187 3005 1243; x_wconf 85' lang='lat' dir='ltr'><strong>Exinde</strong></span> <span class='ocrx_word' id='word_1_196' title='bbox 3041 1195 3351 1261; x_wconf 81' lang='lat' dir='ltr'><strong>pergentes</strong></span> <span class='ocrx_word' id='word_1_197' title='bbox 3395 1187 3554 1247; x_wconf 79' lang='lat' dir='ltr'><strong>veni-</strong></span> 
     </span>
    </p>
   </div>
   <div class='ocr_carea' id='block_1_28' title="bbox 1923 1277 3554 1356">
    <p class='ocr_par' dir='ltr' id='par_1_28' title="bbox 1923 1277 3554 1356">
     <span class='ocr_line' id='line_1_28' title="bbox 1923 1277 3554 1356; baseline 0.005 -24"><span class='ocrx_word' id='word_1_198' title='bbox 1923 1295 2049 1332; x_wconf 88' lang='lat' dir='ltr'><strong>mus</strong></span> <span class='ocrx_word' id='word_1_199' title='bbox 2075 1277 2148 1333; x_wconf 91' lang='lat' dir='ltr'><strong>ad</strong></span> <span class='ocrx_word' id='word_1_200' title='bbox 2175 1282 2480 1334; x_wconf 81' lang='lat' dir='ltr'><strong>cataractas</strong></span> <span class='ocrx_word' id='word_1_201' title='bbox 2502 1279 2630 1349; x_wconf 87' lang='lat' dir='ltr'><strong>Nili,</strong></span> <span class='ocrx_word' id='word_1_202' title='bbox 2652 1280 2752 1336; x_wconf 90' lang='lat' dir='ltr'><strong>ubi</strong></span> <span class='ocrx_word' id='word_1_203' title='bbox 2777 1281 3033 1337; x_wconf 87' lang='lat' dir='ltr'><strong>ascendit</strong></span> <span class='ocrx_word' id='word_1_204' title='bbox 3057 1299 3203 1354; x_wconf 90' lang='lat' dir='ltr'><strong>aqua</strong></span> <span class='ocrx_word' id='word_1_205' title='bbox 3227 1282 3300 1338; x_wconf 89' lang='lat' dir='ltr'><strong>ad</strong></span> <span class='ocrx_word' id='word_1_206' title='bbox 3322 1283 3554 1356; x_wconf 87' lang='lat' dir='ltr'><strong>signum</strong></span> 
     </span>
    </p>
   </div>
   <div class='ocr_carea' id='block_1_29' title="bbox 1919 1371 3554 1448">
    <p class='ocr_par' dir='ltr' id='par_1_29' title="bbox 1919 1371 3554 1448">
     <span class='ocr_line' id='line_1_29' title="bbox 1919 1371 3554 1448; baseline 0.003 -20"><span class='ocrx_word' id='word_1_207' title='bbox 1919 1389 2121 1428; x_wconf 89' lang='lat' dir='ltr'><strong>manus</strong></span> <span class='ocrx_word' id='word_1_208' title='bbox 2150 1371 2397 1428; x_wconf 90' lang='lat' dir='ltr'><strong>hominis</strong></span> <span class='ocrx_word' id='word_1_209' title='bbox 2425 1373 2594 1444; x_wconf 88' lang='lat' dir='ltr'><strong>facta,</strong></span> <span class='ocrx_word' id='word_1_210' title='bbox 2638 1377 2696 1430; x_wconf 92' lang='lat' dir='ltr'><strong>et</strong></span> <span class='ocrx_word' id='word_1_211' title='bbox 2727 1375 2900 1430; x_wconf 87' lang='lat' dir='ltr'><strong>habet</strong></span> <span class='ocrx_word' id='word_1_212' title='bbox 2927 1376 3136 1448; x_wconf 89' lang='lat' dir='ltr'><strong>gradus</strong></span> <span class='ocrx_word' id='word_1_213' title='bbox 3173 1393 3269 1431; x_wconf 89' lang='lat' dir='ltr'><strong>xu.</strong></span> <span class='ocrx_word' id='word_1_214' title='bbox 3298 1378 3376 1432; x_wconf 90' lang='lat' dir='ltr'><strong>Ex</strong></span> <span class='ocrx_word' id='word_1_215' title='bbox 3405 1382 3554 1432; x_wconf 88' lang='lat' dir='ltr'><strong>utra-</strong></span> 
     </span>
    </p>
   </div>
   <div class='ocr_carea' id='block_1_30' title="bbox 1921 1468 3552 1542">
    <p class='ocr_par' dir='ltr' id='par_1_30' title="bbox 1921 1468 3552 1542">
     <span class='ocr_line' id='line_1_30' title="bbox 1921 1468 3552 1542; baseline 0.004 -22"><span class='ocrx_word' id='word_1_216' title='bbox 1921 1483 2031 1539; x_wconf 88' lang='lat' dir='ltr'><strong>que</strong></span> <span class='ocrx_word' id='word_1_217' title='bbox 2077 1469 2238 1538; x_wconf 89' lang='lat' dir='ltr'><strong>parte</strong></span> <span class='ocrx_word' id='word_1_218' title='bbox 2277 1469 2689 1522; x_wconf 77' lang='lat' dir='ltr'><strong>cataractarum</strong></span> <span class='ocrx_word' id='word_1_219' title='bbox 2727 1472 2860 1522; x_wconf 88' lang='lat' dir='ltr'><strong>sunt</strong></span> <span class='ocrx_word' id='word_1_220' title='bbox 2910 1468 3038 1524; x_wconf 70' lang='lat' dir='ltr'><strong>duae</strong></span> <span class='ocrx_word' id='word_1_221' title='bbox 3089 1468 3363 1537; x_wconf 87' lang='lat' dir='ltr'><strong>civitates,</strong></span> <span class='ocrx_word' id='word_1_222' title='bbox 3411 1487 3552 1542; x_wconf 89' lang='lat' dir='ltr'><strong>quas</strong></span> 
     </span>
    </p>
   </div>
   <div class='ocr_carea' id='block_1_31' title="bbox 1923 1559 3555 1632">
    <p class='ocr_par' dir='ltr' id='par_1_31' title="bbox 1923 1559 3555 1632">
     <span class='ocr_line' id='line_1_31' title="bbox 1923 1559 3555 1632; baseline 0.002 -16"><span class='ocrx_word' id='word_1_223' title='bbox 1923 1559 2230 1616; x_wconf 73' lang='lat' dir='ltr'><strong>aediﬁcasse</strong></span> <span class='ocrx_word' id='word_1_224' title='bbox 2256 1559 2454 1616; x_wconf 83' lang='lat' dir='ltr'><strong>dicunt</strong></span> <span class='ocrx_word' id='word_1_225' title='bbox 2479 1560 2624 1616; x_wconf 77' lang='lat' dir='ltr'><strong>tilias</strong></span> <span class='ocrx_word' id='word_1_226' title='bbox 2651 1563 2673 1585; x_wconf 76' lang='lat'><strong>&#39;</strong></span> <span class='ocrx_word' id='word_1_227' title='bbox 2697 1562 2858 1632; x_wconf 89' lang='lat' dir='ltr'><strong>Loth,</strong></span> <span class='ocrx_word' id='word_1_228' title='bbox 2883 1565 2942 1617; x_wconf 91' lang='lat' dir='ltr'><strong>et</strong></span> <span class='ocrx_word' id='word_1_229' title='bbox 2969 1579 3087 1617; x_wconf 87' lang='lat' dir='ltr'><strong>una</strong></span> <span class='ocrx_word' id='word_1_230' title='bbox 3114 1579 3313 1618; x_wconf 88' lang='lat' dir='ltr'><strong>earum</strong></span> <span class='ocrx_word' id='word_1_231' title='bbox 3345 1563 3555 1619; x_wconf 89' lang='lat' dir='ltr'><strong>dicitur</strong></span> 
     </span>
    </p>
   </div>
   <div class='ocr_carea' id='block_1_32' title="bbox 1922 1653 3556 1728">
    <p class='ocr_par' dir='ltr' id='par_1_32' title="bbox 1922 1653 3556 1728">
     <span class='ocr_line' id='line_1_32' title="bbox 1922 1653 3556 1728; baseline 0.003 -20"><span class='ocrx_word' id='word_1_232' title='bbox 1922 1653 2246 1726; x_wconf 85' lang='lat' dir='ltr'><strong>Babylonia.</strong></span> <span class='ocrx_word' id='word_1_233' title='bbox 2292 1653 2428 1710; x_wconf 90' lang='lat' dir='ltr'><strong>lnde</strong></span> <span class='ocrx_word' id='word_1_234' title='bbox 2456 1655 2722 1710; x_wconf 87' lang='lat' dir='ltr'><strong>venimus</strong></span> <span class='ocrx_word' id='word_1_235' title='bbox 2745 1671 2850 1727; x_wconf 91' lang='lat' dir='ltr'><strong>per</strong></span> <span class='ocrx_word' id='word_1_236' title='bbox 2890 1672 3127 1728; x_wconf 90' lang='lat' dir='ltr'><strong>campos</strong></span> <span class='ocrx_word' id='word_1_237' title='bbox 3168 1657 3386 1712; x_wconf 85' lang='lat' dir='ltr'><strong>Taneos</strong></span> <span class='ocrx_word' id='word_1_238' title='bbox 3413 1659 3471 1712; x_wconf 91' lang='lat' dir='ltr'><strong>et</strong></span> <span class='ocrx_word' id='word_1_239' title='bbox 3493 1656 3556 1713; x_wconf 89' lang='lat' dir='ltr'><strong>in</strong></span> 
     </span>
    </p>
   </div>
   <div class='ocr_carea' id='block_1_33' title="bbox 1919 1747 3558 1822">
    <p class='ocr_par' dir='ltr' id='par_1_33' title="bbox 1919 1747 3558 1822">
     <span class='ocr_line' id='line_1_33' title="bbox 1919 1747 3558 1822; baseline 0.001 -18"><span class='ocrx_word' id='word_1_240' title='bbox 1919 1748 2194 1820; x_wconf 87' lang='lat' dir='ltr'><strong>Memphis</strong></span> <span class='ocrx_word' id='word_1_241' title='bbox 2222 1747 2531 1812; x_wconf 89' lang='lat' dir='ltr'><strong>civitatem,</strong></span> <span class='ocrx_word' id='word_1_242' title='bbox 2575 1752 2634 1804; x_wconf 88' lang='lat' dir='ltr'><strong>et</strong></span> <span class='ocrx_word' id='word_1_243' title='bbox 2666 1749 2999 1820; x_wconf 80' lang='lat' dir='ltr'><strong>Antinoum,</strong></span> <span class='ocrx_word' id='word_1_244' title='bbox 3026 1749 3086 1804; x_wconf 90' lang='lat' dir='ltr'><strong>in</strong></span> <span class='ocrx_word' id='word_1_245' title='bbox 3133 1767 3247 1822; x_wconf 90' lang='lat' dir='ltr'><strong>qua</strong></span> <span class='ocrx_word' id='word_1_246' title='bbox 3273 1749 3558 1806; x_wconf 89' lang='lat' dir='ltr'><strong>residebat</strong></span> 
     </span>
    </p>
   </div>
   <div class='ocr_carea' id='block_1_34' title="bbox 217 1817 3554 1916">
    <p class='ocr_par' dir='ltr' id='par_1_34' title="bbox 217 1817 3554 1916">
     <span class='ocr_line' id='line_1_34' title="bbox 217 1817 3554 1916; baseline 0.001 -18"><span class='ocrx_word' id='word_1_247' title='bbox 217 1817 320 1898; x_wconf 73' lang='lat' dir='ltr'><strong>lum</strong></span> <span class='ocrx_word' id='word_1_248' title='bbox 360 1843 592 1899; x_wconf 90' lang='lat' dir='ltr'><strong>ecclesia</strong></span> <span class='ocrx_word' id='word_1_249' title='bbox 615 1860 748 1899; x_wconf 91' lang='lat' dir='ltr'><strong>cum</strong></span> <span class='ocrx_word' id='word_1_250' title='bbox 787 1843 1143 1899; x_wconf 91' lang='lat' dir='ltr'><strong>xenodochio</strong></span> <span class='ocrx_word' id='word_1_251' title='bbox 1171 1847 1408 1915; x_wconf 89' lang='lat' dir='ltr'><strong>propter</strong></span> <span class='ocrx_word' id='word_1_252' title='bbox 1433 1817 1816 1900; x_wconf 80' lang='lat' dir='ltr'><strong>transeuntes.</strong></span> <span class='ocrx_word' id='word_1_253' title='bbox 1840 1817 1898 1888; x_wconf 83' lang='lat' dir='ltr'><strong>B</strong></span> <span class='ocrx_word' id='word_1_254' title='bbox 1919 1817 2136 1897; x_wconf 78' lang='lat' dir='ltr'><strong>Pharao</strong></span> <span class='ocrx_word' id='word_1_255' title='bbox 2165 1859 2236 1897; x_wconf 89' lang='lat' dir='ltr'><strong>ex</strong></span> <span class='ocrx_word' id='word_1_256' title='bbox 2273 1859 2389 1914; x_wconf 88' lang='lat' dir='ltr'><strong>qua</strong></span> <span class='ocrx_word' id='word_1_257' title='bbox 2429 1850 2450 1890; x_wconf 68' lang='grc' dir='ltr'><em>τ</em></span> <span class='ocrx_word' id='word_1_258' title='bbox 2484 1840 2586 1896; x_wconf 83' lang='lat' dir='ltr'><strong>ﬁlii</strong></span> <span class='ocrx_word' id='word_1_259' title='bbox 2617 1843 2785 1898; x_wconf 89' lang='lat' dir='ltr'><strong>Israel</strong></span> <span class='ocrx_word' id='word_1_260' title='bbox 2815 1817 3098 1898; x_wconf 87' lang='lat' dir='ltr'><strong>exierunt.</strong></span> <span class='ocrx_word' id='word_1_261' title='bbox 3148 1817 3209 1898; x_wconf 71' lang='lat' dir='ltr'><strong>in</strong></span> <span class='ocrx_word' id='word_1_262' title='bbox 3252 1843 3390 1916; x_wconf 86' lang='lat' dir='ltr'><strong>ipsis</strong></span> <span class='ocrx_word' id='word_1_263' title='bbox 3417 1844 3554 1900; x_wconf 85' lang='lat' dir='ltr'><strong>locis</strong></span> 
     </span>
    </p>
   </div>
   <div class='ocr_carea' id='block_1_35' title="bbox 216 1936 1824 2006">
    <p class='ocr_par' dir='ltr' id='par_1_35' title="bbox 216 1936 1824 2006">
     <span class='ocr_line' id='line_1_35' title="bbox 216 1936 1824 2006; baseline 0 -14"><span class='ocrx_word' id='word_1_264' title='bbox 216 1936 327 1993; x_wconf 79' lang='lat' dir='ltr'><strong>Inde</strong></span> <span class='ocrx_word' id='word_1_265' title='bbox 346 1939 583 1993; x_wconf 80' lang='lat' dir='ltr'><strong>venimus</strong></span> <span class='ocrx_word' id='word_1_266' title='bbox 604 1937 682 1992; x_wconf 84' lang='lat' dir='ltr'><strong>ad</strong></span> <span class='ocrx_word' id='word_1_267' title='bbox 703 1938 871 1992; x_wconf 85' lang='lat' dir='ltr'><strong>locum</strong></span> <span class='ocrx_word' id='word_1_268' title='bbox 887 1937 984 1991; x_wconf 87' lang='lat' dir='ltr'><strong>ubi</strong></span> <span class='ocrx_word' id='word_1_269' title='bbox 1005 1938 1110 2006; x_wconf 80' lang='lat' dir='ltr'><strong>ﬁlii</strong></span> <span class='ocrx_word' id='word_1_270' title='bbox 1123 1938 1292 1993; x_wconf 81' lang='lat' dir='ltr'><strong>Israel</strong></span> <span class='ocrx_word' id='word_1_271' title='bbox 1311 1941 1648 1992; x_wconf 83' lang='lat' dir='ltr'><strong>transeuntes</strong></span> <span class='ocrx_word' id='word_1_272' title='bbox 1672 1953 1824 1992; x_wconf 85' lang='lat' dir='ltr'><strong>mare</strong></span> 
     </span>
    </p>
   </div>
   <div class='ocr_carea' id='block_1_36' title="bbox 217 2031 1822 2094">
    <p class='ocr_par' dir='ltr' id='par_1_36' title="bbox 217 2031 1822 2094">
     <span class='ocr_line' id='line_1_36' title="bbox 217 2031 1822 2094; baseline -0.001 -7"><span class='ocrx_word' id='word_1_273' title='bbox 217 2031 430 2088; x_wconf 77' lang='lat' dir='ltr'><strong>Rubrum</strong></span> <span class='ocrx_word' id='word_1_274' title='bbox 467 2033 860 2094; x_wconf 82' lang='lat' dir='ltr'><strong>castrametati,</strong></span> <span class='ocrx_word' id='word_1_275' title='bbox 905 2034 958 2086; x_wconf 89' lang='lat' dir='ltr'><strong>et</strong></span> <span class='ocrx_word' id='word_1_276' title='bbox 1002 2031 1082 2085; x_wconf 83' lang='lat' dir='ltr'><strong>ibi</strong></span> <span class='ocrx_word' id='word_1_277' title='bbox 1118 2031 1372 2086; x_wconf 81' lang='lat' dir='ltr'><strong>similiter</strong></span> <span class='ocrx_word' id='word_1_278' title='bbox 1399 2031 1681 2087; x_wconf 83' lang='lat' dir='ltr'><strong>castellum</strong></span> <span class='ocrx_word' id='word_1_279' title='bbox 1704 2045 1822 2086; x_wconf 85' lang='lat' dir='ltr'><strong>cum</strong></span> 
     </span>
    </p>
   </div>
   <div class='ocr_carea' id='block_1_37' title="bbox 213 2125 1824 2195">
    <p class='ocr_par' dir='ltr' id='par_1_37' title="bbox 213 2125 1824 2195">
     <span class='ocr_line' id='line_1_37' title="bbox 213 2125 1824 2195; baseline -0.001 -15"><span class='ocrx_word' id='word_1_280' title='bbox 213 2125 539 2188; x_wconf 61' lang='lat' dir='ltr'><strong>xenodochio,</strong></span> <span class='ocrx_word' id='word_1_281' title='bbox 565 2129 616 2180; x_wconf 85' lang='lat' dir='ltr'><strong>et</strong></span> <span class='ocrx_word' id='word_1_282' title='bbox 640 2126 700 2178; x_wconf 88' lang='lat' dir='ltr'><strong>in</strong></span> <span class='ocrx_word' id='word_1_283' title='bbox 728 2125 840 2180; x_wconf 90' lang='lat' dir='ltr'><strong>loco</strong></span> <span class='ocrx_word' id='word_1_284' title='bbox 862 2139 966 2195; x_wconf 83' lang='lat' dir='ltr'><strong>quo</strong></span> <span class='ocrx_word' id='word_1_285' title='bbox 991 2126 1240 2179; x_wconf 73' lang='lat' dir='ltr'><strong>erierunt</strong></span> <span class='ocrx_word' id='word_1_286' title='bbox 1263 2125 1329 2179; x_wconf 86' lang='lat' dir='ltr'><strong>de</strong></span> <span class='ocrx_word' id='word_1_287' title='bbox 1365 2127 1510 2179; x_wconf 86' lang='lat' dir='ltr'><strong>mari</strong></span> <span class='ocrx_word' id='word_1_288' title='bbox 1550 2129 1627 2180; x_wconf 89' lang='lat' dir='ltr'><strong>est</strong></span> <span class='ocrx_word' id='word_1_289' title='bbox 1649 2128 1824 2179; x_wconf 84' lang='lat' dir='ltr'><strong>orato-</strong></span> 
     </span>
    </p>
   </div>
   <div class='ocr_carea' id='block_1_38' title="bbox 215 2217 1824 2275">
    <p class='ocr_par' dir='ltr' id='par_1_38' title="bbox 215 2217 1824 2275">
     <span class='ocr_line' id='line_1_38' title="bbox 215 2217 1824 2275; baseline 0 -3"><span class='ocrx_word' id='word_1_290' title='bbox 215 2221 339 2273; x_wconf 82' lang='lat' dir='ltr'><strong>rium</strong></span> <span class='ocrx_word' id='word_1_291' title='bbox 358 2219 508 2275; x_wconf 59' lang='lat' dir='ltr'><strong>Elia.</strong></span> <span class='ocrx_word' id='word_1_292' title='bbox 539 2219 607 2274; x_wconf 89' lang='lat' dir='ltr'><strong>Et</strong></span> <span class='ocrx_word' id='word_1_293' title='bbox 633 2220 993 2274; x_wconf 88' lang='lat' dir='ltr'><strong>transeuntes</strong></span> <span class='ocrx_word' id='word_1_294' title='bbox 1018 2217 1279 2274; x_wconf 90' lang='lat' dir='ltr'><strong>venimus</strong></span> <span class='ocrx_word' id='word_1_295' title='bbox 1305 2217 1367 2273; x_wconf 91' lang='lat' dir='ltr'><strong>in</strong></span> <span class='ocrx_word' id='word_1_296' title='bbox 1396 2218 1589 2273; x_wconf 90' lang='lat' dir='ltr'><strong>locum</strong></span> <span class='ocrx_word' id='word_1_297' title='bbox 1612 2217 1714 2273; x_wconf 90' lang='lat' dir='ltr'><strong>ubi</strong></span> <span class='ocrx_word' id='word_1_298' title='bbox 1739 2217 1824 2272; x_wconf 88' lang='lat' dir='ltr'><strong>in-</strong></span> 
     </span>
    </p>
   </div>
   <div class='ocr_carea' id='block_1_39' title="bbox 217 2310 1823 2383">
    <p class='ocr_par' dir='ltr' id='par_1_39' title="bbox 217 2310 1823 2383">
     <span class='ocr_line' id='line_1_39' title="bbox 217 2310 1823 2383; baseline 0.001 -19"><span class='ocrx_word' id='word_1_299' title='bbox 217 2315 480 2368; x_wconf 88' lang='lat' dir='ltr'><strong>traverunt</strong></span> <span class='ocrx_word' id='word_1_300' title='bbox 532 2311 594 2366; x_wconf 88' lang='lat' dir='ltr'><strong>in</strong></span> <span class='ocrx_word' id='word_1_301' title='bbox 637 2327 814 2381; x_wconf 88' lang='lat' dir='ltr'><strong>mare,</strong></span> <span class='ocrx_word' id='word_1_302' title='bbox 845 2311 946 2366; x_wconf 89' lang='lat' dir='ltr'><strong>ubi</strong></span> <span class='ocrx_word' id='word_1_303' title='bbox 985 2315 1071 2367; x_wconf 91' lang='lat' dir='ltr'><strong>est</strong></span> <span class='ocrx_word' id='word_1_304' title='bbox 1114 2311 1426 2367; x_wconf 88' lang='lat' dir='ltr'><strong>oratorium</strong></span> <span class='ocrx_word' id='word_1_305' title='bbox 1467 2311 1692 2383; x_wconf 84' lang='lat' dir='ltr'><strong>Moysis.</strong></span> <span class='ocrx_word' id='word_1_306' title='bbox 1741 2310 1823 2366; x_wconf 89' lang='lat' dir='ltr'><strong>lbi</strong></span> 
     </span>
    </p>
   </div>
   <div class='ocr_carea' id='block_1_40' title="bbox 215 2405 1822 2478">
    <p class='ocr_par' dir='ltr' id='par_1_40' title="bbox 215 2405 1822 2478">
     <span class='ocr_line' id='line_1_40' title="bbox 215 2405 1822 2478; baseline -0.001 -18"><span class='ocrx_word' id='word_1_307' title='bbox 215 2411 285 2462; x_wconf 85' lang='lat' dir='ltr'><strong>est</strong></span> <span class='ocrx_word' id='word_1_308' title='bbox 306 2405 487 2461; x_wconf 88' lang='lat' dir='ltr'><strong>civitas</strong></span> <span class='ocrx_word' id='word_1_309' title='bbox 509 2422 689 2478; x_wconf 88' lang='lat' dir='ltr'><strong>parva</strong></span> <span class='ocrx_word' id='word_1_310' title='bbox 712 2422 842 2477; x_wconf 67' lang='lat' dir='ltr'><strong>quas</strong></span> <span class='ocrx_word' id='word_1_311' title='bbox 868 2405 1189 2477; x_wconf 86' lang='lat' dir='ltr'><strong>appellatur</strong></span> <span class='ocrx_word' id='word_1_312' title='bbox 1208 2405 1435 2477; x_wconf 85' lang='lat' dir='ltr'><strong>Clysma</strong></span> <span class='ocrx_word' id='word_1_313' title='bbox 1459 2418 1506 2474; x_wconf 89' lang='lat' dir='ltr'><strong>d,</strong></span> <span class='ocrx_word' id='word_1_314' title='bbox 1526 2405 1623 2460; x_wconf 89' lang='lat' dir='ltr'><strong>ubi</strong></span> <span class='ocrx_word' id='word_1_315' title='bbox 1643 2405 1714 2460; x_wconf 91' lang='lat' dir='ltr'><strong>de</strong></span> <span class='ocrx_word' id='word_1_316' title='bbox 1739 2406 1822 2460; x_wconf 86' lang='lat' dir='ltr'><strong>ln-</strong></span> 
     </span>
    </p>
   </div>
   <div class='ocr_carea' id='block_1_41' title="bbox 215 2497 1822 2570">
    <p class='ocr_par' dir='ltr' id='par_1_41' title="bbox 215 2497 1822 2570">
     <span class='ocr_line' id='line_1_41' title="bbox 215 2497 1822 2570; baseline -0.002 -15"><span class='ocrx_word' id='word_1_317' title='bbox 215 2498 291 2554; x_wconf 87' lang='lat' dir='ltr'><strong>dia</strong></span> <span class='ocrx_word' id='word_1_318' title='bbox 329 2516 489 2555; x_wconf 86' lang='lat' dir='ltr'><strong>naves</strong></span> <span class='ocrx_word' id='word_1_319' title='bbox 518 2499 777 2554; x_wconf 89' lang='lat' dir='ltr'><strong>veniunt.</strong></span> <span class='ocrx_word' id='word_1_320' title='bbox 807 2500 870 2552; x_wconf 91' lang='lat' dir='ltr'><strong>In</strong></span> <span class='ocrx_word' id='word_1_321' title='bbox 909 2499 1034 2553; x_wconf 92' lang='lat' dir='ltr'><strong>loco</strong></span> <span class='ocrx_word' id='word_1_322' title='bbox 1061 2497 1157 2552; x_wconf 91' lang='lat' dir='ltr'><strong>ubi</strong></span> <span class='ocrx_word' id='word_1_323' title='bbox 1198 2498 1549 2554; x_wconf 89' lang='lat' dir='ltr'><strong>transierunt</strong></span> <span class='ocrx_word' id='word_1_324' title='bbox 1575 2498 1597 2522; x_wconf 84' lang='lat'><strong><em>&quot;</em></strong></span> <span class='ocrx_word' id='word_1_325' title='bbox 1625 2497 1822 2570; x_wconf 87' lang='lat' dir='ltr'><strong>fulgur</strong></span> 
     </span>
    </p>
   </div>
   <div class='ocr_carea' id='block_1_42' title="bbox 215 2591 1816 2664">
    <p class='ocr_par' dir='ltr' id='par_1_42' title="bbox 215 2591 1816 2664">
     <span class='ocr_line' id='line_1_42' title="bbox 215 2591 1816 2664; baseline 0 -19"><span class='ocrx_word' id='word_1_326' title='bbox 215 2592 311 2648; x_wconf 85' lang='lat' dir='ltr'><strong>exit</strong></span> <span class='ocrx_word' id='word_1_327' title='bbox 331 2593 396 2648; x_wconf 91' lang='lat' dir='ltr'><strong>de</strong></span> <span class='ocrx_word' id='word_1_328' title='bbox 421 2594 628 2664; x_wconf 84' lang='lat' dir='ltr'><strong>pelago</strong></span> <span class='ocrx_word' id='word_1_329' title='bbox 655 2592 860 2664; x_wconf 88' lang='lat' dir='ltr'><strong>majori</strong></span> <span class='ocrx_word' id='word_1_330' title='bbox 895 2595 953 2646; x_wconf 91' lang='lat' dir='ltr'><strong>et</strong></span> <span class='ocrx_word' id='word_1_331' title='bbox 977 2591 1304 2647; x_wconf 84' lang='lat' dir='ltr'><strong>extenditur</strong></span> <span class='ocrx_word' id='word_1_332' title='bbox 1327 2592 1388 2646; x_wconf 91' lang='lat' dir='ltr'><strong>in</strong></span> <span class='ocrx_word' id='word_1_333' title='bbox 1422 2591 1618 2646; x_wconf 89' lang='lat' dir='ltr'><strong>multis</strong></span> <span class='ocrx_word' id='word_1_334' title='bbox 1642 2591 1816 2646; x_wconf 90' lang='lat' dir='ltr'><strong>milli-</strong></span> 
     </span>
    </p>
   </div>
   <div class='ocr_carea' id='block_1_43' title="bbox 212 2684 1822 2758">
    <p class='ocr_par' dir='ltr' id='par_1_43' title="bbox 212 2684 1822 2758">
     <span class='ocr_line' id='line_1_43' title="bbox 212 2684 1822 2758; baseline 0.001 -20"><span class='ocrx_word' id='word_1_335' title='bbox 212 2685 320 2754; x_wconf 87' lang='lat' dir='ltr'><strong>bus,</strong></span> <span class='ocrx_word' id='word_1_336' title='bbox 349 2685 475 2758; x_wconf 88' lang='lat' dir='ltr'><strong>quia</strong></span> <span class='ocrx_word' id='word_1_337' title='bbox 517 2701 780 2740; x_wconf 90' lang='lat' dir='ltr'><strong>accessus</strong></span> <span class='ocrx_word' id='word_1_338' title='bbox 809 2689 865 2740; x_wconf 93' lang='lat' dir='ltr'><strong>et</strong></span> <span class='ocrx_word' id='word_1_339' title='bbox 889 2700 1142 2740; x_wconf 89' lang='lat' dir='ltr'><strong>recessus</strong></span> <span class='ocrx_word' id='word_1_340' title='bbox 1165 2701 1330 2756; x_wconf 64' lang='lat' dir='ltr'><strong>aquae</strong></span> <span class='ocrx_word' id='word_1_341' title='bbox 1362 2684 1622 2740; x_wconf 90' lang='lat' dir='ltr'><strong>habetur.</strong></span> <span class='ocrx_word' id='word_1_342' title='bbox 1649 2685 1822 2739; x_wconf 84' lang='lat' dir='ltr'><strong>Rece-</strong></span> 
     </span>
    </p>
   </div>
   <div class='ocr_carea' id='block_1_44' title="bbox 212 2777 1819 2852">
    <p class='ocr_par' dir='ltr' id='par_1_44' title="bbox 212 2777 1819 2852">
     <span class='ocr_line' id='line_1_44' title="bbox 212 2777 1819 2852; baseline -0.001 -18"><span class='ocrx_word' id='word_1_343' title='bbox 212 2777 358 2835; x_wconf 88' lang='lat' dir='ltr'><strong>dente</strong></span> <span class='ocrx_word' id='word_1_344' title='bbox 383 2780 524 2835; x_wconf 87' lang='lat' dir='ltr'><strong>mari</strong></span> <span class='ocrx_word' id='word_1_345' title='bbox 555 2784 794 2852; x_wconf 86' lang='lat' dir='ltr'><strong>apparet</strong></span> <span class='ocrx_word' id='word_1_346' title='bbox 819 2778 1004 2834; x_wconf 92' lang='lat' dir='ltr'><strong>omnis</strong></span> <span class='ocrx_word' id='word_1_347' title='bbox 1054 2777 1368 2834; x_wconf 89' lang='lat' dir='ltr'><strong>submersio</strong></span> <span class='ocrx_word' id='word_1_348' title='bbox 1396 2777 1728 2848; x_wconf 87' lang='lat' dir='ltr'><strong>Pharaonis,</strong></span> <span class='ocrx_word' id='word_1_349' title='bbox 1761 2781 1819 2832; x_wconf 87' lang='lat' dir='ltr'><strong>et</strong></span> 
     </span>
    </p>
   </div>
   <div class='ocr_carea' id='block_1_45' title="bbox 212 2871 1822 2944">
    <p class='ocr_par' dir='ltr' id='par_1_45' title="bbox 212 2871 1822 2944">
     <span class='ocr_line' id='line_1_45' title="bbox 212 2871 1822 2944; baseline -0.001 -17"><span class='ocrx_word' id='word_1_350' title='bbox 212 2873 379 2928; x_wconf 86' lang='lat' dir='ltr'><strong>omnia</strong></span> <span class='ocrx_word' id='word_1_351' title='bbox 395 2890 560 2929; x_wconf 87' lang='lat' dir='ltr'><strong>arma</strong></span> <span class='ocrx_word' id='word_1_352' title='bbox 588 2874 649 2944; x_wconf 79' lang='lat' dir='ltr'><strong>in</strong></span> <span class='ocrx_word' id='word_1_353' title='bbox 678 2890 970 2928; x_wconf 86' lang='lat' dir='ltr'><strong>marmora</strong></span> <span class='ocrx_word' id='word_1_354' title='bbox 1007 2875 1224 2928; x_wconf 87' lang='lat' dir='ltr'><strong>mutata</strong></span> <span class='ocrx_word' id='word_1_355' title='bbox 1248 2872 1539 2927; x_wconf 89' lang='lat' dir='ltr'><strong>videntur.</strong></span> <span class='ocrx_word' id='word_1_356' title='bbox 1579 2871 1658 2926; x_wconf 90' lang='lat' dir='ltr'><strong>lbi</strong></span> <span class='ocrx_word' id='word_1_357' title='bbox 1682 2871 1822 2926; x_wconf 90' lang='lat' dir='ltr'><strong>acci-</strong></span> 
     </span>
    </p>
   </div>
   <div class='ocr_carea' id='block_1_46' title="bbox 210 2965 1820 3039">
    <p class='ocr_par' dir='ltr' id='par_1_46' title="bbox 210 2965 1820 3039">
     <span class='ocr_line' id='line_1_46' title="bbox 210 2965 1820 3039; baseline -0.001 -19"><span class='ocrx_word' id='word_1_358' title='bbox 210 2966 377 3036; x_wconf 89' lang='lat' dir='ltr'><strong>pimus</strong></span> <span class='ocrx_word' id='word_1_359' title='bbox 418 2983 592 3022; x_wconf 89' lang='lat' dir='ltr'><strong>nuces</strong></span> <span class='ocrx_word' id='word_1_360' title='bbox 616 2967 845 3037; x_wconf 77' lang='lat' dir='ltr'><strong>virides,</strong></span> <span class='ocrx_word' id='word_1_361' title='bbox 877 2983 1009 3039; x_wconf 69' lang='lat' dir='ltr'><strong>quae</strong></span> <span class='ocrx_word' id='word_1_362' title='bbox 1049 2967 1119 3022; x_wconf 93' lang='lat' dir='ltr'><strong>de</strong></span> <span class='ocrx_word' id='word_1_363' title='bbox 1151 2965 1306 3020; x_wconf 87' lang='lat' dir='ltr'><strong>India</strong></span> <span class='ocrx_word' id='word_1_364' title='bbox 1333 2969 1632 3034; x_wconf 89' lang='lat' dir='ltr'><strong>venerunt,</strong></span> <span class='ocrx_word' id='word_1_365' title='bbox 1679 2981 1820 3036; x_wconf 90' lang='lat' dir='ltr'><strong>quas</strong></span> 
     </span>
    </p>
   </div>
   <div class='ocr_carea' id='block_1_47' title="bbox 211 3057 1821 3133">
    <p class='ocr_par' dir='ltr' id='par_1_47' title="bbox 211 3057 1821 3133">
     <span class='ocr_line' id='line_1_47' title="bbox 211 3057 1821 3133; baseline -0.001 -19"><span class='ocrx_word' id='word_1_366' title='bbox 211 3057 272 3115; x_wconf 89' lang='lat' dir='ltr'><strong>de</strong></span> <span class='ocrx_word' id='word_1_367' title='bbox 293 3062 546 3133; x_wconf 87' lang='lat' dir='ltr'><strong>paradiso</strong></span> <span class='ocrx_word' id='word_1_368' title='bbox 573 3061 813 3116; x_wconf 91' lang='lat' dir='ltr'><strong>credunt</strong></span> <span class='ocrx_word' id='word_1_369' title='bbox 838 3060 1101 3116; x_wconf 89' lang='lat' dir='ltr'><strong>homines</strong></span> <span class='ocrx_word' id='word_1_370' title='bbox 1119 3075 1276 3130; x_wconf 85' lang='lat' dir='ltr'><strong>esse;</strong></span> <span class='ocrx_word' id='word_1_371' title='bbox 1309 3062 1366 3115; x_wconf 92' lang='lat' dir='ltr'><strong>et</strong></span> <span class='ocrx_word' id='word_1_372' title='bbox 1394 3059 1494 3131; x_wconf 89' lang='lat' dir='ltr'><strong>qui</strong></span> <span class='ocrx_word' id='word_1_373' title='bbox 1513 3075 1582 3114; x_wconf 89' lang='lat' dir='ltr'><strong>ex</strong></span> <span class='ocrx_word' id='word_1_374' title='bbox 1611 3058 1702 3114; x_wconf 91' lang='lat' dir='ltr'><strong>his</strong></span> <span class='ocrx_word' id='word_1_375' title='bbox 1721 3075 1821 3130; x_wconf 86' lang='lat' dir='ltr'><strong>gu-</strong></span> 
     </span>
    </p>
   </div>
   <div class='ocr_carea' id='block_1_48' title="bbox 209 3155 744 3211">
    <p class='ocr_par' dir='ltr' id='par_1_48' title="bbox 209 3155 744 3211">
     <span class='ocr_line' id='line_1_48' title="bbox 209 3155 744 3211; baseline 0.006 -4"><span class='ocrx_word' id='word_1_376' title='bbox 209 3155 416 3211; x_wconf 86' lang='lat' dir='ltr'><strong>staverit</strong></span> <span class='ocrx_word' id='word_1_377' title='bbox 438 3156 459 3178; x_wconf 76' lang='lat'><strong>&#39;</strong></span> <span class='ocrx_word' id='word_1_378' title='bbox 485 3159 744 3210; x_wconf 87' lang='lat' dir='ltr'><strong>sanatur.</strong></span> 
     </span>
    </p>
   </div>
   <div class='ocr_carea' id='block_1_49' title="bbox 267 3247 1816 3321">
    <p class='ocr_par' dir='ltr' id='par_1_49' title="bbox 267 3247 1816 3321">
     <span class='ocr_line' id='line_1_49' title="bbox 267 3247 1816 3321; baseline -0.001 -19"><span class='ocrx_word' id='word_1_379' title='bbox 267 3248 346 3303; x_wconf 75' lang='grc'><strong>42.</strong></span> <span class='ocrx_word' id='word_1_380' title='bbox 366 3250 518 3305; x_wconf 91' lang='lat' dir='ltr'><strong>lntus</strong></span> <span class='ocrx_word' id='word_1_381' title='bbox 545 3253 740 3304; x_wconf 91' lang='lat' dir='ltr'><strong>autem</strong></span> <span class='ocrx_word' id='word_1_382' title='bbox 769 3247 829 3304; x_wconf 91' lang='lat' dir='ltr'><strong>in</strong></span> <span class='ocrx_word' id='word_1_383' title='bbox 858 3248 982 3320; x_wconf 92' lang='lat' dir='ltr'><strong>ipso</strong></span> <span class='ocrx_word' id='word_1_384' title='bbox 1007 3247 1213 3321; x_wconf 79' lang='lat' dir='ltr'><strong>pelago</strong></span> <span class='ocrx_word' id='word_1_385' title='bbox 1243 3247 1468 3303; x_wconf 89' lang='lat' dir='ltr'><strong>modica</strong></span> <span class='ocrx_word' id='word_1_386' title='bbox 1491 3251 1577 3303; x_wconf 89' lang='lat' dir='ltr'><strong>est</strong></span> <span class='ocrx_word' id='word_1_387' title='bbox 1612 3247 1816 3318; x_wconf 87' lang='lat' dir='ltr'><strong>insula,</strong></span> 
     </span>
    </p>
   </div>
   <div class='ocr_carea' id='block_1_50' title="bbox 208 3340 1816 3416">
    <p class='ocr_par' dir='ltr' id='par_1_50' title="bbox 208 3340 1816 3416">
     <span class='ocr_line' id='line_1_50' title="bbox 208 3340 1816 3416; baseline -0.001 -20"><span class='ocrx_word' id='word_1_388' title='bbox 208 3340 258 3396; x_wconf 90' lang='lat' dir='ltr'><strong>in</strong></span> <span class='ocrx_word' id='word_1_389' title='bbox 281 3359 386 3414; x_wconf 90' lang='lat' dir='ltr'><strong>qua</strong></span> <span class='ocrx_word' id='word_1_390' title='bbox 409 3345 492 3399; x_wconf 91' lang='lat' dir='ltr'><strong>est</strong></span> <span class='ocrx_word' id='word_1_391' title='bbox 518 3347 682 3415; x_wconf 84' lang='lat' dir='ltr'><strong>petra</strong></span> <span class='ocrx_word' id='word_1_392' title='bbox 704 3342 851 3412; x_wconf 90' lang='lat' dir='ltr'><strong>viva,</strong></span> <span class='ocrx_word' id='word_1_393' title='bbox 883 3342 978 3397; x_wconf 82' lang='lat' dir='ltr'><strong>ubi</strong></span> <span class='ocrx_word' id='word_1_394' title='bbox 1017 3342 1271 3416; x_wconf 85' lang='lat' dir='ltr'><strong>pendent</strong></span> <span class='ocrx_word' id='word_1_395' title='bbox 1295 3342 1320 3366; x_wconf 74' lang='lat'><strong><em>&quot;</em></strong></span> <span class='ocrx_word' id='word_1_396' title='bbox 1355 3342 1574 3412; x_wconf 89' lang='lat' dir='ltr'><strong>molles,</strong></span> <span class='ocrx_word' id='word_1_397' title='bbox 1605 3345 1667 3396; x_wconf 92' lang='lat' dir='ltr'><strong>ut</strong></span> <span class='ocrx_word' id='word_1_398' title='bbox 1696 3357 1816 3396; x_wconf 88' lang='lat' dir='ltr'><strong>car-</strong></span> 
     </span>
    </p>
   </div>
   <div class='ocr_carea' id='block_1_51' title="bbox 207 3435 1820 3508">
    <p class='ocr_par' dir='ltr' id='par_1_51' title="bbox 207 3435 1820 3508">
     <span class='ocr_line' id='line_1_51' title="bbox 207 3435 1820 3508; baseline 0 -19"><span class='ocrx_word' id='word_1_399' title='bbox 207 3435 304 3505; x_wconf 87' lang='lat' dir='ltr'><strong>uei,</strong></span> <span class='ocrx_word' id='word_1_400' title='bbox 325 3436 382 3491; x_wconf 93' lang='lat' dir='ltr'><strong>in</strong></span> <span class='ocrx_word' id='word_1_401' title='bbox 410 3436 651 3493; x_wconf 91' lang='lat' dir='ltr'><strong>modum</strong></span> <span class='ocrx_word' id='word_1_402' title='bbox 669 3436 1046 3508; x_wconf 88' lang='lat' dir='ltr'><strong>dactylorum,</strong></span> <span class='ocrx_word' id='word_1_403' title='bbox 1067 3435 1167 3508; x_wconf 89' lang='lat' dir='ltr'><strong>qui</strong></span> <span class='ocrx_word' id='word_1_404' title='bbox 1185 3435 1435 3491; x_wconf 91' lang='lat' dir='ltr'><strong>fundunt</strong></span> <span class='ocrx_word' id='word_1_405' title='bbox 1459 3437 1820 3507; x_wconf 88' lang='lat' dir='ltr'><strong>unguentum</strong></span> 
     </span>
    </p>
   </div>
   <div class='ocr_carea' id='block_1_52' title="bbox 206 3527 1821 3602">
    <p class='ocr_par' dir='ltr' id='par_1_52' title="bbox 206 3527 1821 3602">
     <span class='ocr_line' id='line_1_52' title="bbox 206 3527 1821 3602; baseline 0 -18"><span class='ocrx_word' id='word_1_406' title='bbox 206 3529 341 3600; x_wconf 87' lang='lat' dir='ltr'><strong>quod</strong></span> <span class='ocrx_word' id='word_1_407' title='bbox 364 3531 557 3586; x_wconf 89' lang='lat' dir='ltr'><strong>oleum</strong></span> <span class='ocrx_word' id='word_1_408' title='bbox 583 3530 872 3602; x_wconf 89' lang='lat' dir='ltr'><strong>petrinum</strong></span> <span class='ocrx_word' id='word_1_409' title='bbox 894 3533 1118 3600; x_wconf 89' lang='lat' dir='ltr'><strong>vocant,</strong></span> <span class='ocrx_word' id='word_1_410' title='bbox 1147 3529 1303 3601; x_wconf 90' lang='lat' dir='ltr'><strong>quod</strong></span> <span class='ocrx_word' id='word_1_411' title='bbox 1321 3545 1426 3600; x_wconf 91' lang='lat' dir='ltr'><strong>pro</strong></span> <span class='ocrx_word' id='word_1_412' title='bbox 1454 3529 1705 3584; x_wconf 88' lang='lat' dir='ltr'><strong>maxima</strong></span> <span class='ocrx_word' id='word_1_413' title='bbox 1727 3527 1821 3584; x_wconf 90' lang='lat' dir='ltr'><strong>be-</strong></span> 
     </span>
    </p>
   </div>
   <div class='ocr_carea' id='block_1_53' title="bbox 207 3621 1820 3696">
    <p class='ocr_par' dir='ltr' id='par_1_53' title="bbox 207 3621 1820 3696">
     <span class='ocr_line' id='line_1_53' title="bbox 207 3621 1820 3696; baseline 0.001 -19"><span class='ocrx_word' id='word_1_414' title='bbox 207 3623 506 3681; x_wconf 90' lang='lat' dir='ltr'><strong>nedictione</strong></span> <span class='ocrx_word' id='word_1_415' title='bbox 535 3624 772 3680; x_wconf 88' lang='lat' dir='ltr'><strong>tollitur.</strong></span> <span class='ocrx_word' id='word_1_416' title='bbox 791 3625 896 3680; x_wconf 85' lang='lat' dir='ltr'><strong>Vas</strong></span> <span class='ocrx_word' id='word_1_417' title='bbox 921 3623 982 3678; x_wconf 91' lang='lat' dir='ltr'><strong>in</strong></span> <span class='ocrx_word' id='word_1_418' title='bbox 999 3640 1111 3696; x_wconf 89' lang='lat' dir='ltr'><strong>quo</strong></span> <span class='ocrx_word' id='word_1_419' title='bbox 1137 3626 1417 3695; x_wconf 86' lang='lat' dir='ltr'><strong>portatur,</strong></span> <span class='ocrx_word' id='word_1_420' title='bbox 1447 3622 1495 3677; x_wconf 89' lang='lat' dir='ltr'><strong>si</strong></span> <span class='ocrx_word' id='word_1_421' title='bbox 1515 3621 1820 3694; x_wconf 87' lang='lat' dir='ltr'><strong>impletum</strong></span> 
     </span>
    </p>
   </div>
   <div class='ocr_carea' id='block_1_54' title="bbox 204 3699 1818 3788">
    <p class='ocr_par' dir='ltr' id='par_1_54' title="bbox 204 3699 1818 3788">
     <span class='ocr_line' id='line_1_54' title="bbox 204 3699 1818 3788; baseline 0 -17"><span class='ocrx_word' id='word_1_422' title='bbox 204 3715 374 3788; x_wconf 86' lang='lat' dir='ltr'><strong>fuerit,</strong></span> <span class='ocrx_word' id='word_1_423' title='bbox 403 3722 458 3774; x_wconf 93' lang='lat' dir='ltr'><strong>et</strong></span> <span class='ocrx_word' id='word_1_424' title='bbox 482 3699 732 3774; x_wconf 85' lang='lat' dir='ltr'><strong>volueris</strong></span> <span class='ocrx_word' id='word_1_425' title='bbox 761 3717 1067 3774; x_wconf 85' lang='lat' dir='ltr'><strong>rediterare</strong></span> <span class='ocrx_word' id='word_1_426' title='bbox 1085 3717 1158 3773; x_wconf 91' lang='lat' dir='ltr'><strong>ad</strong></span> <span class='ocrx_word' id='word_1_427' title='bbox 1182 3716 1523 3787; x_wconf 86' lang='lat' dir='ltr'><strong>tollendum,</strong></span> <span class='ocrx_word' id='word_1_428' title='bbox 1547 3717 1674 3788; x_wconf 86' lang='lat' dir='ltr'><strong>jam</strong></span> <span class='ocrx_word' id='word_1_429' title='bbox 1702 3733 1818 3772; x_wconf 90' lang='lat' dir='ltr'><strong>non</strong></span> 
     </span>
    </p>
   </div>
   <div class='ocr_carea' id='block_1_55' title="bbox 206 3809 1821 3884">
    <p class='ocr_par' dir='ltr' id='par_1_55' title="bbox 206 3809 1821 3884">
     <span class='ocr_line' id='line_1_55' title="bbox 206 3809 1821 3884; baseline 0 -20"><span class='ocrx_word' id='word_1_430' title='bbox 206 3824 322 3866; x_wconf 88' lang='lat' dir='ltr'><strong>eum</strong></span> <span class='ocrx_word' id='word_1_431' title='bbox 345 3811 509 3884; x_wconf 90' lang='lat' dir='ltr'><strong>capit.</strong></span> <span class='ocrx_word' id='word_1_432' title='bbox 545 3813 606 3868; x_wconf 89' lang='lat' dir='ltr'><strong>In</strong></span> <span class='ocrx_word' id='word_1_433' title='bbox 635 3827 748 3884; x_wconf 90' lang='lat' dir='ltr'><strong>quo</strong></span> <span class='ocrx_word' id='word_1_434' title='bbox 775 3813 897 3866; x_wconf 92' lang='lat' dir='ltr'><strong>loco</strong></span> <span class='ocrx_word' id='word_1_435' title='bbox 917 3810 1362 3884; x_wconf 87' lang='lat' dir='ltr'><strong>quanticumque</strong></span> <span class='ocrx_word' id='word_1_436' title='bbox 1382 3809 1586 3882; x_wconf 68' lang='lat' dir='ltr'><strong>aegroti</strong></span> <span class='ocrx_word' id='word_1_437' title='bbox 1603 3809 1821 3882; x_wconf 89' lang='lat' dir='ltr'><strong>pertin-</strong></span> 
     </span>
    </p>
   </div>
   <div class='ocr_carea' id='block_1_56' title="bbox 208 3903 1820 3982">
    <p class='ocr_par' dir='ltr' id='par_1_56' title="bbox 208 3903 1820 3982">
     <span class='ocr_line' id='line_1_56' title="bbox 208 3903 1820 3982; baseline 0 -23"><span class='ocrx_word' id='word_1_438' title='bbox 208 3921 324 3976; x_wconf 86' lang='lat' dir='ltr'><strong>gere</strong></span> <span class='ocrx_word' id='word_1_439' title='bbox 343 3911 600 3978; x_wconf 89' lang='lat' dir='ltr'><strong>possunt,</strong></span> <span class='ocrx_word' id='word_1_440' title='bbox 630 3905 654 3929; x_wconf 76' lang='lat'><strong>&quot;</strong></span> <span class='ocrx_word' id='word_1_441' title='bbox 678 3911 968 3960; x_wconf 82' lang='lat' dir='ltr'><strong>sanantur.</strong></span> <span class='ocrx_word' id='word_1_442' title='bbox 997 3905 1176 3970; x_wconf 89' lang='lat' dir='ltr'><strong>Quem</strong></span> <span class='ocrx_word' id='word_1_443' title='bbox 1211 3903 1532 3982; x_wconf 81' lang='lat' dir='ltr'><strong>[liquorem]</strong></span> <span class='ocrx_word' id='word_1_444' title='bbox 1559 3903 1820 3959; x_wconf 88' lang='lat' dir='ltr'><strong>tollentes</strong></span> 
     </span>
    </p>
   </div>
   <div class='ocr_carea' id='block_1_57' title="bbox 208 3996 1819 4072">
    <p class='ocr_par' dir='ltr' id='par_1_57' title="bbox 208 3996 1819 4072">
     <span class='ocr_line' id='line_1_57' title="bbox 208 3996 1819 4072; baseline 0.002 -20"><span class='ocrx_word' id='word_1_445' title='bbox 208 4015 300 4069; x_wconf 92' lang='lat' dir='ltr'><strong>pro</strong></span> <span class='ocrx_word' id='word_1_446' title='bbox 309 3999 726 4069; x_wconf 89' lang='lat' dir='ltr'><strong>benedictione,</strong></span> <span class='ocrx_word' id='word_1_447' title='bbox 740 4016 858 4056; x_wconf 92' lang='lat' dir='ltr'><strong>non</strong></span> <span class='ocrx_word' id='word_1_448' title='bbox 870 4015 1005 4055; x_wconf 91' lang='lat' dir='ltr'><strong>eum</strong></span> <span class='ocrx_word' id='word_1_449' title='bbox 1016 3998 1356 4072; x_wconf 89' lang='lat' dir='ltr'><strong>permittunt</strong></span> <span class='ocrx_word' id='word_1_450' title='bbox 1365 3998 1575 4054; x_wconf 89' lang='lat' dir='ltr'><strong>iterum</strong></span> <span class='ocrx_word' id='word_1_451' title='bbox 1587 3996 1819 4055; x_wconf 87' lang='lat' dir='ltr'><strong>introire</strong></span> 
     </span>
    </p>
   </div>
   <div class='ocr_carea' id='block_1_58' title="bbox 269 4193 1589 4266">
    <p class='ocr_par' dir='ltr' id='par_1_58' title="bbox 269 4193 1589 4266">
     <span class='ocr_line' id='line_1_58' title="bbox 269 4193 1589 4266; baseline -0.004 -13"><span class='ocrx_word' id='word_1_452' title='bbox 269 4207 292 4234; x_wconf 77' lang='grc'>⁸</span> <span class='ocrx_word' id='word_1_453' title='bbox 317 4197 613 4252; x_wconf 87' lang='lat' dir='ltr'><strong>Condoma</strong></span> <span class='ocrx_word' id='word_1_454' title='bbox 638 4195 862 4252; x_wconf 89' lang='lat' dir='ltr'><strong>videtur</strong></span> <span class='ocrx_word' id='word_1_455' title='bbox 886 4196 978 4250; x_wconf 89' lang='lat' dir='ltr'><strong>hic</strong></span> <span class='ocrx_word' id='word_1_456' title='bbox 1003 4194 1168 4250; x_wconf 85' lang='lat' dir='ltr'><strong>scribi</strong></span> <span class='ocrx_word' id='word_1_457' title='bbox 1196 4211 1300 4266; x_wconf 93' lang='lat' dir='ltr'><strong>pro</strong></span> <span class='ocrx_word' id='word_1_458' title='bbox 1332 4193 1589 4250; x_wconf 82' lang='lat' dir='ltr'><strong>Familia.</strong></span> 
     </span>
    </p>
   </div>
   <div class='ocr_carea' id='block_1_59' title="bbox 267 4274 1818 4349">
    <p class='ocr_par' dir='ltr' id='par_1_59' title="bbox 267 4274 1818 4349">
     <span class='ocr_line' id='line_1_59' title="bbox 267 4274 1818 4349; baseline -0.001 -18"><span class='ocrx_word' id='word_1_459' title='bbox 267 4275 292 4316; x_wconf 73' lang='grc' dir='ltr'>δ</span> <span class='ocrx_word' id='word_1_460' title='bbox 318 4277 411 4333; x_wconf 84' lang='lat' dir='ltr'><strong>Hic</strong></span> <span class='ocrx_word' id='word_1_461' title='bbox 430 4278 642 4334; x_wconf 90' lang='lat' dir='ltr'><strong>iterum</strong></span> <span class='ocrx_word' id='word_1_462' title='bbox 666 4277 791 4332; x_wconf 89' lang='lat' dir='ltr'><strong>loca</strong></span> <span class='ocrx_word' id='word_1_463' title='bbox 815 4275 1259 4349; x_wconf 88' lang='lat' dir='ltr'><strong>disparatissima</strong></span> <span class='ocrx_word' id='word_1_464' title='bbox 1281 4275 1634 4349; x_wconf 78' lang='lat' dir='ltr'><strong>conjungere</strong></span> <span class='ocrx_word' id='word_1_465' title='bbox 1653 4274 1818 4330; x_wconf 88' lang='lat' dir='ltr'><strong>vide-</strong></span> 
     </span>
    </p>
   </div>
   <div class='ocr_carea' id='block_1_60' title="bbox 209 4346 1816 4420">
    <p class='ocr_par' dir='ltr' id='par_1_60' title="bbox 209 4346 1816 4420">
     <span class='ocr_line' id='line_1_60' title="bbox 209 4346 1816 4420; baseline 0.001 -21"><span class='ocrx_word' id='word_1_466' title='bbox 209 4349 289 4401; x_wconf 88' lang='lat' dir='ltr'><strong>tur</strong></span> <span class='ocrx_word' id='word_1_467' title='bbox 311 4353 506 4405; x_wconf 87' lang='lat' dir='ltr'><strong>auctor</strong></span> <span class='ocrx_word' id='word_1_468' title='bbox 530 4367 544 4404; x_wconf 91' lang='lat'><strong>:</strong></span> <span class='ocrx_word' id='word_1_469' title='bbox 575 4349 821 4404; x_wconf 90' lang='lat' dir='ltr'><strong>necdum</strong></span> <span class='ocrx_word' id='word_1_470' title='bbox 847 4346 1001 4403; x_wconf 75' lang='lat' dir='ltr'><strong>enim</strong></span> <span class='ocrx_word' id='word_1_471' title='bbox 1031 4353 1367 4420; x_wconf 88' lang='lat' dir='ltr'><strong>pervenerat</strong></span> <span class='ocrx_word' id='word_1_472' title='bbox 1391 4346 1466 4402; x_wconf 84' lang='lat' dir='ltr'><strong>ad</strong></span> <span class='ocrx_word' id='word_1_473' title='bbox 1495 4346 1659 4414; x_wconf 88' lang='lat' dir='ltr'><strong>Elim,</strong></span> <span class='ocrx_word' id='word_1_474' title='bbox 1684 4363 1816 4420; x_wconf 90' lang='lat' dir='ltr'><strong>_sex-</strong></span> 
     </span>
    </p>
   </div>
   <div class='ocr_carea' id='block_1_61' title="bbox 207 4418 1818 4498">
    <p class='ocr_par' dir='ltr' id='par_1_61' title="bbox 207 4418 1818 4498">
     <span class='ocr_line' id='line_1_61' title="bbox 207 4418 1818 4498; baseline -0.002 -25"><span class='ocrx_word' id='word_1_475' title='bbox 207 4423 311 4498; x_wconf 77' lang='lat' dir='ltr'><strong>tam</strong></span> <span class='ocrx_word' id='word_1_476' title='bbox 350 4423 652 4498; x_wconf 71' lang='lat' dir='ltr'><strong>stationem</strong></span> <span class='ocrx_word' id='word_1_477' title='bbox 682 4418 1087 4498; x_wconf 61' lang='lat' dir='ltr'><strong>lsraelitaruin,</strong></span> <span class='ocrx_word' id='word_1_478' title='bbox 1115 4419 1215 4498; x_wconf 72' lang='lat' dir='ltr'><strong>ubi</strong></span> <span class='ocrx_word' id='word_1_479' title='bbox 1245 4421 1411 4474; x_wconf 88' lang='lat' dir='ltr'><strong>erant</strong></span> <span class='ocrx_word' id='word_1_480' title='bbox 1458 4433 1562 4498; x_wconf 59' lang='lat' dir='ltr'><strong>nxx</strong></span> <span class='ocrx_word' id='word_1_481' title='bbox 1607 4418 1818 4498; x_wconf 49' lang='lat' dir='ltr'><strong>palmas,</strong></span> 
     </span>
    </p>
   </div>
   <div class='ocr_carea' id='block_1_62' title="bbox 208 4487 1819 4558">
    <p class='ocr_par' dir='ltr' id='par_1_62' title="bbox 208 4487 1819 4558">
     <span class='ocr_line' id='line_1_62' title="bbox 208 4487 1819 4558; baseline 0.001 -17"><span class='ocrx_word' id='word_1_482' title='bbox 208 4491 259 4542; x_wconf 90' lang='lat' dir='ltr'><strong>et</strong></span> <span class='ocrx_word' id='word_1_483' title='bbox 297 4506 368 4545; x_wconf 85' lang='lat' dir='ltr'><strong>xu</strong></span> <span class='ocrx_word' id='word_1_484' title='bbox 397 4492 603 4558; x_wconf 88' lang='lat' dir='ltr'><strong>fontes,</strong></span> <span class='ocrx_word' id='word_1_485' title='bbox 633 4496 699 4546; x_wconf 87' lang='lat' dir='ltr'><strong>ut</strong></span> <span class='ocrx_word' id='word_1_486' title='bbox 736 4491 942 4546; x_wconf 86' lang='lat' dir='ltr'><strong>dicitur</strong></span> <span class='ocrx_word' id='word_1_487' title='bbox 983 4490 1161 4546; x_wconf 90' lang='lat' dir='ltr'><strong>Exodi</strong></span> <span class='ocrx_word' id='word_1_488' title='bbox 1187 4506 1278 4558; x_wconf 87' lang='lat' dir='ltr'><strong>xv,</strong></span> <span class='ocrx_word' id='word_1_489' title='bbox 1307 4505 1438 4543; x_wconf 91' lang='lat' dir='ltr'><strong>cum</strong></span> <span class='ocrx_word' id='word_1_490' title='bbox 1466 4487 1720 4558; x_wconf 83' lang='lat' dir='ltr'><strong>loquitur</strong></span> <span class='ocrx_word' id='word_1_491' title='bbox 1747 4487 1819 4542; x_wconf 89' lang='lat' dir='ltr'><strong>de</strong></span> 
     </span>
    </p>
   </div>
   <div class='ocr_carea' id='block_1_63' title="bbox 1838 3189 1894 3264">
    <p class='ocr_par' dir='ltr' id='par_1_63' title="bbox 1838 3189 1894 3264">
     <span class='ocr_line' id='line_1_63' title="bbox 1838 3189 1894 3264; baseline 0 0"><span class='ocrx_word' id='word_1_492' title='bbox 1838 3189 1894 3264; x_wconf 90' lang='lat' dir='ltr'><strong>C</strong></span> 
     </span>
    </p>
   </div>
   <div class='ocr_carea' id='block_1_64' title="bbox 1921 1935 2876 2008">
    <p class='ocr_par' dir='ltr' id='par_1_64' title="bbox 1921 1935 2876 2008">
     <span class='ocr_line' id='line_1_64' title="bbox 1921 1935 2876 2008; baseline 0.002 -18"><span class='ocrx_word' id='word_1_493' title='bbox 1921 1939 2054 1991; x_wconf 90' lang='lat' dir='ltr'><strong>sunt</strong></span> <span class='ocrx_word' id='word_1_494' title='bbox 2080 1936 2285 1992; x_wconf 87' lang='lat' dir='ltr'><strong>horrea</strong></span> <span class='ocrx_word' id='word_1_495' title='bbox 2301 1936 2512 2008; x_wconf 88' lang='lat' dir='ltr'><strong>Joseph</strong></span> <span class='ocrx_word' id='word_1_496' title='bbox 2532 1953 2608 1991; x_wconf 83' lang='lat' dir='ltr'><strong>xu</strong></span> <span class='ocrx_word' id='word_1_497' title='bbox 2638 1936 2662 1960; x_wconf 75' lang='grc'>⁸</span> <span class='ocrx_word' id='word_1_498' title='bbox 2685 1935 2876 2008; x_wconf 90' lang='lat' dir='ltr'><strong>plena.</strong></span> 
     </span>
    </p>
   </div>
   <div class='ocr_carea' id='block_1_65' title="bbox 1991 2029 3546 2103">
    <p class='ocr_par' dir='ltr' id='par_1_65' title="bbox 1991 2029 3546 2103">
     <span class='ocr_line' id='line_1_65' title="bbox 1991 2029 3546 2103; baseline 0.001 -18"><span class='ocrx_word' id='word_1_499' title='bbox 1991 2030 2079 2085; x_wconf 77' lang='grc'><strong>44.</strong></span> <span class='ocrx_word' id='word_1_500' title='bbox 2109 2031 2170 2084; x_wconf 85' lang='lat' dir='ltr'><strong>In</strong></span> <span class='ocrx_word' id='word_1_501' title='bbox 2205 2030 2480 2102; x_wconf 87' lang='lat' dir='ltr'><strong>Memphis</strong></span> <span class='ocrx_word' id='word_1_502' title='bbox 2503 2029 2615 2086; x_wconf 89' lang='lat' dir='ltr'><strong>fuit</strong></span> <span class='ocrx_word' id='word_1_503' title='bbox 2636 2030 2919 2102; x_wconf 89' lang='lat' dir='ltr'><strong>templum</strong></span> <span class='ocrx_word' id='word_1_504' title='bbox 2941 2029 3096 2103; x_wconf 91' lang='lat' dir='ltr'><strong>quod</strong></span> <span class='ocrx_word' id='word_1_505' title='bbox 3122 2033 3208 2086; x_wconf 87' lang='lat' dir='ltr'><strong>est</strong></span> <span class='ocrx_word' id='word_1_506' title='bbox 3237 2031 3412 2086; x_wconf 91' lang='lat' dir='ltr'><strong>modo</strong></span> <span class='ocrx_word' id='word_1_507' title='bbox 3450 2047 3546 2087; x_wconf 91' lang='lat' dir='ltr'><strong>ec-</strong></span> 
     </span>
    </p>
   </div>
   <div class='ocr_carea' id='block_1_66' title="bbox 1921 2123 3546 2196">
    <p class='ocr_par' dir='ltr' id='par_1_66' title="bbox 1921 2123 3546 2196">
     <span class='ocr_line' id='line_1_66' title="bbox 1921 2123 3546 2196; baseline 0.002 -18"><span class='ocrx_word' id='word_1_508' title='bbox 1921 2123 2108 2191; x_wconf 90' lang='lat' dir='ltr'><strong>clesia,</strong></span> <span class='ocrx_word' id='word_1_509' title='bbox 2155 2123 2315 2195; x_wconf 88' lang='lat' dir='ltr'><strong>cujus</strong></span> <span class='ocrx_word' id='word_1_510' title='bbox 2361 2139 2475 2179; x_wconf 89' lang='lat' dir='ltr'><strong>una</strong></span> <span class='ocrx_word' id='word_1_511' title='bbox 2501 2127 2665 2196; x_wconf 90' lang='lat' dir='ltr'><strong>porta</strong></span> <span class='ocrx_word' id='word_1_512' title='bbox 2707 2141 2766 2178; x_wconf 90' lang='lat' dir='ltr'><strong>se</strong></span> <span class='ocrx_word' id='word_1_513' title='bbox 2807 2123 3005 2179; x_wconf 88' lang='lat' dir='ltr'><strong>clausit</strong></span> <span class='ocrx_word' id='word_1_514' title='bbox 3032 2124 3053 2148; x_wconf 76' lang='grc'><em>’</em></span> <span class='ocrx_word' id='word_1_515' title='bbox 3080 2128 3212 2179; x_wconf 91' lang='lat' dir='ltr'><strong>ante</strong></span> <span class='ocrx_word' id='word_1_516' title='bbox 3241 2125 3546 2182; x_wconf 84' lang='lat' dir='ltr'><strong>Dominum</strong></span> 
     </span>
    </p>
   </div>
   <div class='ocr_carea' id='block_1_67' title="bbox 1920 2217 3554 2292">
    <p class='ocr_par' dir='ltr' id='par_1_67' title="bbox 1920 2217 3554 2292">
     <span class='ocr_line' id='line_1_67' title="bbox 1920 2217 3554 2292; baseline 0.002 -20"><span class='ocrx_word' id='word_1_517' title='bbox 1920 2221 2203 2285; x_wconf 91' lang='lat' dir='ltr'><strong>nostrum,</strong></span> <span class='ocrx_word' id='word_1_518' title='bbox 2225 2217 2453 2290; x_wconf 88' lang='lat' dir='ltr'><strong>quando</strong></span> <span class='ocrx_word' id='word_1_519' title='bbox 2479 2217 2651 2273; x_wconf 89' lang='lat' dir='ltr'><strong>beata</strong></span> <span class='ocrx_word' id='word_1_520' title='bbox 2667 2217 2836 2273; x_wconf 88' lang='lat' dir='ltr'><strong>Maria</strong></span> <span class='ocrx_word' id='word_1_521' title='bbox 2850 2234 2981 2273; x_wconf 89' lang='lat' dir='ltr'><strong>cum</strong></span> <span class='ocrx_word' id='word_1_522' title='bbox 3003 2217 3126 2290; x_wconf 90' lang='lat' dir='ltr'><strong>ipso</strong></span> <span class='ocrx_word' id='word_1_523' title='bbox 3138 2217 3197 2272; x_wconf 85' lang='lat' dir='ltr'><strong>fu</strong></span> <span class='ocrx_word' id='word_1_524' title='bbox 3205 2218 3291 2290; x_wconf 90' lang='lat' dir='ltr'><strong>git</strong></span> <span class='ocrx_word' id='word_1_525' title='bbox 3314 2218 3374 2274; x_wconf 89' lang='lat' dir='ltr'><strong>in</strong></span> <span class='ocrx_word' id='word_1_526' title='bbox 3388 2219 3554 2292; x_wconf 73' lang='lat' dir='ltr'><strong>Egy-</strong></span> 
     </span>
    </p>
   </div>
   <div class='ocr_carea' id='block_1_68' title="bbox 1920 2311 3554 2384">
    <p class='ocr_par' dir='ltr' id='par_1_68' title="bbox 1920 2311 3554 2384">
     <span class='ocr_line' id='line_1_68' title="bbox 1920 2311 3554 2384; baseline 0.001 -18"><span class='ocrx_word' id='word_1_527' title='bbox 1920 2317 2084 2384; x_wconf 90' lang='lat' dir='ltr'><strong>ptum</strong></span> <span class='ocrx_word' id='word_1_528' title='bbox 2111 2329 2128 2381; x_wconf 89' lang='lat'><strong>;</strong></span> <span class='ocrx_word' id='word_1_529' title='bbox 2163 2315 2221 2366; x_wconf 91' lang='lat' dir='ltr'><strong>et</strong></span> <span class='ocrx_word' id='word_1_530' title='bbox 2251 2311 2438 2367; x_wconf 90' lang='lat' dir='ltr'><strong>adhuc</strong></span> <span class='ocrx_word' id='word_1_531' title='bbox 2467 2329 2582 2367; x_wconf 91' lang='lat' dir='ltr'><strong>non</strong></span> <span class='ocrx_word' id='word_1_532' title='bbox 2605 2316 2793 2384; x_wconf 90' lang='lat' dir='ltr'><strong>potest</strong></span> <span class='ocrx_word' id='word_1_533' title='bbox 2811 2311 3042 2384; x_wconf 88' lang='lat' dir='ltr'><strong>aperiri.</strong></span> <span class='ocrx_word' id='word_1_534' title='bbox 3079 2312 3158 2367; x_wconf 88' lang='lat' dir='ltr'><strong>lbi</strong></span> <span class='ocrx_word' id='word_1_535' title='bbox 3175 2311 3420 2368; x_wconf 90' lang='lat' dir='ltr'><strong>vidimus</strong></span> <span class='ocrx_word' id='word_1_536' title='bbox 3435 2314 3554 2384; x_wconf 86' lang='lat' dir='ltr'><strong>pal-</strong></span> 
     </span>
    </p>
   </div>
   <div class='ocr_carea' id='block_1_69' title="bbox 1920 2405 3555 2478">
    <p class='ocr_par' dir='ltr' id='par_1_69' title="bbox 1920 2405 3555 2478">
     <span class='ocr_line' id='line_1_69' title="bbox 1920 2405 3555 2478; baseline 0.002 -19"><span class='ocrx_word' id='word_1_537' title='bbox 1920 2405 2063 2460; x_wconf 89' lang='lat' dir='ltr'><strong>lium</strong></span> <span class='ocrx_word' id='word_1_538' title='bbox 2089 2405 2302 2460; x_wconf 89' lang='lat' dir='ltr'><strong>lineum</strong></span> <span class='ocrx_word' id='word_1_539' title='bbox 2324 2405 2385 2459; x_wconf 91' lang='lat' dir='ltr'><strong>in</strong></span> <span class='ocrx_word' id='word_1_540' title='bbox 2403 2421 2516 2478; x_wconf 90' lang='lat' dir='ltr'><strong>quo</strong></span> <span class='ocrx_word' id='word_1_541' title='bbox 2543 2405 2919 2470; x_wconf 74' lang='lat' dir='ltr'><strong>dicuntillum</strong></span> <span class='ocrx_word' id='word_1_542' title='bbox 2941 2409 3199 2478; x_wconf 92' lang='lat' dir='ltr'><strong>tempore</strong></span> <span class='ocrx_word' id='word_1_543' title='bbox 3221 2405 3241 2429; x_wconf 78' lang='lat'><strong>&#39;</strong></span> <span class='ocrx_word' id='word_1_544' title='bbox 3261 2405 3359 2462; x_wconf 90' lang='lat' dir='ltr'><strong>illo</strong></span> <span class='ocrx_word' id='word_1_545' title='bbox 3375 2409 3555 2462; x_wconf 89' lang='lat' dir='ltr'><strong>trans-</strong></span> 
     </span>
    </p>
   </div>
   <div class='ocr_carea' id='block_1_70' title="bbox 1919 2499 3552 2573">
    <p class='ocr_par' dir='ltr' id='par_1_70' title="bbox 1919 2499 3552 2573">
     <span class='ocr_line' id='line_1_70' title="bbox 1919 2499 3552 2573; baseline 0.001 -19"><span class='ocrx_word' id='word_1_546' title='bbox 1919 2499 2050 2567; x_wconf 90' lang='lat' dir='ltr'><strong>isse,</strong></span> <span class='ocrx_word' id='word_1_547' title='bbox 2097 2504 2156 2555; x_wconf 90' lang='lat' dir='ltr'><strong>et</strong></span> <span class='ocrx_word' id='word_1_548' title='bbox 2202 2499 2410 2554; x_wconf 90' lang='lat' dir='ltr'><strong>idcirco</strong></span> <span class='ocrx_word' id='word_1_549' title='bbox 2447 2499 2526 2554; x_wconf 87' lang='lat' dir='ltr'><strong>ibi</strong></span> <span class='ocrx_word' id='word_1_550' title='bbox 2569 2500 2692 2571; x_wconf 86' lang='lat' dir='ltr'><strong>ejus</strong></span> <span class='ocrx_word' id='word_1_551' title='bbox 2739 2499 3085 2555; x_wconf 90' lang='lat' dir='ltr'><strong>remansisse</strong></span> <span class='ocrx_word' id='word_1_552' title='bbox 3128 2499 3367 2571; x_wconf 89' lang='lat' dir='ltr'><strong>vestigia</strong></span> <span class='ocrx_word' id='word_1_553' title='bbox 3422 2515 3552 2573; x_wconf 77' lang='lat' dir='ltr'><strong>quae</strong></span> 
     </span>
    </p>
   </div>
   <div class='ocr_carea' id='block_1_71' title="bbox 1918 2593 3550 2666">
    <p class='ocr_par' dir='ltr' id='par_1_71' title="bbox 1918 2593 3550 2666">
     <span class='ocr_line' id='line_1_71' title="bbox 1918 2593 3550 2666; baseline 0.001 -19"><span class='ocrx_word' id='word_1_554' title='bbox 1918 2593 2110 2665; x_wconf 89' lang='lat' dir='ltr'><strong>imago</strong></span> <span class='ocrx_word' id='word_1_555' title='bbox 2142 2593 2220 2648; x_wconf 89' lang='lat' dir='ltr'><strong>ibi</strong></span> <span class='ocrx_word' id='word_1_556' title='bbox 2260 2593 2502 2666; x_wconf 89' lang='lat' dir='ltr'><strong>singulis</strong></span> <span class='ocrx_word' id='word_1_557' title='bbox 2525 2593 2875 2665; x_wconf 90' lang='lat' dir='ltr'><strong>temporibus</strong></span> <span class='ocrx_word' id='word_1_558' title='bbox 2892 2593 3180 2664; x_wconf 87' lang='lat' dir='ltr'><strong>adoratur,</strong></span> <span class='ocrx_word' id='word_1_559' title='bbox 3205 2597 3266 2648; x_wconf 92' lang='lat' dir='ltr'><strong>et</strong></span> <span class='ocrx_word' id='word_1_560' title='bbox 3291 2611 3394 2648; x_wconf 89' lang='lat' dir='ltr'><strong>nos</strong></span> <span class='ocrx_word' id='word_1_561' title='bbox 3416 2593 3550 2650; x_wconf 90' lang='lat' dir='ltr'><strong>ado-</strong></span> 
     </span>
    </p>
   </div>
   <div class='ocr_carea' id='block_1_72' title="bbox 1919 2686 3548 2766">
    <p class='ocr_par' dir='ltr' id='par_1_72' title="bbox 1919 2686 3548 2766">
     <span class='ocr_line' id='line_1_72' title="bbox 1919 2686 3548 2766; baseline 0.001 -25"><span class='ocrx_word' id='word_1_562' title='bbox 1919 2687 2168 2742; x_wconf 89' lang='lat' dir='ltr'><strong>ravimus</strong></span> <span class='ocrx_word' id='word_1_563' title='bbox 2186 2687 2230 2755; x_wconf 76' lang='lat'><strong>‘,</strong></span> <span class='ocrx_word' id='word_1_564' title='bbox 2257 2691 2315 2742; x_wconf 91' lang='lat' dir='ltr'><strong>et</strong></span> <span class='ocrx_word' id='word_1_565' title='bbox 2341 2692 2580 2760; x_wconf 86' lang='lat' dir='ltr'><strong>propter</strong></span> <span class='ocrx_word' id='word_1_566' title='bbox 2603 2687 2965 2759; x_wconf 90' lang='lat' dir='ltr'><strong>splendorem</strong></span> <span class='ocrx_word' id='word_1_567' title='bbox 3011 2703 3128 2742; x_wconf 91' lang='lat' dir='ltr'><strong>non</strong></span> <span class='ocrx_word' id='word_1_568' title='bbox 3145 2686 3453 2766; x_wconf 68' lang='lat' dir='ltr'><strong>potuimus</strong></span> <span class='ocrx_word' id='word_1_569' title='bbox 3484 2687 3548 2743; x_wconf 90' lang='lat' dir='ltr'><strong>in</strong></span> 
     </span>
    </p>
   </div>
   <div class='ocr_carea' id='block_1_73' title="bbox 1919 2779 3554 2853">
    <p class='ocr_par' dir='ltr' id='par_1_73' title="bbox 1919 2779 3554 2853">
     <span class='ocr_line' id='line_1_73' title="bbox 1919 2779 3554 2853; baseline 0 -17"><span class='ocrx_word' id='word_1_570' title='bbox 1919 2796 2047 2836; x_wconf 89' lang='lat' dir='ltr'><strong>eam</strong></span> <span class='ocrx_word' id='word_1_571' title='bbox 2069 2780 2386 2850; x_wconf 88' lang='lat' dir='ltr'><strong>intendere,</strong></span> <span class='ocrx_word' id='word_1_572' title='bbox 2414 2781 2550 2853; x_wconf 89' lang='lat' dir='ltr'><strong>quia</strong></span> <span class='ocrx_word' id='word_1_573' title='bbox 2563 2784 2847 2852; x_wconf 83' lang='lat' dir='ltr'><strong>quantum</strong></span> <span class='ocrx_word' id='word_1_574' title='bbox 2869 2780 2930 2836; x_wconf 92' lang='lat' dir='ltr'><strong>in</strong></span> <span class='ocrx_word' id='word_1_575' title='bbox 2946 2780 3130 2853; x_wconf 90' lang='lat' dir='ltr'><strong>ipsam</strong></span> <span class='ocrx_word' id='word_1_576' title='bbox 3147 2780 3418 2851; x_wconf 89' lang='lat' dir='ltr'><strong>intendis,</strong></span> <span class='ocrx_word' id='word_1_577' title='bbox 3445 2779 3554 2836; x_wconf 89' lang='lat' dir='ltr'><strong>im-</strong></span> 
     </span>
    </p>
   </div>
   <div class='ocr_carea' id='block_1_74' title="bbox 1919 2874 2618 2930">
    <p class='ocr_par' dir='ltr' id='par_1_74' title="bbox 1919 2874 2618 2930">
     <span class='ocr_line' id='line_1_74' title="bbox 1919 2874 2618 2930; baseline 0 -1"><span class='ocrx_word' id='word_1_578' title='bbox 1919 2877 2174 2930; x_wconf 89' lang='lat' dir='ltr'><strong>mutatur</strong></span> <span class='ocrx_word' id='word_1_579' title='bbox 2201 2875 2259 2929; x_wconf 79' lang='lat' dir='ltr'><strong>iii</strong></span> <span class='ocrx_word' id='word_1_580' title='bbox 2285 2875 2458 2930; x_wconf 88' lang='lat' dir='ltr'><strong>oculis</strong></span> <span class='ocrx_word' id='word_1_581' title='bbox 2485 2874 2618 2929; x_wconf 88' lang='lat' dir='ltr'><strong>tuis.</strong></span> 
     </span>
    </p>
   </div>
   <div class='ocr_carea' id='block_1_75' title="bbox 1991 2967 3553 3040">
    <p class='ocr_par' dir='ltr' id='par_1_75' title="bbox 1991 2967 3553 3040">
     <span class='ocr_line' id='line_1_75' title="bbox 1991 2967 3553 3040; baseline 0 -16"><span class='ocrx_word' id='word_1_582' title='bbox 1991 2971 2079 3024; x_wconf 80' lang='grc'><strong>45.</strong></span> <span class='ocrx_word' id='word_1_583' title='bbox 2109 2967 2530 3023; x_wconf 89' lang='lat' dir='ltr'><strong>Descendentes</strong></span> <span class='ocrx_word' id='word_1_584' title='bbox 2556 2983 2658 3039; x_wconf 88' lang='lat' dir='ltr'><strong>per</strong></span> <span class='ocrx_word' id='word_1_585' title='bbox 2675 2969 3004 3040; x_wconf 70' lang='lat' dir='ltr'><strong>Egyptnm,</strong></span> <span class='ocrx_word' id='word_1_586' title='bbox 3033 2967 3296 3024; x_wconf 89' lang='lat' dir='ltr'><strong>venimus</strong></span> <span class='ocrx_word' id='word_1_587' title='bbox 3332 2967 3394 3023; x_wconf 89' lang='lat' dir='ltr'><strong>in</strong></span> <span class='ocrx_word' id='word_1_588' title='bbox 3423 2967 3553 3024; x_wconf 85' lang='lat' dir='ltr'><strong>civi-</strong></span> 
     </span>
    </p>
   </div>
   <div class='ocr_carea' id='block_1_76' title="bbox 1920 3061 3549 3134">
    <p class='ocr_par' dir='ltr' id='par_1_76' title="bbox 1920 3061 3549 3134">
     <span class='ocr_line' id='line_1_76' title="bbox 1920 3061 3549 3134; baseline 0 -16"><span class='ocrx_word' id='word_1_589' title='bbox 1920 3065 2096 3118; x_wconf 90' lang='lat' dir='ltr'><strong>tatem</strong></span> <span class='ocrx_word' id='word_1_590' title='bbox 2135 3061 2295 3134; x_wconf 87' lang='lat' dir='ltr'><strong>Alepi</strong></span> <span class='ocrx_word' id='word_1_591' title='bbox 2325 3083 2380 3132; x_wconf 73' lang='grc' dir='ltr'><strong>ε,</strong></span> <span class='ocrx_word' id='word_1_592' title='bbox 2413 3061 2481 3117; x_wconf 90' lang='lat' dir='ltr'><strong>ad</strong></span> <span class='ocrx_word' id='word_1_593' title='bbox 2519 3065 2776 3117; x_wconf 89' lang='lat' dir='ltr'><strong>sanctum</strong></span> <span class='ocrx_word' id='word_1_594' title='bbox 2803 3063 3128 3118; x_wconf 87' lang='lat' dir='ltr'><strong>Mennatum</strong></span> <span class='ocrx_word' id='word_1_595' title='bbox 3149 3063 3176 3104; x_wconf 77' lang='grc' dir='ltr'><strong>ιι</strong></span> <span class='ocrx_word' id='word_1_596' title='bbox 3209 3061 3308 3134; x_wconf 87' lang='lat' dir='ltr'><strong>qui</strong></span> <span class='ocrx_word' id='word_1_597' title='bbox 3338 3061 3549 3118; x_wconf 88' lang='lat' dir='ltr'><strong>multas</strong></span> 
     </span>
    </p>
   </div>
   <div class='ocr_carea' id='block_1_77' title="bbox 1917 3155 3546 3228">
    <p class='ocr_par' dir='ltr' id='par_1_77' title="bbox 1917 3155 3546 3228">
     <span class='ocr_line' id='line_1_77' title="bbox 1917 3155 3546 3228; baseline 0 -18"><span class='ocrx_word' id='word_1_598' title='bbox 1917 3155 2152 3212; x_wconf 86' lang='lat' dir='ltr'><strong>virtutes</strong></span> <span class='ocrx_word' id='word_1_599' title='bbox 2178 3156 2258 3210; x_wconf 91' lang='lat' dir='ltr'><strong>ibi</strong></span> <span class='ocrx_word' id='word_1_600' title='bbox 2276 3159 2566 3228; x_wconf 89' lang='lat' dir='ltr'><strong>operatur.</strong></span> <span class='ocrx_word' id='word_1_601' title='bbox 2595 3155 2731 3211; x_wconf 90' lang='lat' dir='ltr'><strong>Inde</strong></span> <span class='ocrx_word' id='word_1_602' title='bbox 2755 3171 2859 3228; x_wconf 89' lang='lat' dir='ltr'><strong>per</strong></span> <span class='ocrx_word' id='word_1_603' title='bbox 2883 3161 3158 3228; x_wconf 87' lang='lat' dir='ltr'><strong>stagnum</strong></span> <span class='ocrx_word' id='word_1_604' title='bbox 3188 3155 3546 3228; x_wconf 88' lang='lat' dir='ltr'><strong>navigantes,</strong></span> 
     </span>
    </p>
   </div>
   <div class='ocr_carea' id='block_1_78' title="bbox 1918 3249 3551 3322">
    <p class='ocr_par' dir='ltr' id='par_1_78' title="bbox 1918 3249 3551 3322">
     <span class='ocr_line' id='line_1_78' title="bbox 1918 3249 3551 3322; baseline -0.001 -17"><span class='ocrx_word' id='word_1_605' title='bbox 1918 3250 2315 3306; x_wconf 82' lang='lat' dir='ltr'><strong>Alexandriam</strong></span> <span class='ocrx_word' id='word_1_606' title='bbox 2366 3249 2644 3306; x_wconf 87' lang='lat' dir='ltr'><strong>venimus.</strong></span> <span class='ocrx_word' id='word_1_607' title='bbox 2677 3250 2738 3304; x_wconf 92' lang='lat' dir='ltr'><strong>ln</strong></span> <span class='ocrx_word' id='word_1_608' title='bbox 2767 3249 2888 3322; x_wconf 89' lang='lat' dir='ltr'><strong>ipso</strong></span> <span class='ocrx_word' id='word_1_609' title='bbox 2926 3253 3130 3321; x_wconf 88' lang='lat' dir='ltr'><strong>stagno</strong></span> <span class='ocrx_word' id='word_1_610' title='bbox 3155 3249 3270 3304; x_wconf 81' lang='lat' dir='ltr'><strong>vidi</strong></span> <span class='ocrx_word' id='word_1_611' title='bbox 3298 3249 3551 3305; x_wconf 90' lang='lat' dir='ltr'><strong>multitu-</strong></span> 
     </span>
    </p>
   </div>
   <div class='ocr_carea' id='block_1_79' title="bbox 1917 3341 3547 3414">
    <p class='ocr_par' dir='ltr' id='par_1_79' title="bbox 1917 3341 3547 3414">
     <span class='ocr_line' id='line_1_79' title="bbox 1917 3341 3547 3414; baseline -0.001 -15"><span class='ocrx_word' id='word_1_612' title='bbox 1917 3344 2111 3400; x_wconf 89' lang='lat' dir='ltr'><strong>dinem</strong></span> <span class='ocrx_word' id='word_1_613' title='bbox 2142 3343 2574 3399; x_wconf 90' lang='lat' dir='ltr'><strong>crocodilorum.</strong></span> <span class='ocrx_word' id='word_1_614' title='bbox 2603 3343 2944 3398; x_wconf 87' lang='lat' dir='ltr'><strong>Alexandria</strong></span> <span class='ocrx_word' id='word_1_615' title='bbox 2959 3343 3151 3398; x_wconf 88' lang='lat' dir='ltr'><strong>civitas</strong></span> <span class='ocrx_word' id='word_1_616' title='bbox 3178 3346 3264 3398; x_wconf 89' lang='lat' dir='ltr'><strong>est</strong></span> <span class='ocrx_word' id='word_1_617' title='bbox 3287 3341 3547 3414; x_wconf 87' lang='lat' dir='ltr'><strong>pulchra,</strong></span> 
     </span>
    </p>
   </div>
   <div class='ocr_carea' id='block_1_80' title="bbox 1918 3435 3550 3509">
    <p class='ocr_par' dir='ltr' id='par_1_80' title="bbox 1918 3435 3550 3509">
     <span class='ocr_line' id='line_1_80' title="bbox 1918 3435 3550 3509; baseline -0.001 -17"><span class='ocrx_word' id='word_1_618' title='bbox 1918 3438 2163 3509; x_wconf 82' lang='lat' dir='ltr'><strong>pepulus</strong></span> <span class='ocrx_word' id='word_1_619' title='bbox 2190 3437 2348 3506; x_wconf 89' lang='lat' dir='ltr'><strong>levis,</strong></span> <span class='ocrx_word' id='word_1_620' title='bbox 2372 3436 2470 3491; x_wconf 91' lang='lat' dir='ltr'><strong>sed</strong></span> <span class='ocrx_word' id='word_1_621' title='bbox 2505 3438 2787 3490; x_wconf 88' lang='lat' dir='ltr'><strong>amatores</strong></span> <span class='ocrx_word' id='word_1_622' title='bbox 2819 3436 3281 3507; x_wconf 90' lang='lat' dir='ltr'><strong>peregrinorum,</strong></span> <span class='ocrx_word' id='word_1_623' title='bbox 3304 3435 3550 3491; x_wconf 66' lang='lat' dir='ltr'><strong>haereses</strong></span> 
     </span>
    </p>
   </div>
   <div class='ocr_carea' id='block_1_81' title="bbox 1919 3527 3550 3601">
    <p class='ocr_par' dir='ltr' id='par_1_81' title="bbox 1919 3527 3550 3601">
     <span class='ocr_line' id='line_1_81' title="bbox 1919 3527 3550 3601; baseline -0.001 -16"><span class='ocrx_word' id='word_1_624' title='bbox 1919 3530 2137 3585; x_wconf 64' lang='lat' dir='ltr'><strong>multae.</strong></span> <span class='ocrx_word' id='word_1_625' title='bbox 2166 3530 2248 3584; x_wconf 89' lang='lat' dir='ltr'><strong>Ibi</strong></span> <span class='ocrx_word' id='word_1_626' title='bbox 2290 3533 2348 3584; x_wconf 90' lang='lat' dir='ltr'><strong>et</strong></span> <span class='ocrx_word' id='word_1_627' title='bbox 2377 3528 2679 3601; x_wconf 89' lang='lat' dir='ltr'><strong>requiescit</strong></span> <span class='ocrx_word' id='word_1_628' title='bbox 2705 3529 3066 3596; x_wconf 87' lang='lat' dir='ltr'><strong>Athanasius,</strong></span> <span class='ocrx_word' id='word_1_629' title='bbox 3095 3527 3272 3598; x_wconf 90' lang='lat' dir='ltr'><strong>ipsius</strong></span> <span class='ocrx_word' id='word_1_630' title='bbox 3310 3527 3550 3584; x_wconf 84' lang='lat' dir='ltr'><strong>civitatis</strong></span> 
     </span>
    </p>
   </div>
   <div class='ocr_carea' id='block_1_82' title="bbox 1921 3621 3549 3696">
    <p class='ocr_par' dir='ltr' id='par_1_82' title="bbox 1921 3621 3549 3696">
     <span class='ocr_line' id='line_1_82' title="bbox 1921 3621 3549 3696; baseline -0.001 -18"><span class='ocrx_word' id='word_1_631' title='bbox 1921 3623 2236 3696; x_wconf 88' lang='lat' dir='ltr'><strong>episcopus,</strong></span> <span class='ocrx_word' id='word_1_632' title='bbox 2265 3623 2366 3694; x_wconf 91' lang='lat' dir='ltr'><strong>qui</strong></span> <span class='ocrx_word' id='word_1_633' title='bbox 2413 3626 2614 3678; x_wconf 90' lang='lat' dir='ltr'><strong>contra</strong></span> <span class='ocrx_word' id='word_1_634' title='bbox 2657 3622 2856 3677; x_wconf 91' lang='lat' dir='ltr'><strong>Arium</strong></span> <span class='ocrx_word' id='word_1_635' title='bbox 2893 3621 3072 3694; x_wconf 91' lang='lat' dir='ltr'><strong>ipsius</strong></span> <span class='ocrx_word' id='word_1_636' title='bbox 3111 3621 3352 3677; x_wconf 86' lang='lat' dir='ltr'><strong>civitatis</strong></span> <span class='ocrx_word' id='word_1_637' title='bbox 3395 3637 3549 3693; x_wconf 90' lang='lat' dir='ltr'><strong>pres-</strong></span> 
     </span>
    </p>
   </div>
   <div class='ocr_carea' id='block_1_83' title="bbox 1917 3715 3548 3789">
    <p class='ocr_par' dir='ltr' id='par_1_83' title="bbox 1917 3715 3548 3789">
     <span class='ocr_line' id='line_1_83' title="bbox 1917 3715 3548 3789; baseline -0.001 -17"><span class='ocrx_word' id='word_1_638' title='bbox 1917 3717 2179 3789; x_wconf 86' lang='lat' dir='ltr'><strong>byterum</strong></span> <span class='ocrx_word' id='word_1_639' title='bbox 2201 3717 2531 3772; x_wconf 70' lang='lat' dir='ltr'><strong>haereticum</strong></span> <span class='ocrx_word' id='word_1_640' title='bbox 2561 3732 2667 3788; x_wconf 90' lang='lat' dir='ltr'><strong>pro</strong></span> <span class='ocrx_word' id='word_1_641' title='bbox 2693 3715 2804 3772; x_wconf 87' lang='lat' dir='ltr'><strong>ﬁde</strong></span> <span class='ocrx_word' id='word_1_642' title='bbox 2823 3715 3028 3772; x_wconf 85' lang='lat' dir='ltr'><strong>Christi</strong></span> <span class='ocrx_word' id='word_1_643' title='bbox 3046 3715 3332 3783; x_wconf 90' lang='lat' dir='ltr'><strong>certando,</strong></span> <span class='ocrx_word' id='word_1_644' title='bbox 3365 3716 3548 3771; x_wconf 80' lang='lat' dir='ltr'><strong>multa</strong></span> 
     </span>
    </p>
   </div>
   <div class='ocr_carea' id='block_1_84' title="bbox 1916 3807 3549 3883">
    <p class='ocr_par' dir='ltr' id='par_1_84' title="bbox 1916 3807 3549 3883">
     <span class='ocr_line' id='line_1_84' title="bbox 1916 3807 3549 3883; baseline -0.001 -17"><span class='ocrx_word' id='word_1_645' title='bbox 1916 3810 2167 3883; x_wconf 84' lang='lat' dir='ltr'><strong>pericula</strong></span> <span class='ocrx_word' id='word_1_646' title='bbox 2213 3811 2417 3865; x_wconf 87' lang='lat' dir='ltr'><strong>mortis</strong></span> <span class='ocrx_word' id='word_1_647' title='bbox 2473 3810 2771 3877; x_wconf 91' lang='lat' dir='ltr'><strong>sustinuit,</strong></span> <span class='ocrx_word' id='word_1_648' title='bbox 2835 3809 3185 3881; x_wconf 90' lang='lat' dir='ltr'><strong>temporibus</strong></span> <span class='ocrx_word' id='word_1_649' title='bbox 3235 3807 3549 3864; x_wconf 83' lang='lat' dir='ltr'><strong>Constantii</strong></span> 
     </span>
    </p>
   </div>
   <div class='ocr_carea' id='block_1_85' title="bbox 1921 3901 3548 3976">
    <p class='ocr_par' dir='ltr' id='par_1_85' title="bbox 1921 3901 3548 3976">
     <span class='ocr_line' id='line_1_85' title="bbox 1921 3901 3548 3976; baseline -0.001 -18"><span class='ocrx_word' id='word_1_650' title='bbox 1921 3904 2064 3976; x_wconf 79' lang='lat' dir='ltr'><strong>[filii]</strong></span> <span class='ocrx_word' id='word_1_651' title='bbox 2115 3904 2473 3976; x_wconf 86' lang='lat' dir='ltr'><strong>imperatoris</strong></span> <span class='ocrx_word' id='word_1_652' title='bbox 2533 3903 2917 3972; x_wconf 90' lang='lat' dir='ltr'><strong>Constantini,</strong></span> <span class='ocrx_word' id='word_1_653' title='bbox 2969 3903 3196 3958; x_wconf 66' lang='lat' dir='ltr'><strong>Helenae</strong></span> <span class='ocrx_word' id='word_1_654' title='bbox 3250 3902 3374 3958; x_wconf 80' lang='lat' dir='ltr'><strong>ﬁlii.</strong></span> <span class='ocrx_word' id='word_1_655' title='bbox 3431 3901 3548 3959; x_wconf 90' lang='lat' dir='ltr'><strong>lbi-</strong></span> 
     </span>
    </p>
   </div>
   <div class='ocr_carea' id='block_1_86' title="bbox 1920 3995 3546 4070">
    <p class='ocr_par' dir='ltr' id='par_1_86' title="bbox 1920 3995 3546 4070">
     <span class='ocr_line' id='line_1_86' title="bbox 1920 3995 3546 4070; baseline -0.002 -17"><span class='ocrx_word' id='word_1_656' title='bbox 1920 3997 2055 4054; x_wconf 91' lang='lat' dir='ltr'><strong>dem</strong></span> <span class='ocrx_word' id='word_1_657' title='bbox 2095 3997 2402 4070; x_wconf 87' lang='lat' dir='ltr'><strong>requiescit</strong></span> <span class='ocrx_word' id='word_1_658' title='bbox 2431 3999 2658 4053; x_wconf 89' lang='lat' dir='ltr'><strong>sanctus</strong></span> <span class='ocrx_word' id='word_1_659' title='bbox 2687 3997 2927 4053; x_wconf 83' lang='lat' dir='ltr'><strong>Faustus</strong></span> <span class='ocrx_word' id='word_1_660' title='bbox 2957 4001 3015 4052; x_wconf 89' lang='lat' dir='ltr'><strong>et</strong></span> <span class='ocrx_word' id='word_1_661' title='bbox 3043 4001 3272 4054; x_wconf 89' lang='lat' dir='ltr'><strong>sanctus</strong></span> <span class='ocrx_word' id='word_1_662' title='bbox 3316 3995 3546 4069; x_wconf 82' lang='lat' dir='ltr'><strong>Epima-</strong></span> 
     </span>
    </p>
   </div>
   <div class='ocr_carea' id='block_1_87' title="bbox 1917 4190 3546 4264">
    <p class='ocr_par' dir='ltr' id='par_1_87' title="bbox 1917 4190 3546 4264">
     <span class='ocr_line' id='line_1_87' title="bbox 1917 4190 3546 4264; baseline -0.002 -14"><span class='ocrx_word' id='word_1_663' title='bbox 1917 4195 2198 4250; x_wconf 88' lang='lat' dir='ltr'><strong>ferebant.</strong></span> <span class='ocrx_word' id='word_1_664' title='bbox 2244 4195 2370 4250; x_wconf 88' lang='lat' dir='ltr'><strong>Mox</strong></span> <span class='ocrx_word' id='word_1_665' title='bbox 2415 4193 2572 4249; x_wconf 87' lang='lat' dir='ltr'><strong>enim</strong></span> <span class='ocrx_word' id='word_1_666' title='bbox 2613 4209 2717 4264; x_wconf 91' lang='lat' dir='ltr'><strong>per</strong></span> <span class='ocrx_word' id='word_1_667' title='bbox 2745 4209 2972 4264; x_wconf 92' lang='lat' dir='ltr'><strong>campos</strong></span> <span class='ocrx_word' id='word_1_668' title='bbox 2997 4194 3214 4264; x_wconf 87' lang='lat' dir='ltr'><strong>Taneos</strong></span> <span class='ocrx_word' id='word_1_669' title='bbox 3241 4190 3461 4264; x_wconf 84' lang='lat' dir='ltr'><strong>venisse</strong></span> <span class='ocrx_word' id='word_1_670' title='bbox 3488 4207 3546 4264; x_wconf 85' lang='lat' dir='ltr'><strong>se</strong></span> 
     </span>
    </p>
   </div>
   <div class='ocr_carea' id='block_1_88' title="bbox 1919 4263 3548 4337">
    <p class='ocr_par' dir='ltr' id='par_1_88' title="bbox 1919 4263 3548 4337">
     <span class='ocr_line' id='line_1_88' title="bbox 1919 4263 3548 4337; baseline -0.004 -16"><span class='ocrx_word' id='word_1_671' title='bbox 1919 4267 2054 4322; x_wconf 90' lang='lat' dir='ltr'><strong>dicit</strong></span> <span class='ocrx_word' id='word_1_672' title='bbox 2080 4266 2386 4337; x_wconf 87' lang='lat' dir='ltr'><strong>Memphim</strong></span> <span class='ocrx_word' id='word_1_673' title='bbox 2413 4270 2471 4337; x_wconf 86' lang='lat' dir='ltr'><strong>et</strong></span> <span class='ocrx_word' id='word_1_674' title='bbox 2493 4263 2831 4337; x_wconf 79' lang='lat' dir='ltr'><strong>Antinoum:</strong></span> <span class='ocrx_word' id='word_1_675' title='bbox 2860 4263 3019 4334; x_wconf 81' lang='lat' dir='ltr'><strong>atqui</strong></span> <span class='ocrx_word' id='word_1_676' title='bbox 3037 4263 3160 4334; x_wconf 89' lang='lat' dir='ltr'><strong>jam</strong></span> <span class='ocrx_word' id='word_1_677' title='bbox 3183 4264 3242 4337; x_wconf 80' lang='lat' dir='ltr'><strong>in</strong></span> <span class='ocrx_word' id='word_1_678' title='bbox 3264 4263 3548 4337; x_wconf 68' lang='lat' dir='ltr'><strong>Ethiopia</strong></span> 
     </span>
    </p>
   </div>
   <div class='ocr_carea' id='block_1_89' title="bbox 1920 4333 3543 4408">
    <p class='ocr_par' dir='ltr' id='par_1_89' title="bbox 1920 4333 3543 4408">
     <span class='ocr_line' id='line_1_89' title="bbox 1920 4333 3543 4408; baseline -0.004 -15"><span class='ocrx_word' id='word_1_679' title='bbox 1920 4341 2019 4393; x_wconf 88' lang='lat' dir='ltr'><strong>aut</strong></span> <span class='ocrx_word' id='word_1_680' title='bbox 2039 4333 2245 4392; x_wconf 79' lang='lat' dir='ltr'><strong>saltem</strong></span> <span class='ocrx_word' id='word_1_681' title='bbox 2280 4336 2554 4408; x_wconf 82' lang='lat' dir='ltr'><strong>superiori</strong></span> <span class='ocrx_word' id='word_1_682' title='bbox 2577 4337 2821 4408; x_wconf 21' lang='lat' dir='ltr'><strong>A/Egypto</strong></span> <span class='ocrx_word' id='word_1_683' title='bbox 2850 4333 3096 4408; x_wconf 74' lang='lat' dir='ltr'><strong>eramus,</strong></span> <span class='ocrx_word' id='word_1_684' title='bbox 3125 4333 3278 4408; x_wconf 80' lang='lat' dir='ltr'><strong>unde</strong></span> <span class='ocrx_word' id='word_1_685' title='bbox 3314 4333 3543 4408; x_wconf 76' lang='lat' dir='ltr'><strong>descen-</strong></span> 
     </span>
    </p>
   </div>
   <div class='ocr_carea' id='block_1_90' title="bbox 1919 4403 3544 4475">
    <p class='ocr_par' dir='ltr' id='par_1_90' title="bbox 1919 4403 3544 4475">
     <span class='ocr_line' id='line_1_90' title="bbox 1919 4403 3544 4475; baseline -0.003 -12"><span class='ocrx_word' id='word_1_686' title='bbox 1919 4409 2076 4463; x_wconf 89' lang='lat' dir='ltr'><strong>denti</strong></span> <span class='ocrx_word' id='word_1_687' title='bbox 2103 4403 2439 4462; x_wconf 75' lang='lat' dir='ltr'><strong>occurrisset</strong></span> <span class='ocrx_word' id='word_1_688' title='bbox 2463 4403 2757 4473; x_wconf 68' lang='lat' dir='ltr'><strong>Antinous,</strong></span> <span class='ocrx_word' id='word_1_689' title='bbox 2787 4409 2923 4459; x_wconf 87' lang='lat' dir='ltr'><strong>tunc</strong></span> <span class='ocrx_word' id='word_1_690' title='bbox 2961 4403 3256 4475; x_wconf 88' lang='lat' dir='ltr'><strong>Memphis,</strong></span> <span class='ocrx_word' id='word_1_691' title='bbox 3290 4420 3354 4458; x_wconf 91' lang='lat' dir='ltr'><strong>ac</strong></span> <span class='ocrx_word' id='word_1_692' title='bbox 3383 4403 3544 4458; x_wconf 90' lang='lat' dir='ltr'><strong>deni-</strong></span> 
     </span>
    </p>
   </div>
   <div class='ocr_carea' id='block_1_91' title="bbox 1919 4475 2820 4551">
    <p class='ocr_par' dir='ltr' id='par_1_91' title="bbox 1919 4475 2820 4551">
     <span class='ocr_line' id='line_1_91' title="bbox 1919 4475 2820 4551; baseline -0.006 -18"><span class='ocrx_word' id='word_1_693' title='bbox 1919 4495 2030 4551; x_wconf 88' lang='lat' dir='ltr'><strong>que</strong></span> <span class='ocrx_word' id='word_1_694' title='bbox 2058 4479 2115 4532; x_wconf 89' lang='lat' dir='ltr'><strong>in</strong></span> <span class='ocrx_word' id='word_1_695' title='bbox 2151 4476 2346 4532; x_wconf 82' lang='lat' dir='ltr'><strong>intima</strong></span> <span class='ocrx_word' id='word_1_696' title='bbox 2373 4479 2610 4548; x_wconf 66' lang='lat' dir='ltr'><strong>Egypto</strong></span> <span class='ocrx_word' id='word_1_697' title='bbox 2639 4475 2820 4529; x_wconf 90' lang='lat' dir='ltr'><strong>Tanis.</strong></span> 
     </span>
    </p>
   </div>
   <div class='ocr_carea' id='block_1_92' title="bbox 207 4557 3547 4646">
    <p class='ocr_par' dir='ltr' id='par_1_92' title="bbox 207 4557 3547 4646">
     <span class='ocr_line' id='line_1_92' title="bbox 207 4557 3547 4646; baseline 0.001 -32"><span class='ocrx_word' id='word_1_698' title='bbox 207 4559 444 4646; x_wconf 60' lang='grc' dir='ltr'><strong>με,ερᾠο</strong></span> <span class='ocrx_word' id='word_1_699' title='bbox 490 4567 552 4617; x_wconf 91' lang='lat' dir='ltr'><strong>et</strong></span> <span class='ocrx_word' id='word_1_700' title='bbox 587 4562 812 4646; x_wconf 62' lang='lat' dir='ltr'><strong>Secoth,</strong></span> <span class='ocrx_word' id='word_1_701' title='bbox 835 4561 1077 4646; x_wconf 74' lang='lat' dir='ltr'><strong>urbibus</strong></span> <span class='ocrx_word' id='word_1_702' title='bbox 1100 4557 1443 4646; x_wconf 48' lang='lat' dir='ltr'><strong>mgna,“</strong></span> <span class='ocrx_word' id='word_1_703' title='bbox 1471 4557 1818 4646; x_wconf 15' lang='lat' dir='ltr'><strong>quiasriidrem</strong></span> <span class='ocrx_word' id='word_1_704' title='bbox 1837 4561 1897 4633; x_wconf 86' lang='lat' dir='ltr'><strong>D</strong></span> <span class='ocrx_word' id='word_1_705' title='bbox 1920 4639 1934 4646; x_wconf 80' lang='lat'><em>_</em></span> <span class='ocrx_word' id='word_1_706' title='bbox 2032 4567 2350 4646; x_wconf 75' lang='lat' dir='ltr'><strong>Pharaones</strong></span> <span class='ocrx_word' id='word_1_707' title='bbox 2384 4563 2610 4646; x_wconf 60' lang='lat' dir='ltr'><strong>[Egypti</strong></span> <span class='ocrx_word' id='word_1_708' title='bbox 2657 4579 2819 4646; x_wconf 66' lang='lat' dir='ltr'><strong>reges</strong></span> <span class='ocrx_word' id='word_1_709' title='bbox 2844 4562 3090 4634; x_wconf 87' lang='lat' dir='ltr'><strong>Memphi</strong></span> <span class='ocrx_word' id='word_1_710' title='bbox 3127 4563 3547 4646; x_wconf 32' lang='lat' dir='ltr'><strong>aut-Babylone</strong></span> 
     </span>
    </p>
   </div>
   <div class='ocr_carea' id='block_1_93' title="bbox 207 4629 3549 4708">
    <p class='ocr_par' dir='ltr' id='par_1_93' title="bbox 207 4629 3549 4708">
     <span class='ocr_line' id='line_1_93' title="bbox 207 4629 3549 4708; baseline 0 -24"><span class='ocrx_word' id='word_1_711' title='bbox 207 4629 451 4708; x_wconf 71' lang='lat' dir='ltr'><strong>lsraelitte</strong></span> <span class='ocrx_word' id='word_1_712' title='bbox 477 4633 853 4689; x_wconf 88' lang='lat' dir='ltr'><strong>constiterunt</strong></span> <span class='ocrx_word' id='word_1_713' title='bbox 879 4629 1508 4706; x_wconf 48' lang='lat' dir='ltr'><strong>antequam—transirent</strong></span> <span class='ocrx_word' id='word_1_714' title='bbox 1527 4645 1682 4684; x_wconf 87' lang='lat' dir='ltr'><strong>mare</strong></span> <span class='ocrx_word' id='word_1_715' title='bbox 1712 4629 1880 4684; x_wconf 62' lang='lat' dir='ltr'><strong>Ru-—</strong></span> <span class='ocrx_word' id='word_1_716' title='bbox 1919 4637 2266 4705; x_wconf 68' lang='lat' dir='ltr'><strong>habitabant,</strong></span> <span class='ocrx_word' id='word_1_717' title='bbox 2298 4629 3009 4708; x_wconf 21' lang='grc' dir='ltr'><strong>ιοιιεεῖᾑῑιιρλᾼῇιίῃουωξ</strong></span> <span class='ocrx_word' id='word_1_718' title='bbox 3031 4651 3204 4708; x_wconf 66' lang='lat' dir='ltr'><strong>quam</strong></span> <span class='ocrx_word' id='word_1_719' title='bbox 3235 4629 3549 4708; x_wconf 74' lang='lat' dir='ltr'><strong>Hadrianus</strong></span> 
     </span>
    </p>
   </div>
   <div class='ocr_carea' id='block_1_94' title="bbox 205 4700 376 4759">
    <p class='ocr_par' dir='ltr' id='par_1_94' title="bbox 205 4700 376 4759">
     <span class='ocr_line' id='line_1_94' title="bbox 205 4700 376 4759; baseline 0.029 -5"><span class='ocrx_word' id='word_1_720' title='bbox 205 4700 376 4759; x_wconf 87' lang='lat' dir='ltr'><strong>brum.</strong></span> 
     </span>
    </p>
   </div>
   <div class='ocr_carea' id='block_1_95' title="bbox 257 4781 1824 4854">
    <p class='ocr_par' dir='ltr' id='par_1_95' title="bbox 257 4781 1824 4854">
     <span class='ocr_line' id='line_1_95' title="bbox 257 4781 1824 4854; baseline -0.003 -14"><span class='ocrx_word' id='word_1_721' title='bbox 257 4794 288 4854; x_wconf 49' lang='grc' dir='ltr'><strong>,ο</strong></span> <span class='ocrx_word' id='word_1_722' title='bbox 317 4785 583 4840; x_wconf 87' lang='lat' dir='ltr'><strong>Novimus</strong></span> <span class='ocrx_word' id='word_1_723' title='bbox 607 4785 686 4840; x_wconf 88' lang='lat' dir='ltr'><strong>ibi</strong></span> <span class='ocrx_word' id='word_1_724' title='bbox 713 4785 1001 4840; x_wconf 85' lang='lat' dir='ltr'><strong>desertum</strong></span> <span class='ocrx_word' id='word_1_725' title='bbox 1023 4785 1152 4852; x_wconf 91' lang='lat' dir='ltr'><strong>Sur,</strong></span> <span class='ocrx_word' id='word_1_726' title='bbox 1178 4783 1275 4839; x_wconf 93' lang='lat' dir='ltr'><strong>sed</strong></span> <span class='ocrx_word' id='word_1_727' title='bbox 1295 4781 1590 4854; x_wconf 82' lang='lat' dir='ltr'><strong>castellum</strong></span> <span class='ocrx_word' id='word_1_728' title='bbox 1617 4781 1824 4838; x_wconf 89' lang='lat' dir='ltr'><strong>Suran-</strong></span> 
     </span>
    </p>
   </div>
   <div class='ocr_carea' id='block_1_96' title="bbox 205 4851 1438 4928">
    <p class='ocr_par' dir='ltr' id='par_1_96' title="bbox 205 4851 1438 4928">
     <span class='ocr_line' id='line_1_96' title="bbox 205 4851 1438 4928; baseline 0.001 -21"><span class='ocrx_word' id='word_1_729' title='bbox 205 4851 323 4910; x_wconf 85' lang='lat' dir='ltr'><strong>dela</strong></span> <span class='ocrx_word' id='word_1_730' title='bbox 350 4857 543 4912; x_wconf 91' lang='lat' dir='ltr'><strong>nescio</strong></span> <span class='ocrx_word' id='word_1_731' title='bbox 571 4856 726 4912; x_wconf 91' lang='lat' dir='ltr'><strong>unde</strong></span> <span class='ocrx_word' id='word_1_732' title='bbox 753 4856 844 4910; x_wconf 89' lang='lat' dir='ltr'><strong>hic</strong></span> <span class='ocrx_word' id='word_1_733' title='bbox 869 4856 1110 4928; x_wconf 89' lang='lat' dir='ltr'><strong>scriptor</strong></span> <span class='ocrx_word' id='word_1_734' title='bbox 1139 4853 1438 4927; x_wconf 86' lang='lat' dir='ltr'><strong>acceperit.</strong></span> 
     </span>
    </p>
   </div>
   <div class='ocr_carea' id='block_1_97' title="bbox 268 4933 1824 5010">
    <p class='ocr_par' dir='ltr' id='par_1_97' title="bbox 268 4933 1824 5010">
     <span class='ocr_line' id='line_1_97' title="bbox 268 4933 1824 5010; baseline -0.003 -17"><span class='ocrx_word' id='word_1_735' title='bbox 268 4937 546 5010; x_wconf 14' lang='lat' dir='ltr'><strong>dgClysma</strong></span> <span class='ocrx_word' id='word_1_736' title='bbox 592 4937 924 5010; x_wconf 58' lang='lat' dir='ltr'><strong>prasidium</strong></span> <span class='ocrx_word' id='word_1_737' title='bbox 969 4936 1196 5010; x_wconf 54' lang='lat' dir='ltr'><strong>{Egypti</strong></span> <span class='ocrx_word' id='word_1_738' title='bbox 1247 4935 1320 4990; x_wconf 92' lang='lat' dir='ltr'><strong>ad</strong></span> <span class='ocrx_word' id='word_1_739' title='bbox 1363 4949 1520 4989; x_wconf 91' lang='lat' dir='ltr'><strong>mare</strong></span> <span class='ocrx_word' id='word_1_740' title='bbox 1565 4933 1824 5010; x_wconf 64' lang='lat' dir='ltr'><strong>Rubrum</strong></span> 
     </span>
    </p>
   </div>
   <div class='ocr_carea' id='block_1_98' title="bbox 206 5005 1824 5079">
    <p class='ocr_par' dir='ltr' id='par_1_98' title="bbox 206 5005 1824 5079">
     <span class='ocr_line' id='line_1_98' title="bbox 206 5005 1824 5079; baseline -0.001 -17"><span class='ocrx_word' id='word_1_741' title='bbox 206 5005 496 5079; x_wconf 63' lang='lat' dir='ltr'><strong>Ptolomaeo</strong></span> <span class='ocrx_word' id='word_1_742' title='bbox 513 5005 720 5064; x_wconf 49' lang='lat' dir='ltr'><strong>est—hoc</strong></span> <span class='ocrx_word' id='word_1_743' title='bbox 745 5008 968 5062; x_wconf 88' lang='lat' dir='ltr'><strong>circiter</strong></span> <span class='ocrx_word' id='word_1_744' title='bbox 986 5005 1151 5063; x_wconf 66' lang='lat' dir='ltr'><strong>loco:</strong></span> <span class='ocrx_word' id='word_1_745' title='bbox 1183 5023 1359 5079; x_wconf 90' lang='lat' dir='ltr'><strong>quare</strong></span> <span class='ocrx_word' id='word_1_746' title='bbox 1378 5005 1597 5060; x_wconf 88' lang='lat' dir='ltr'><strong>correxi</strong></span> <span class='ocrx_word' id='word_1_747' title='bbox 1612 5022 1824 5079; x_wconf 81' lang='lat' dir='ltr'><strong>nomen</strong></span> 
     </span>
    </p>
   </div>
   <div class='ocr_carea' id='block_1_99' title="bbox 205 5076 1824 5152">
    <p class='ocr_par' dir='ltr' id='par_1_99' title="bbox 205 5076 1824 5152">
     <span class='ocr_line' id='line_1_99' title="bbox 205 5076 1824 5152; baseline 0.001 -22"><span class='ocrx_word' id='word_1_748' title='bbox 205 5076 257 5131; x_wconf 90' lang='lat' dir='ltr'><strong>in</strong></span> <span class='ocrx_word' id='word_1_749' title='bbox 275 5096 378 5136; x_wconf 90' lang='lat' dir='ltr'><strong>ms.</strong></span> <span class='ocrx_word' id='word_1_750' title='bbox 405 5083 639 5135; x_wconf 87' lang='lat' dir='ltr'><strong>Tornac.</strong></span> <span class='ocrx_word' id='word_1_751' title='bbox 671 5095 1006 5152; x_wconf 86' lang='lat' dir='ltr'><strong>expressum</strong></span> <span class='ocrx_word' id='word_1_752' title='bbox 1035 5079 1129 5134; x_wconf 89' lang='lat' dir='ltr'><strong>hic</strong></span> <span class='ocrx_word' id='word_1_753' title='bbox 1167 5076 1226 5133; x_wconf 78' lang='lat' dir='ltr'><strong>et</strong></span> <span class='ocrx_word' id='word_1_754' title='bbox 1253 5079 1400 5133; x_wconf 89' lang='lat' dir='ltr'><strong>infra</strong></span> <span class='ocrx_word' id='word_1_755' title='bbox 1428 5079 1633 5148; x_wconf 83' lang='lat' dir='ltr'><strong>Disma,</strong></span> <span class='ocrx_word' id='word_1_756' title='bbox 1667 5076 1824 5148; x_wconf 90' lang='lat' dir='ltr'><strong>quod</strong></span> 
     </span>
    </p>
   </div>
   <div class='ocr_carea' id='block_1_100' title="bbox 205 5157 610 5223">
    <p class='ocr_par' dir='ltr' id='par_1_100' title="bbox 205 5157 610 5223">
     <span class='ocr_line' id='line_1_100' title="bbox 205 5157 610 5223; baseline 0.012 -21"><span class='ocrx_word' id='word_1_757' title='bbox 205 5163 481 5223; x_wconf 88' lang='lat' dir='ltr'><strong>nusquam</strong></span> <span class='ocrx_word' id='word_1_758' title='bbox 507 5157 610 5207; x_wconf 92' lang='lat' dir='ltr'><strong>est.</strong></span> 
     </span>
    </p>
   </div>
   <div class='ocr_carea' id='block_1_101' title="bbox 269 5227 1822 5305">
    <p class='ocr_par' dir='ltr' id='par_1_101' title="bbox 269 5227 1822 5305">
     <span class='ocr_line' id='line_1_101' title="bbox 269 5227 1822 5305; baseline -0.003 -17"><span class='ocrx_word' id='word_1_759' title='bbox 269 5239 292 5268; x_wconf 85' lang='lat'><strong><em>°</em></strong></span> <span class='ocrx_word' id='word_1_760' title='bbox 315 5232 656 5305; x_wconf 82' lang='lat' dir='ltr'><strong>Speluncam</strong></span> <span class='ocrx_word' id='word_1_761' title='bbox 702 5231 884 5305; x_wconf 76' lang='lat' dir='ltr'><strong>sancti</strong></span> <span class='ocrx_word' id='word_1_762' title='bbox 909 5231 1069 5286; x_wconf 90' lang='lat' dir='ltr'><strong>Pauli</strong></span> <span class='ocrx_word' id='word_1_763' title='bbox 1097 5229 1170 5305; x_wconf 84' lang='lat' dir='ltr'><strong>ad</strong></span> <span class='ocrx_word' id='word_1_764' title='bbox 1199 5232 1268 5286; x_wconf 86' lang='lat'><strong>28</strong></span> <span class='ocrx_word' id='word_1_765' title='bbox 1299 5229 1542 5305; x_wconf 84' lang='lat' dir='ltr'><strong>gradum</strong></span> <span class='ocrx_word' id='word_1_766' title='bbox 1571 5227 1822 5305; x_wconf 78' lang='lat' dir='ltr'><strong>altitudi-</strong></span> 
     </span>
    </p>
   </div>
   <div class='ocr_carea' id='block_1_102' title="bbox 205 5299 1825 5374">
    <p class='ocr_par' dir='ltr' id='par_1_102' title="bbox 205 5299 1825 5374">
     <span class='ocr_line' id='line_1_102' title="bbox 205 5299 1825 5374; baseline 0.001 -20"><span class='ocrx_word' id='word_1_767' title='bbox 205 5300 284 5355; x_wconf 90' lang='lat' dir='ltr'><strong>nis</strong></span> <span class='ocrx_word' id='word_1_768' title='bbox 313 5299 548 5358; x_wconf 80' lang='lat' dir='ltr'><strong>collocat</strong></span> <span class='ocrx_word' id='word_1_769' title='bbox 602 5303 924 5358; x_wconf 81' lang='lat' dir='ltr'><strong>Rosweidus</strong></span> <span class='ocrx_word' id='word_1_770' title='bbox 961 5318 992 5356; x_wconf 92' lang='lat' dir='ltr'><strong>e</strong></span> <span class='ocrx_word' id='word_1_771' title='bbox 1027 5301 1264 5374; x_wconf 84' lang='lat' dir='ltr'><strong>regione</strong></span> <span class='ocrx_word' id='word_1_772' title='bbox 1293 5299 1557 5374; x_wconf 77' lang='lat' dir='ltr'><strong>Antinoi:</strong></span> <span class='ocrx_word' id='word_1_773' title='bbox 1607 5299 1685 5374; x_wconf 79' lang='lat' dir='ltr'><strong>ab</strong></span> <span class='ocrx_word' id='word_1_774' title='bbox 1719 5299 1825 5355; x_wconf 89' lang='lat' dir='ltr'><strong>hac</strong></span> 
     </span>
    </p>
   </div>
   <div class='ocr_carea' id='block_1_103' title="bbox 205 5369 1824 5444">
    <p class='ocr_par' dir='ltr' id='par_1_103' title="bbox 205 5369 1824 5444">
     <span class='ocr_line' id='line_1_103' title="bbox 205 5369 1824 5444; baseline 0.001 -17"><span class='ocrx_word' id='word_1_775' title='bbox 205 5386 375 5444; x_wconf 81' lang='lat' dir='ltr'><strong>usque</strong></span> <span class='ocrx_word' id='word_1_776' title='bbox 403 5375 476 5429; x_wconf 83' lang='lat' dir='ltr'><strong>ad</strong></span> <span class='ocrx_word' id='word_1_777' title='bbox 516 5373 619 5428; x_wconf 87' lang='lat' dir='ltr'><strong>Nili</strong></span> <span class='ocrx_word' id='word_1_778' title='bbox 663 5378 991 5435; x_wconf 79' lang='lat' dir='ltr'><strong>cataractas,</strong></span> <span class='ocrx_word' id='word_1_779' title='bbox 1021 5373 1080 5426; x_wconf 91' lang='lat' dir='ltr'><strong>in</strong></span> <span class='ocrx_word' id='word_1_780' title='bbox 1101 5369 1519 5444; x_wconf 65' lang='lat' dir='ltr'><strong>Ethiopiasub</strong></span> <span class='ocrx_word' id='word_1_781' title='bbox 1552 5369 1731 5442; x_wconf 86' lang='lat' dir='ltr'><strong>gradu</strong></span> <span class='ocrx_word' id='word_1_782' title='bbox 1754 5374 1824 5428; x_wconf 86' lang='lat'><strong>22</strong></span> 
     </span>
    </p>
   </div>
   <div class='ocr_carea' id='block_1_104' title="bbox 206 5442 1821 5516">
    <p class='ocr_par' dir='ltr' id='par_1_104' title="bbox 206 5442 1821 5516">
     <span class='ocr_line' id='line_1_104' title="bbox 206 5442 1821 5516; baseline 0 -20"><span class='ocrx_word' id='word_1_783' title='bbox 206 5442 352 5516; x_wconf 75' lang='lat' dir='ltr'><strong>sitas,</strong></span> <span class='ocrx_word' id='word_1_784' title='bbox 381 5461 524 5516; x_wconf 88' lang='lat' dir='ltr'><strong>opus</strong></span> <span class='ocrx_word' id='word_1_785' title='bbox 551 5448 638 5500; x_wconf 89' lang='lat' dir='ltr'><strong>est</strong></span> <span class='ocrx_word' id='word_1_786' title='bbox 661 5445 865 5516; x_wconf 88' lang='lat' dir='ltr'><strong>itinere</strong></span> <span class='ocrx_word' id='word_1_787' title='bbox 909 5445 1196 5516; x_wconf 88' lang='lat' dir='ltr'><strong>leucarum</strong></span> <span class='ocrx_word' id='word_1_788' title='bbox 1246 5448 1310 5497; x_wconf 89' lang='lat' dir='ltr'><strong>ut</strong></span> <span class='ocrx_word' id='word_1_789' title='bbox 1336 5442 1774 5516; x_wconf 58' lang='lat' dir='ltr'><strong>minimunrcxx</strong></span> <span class='ocrx_word' id='word_1_790' title='bbox 1803 5460 1821 5512; x_wconf 86' lang='lat'><strong>;</strong></span> 
     </span>
    </p>
   </div>
   <div class='ocr_carea' id='block_1_105' title="bbox 205 5512 1825 5588">
    <p class='ocr_par' dir='ltr' id='par_1_105' title="bbox 205 5512 1825 5588">
     <span class='ocr_line' id='line_1_105' title="bbox 205 5512 1825 5588; baseline -0.001 -19"><span class='ocrx_word' id='word_1_791' title='bbox 205 5512 290 5588; x_wconf 78' lang='lat' dir='ltr'><strong>hic</strong></span> <span class='ocrx_word' id='word_1_792' title='bbox 314 5512 450 5571; x_wconf 74' lang='lat' dir='ltr'><strong>vero</strong></span> <span class='ocrx_word' id='word_1_793' title='bbox 480 5517 716 5588; x_wconf 87' lang='lat' dir='ltr'><strong>scriptor</strong></span> <span class='ocrx_word' id='word_1_794' title='bbox 741 5515 815 5570; x_wconf 92' lang='lat' dir='ltr'><strong>ad</strong></span> <span class='ocrx_word' id='word_1_795' title='bbox 844 5515 1195 5588; x_wconf 83' lang='lat' dir='ltr'><strong>Babylonem</strong></span> <span class='ocrx_word' id='word_1_796' title='bbox 1237 5529 1331 5568; x_wconf 91' lang='lat' dir='ltr'><strong>eas</strong></span> <span class='ocrx_word' id='word_1_797' title='bbox 1373 5514 1626 5588; x_wconf 70' lang='lat' dir='ltr'><strong>collocat,</strong></span> <span class='ocrx_word' id='word_1_798' title='bbox 1652 5513 1825 5584; x_wconf 87' lang='lat' dir='ltr'><strong>longe</strong></span> 
     </span>
    </p>
   </div>
   <div class='ocr_carea' id='block_1_106' title="bbox 206 5583 1827 5652">
    <p class='ocr_par' dir='ltr' id='par_1_106' title="bbox 206 5583 1827 5652">
     <span class='ocr_line' id='line_1_106' title="bbox 206 5583 1827 5652; baseline 0 -13"><span class='ocrx_word' id='word_1_799' title='bbox 206 5583 346 5640; x_wconf 88' lang='lat' dir='ltr'><strong>infra</strong></span> <span class='ocrx_word' id='word_1_800' title='bbox 398 5583 712 5642; x_wconf 77' lang='lat' dir='ltr'><strong>Antinoum</strong></span> <span class='ocrx_word' id='word_1_801' title='bbox 763 5585 936 5642; x_wconf 89' lang='lat' dir='ltr'><strong>leucis</strong></span> <span class='ocrx_word' id='word_1_802' title='bbox 963 5583 1206 5641; x_wconf 54' lang='lat' dir='ltr'><strong>&#39;circiter</strong></span> <span class='ocrx_word' id='word_1_803' title='bbox 1233 5601 1342 5652; x_wconf 86' lang='lat' dir='ltr'><strong>xL;</strong></span> <span class='ocrx_word' id='word_1_804' title='bbox 1383 5583 1586 5639; x_wconf 90' lang='lat' dir='ltr'><strong>deinde</strong></span> <span class='ocrx_word' id='word_1_805' title='bbox 1623 5583 1827 5639; x_wconf 64' lang='lat' dir='ltr'><strong>caetera</strong></span> 
     </span>
    </p>
   </div>
   <div class='ocr_carea' id='block_1_107' title="bbox 205 5655 1826 5731">
    <p class='ocr_par' dir='ltr' id='par_1_107' title="bbox 205 5655 1826 5731">
     <span class='ocr_line' id='line_1_107' title="bbox 205 5655 1826 5731; baseline 0.001 -22"><span class='ocrx_word' id='word_1_806' title='bbox 205 5658 390 5712; x_wconf 88' lang='lat' dir='ltr'><strong>omnia</strong></span> <span class='ocrx_word' id='word_1_807' title='bbox 415 5659 534 5731; x_wconf 80' lang='lat' dir='ltr'><strong>loca</strong></span> <span class='ocrx_word' id='word_1_808' title='bbox 553 5659 780 5731; x_wconf 71' lang='lat' dir='ltr'><strong>Egypti</strong></span> <span class='ocrx_word' id='word_1_809' title='bbox 799 5674 937 5731; x_wconf 52' lang='lat' dir='ltr'><strong>quae</strong></span> <span class='ocrx_word' id='word_1_810' title='bbox 954 5657 1224 5731; x_wconf 79' lang='lat' dir='ltr'><strong>nominat</strong></span> <span class='ocrx_word' id='word_1_811' title='bbox 1234 5655 1312 5710; x_wconf 90' lang='lat' dir='ltr'><strong>sic</strong></span> <span class='ocrx_word' id='word_1_812' title='bbox 1323 5655 1647 5731; x_wconf 60' lang='lat' dir='ltr'><strong>permiscet,</strong></span> <span class='ocrx_word' id='word_1_813' title='bbox 1669 5656 1826 5710; x_wconf 90' lang='lat' dir='ltr'><strong>nullo</strong></span> 
     </span>
    </p>
   </div>
   <div class='ocr_carea' id='block_1_108' title="bbox 206 5725 1826 5799">
    <p class='ocr_par' dir='ltr' id='par_1_108' title="bbox 206 5725 1826 5799">
     <span class='ocr_line' id='line_1_108' title="bbox 206 5725 1826 5799; baseline -0.001 -17"><span class='ocrx_word' id='word_1_814' title='bbox 206 5733 416 5784; x_wconf 86' lang='lat' dir='ltr'><strong>servato</strong></span> <span class='ocrx_word' id='word_1_815' title='bbox 437 5729 577 5785; x_wconf 86' lang='lat' dir='ltr'><strong>situs</strong></span> <span class='ocrx_word' id='word_1_816' title='bbox 599 5725 802 5786; x_wconf 56' lang='lat' dir='ltr'><strong>e&#39;o&#39;riim</strong></span> <span class='ocrx_word' id='word_1_817' title='bbox 815 5725 1041 5799; x_wconf 70' lang='lat' dir='ltr'><strong>ordine,</strong></span> <span class='ocrx_word' id='word_1_818' title='bbox 1056 5734 1120 5784; x_wconf 89' lang='lat' dir='ltr'><strong>ut</strong></span> <span class='ocrx_word' id='word_1_819' title='bbox 1137 5725 1512 5799; x_wconf 4' lang='lat' dir='ltr'><strong>palpam’faciat</strong></span> <span class='ocrx_word' id='word_1_820' title='bbox 1520 5727 1826 5799; x_wconf 72' lang='lat' dir='ltr'><strong>Egyptum</strong></span> 
     </span>
    </p>
   </div>
   <div class='ocr_carea' id='block_1_109' title="bbox 205 5797 1826 5873">
    <p class='ocr_par' dir='ltr' id='par_1_109' title="bbox 205 5797 1826 5873">
     <span class='ocr_line' id='line_1_109' title="bbox 205 5797 1826 5873; baseline 0 -21"><span class='ocrx_word' id='word_1_821' title='bbox 205 5814 498 5873; x_wconf 80' lang='lat' dir='ltr'><strong>nunquam</strong></span> <span class='ocrx_word' id='word_1_822' title='bbox 517 5819 550 5856; x_wconf 91' lang='lat' dir='ltr'><strong>a</strong></span> <span class='ocrx_word' id='word_1_823' title='bbox 567 5817 625 5856; x_wconf 87' lang='lat' dir='ltr'><strong>se</strong></span> <span class='ocrx_word' id='word_1_824' title='bbox 651 5805 1014 5873; x_wconf 89' lang='lat' dir='ltr'><strong>conspectam</strong></span> <span class='ocrx_word' id='word_1_825' title='bbox 1027 5797 1169 5873; x_wconf 63' lang='lat' dir='ltr'><strong>,sed</strong></span> <span class='ocrx_word' id='word_1_826' title='bbox 1189 5797 1483 5854; x_wconf 88' lang='lat' dir='ltr'><strong>civitatum</strong></span> <span class='ocrx_word' id='word_1_827' title='bbox 1509 5797 1744 5873; x_wconf 83' lang='lat' dir='ltr'><strong>nomina</strong></span> <span class='ocrx_word' id='word_1_828' title='bbox 1767 5798 1826 5873; x_wconf 89' lang='lat' dir='ltr'><strong>i_n</strong></span> 
     </span>
    </p>
   </div>
   <div class='ocr_carea' id='block_1_110' title="bbox 208 5869 1824 5946">
    <p class='ocr_par' dir='ltr' id='par_1_110' title="bbox 208 5869 1824 5946">
     <span class='ocr_line' id='line_1_110' title="bbox 208 5869 1824 5946; baseline 0 -22"><span class='ocrx_word' id='word_1_829' title='bbox 208 5869 461 5928; x_wconf 76' lang='lat' dir='ltr'><strong>chartam</strong></span> <span class='ocrx_word' id='word_1_830' title='bbox 486 5873 758 5946; x_wconf 85' lang='lat' dir='ltr'><strong>conjecta,</strong></span> <span class='ocrx_word' id='word_1_831' title='bbox 790 5869 962 5946; x_wconf 78' lang='lat' dir='ltr'><strong>prout</strong></span> <span class='ocrx_word' id='word_1_832' title='bbox 991 5869 1127 5928; x_wconf 89' lang='lat' dir='ltr'><strong>alibi</strong></span> <span class='ocrx_word' id='word_1_833' title='bbox 1157 5871 1302 5928; x_wconf 87' lang='lat' dir='ltr'><strong>lecta</strong></span> <span class='ocrx_word' id='word_1_834' title='bbox 1329 5886 1389 5925; x_wconf 90' lang='lat' dir='ltr'><strong>se</strong></span> <span class='ocrx_word' id='word_1_835' title='bbox 1421 5869 1714 5926; x_wconf 69' lang='lat' dir='ltr'><strong>memoria:</strong></span> <span class='ocrx_word' id='word_1_836' title='bbox 1738 5869 1824 5924; x_wconf 79' lang='lat' dir='ltr'><strong>of-</strong></span> 
     </span>
    </p>
   </div>
   <div class='ocr_carea' id='block_1_111' title="bbox 1919 4705 3552 4781">
    <p class='ocr_par' dir='ltr' id='par_1_111' title="bbox 1919 4705 3552 4781">
     <span class='ocr_line' id='line_1_111' title="bbox 1919 4705 3552 4781; baseline -0.001 -17"><span class='ocrx_word' id='word_1_837' title='bbox 1919 4710 2226 4781; x_wconf 85' lang='lat' dir='ltr'><strong>imperator</strong></span> <span class='ocrx_word' id='word_1_838' title='bbox 2251 4705 2565 4781; x_wconf 66' lang='lat' dir='ltr'><strong>aedificavit.</strong></span> <span class='ocrx_word' id='word_1_839' title='bbox 2599 4705 2724 4760; x_wconf 83' lang='lat' dir='ltr'><strong>Filii</strong></span> <span class='ocrx_word' id='word_1_840' title='bbox 2759 4712 2959 4781; x_wconf 78' lang='lat' dir='ltr'><strong>autem</strong></span> <span class='ocrx_word' id='word_1_841' title='bbox 2989 4705 3552 4781; x_wconf 33' lang='lat' dir='ltr'><strong>Israelhegressisunt</strong></span> 
     </span>
    </p>
   </div>
   <div class='ocr_carea' id='block_1_112' title="bbox 1921 4777 3550 4852">
    <p class='ocr_par' dir='ltr' id='par_1_112' title="bbox 1921 4777 3550 4852">
     <span class='ocr_line' id='line_1_112' title="bbox 1921 4777 3550 4852; baseline -0.002 -16"><span class='ocrx_word' id='word_1_842' title='bbox 1921 4777 2080 4837; x_wconf 51' lang='lat' dir='ltr'><strong>de_ea</strong></span> <span class='ocrx_word' id='word_1_843' title='bbox 2117 4796 2246 4852; x_wconf 64' lang='lat' dir='ltr'><strong>qua:</strong></span> <span class='ocrx_word' id='word_1_844' title='bbox 2297 4779 2402 4852; x_wconf 85' lang='lat' dir='ltr'><strong>sibi</strong></span> <span class='ocrx_word' id='word_1_845' title='bbox 2443 4793 2706 4852; x_wconf 87' lang='lat' dir='ltr'><strong>concessa</strong></span> <span class='ocrx_word' id='word_1_846' title='bbox 2750 4778 2936 4832; x_wconf 84' lang='lat' dir='ltr'><strong>fuerat</strong></span> <span class='ocrx_word' id='word_1_847' title='bbox 2962 4782 3116 4832; x_wconf 85' lang='lat' dir='ltr'><strong>terra</strong></span> <span class='ocrx_word' id='word_1_848' title='bbox 3143 4778 3370 4836; x_wconf 86' lang='lat' dir='ltr'><strong>Gessen.</strong></span> <span class='ocrx_word' id='word_1_849' title='bbox 3399 4777 3550 4832; x_wconf 89' lang='lat' dir='ltr'><strong>inter</strong></span> 
     </span>
    </p>
   </div>
   <div class='ocr_carea' id='block_1_113' title="bbox 1921 4850 2578 4924">
    <p class='ocr_par' dir='ltr' id='par_1_113' title="bbox 1921 4850 2578 4924">
     <span class='ocr_line' id='line_1_113' title="bbox 1921 4850 2578 4924; baseline -0.005 -17"><span class='ocrx_word' id='word_1_850' title='bbox 1921 4850 2226 4924; x_wconf 68' lang='lat' dir='ltr'><strong>Egyptum</strong></span> <span class='ocrx_word' id='word_1_851' title='bbox 2257 4854 2315 4906; x_wconf 90' lang='lat' dir='ltr'><strong>et</strong></span> <span class='ocrx_word' id='word_1_852' title='bbox 2337 4850 2578 4922; x_wconf 87' lang='lat' dir='ltr'><strong>Syriam.</strong></span> 
     </span>
    </p>
   </div>
   <div class='ocr_carea' id='block_1_114' title="bbox 1995 4926 3551 5002">
    <p class='ocr_par' dir='ltr' id='par_1_114' title="bbox 1995 4926 3551 5002">
     <span class='ocr_line' id='line_1_114' title="bbox 1995 4926 3551 5002; baseline -0.001 -18"><span class='ocrx_word' id='word_1_853' title='bbox 1995 4944 2021 4984; x_wconf 75' lang='grc' dir='ltr'><em>ε</em></span> <span class='ocrx_word' id='word_1_854' title='bbox 2051 4932 2172 4996; x_wconf 86' lang='lat' dir='ltr'><strong>Quo</strong></span> <span class='ocrx_word' id='word_1_855' title='bbox 2201 4931 2409 4986; x_wconf 88' lang='lat' dir='ltr'><strong>iterum</strong></span> <span class='ocrx_word' id='word_1_856' title='bbox 2457 4929 2714 5002; x_wconf 89' lang='lat' dir='ltr'><strong>rapimur</strong></span> <span class='ocrx_word' id='word_1_857' title='bbox 2735 4930 2763 4984; x_wconf 82' lang='lat'><strong>?</strong></span> <span class='ocrx_word' id='word_1_858' title='bbox 2799 4927 3063 5002; x_wconf 80' lang='lat' dir='ltr'><strong>Alepiim,</strong></span> <span class='ocrx_word' id='word_1_859' title='bbox 3107 4926 3354 5002; x_wconf 82' lang='lat' dir='ltr'><strong>antiquis</strong></span> <span class='ocrx_word' id='word_1_860' title='bbox 3401 4928 3551 5002; x_wconf 83' lang='lat' dir='ltr'><strong>dicta</strong></span> 
     </span>
    </p>
   </div>
   <div class='ocr_carea' id='block_1_115' title="bbox 1923 4999 3550 5075">
    <p class='ocr_par' dir='ltr' id='par_1_115' title="bbox 1923 4999 3550 5075">
     <span class='ocr_line' id='line_1_115' title="bbox 1923 4999 3550 5075; baseline -0.002 -17"><span class='ocrx_word' id='word_1_861' title='bbox 1923 5002 2252 5075; x_wconf 85' lang='lat' dir='ltr'><strong>Hierapolis,</strong></span> <span class='ocrx_word' id='word_1_862' title='bbox 2295 5002 2428 5075; x_wconf 80' lang='lat' dir='ltr'><strong>urbs</strong></span> <span class='ocrx_word' id='word_1_863' title='bbox 2471 4999 2645 5075; x_wconf 60' lang='lat' dir='ltr'><strong>Siriaz</strong></span> <span class='ocrx_word' id='word_1_864' title='bbox 2686 5005 2742 5075; x_wconf 83' lang='lat' dir='ltr'><strong>et</strong></span> <span class='ocrx_word' id='word_1_865' title='bbox 2778 4999 3007 5075; x_wconf 82' lang='lat' dir='ltr'><strong>quidem</strong></span> <span class='ocrx_word' id='word_1_866' title='bbox 3033 4999 3210 5075; x_wconf 88' lang='lat' dir='ltr'><strong>_regia</strong></span> <span class='ocrx_word' id='word_1_867' title='bbox 3237 5001 3366 5075; x_wconf 68' lang='lat' dir='ltr'><strong>est;</strong></span> <span class='ocrx_word' id='word_1_868' title='bbox 3417 4999 3550 5054; x_wconf 91' lang='lat' dir='ltr'><strong>hinc</strong></span> 
     </span>
    </p>
   </div>
   <div class='ocr_carea' id='block_1_116' title="bbox 1923 5069 3548 5144">
    <p class='ocr_par' dir='ltr' id='par_1_116' title="bbox 1923 5069 3548 5144">
     <span class='ocr_line' id='line_1_116' title="bbox 1923 5069 3548 5144; baseline -0.001 -17"><span class='ocrx_word' id='word_1_869' title='bbox 1923 5092 2055 5130; x_wconf 88' lang='lat' dir='ltr'><strong>vero</strong></span> <span class='ocrx_word' id='word_1_870' title='bbox 2069 5069 2487 5142; x_wconf 77' lang='lat' dir='ltr'><strong>Alexandriam,</strong></span> <span class='ocrx_word' id='word_1_871' title='bbox 2502 5069 2676 5144; x_wconf 62' lang='lat' dir='ltr'><strong>Syriae</strong></span> <span class='ocrx_word' id='word_1_872' title='bbox 2693 5071 2741 5141; x_wconf 81' lang='lat' dir='ltr'><strong>ej</strong></span> <span class='ocrx_word' id='word_1_873' title='bbox 2750 5069 2948 5125; x_wconf 78' lang='lat' dir='ltr'><strong>usdem</strong></span> <span class='ocrx_word' id='word_1_874' title='bbox 2963 5069 3165 5144; x_wconf 79' lang='lat' dir='ltr'><strong>urbem</strong></span> <span class='ocrx_word' id='word_1_875' title='bbox 3177 5070 3522 5144; x_wconf 90' lang='lat' dir='ltr'><strong>maritimam</strong></span> <span class='ocrx_word' id='word_1_876' title='bbox 3533 5113 3548 5137; x_wconf 91' lang='lat'><strong>,</strong></span> 
     </span>
    </p>
   </div>
   <div class='ocr_carea' id='block_1_117' title="bbox 1924 5140 3549 5213">
    <p class='ocr_par' dir='ltr' id='par_1_117' title="bbox 1924 5140 3549 5213">
     <span class='ocr_line' id='line_1_117' title="bbox 1924 5140 3549 5213; baseline -0.002 -11"><span class='ocrx_word' id='word_1_877' title='bbox 1924 5148 2051 5213; x_wconf 89' lang='lat' dir='ltr'><strong>iter,</strong></span> <span class='ocrx_word' id='word_1_878' title='bbox 2079 5146 2179 5202; x_wconf 88' lang='lat' dir='ltr'><strong>sed</strong></span> <span class='ocrx_word' id='word_1_879' title='bbox 2207 5140 2479 5200; x_wconf 87' lang='lat' dir='ltr'><strong>terrestre</strong></span> <span class='ocrx_word' id='word_1_880' title='bbox 2496 5140 2599 5211; x_wconf 79' lang='lat' dir='ltr'><strong>est,</strong></span> <span class='ocrx_word' id='word_1_881' title='bbox 2631 5140 2921 5197; x_wconf 83' lang='lat' dir='ltr'><strong>leucarum</strong></span> <span class='ocrx_word' id='word_1_882' title='bbox 2961 5140 3188 5213; x_wconf 86' lang='lat' dir='ltr'><strong>circiter</strong></span> <span class='ocrx_word' id='word_1_883' title='bbox 3212 5157 3364 5213; x_wconf 80' lang='lat' dir='ltr'><strong>xvui.</strong></span> <span class='ocrx_word' id='word_1_884' title='bbox 3395 5143 3549 5198; x_wconf 86' lang='lat' dir='ltr'><strong>Hanc</strong></span> 
     </span>
    </p>
   </div>
   <div class='ocr_carea' id='block_1_118' title="bbox 1925 5212 3548 5286">
    <p class='ocr_par' dir='ltr' id='par_1_118' title="bbox 1925 5212 3548 5286">
     <span class='ocr_line' id='line_1_118' title="bbox 1925 5212 3548 5286; baseline -0.002 -14"><span class='ocrx_word' id='word_1_885' title='bbox 1925 5212 2056 5272; x_wconf 87' lang='lat' dir='ltr'><strong>vero</strong></span> <span class='ocrx_word' id='word_1_886' title='bbox 2083 5221 2273 5272; x_wconf 91' lang='lat' dir='ltr'><strong>noster</strong></span> <span class='ocrx_word' id='word_1_887' title='bbox 2287 5217 2460 5270; x_wconf 92' lang='lat' dir='ltr'><strong>homo</strong></span> <span class='ocrx_word' id='word_1_888' title='bbox 2479 5213 2773 5286; x_wconf 81' lang='lat' dir='ltr'><strong>confundit</strong></span> <span class='ocrx_word' id='word_1_889' title='bbox 2792 5228 2922 5286; x_wconf 81' lang='lat' dir='ltr'><strong>cum</strong></span> <span class='ocrx_word' id='word_1_890' title='bbox 2943 5212 3548 5286; x_wconf 67' lang='lat' dir='ltr'><strong>AlexandriaIEgypti,</strong></span> 
     </span>
    </p>
   </div>
   <div class='ocr_carea' id='block_1_119' title="bbox 1923 5283 3550 5358">
    <p class='ocr_par' dir='ltr' id='par_1_119' title="bbox 1923 5283 3550 5358">
     <span class='ocr_line' id='line_1_119' title="bbox 1923 5283 3550 5358; baseline -0.003 -13"><span class='ocrx_word' id='word_1_891' title='bbox 1923 5293 2146 5345; x_wconf 87' lang='lat' dir='ltr'><strong>tantum</strong></span> <span class='ocrx_word' id='word_1_892' title='bbox 2172 5287 2362 5344; x_wconf 86' lang='lat' dir='ltr'><strong>dissita</strong></span> <span class='ocrx_word' id='word_1_893' title='bbox 2381 5290 2594 5357; x_wconf 90' lang='lat' dir='ltr'><strong>quanta</strong></span> <span class='ocrx_word' id='word_1_894' title='bbox 2613 5289 2698 5339; x_wconf 92' lang='lat' dir='ltr'><strong>est</strong></span> <span class='ocrx_word' id='word_1_895' title='bbox 2718 5283 2958 5339; x_wconf 88' lang='lat' dir='ltr'><strong>latitudo</strong></span> <span class='ocrx_word' id='word_1_896' title='bbox 2983 5284 3154 5339; x_wconf 91' lang='lat' dir='ltr'><strong>totius</strong></span> <span class='ocrx_word' id='word_1_897' title='bbox 3181 5284 3354 5356; x_wconf 68' lang='lat' dir='ltr'><strong>Syria:</strong></span> <span class='ocrx_word' id='word_1_898' title='bbox 3381 5283 3550 5358; x_wconf 58' lang='lat' dir='ltr'><strong>auius</strong></span> 
     </span>
    </p>
   </div>
   <div class='ocr_carea' id='block_1_120' title="bbox 1924 5361 2170 5416">
    <p class='ocr_par' dir='ltr' id='par_1_120' title="bbox 1924 5361 2170 5416">
     <span class='ocr_line' id='line_1_120' title="bbox 1924 5361 2170 5416; baseline -0.008 0"><span class='ocrx_word' id='word_1_899' title='bbox 1924 5361 2170 5416; x_wconf 73' lang='grc' dir='ltr'><strong>ᾹΞαὟῐήί.</strong></span> 
     </span>
    </p>
   </div>
   <div class='ocr_carea' id='block_1_121' title="bbox 1993 5378 3547 5514">
    <p class='ocr_par' dir='ltr' id='par_1_121' title="bbox 1993 5378 3547 5514">
     <span class='ocr_line' id='line_1_121' title="bbox 1993 5378 3547 5514; baseline -0.005 -18"><span class='ocrx_word' id='word_1_900' title='bbox 1993 5378 2284 5514; x_wconf 49' lang='lat' dir='ltr'><strong>gygagctus</strong></span> <span class='ocrx_word' id='word_1_901' title='bbox 2301 5509 2310 5514; x_wconf 92' lang='lat'>_</span> <span class='ocrx_word' id='word_1_902' title='bbox 2330 5439 2529 5514; x_wconf 32' lang='lat' dir='ltr'><strong>Menas.</strong></span> <span class='ocrx_word' id='word_1_903' title='bbox 2543 5436 2904 5514; x_wconf 27' lang='lat' dir='ltr'><strong>martyr,‘q_ui</strong></span> <span class='ocrx_word' id='word_1_904' title='bbox 2936 5435 3176 5514; x_wconf 34' lang='lat' dir='ltr'><strong>‘colitun</strong></span> <span class='ocrx_word' id='word_1_905' title='bbox 3194 5440 3250 5514; x_wconf 58' lang='grc'><strong>1]</strong></span> <span class='ocrx_word' id='word_1_906' title='bbox 3293 5437 3547 5514; x_wconf 62' lang='lat' dir='ltr'><strong>i‘lovem-</strong></span> 
     </span>
    </p>
   </div>
   <div class='ocr_carea' id='block_1_122' title="bbox 1924 5505 3548 5581">
    <p class='ocr_par' dir='ltr' id='par_1_122' title="bbox 1924 5505 3548 5581">
     <span class='ocr_line' id='line_1_122' title="bbox 1924 5505 3548 5581; baseline -0.004 -16"><span class='ocrx_word' id='word_1_907' title='bbox 1924 5511 2060 5578; x_wconf 89' lang='lat' dir='ltr'><strong>bris,</strong></span> <span class='ocrx_word' id='word_1_908' title='bbox 2089 5509 2386 5581; x_wconf 69' lang='lat' dir='ltr'><strong>Egyptius</strong></span> <span class='ocrx_word' id='word_1_909' title='bbox 2436 5507 2667 5581; x_wconf 73' lang='lat' dir='ltr'><strong>quidem</strong></span> <span class='ocrx_word' id='word_1_910' title='bbox 2693 5505 2889 5581; x_wconf 75' lang='lat' dir='ltr'><strong>patria</strong></span> <span class='ocrx_word' id='word_1_911' title='bbox 2923 5507 3058 5581; x_wconf 74' lang='lat' dir='ltr'><strong>fuit,</strong></span> <span class='ocrx_word' id='word_1_912' title='bbox 3084 5508 3180 5562; x_wconf 89' lang='lat' dir='ltr'><strong>sed</strong></span> <span class='ocrx_word' id='word_1_913' title='bbox 3207 5505 3461 5581; x_wconf 72' lang='lat' dir='ltr'><strong>Cothyzei</strong></span> <span class='ocrx_word' id='word_1_914' title='bbox 3487 5505 3548 5557; x_wconf 91' lang='lat' dir='ltr'><strong>in</strong></span> 
     </span>
    </p>
   </div>
   <div class='ocr_carea' id='block_1_123' title="bbox 1924 5577 3548 5662">
    <p class='ocr_par' dir='ltr' id='par_1_123' title="bbox 1924 5577 3548 5662">
     <span class='ocr_line' id='line_1_123' title="bbox 1924 5577 3548 5662; baseline -0.006 -26"><span class='ocrx_word' id='word_1_915' title='bbox 1924 5577 2423 5662; x_wconf 58' lang='lat' dir='ltr'><strong>Phrygia&#39;passus.</strong></span> <span class='ocrx_word' id='word_1_916' title='bbox 2452 5577 2630 5662; x_wconf 41' lang='lat' dir='ltr'><strong>Alius</strong></span> <span class='ocrx_word' id='word_1_917' title='bbox 2653 5577 2785 5662; x_wconf 71' lang='lat' dir='ltr'><strong>vero</strong></span> <span class='ocrx_word' id='word_1_918' title='bbox 2834 5580 3006 5662; x_wconf 64' lang='lat' dir='ltr'><strong>huius</strong></span> <span class='ocrx_word' id='word_1_919' title='bbox 3033 5577 3285 5632; x_wconf 88' lang='lat' dir='ltr'><strong>nomtnis</strong></span> <span class='ocrx_word' id='word_1_920' title='bbox 3309 5579 3548 5662; x_wconf 68' lang='lat' dir='ltr'><strong>martyr,</strong></span> 
     </span>
    </p>
   </div>
   <div class='ocr_carea' id='block_1_124' title="bbox 1924 5647 3552 5716">
    <p class='ocr_par' dir='ltr' id='par_1_124' title="bbox 1924 5647 3552 5716">
     <span class='ocr_line' id='line_1_124' title="bbox 1924 5647 3552 5716; baseline -0.004 -10"><span class='ocrx_word' id='word_1_921' title='bbox 1924 5647 2280 5706; x_wconf 66' lang='lat' dir='ltr'><strong>Alexandriae</strong></span> <span class='ocrx_word' id='word_1_922' title='bbox 2327 5651 2387 5705; x_wconf 89' lang='lat' dir='ltr'><strong>in</strong></span> <span class='ocrx_word' id='word_1_923' title='bbox 2435 5653 2674 5716; x_wconf 64' lang='lat' dir='ltr'><strong>Egypto</strong></span> <span class='ocrx_word' id='word_1_924' title='bbox 2710 5647 3032 5716; x_wconf 73' lang='lat' dir='ltr'><strong>decollatus,</strong></span> <span class='ocrx_word' id='word_1_925' title='bbox 3072 5664 3202 5702; x_wconf 91' lang='lat' dir='ltr'><strong>cum</strong></span> <span class='ocrx_word' id='word_1_926' title='bbox 3231 5647 3393 5700; x_wconf 80' lang='lat' dir='ltr'><strong>sociis</strong></span> <span class='ocrx_word' id='word_1_927' title='bbox 3423 5647 3552 5700; x_wconf 87' lang='lat' dir='ltr'><strong>Her-</strong></span> 
     </span>
    </p>
   </div>
   <div class='ocr_carea' id='block_1_125' title="bbox 1924 5717 3552 5796">
    <p class='ocr_par' dir='ltr' id='par_1_125' title="bbox 1924 5717 3552 5796">
     <span class='ocr_line' id='line_1_125' title="bbox 1924 5717 3552 5796; baseline -0.006 -18"><span class='ocrx_word' id='word_1_928' title='bbox 1924 5739 2165 5794; x_wconf 88' lang='lat' dir='ltr'><strong>mogene</strong></span> <span class='ocrx_word' id='word_1_929' title='bbox 2194 5728 2252 5778; x_wconf 90' lang='lat' dir='ltr'><strong>et</strong></span> <span class='ocrx_word' id='word_1_930' title='bbox 2279 5717 2601 5796; x_wconf 56' lang='lat' dir='ltr'><strong>Eugrapb&#39;o&#39;,</strong></span> <span class='ocrx_word' id='word_1_931' title='bbox 2629 5723 2958 5796; x_wconf 83' lang='lat' dir='ltr'><strong>corporibus</strong></span> <span class='ocrx_word' id='word_1_932' title='bbox 2990 5719 3133 5796; x_wconf 79' lang='lat' dir='ltr'><strong>mari</strong></span> <span class='ocrx_word' id='word_1_933' title='bbox 3157 5717 3376 5796; x_wconf 68' lang='lat' dir='ltr'><strong>mersis,</strong></span> <span class='ocrx_word' id='word_1_934' title='bbox 3422 5717 3552 5796; x_wconf 73' lang='lat' dir='ltr'><strong>alla-</strong></span> 
     </span>
    </p>
   </div>
   <div class='ocr_carea' id='block_1_126' title="bbox 1925 5788 3550 5866">
    <p class='ocr_par' dir='ltr' id='par_1_126' title="bbox 1925 5788 3550 5866">
     <span class='ocr_line' id='line_1_126' title="bbox 1925 5788 3550 5866; baseline -0.006 -15"><span class='ocrx_word' id='word_1_935' title='bbox 1925 5801 2014 5851; x_wconf 86' lang='lat' dir='ltr'><strong>tus</strong></span> <span class='ocrx_word' id='word_1_936' title='bbox 2025 5788 2122 5850; x_wconf 57' lang='lat' dir='ltr'><strong>Bst</strong></span> <span class='ocrx_word' id='word_1_937' title='bbox 2147 5788 2498 5866; x_wconf 67' lang='lat' dir='ltr'><strong>Byzantium,</strong></span> <span class='ocrx_word' id='word_1_938' title='bbox 2529 5788 3176 5866; x_wconf 45' lang='lat' dir='ltr'><strong>ibique’celeberrimum</strong></span> <span class='ocrx_word' id='word_1_939' title='bbox 3202 5788 3420 5844; x_wconf 87' lang='lat' dir='ltr'><strong>cultum</strong></span> <span class='ocrx_word' id='word_1_940' title='bbox 3445 5788 3550 5843; x_wconf 84' lang='lat' dir='ltr'><strong>ha-</strong></span> 
     </span>
    </p>
   </div>
   <div class='ocr_carea' id='block_1_127' title="bbox 1923 5866 3130 5925">
    <p class='ocr_par' dir='ltr' id='par_1_127' title="bbox 1923 5866 3130 5925">
     <span class='ocr_line' id='line_1_127' title="bbox 1923 5866 3130 5925; baseline -0.002 -2"><span class='ocrx_word' id='word_1_941' title='bbox 1923 5867 2020 5924; x_wconf 87' lang='lat' dir='ltr'><strong>bet</strong></span> <span class='ocrx_word' id='word_1_942' title='bbox 2042 5868 2108 5924; x_wconf 88' lang='grc'><strong>10</strong></span> <span class='ocrx_word' id='word_1_943' title='bbox 2123 5866 2464 5925; x_wconf 89' lang='lat' dir='ltr'><strong>Decembris.</strong></span> <span class='ocrx_word' id='word_1_944' title='bbox 3123 5880 3130 5886; x_wconf 77' lang='lat'><strong><em>‘</em></strong></span> 
     </span>
    </p>
   </div>
  </div>
