  <div class='ocr_page' id='page_1' title='image "/cluster/home/n/w/nwhite01/storage/ocr_20150623/72/hvd.32044054758768/464.png"; bbox 0 0 3996 6188; ppageno 0'>
   <div class='ocr_carea' id='block_1_1' title="bbox 241 317 330 376">
    <p class='ocr_par' dir='ltr' id='par_1_1' title="bbox 241 317 330 376">
     <span class='ocr_line' id='line_1_1' title="bbox 241 317 330 376; baseline 0.034 -2"><span class='ocrx_word' id='word_1_1' title='bbox 241 317 330 376; x_wconf 68' lang='lat' dir='ltr'><strong>ﬁt?</strong></span> 
     </span>
    </p>
   </div>
   <div class='ocr_carea' id='block_1_2' title="bbox 1135 311 2643 370">
    <p class='ocr_par' dir='ltr' id='par_1_2' title="bbox 1135 311 2643 370">
     <span class='ocr_line' id='line_1_2' title="bbox 1135 311 2643 370; baseline -0.001 -2"><span class='ocrx_word' id='word_1_2' title='bbox 1135 313 1447 370; x_wconf 76' lang='lat' dir='ltr'><strong>FLORIANI</strong></span> <span class='ocrx_word' id='word_1_3' title='bbox 1486 311 1804 369; x_wconf 78' lang='lat' dir='ltr'><strong>EPISTOLA</strong></span> <span class='ocrx_word' id='word_1_4' title='bbox 1841 313 1928 368; x_wconf 87' lang='lat' dir='ltr'><strong>AD</strong></span> <span class='ocrx_word' id='word_1_5' title='bbox 1964 313 2269 370; x_wconf 71' lang='lat' dir='ltr'><strong>SANCTUM</strong></span> <span class='ocrx_word' id='word_1_6' title='bbox 2306 313 2643 370; x_wconf 66' lang='lat' dir='ltr'><strong>NlCETlL&#39;M.</strong></span> 
     </span>
    </p>
   </div>
   <div class='ocr_carea' id='block_1_3' title="bbox 3471 316 3572 370">
    <p class='ocr_par' dir='ltr' id='par_1_3' title="bbox 3471 316 3572 370">
     <span class='ocr_line' id='line_1_3' title="bbox 3471 316 3572 370; baseline 0.02 -2"><span class='ocrx_word' id='word_1_7' title='bbox 3471 316 3572 370; x_wconf 76' lang='lat'><strong>918</strong></span> 
     </span>
    </p>
   </div>
   <div class='ocr_carea' id='block_1_4' title="bbox 245 419 3569 506">
    <p class='ocr_par' dir='ltr' id='par_1_4' title="bbox 245 419 3569 506">
     <span class='ocr_line' id='line_1_4' title="bbox 245 419 3569 506; baseline 0 -26"><span class='ocrx_word' id='word_1_8' title='bbox 245 427 395 494; x_wconf 81' lang='lat' dir='ltr'><strong>vicos,</strong></span> <span class='ocrx_word' id='word_1_9' title='bbox 423 423 588 491; x_wconf 91' lang='lat' dir='ltr'><strong>villas,</strong></span> <span class='ocrx_word' id='word_1_10' title='bbox 615 420 704 477; x_wconf 92' lang='lat' dir='ltr'><strong>vel</strong></span> <span class='ocrx_word' id='word_1_11' title='bbox 729 420 996 476; x_wconf 81' lang='lat' dir='ltr'><strong>civitates.</strong></span> <span class='ocrx_word' id='word_1_12' title='bbox 1031 419 1271 491; x_wconf 81' lang='lat' dir='ltr'><strong>Fatigati</strong></span> <span class='ocrx_word' id='word_1_13' title='bbox 1301 437 1368 474; x_wconf 87' lang='lat' dir='ltr'><strong>ex</strong></span> <span class='ocrx_word' id='word_1_14' title='bbox 1396 424 1511 475; x_wconf 88' lang='lat' dir='ltr'><strong>tam</strong></span> <span class='ocrx_word' id='word_1_15' title='bbox 1547 419 1719 492; x_wconf 90' lang='lat' dir='ltr'><strong>longo</strong></span> <span class='ocrx_word' id='word_1_16' title='bbox 1746 419 1837 475; x_wconf 85' lang='lat' dir='ltr'><strong>iti-</strong></span> <span class='ocrx_word' id='word_1_17' title='bbox 1861 434 1920 506; x_wconf 76' lang='grc' dir='ltr'><strong>Α</strong></span> <span class='ocrx_word' id='word_1_18' title='bbox 1941 420 2091 487; x_wconf 88' lang='lat' dir='ltr'><strong>fecit,</strong></span> <span class='ocrx_word' id='word_1_19' title='bbox 2119 421 2204 476; x_wconf 90' lang='lat' dir='ltr'><strong>vel</strong></span> <span class='ocrx_word' id='word_1_20' title='bbox 2233 438 2360 493; x_wconf 67' lang='lat' dir='ltr'><strong>quae</strong></span> <span class='ocrx_word' id='word_1_21' title='bbox 2403 425 2534 476; x_wconf 87' lang='lat' dir='ltr'><strong>ante</strong></span> <span class='ocrx_word' id='word_1_22' title='bbox 2572 429 2798 494; x_wconf 88' lang='lat' dir='ltr'><strong>tempus</strong></span> <span class='ocrx_word' id='word_1_23' title='bbox 2825 421 3228 478; x_wconf 77' lang='lat' dir='ltr'><strong>incarnationis</strong></span> <span class='ocrx_word' id='word_1_24' title='bbox 3273 439 3388 478; x_wconf 68' lang='lat' dir='ltr'><strong>suae</strong></span> <span class='ocrx_word' id='word_1_25' title='bbox 3432 424 3569 481; x_wconf 90' lang='lat' dir='ltr'><strong>olim</strong></span> 
     </span>
    </p>
   </div>
   <div class='ocr_carea' id='block_1_5' title="bbox 240 514 1836 589">
    <p class='ocr_par' dir='ltr' id='par_1_5' title="bbox 240 514 1836 589">
     <span class='ocr_line' id='line_1_5' title="bbox 240 514 1836 589; baseline -0.006 -12"><span class='ocrx_word' id='word_1_26' title='bbox 240 535 359 577; x_wconf 88' lang='lat' dir='ltr'><strong>nere</strong></span> <span class='ocrx_word' id='word_1_27' title='bbox 385 516 645 589; x_wconf 66' lang='lat' dir='ltr'><strong>capimus</strong></span> <span class='ocrx_word' id='word_1_28' title='bbox 673 514 783 570; x_wconf 87' lang='lat' dir='ltr'><strong>iter</strong></span> <span class='ocrx_word' id='word_1_29' title='bbox 807 529 1039 586; x_wconf 83' lang='lat' dir='ltr'><strong>carpere</strong></span> <span class='ocrx_word' id='word_1_30' title='bbox 1064 517 1421 571; x_wconf 82' lang='lat' dir='ltr'><strong>transeuntes</strong></span> <span class='ocrx_word' id='word_1_31' title='bbox 1455 529 1631 584; x_wconf 89' lang='lat' dir='ltr'><strong>mare,</strong></span> <span class='ocrx_word' id='word_1_32' title='bbox 1661 519 1718 569; x_wconf 93' lang='lat' dir='ltr'><strong>et</strong></span> <span class='ocrx_word' id='word_1_33' title='bbox 1741 530 1836 569; x_wconf 88' lang='lat' dir='ltr'><strong>ve-</strong></span> 
     </span>
    </p>
   </div>
   <div class='ocr_carea' id='block_1_6' title="bbox 1939 515 3569 590">
    <p class='ocr_par' dir='ltr' id='par_1_6' title="bbox 1939 515 3569 590">
     <span class='ocr_line' id='line_1_6' title="bbox 1939 515 3569 590; baseline 0.004 -21"><span class='ocrx_word' id='word_1_34' title='bbox 1939 531 2043 587; x_wconf 91' lang='lat' dir='ltr'><strong>per</strong></span> <span class='ocrx_word' id='word_1_35' title='bbox 2069 515 2421 586; x_wconf 74' lang='lat' dir='ltr'><strong>patriarchas</strong></span> <span class='ocrx_word' id='word_1_36' title='bbox 2447 521 2502 570; x_wconf 88' lang='lat' dir='ltr'><strong>et</strong></span> <span class='ocrx_word' id='word_1_37' title='bbox 2533 516 2837 587; x_wconf 83' lang='lat' dir='ltr'><strong>prophetas</strong></span> <span class='ocrx_word' id='word_1_38' title='bbox 2865 533 2994 570; x_wconf 88' lang='lat' dir='ltr'><strong>suos</strong></span> <span class='ocrx_word' id='word_1_39' title='bbox 3020 517 3228 572; x_wconf 86' lang='lat' dir='ltr'><strong>fecerat</strong></span> <span class='ocrx_word' id='word_1_40' title='bbox 3253 535 3270 587; x_wconf 85' lang='lat'><strong>;</strong></span> <span class='ocrx_word' id='word_1_41' title='bbox 3299 517 3569 590; x_wconf 83' lang='lat' dir='ltr'><strong>viventes,</strong></span> 
     </span>
    </p>
   </div>
   <div class='ocr_carea' id='block_1_7' title="bbox 237 607 3572 685">
    <p class='ocr_par' dir='ltr' id='par_1_7' title="bbox 237 607 3572 685">
     <span class='ocr_line' id='line_1_7' title="bbox 237 607 3572 685; baseline -0.001 -15"><span class='ocrx_word' id='word_1_42' title='bbox 237 614 406 670; x_wconf 88' lang='lat' dir='ltr'><strong>uimus</strong></span> <span class='ocrx_word' id='word_1_43' title='bbox 431 610 488 667; x_wconf 92' lang='lat' dir='ltr'><strong>in</strong></span> <span class='ocrx_word' id='word_1_44' title='bbox 530 609 766 678; x_wconf 83' lang='lat' dir='ltr'><strong>Italiam,</strong></span> <span class='ocrx_word' id='word_1_45' title='bbox 795 609 1096 679; x_wconf 79' lang='lat' dir='ltr'><strong>adiuvante</strong></span> <span class='ocrx_word' id='word_1_46' title='bbox 1141 607 1382 664; x_wconf 91' lang='lat' dir='ltr'><strong>Domino</strong></span> <span class='ocrx_word' id='word_1_47' title='bbox 1419 609 1551 663; x_wconf 86' lang='lat' dir='ltr'><strong>Jesu</strong></span> <span class='ocrx_word' id='word_1_48' title='bbox 1595 607 1837 678; x_wconf 83' lang='lat' dir='ltr'><strong>Christo,</strong></span> <span class='ocrx_word' id='word_1_49' title='bbox 1939 614 2191 678; x_wconf 86' lang='lat' dir='ltr'><strong>ovantes,</strong></span> <span class='ocrx_word' id='word_1_50' title='bbox 2219 609 2480 663; x_wconf 88' lang='lat' dir='ltr'><strong>venimus</strong></span> <span class='ocrx_word' id='word_1_51' title='bbox 2505 609 2846 665; x_wconf 80' lang='lat' dir='ltr'><strong>Placentiam</strong></span> <span class='ocrx_word' id='word_1_52' title='bbox 2872 609 3152 665; x_wconf 87' lang='lat' dir='ltr'><strong>civitatem</strong></span> <span class='ocrx_word' id='word_1_53' title='bbox 3174 616 3444 680; x_wconf 87' lang='lat' dir='ltr'><strong>nostram,</strong></span> <span class='ocrx_word' id='word_1_54' title='bbox 3477 631 3572 685; x_wconf 80' lang='lat' dir='ltr'><strong>po-</strong></span> 
     </span>
    </p>
   </div>
   <div class='ocr_carea' id='block_1_8' title="bbox 237 701 3570 781">
    <p class='ocr_par' dir='ltr' id='par_1_8' title="bbox 237 701 3570 781">
     <span class='ocr_line' id='line_1_8' title="bbox 237 701 3570 781; baseline -0.001 -18"><span class='ocrx_word' id='word_1_55' title='bbox 237 723 331 781; x_wconf 91' lang='lat' dir='ltr'><strong>pro</strong></span> <span class='ocrx_word' id='word_1_56' title='bbox 357 705 508 777; x_wconf 73' lang='lat' dir='ltr'><strong>cm&#39;us</strong></span> <span class='ocrx_word' id='word_1_57' title='bbox 531 719 726 758; x_wconf 87' lang='lat' dir='ltr'><strong>amore</strong></span> <span class='ocrx_word' id='word_1_58' title='bbox 749 703 820 758; x_wconf 89' lang='lat' dir='ltr'><strong>ab</strong></span> <span class='ocrx_word' id='word_1_59' title='bbox 832 703 938 759; x_wconf 90' lang='lat' dir='ltr'><strong>hoc</strong></span> <span class='ocrx_word' id='word_1_60' title='bbox 954 702 1078 758; x_wconf 91' lang='lat' dir='ltr'><strong>loco</strong></span> <span class='ocrx_word' id='word_1_61' title='bbox 1093 701 1300 775; x_wconf 81' lang='lat' dir='ltr'><strong>egressi</strong></span> <span class='ocrx_word' id='word_1_62' title='bbox 1327 701 1841 774; x_wconf 89' lang='lat' dir='ltr'><strong>pervidereivimus</strong></span> <span class='ocrx_word' id='word_1_63' title='bbox 1939 701 2102 758; x_wconf 83' lang='lat' dir='ltr'><strong>sitam</strong></span> <span class='ocrx_word' id='word_1_64' title='bbox 2130 719 2302 774; x_wconf 84' lang='lat' dir='ltr'><strong>super</strong></span> <span class='ocrx_word' id='word_1_65' title='bbox 2324 703 2560 758; x_wconf 88' lang='lat' dir='ltr'><strong>ﬂuvium</strong></span> <span class='ocrx_word' id='word_1_66' title='bbox 2583 703 2680 776; x_wconf 85' lang='lat' dir='ltr'><strong>qui</strong></span> <span class='ocrx_word' id='word_1_67' title='bbox 2701 703 2907 760; x_wconf 90' lang='lat' dir='ltr'><strong>dicitur</strong></span> <span class='ocrx_word' id='word_1_68' title='bbox 2937 703 3156 776; x_wconf 87' lang='lat' dir='ltr'><strong>[Padus]</strong></span> <span class='ocrx_word' id='word_1_69' title='bbox 3183 705 3331 760; x_wconf 88' lang='lat' dir='ltr'><strong>infra</strong></span> <span class='ocrx_word' id='word_1_70' title='bbox 3348 706 3467 779; x_wconf 87' lang='lat' dir='ltr'><strong>jam</strong></span> <span class='ocrx_word' id='word_1_71' title='bbox 3491 707 3570 763; x_wconf 92' lang='lat' dir='ltr'><strong>di-</strong></span> 
     </span>
    </p>
   </div>
   <div class='ocr_carea' id='block_1_9' title="bbox 237 795 2349 871">
    <p class='ocr_par' dir='ltr' id='par_1_9' title="bbox 237 795 2349 871">
     <span class='ocr_line' id='line_1_9' title="bbox 237 795 2349 871; baseline -0.002 -14"><span class='ocrx_word' id='word_1_72' title='bbox 237 805 377 858; x_wconf 85' lang='lat' dir='ltr'><strong>tanta</strong></span> <span class='ocrx_word' id='word_1_73' title='bbox 392 799 510 871; x_wconf 86' lang='lat' dir='ltr'><strong>ejus</strong></span> <span class='ocrx_word' id='word_1_74' title='bbox 525 797 804 853; x_wconf 86' lang='lat' dir='ltr'><strong>mirabilia</strong></span> <span class='ocrx_word' id='word_1_75' title='bbox 827 813 956 870; x_wconf 75' lang='lat' dir='ltr'><strong>qua:</strong></span> <span class='ocrx_word' id='word_1_76' title='bbox 980 797 1103 869; x_wconf 88' lang='lat' dir='ltr'><strong>ipse</strong></span> <span class='ocrx_word' id='word_1_77' title='bbox 1128 796 1280 853; x_wconf 89' lang='lat' dir='ltr'><strong>inter</strong></span> <span class='ocrx_word' id='word_1_78' title='bbox 1295 795 1557 853; x_wconf 89' lang='lat' dir='ltr'><strong>homines</strong></span> <span class='ocrx_word' id='word_1_79' title='bbox 1578 795 1841 853; x_wconf 79' lang='lat' dir='ltr'><strong>habitam</strong></span> <span class='ocrx_word' id='word_1_80' title='bbox 1938 799 2086 852; x_wconf 88' lang='lat' dir='ltr'><strong>ctam</strong></span> <span class='ocrx_word' id='word_1_81' title='bbox 2119 795 2349 852; x_wconf 89' lang='lat' dir='ltr'><strong>Italiam.</strong></span> 
     </span>
    </p>
   </div>
   <div class='ocr_carea' id='block_1_10' title="bbox 1171 1141 2635 1374">
    <p class='ocr_par' dir='ltr' id='par_1_10' title="bbox 1171 1141 2635 1374">
     <span class='ocr_line' id='line_1_10' title="bbox 1171 1141 2635 1374; baseline 0.005 -33"><span class='ocrx_word' id='word_1_82' title='bbox 1171 1141 2551 1348; x_wconf 80' lang='lat' dir='ltr'><strong>FLORIANUS</strong></span> <span class='ocrx_word' id='word_1_83' title='bbox 2587 1304 2635 1374; x_wconf 86' lang='lat'><strong>,</strong></span> 
     </span>
    </p>
   </div>
   <div class='ocr_carea' id='block_1_11' title="bbox 639 1403 3041 1564">
    <p class='ocr_par' dir='ltr' id='par_1_11' title="bbox 639 1403 3041 1564">
     <span class='ocr_line' id='line_1_11' title="bbox 639 1403 3041 1564; baseline 0 -3"><span class='ocrx_word' id='word_1_84' title='bbox 639 1403 662 1420; x_wconf 85' lang='lat'>&#39;</span> <span class='ocrx_word' id='word_1_85' title='bbox 744 1435 1238 1564; x_wconf 88' lang='lat' dir='ltr'><strong>ABBAS</strong></span> <span class='ocrx_word' id='word_1_86' title='bbox 1339 1433 1946 1562; x_wconf 84' lang='lat' dir='ltr'><strong>ROMANI</strong></span> <span class='ocrx_word' id='word_1_87' title='bbox 2040 1434 3041 1564; x_wconf 85' lang='lat' dir='ltr'><strong>MONASTERII.</strong></span> 
     </span>
    </p>
   </div>
   <div class='ocr_carea' id='block_1_12' title="bbox 622 1825 3156 1933">
    <p class='ocr_par' dir='ltr' id='par_1_12' title="bbox 622 1825 3156 1933">
     <span class='ocr_line' id='line_1_12' title="bbox 622 1825 3156 1933; baseline 0.001 -20"><span class='ocrx_word' id='word_1_88' title='bbox 622 1827 1207 1933; x_wconf 84' lang='lat' dir='ltr'><strong>FLORIANI,</strong></span> <span class='ocrx_word' id='word_1_89' title='bbox 1307 1827 1745 1914; x_wconf 85' lang='lat' dir='ltr'><strong>ROMANI</strong></span> <span class='ocrx_word' id='word_1_90' title='bbox 1843 1825 2536 1912; x_wconf 85' lang='lat' dir='ltr'><strong>MONASTERII</strong></span> <span class='ocrx_word' id='word_1_91' title='bbox 2637 1828 3156 1932; x_wconf 89' lang='lat' dir='ltr'><strong>ABBATIS,</strong></span> 
     </span>
    </p>
   </div>
   <div class='ocr_carea' id='block_1_13' title="bbox 1107 1995 2664 2129">
    <p class='ocr_par' dir='ltr' id='par_1_13' title="bbox 1107 1995 2664 2129">
     <span class='ocr_line' id='line_1_13' title="bbox 1107 1995 2664 2129; baseline -0.001 -1"><span class='ocrx_word' id='word_1_92' title='bbox 1107 1995 1505 2129; x_wconf 80' lang='lat' dir='ltr'><strong>EPISTllLl</strong></span> <span class='ocrx_word' id='word_1_93' title='bbox 1589 1999 1696 2127; x_wconf 79' lang='grc' dir='ltr'><strong>ΔΙ)</strong></span> <span class='ocrx_word' id='word_1_94' title='bbox 1777 1997 2158 2128; x_wconf 80' lang='lat' dir='ltr'><strong>SlNCTUll</strong></span> <span class='ocrx_word' id='word_1_95' title='bbox 2241 1997 2664 2128; x_wconf 77' lang='lat' dir='ltr'><strong>NlCE&#39;I‘lllll.</strong></span> 
     </span>
    </p>
   </div>
   <div class='ocr_carea' id='block_1_14' title="bbox 289 2344 3572 2460">
    <p class='ocr_par' dir='ltr' id='par_1_14' title="bbox 289 2344 3572 2460">
     <span class='ocr_line' id='line_1_14' title="bbox 289 2344 3572 2460; baseline 0.002 -61"><span class='ocrx_word' id='word_1_96' title='bbox 289 2344 524 2400; x_wconf 90' lang='lat' dir='ltr'><strong>Domino</strong></span> <span class='ocrx_word' id='word_1_97' title='bbox 557 2361 658 2401; x_wconf 88' lang='lat' dir='ltr'><strong>suo</strong></span> <span class='ocrx_word' id='word_1_98' title='bbox 685 2345 897 2402; x_wconf 84' lang='lat' dir='ltr'><strong>Nicetio</strong></span> <span class='ocrx_word' id='word_1_99' title='bbox 924 2363 1104 2420; x_wconf 55' lang='lat' dir='ltr'><strong>papa,</strong></span> <span class='ocrx_word' id='word_1_100' title='bbox 1139 2347 1430 2404; x_wconf 87' lang='lat' dir='ltr'><strong>Florianus</strong></span> <span class='ocrx_word' id='word_1_101' title='bbox 1458 2364 1527 2404; x_wconf 87' lang='lat' dir='ltr'><strong>ex</strong></span> <span class='ocrx_word' id='word_1_102' title='bbox 1553 2351 1840 2404; x_wconf 91' lang='lat' dir='ltr'><strong>monaste-</strong></span> <span class='ocrx_word' id='word_1_103' title='bbox 1861 2387 1919 2460; x_wconf 78' lang='grc' dir='ltr'><strong>Β</strong></span> <span class='ocrx_word' id='word_1_104' title='bbox 1942 2364 2046 2420; x_wconf 91' lang='lat' dir='ltr'><strong>pro</strong></span> <span class='ocrx_word' id='word_1_105' title='bbox 2073 2349 2208 2405; x_wconf 84' lang='lat' dir='ltr'><strong>ﬁlio.</strong></span> <span class='ocrx_word' id='word_1_106' title='bbox 2237 2349 2345 2405; x_wconf 90' lang='lat' dir='ltr'><strong>Sed</strong></span> <span class='ocrx_word' id='word_1_107' title='bbox 2373 2354 2430 2405; x_wconf 93' lang='lat' dir='ltr'><strong>et</strong></span> <span class='ocrx_word' id='word_1_108' title='bbox 2453 2365 2676 2406; x_wconf 67' lang='lat' dir='ltr'><strong>coronae</strong></span> <span class='ocrx_word' id='word_1_109' title='bbox 2691 2353 2890 2406; x_wconf 73' lang='lat' dir='ltr'><strong>vestrae</strong></span> <span class='ocrx_word' id='word_1_110' title='bbox 2908 2348 3126 2405; x_wconf 85' lang='lat' dir='ltr'><strong>socium</strong></span> <span class='ocrx_word' id='word_1_111' title='bbox 3149 2348 3329 2405; x_wconf 57' lang='lat' dir='ltr'><strong>beata</strong></span> <span class='ocrx_word' id='word_1_112' title='bbox 3352 2363 3572 2404; x_wconf 90' lang='lat' dir='ltr'><strong>memo-</strong></span> 
     </span>
    </p>
   </div>
   <div class='ocr_carea' id='block_1_15' title="bbox 229 2437 1076 2515">
    <p class='ocr_par' dir='ltr' id='par_1_15' title="bbox 229 2437 1076 2515">
     <span class='ocr_line' id='line_1_15' title="bbox 229 2437 1076 2515; baseline 0.008 -25"><span class='ocrx_word' id='word_1_113' title='bbox 229 2437 302 2491; x_wconf 92' lang='lat' dir='ltr'><strong>rio</strong></span> <span class='ocrx_word' id='word_1_114' title='bbox 325 2439 580 2494; x_wconf 81' lang='lat' dir='ltr'><strong>Romano</strong></span> <span class='ocrx_word' id='word_1_115' title='bbox 614 2437 748 2512; x_wconf 83' lang='lat' dir='ltr'><strong>[Al.,</strong></span> <span class='ocrx_word' id='word_1_116' title='bbox 780 2441 1076 2515; x_wconf 84' lang='lat' dir='ltr'><strong>Remano].</strong></span> 
     </span>
    </p>
   </div>
   <div class='ocr_carea' id='block_1_16' title="bbox 289 2514 1842 2609">
    <p class='ocr_par' dir='ltr' id='par_1_16' title="bbox 289 2514 1842 2609">
     <span class='ocr_line' id='line_1_16' title="bbox 289 2514 1842 2609; baseline 0.004 -23"><span class='ocrx_word' id='word_1_117' title='bbox 289 2531 643 2588; x_wconf 87' lang='lat' dir='ltr'><strong>Benedicitur</strong></span> <span class='ocrx_word' id='word_1_118' title='bbox 685 2550 801 2589; x_wconf 91' lang='lat' dir='ltr'><strong>una</strong></span> <span class='ocrx_word' id='word_1_119' title='bbox 830 2514 1100 2604; x_wconf 41' lang='lat' dir='ltr'><strong>‘Trinitas,</strong></span> <span class='ocrx_word' id='word_1_120' title='bbox 1150 2536 1296 2590; x_wconf 89' lang='lat' dir='ltr'><strong>Deus</strong></span> <span class='ocrx_word' id='word_1_121' title='bbox 1341 2541 1556 2604; x_wconf 87' lang='lat' dir='ltr'><strong>noster,</strong></span> <span class='ocrx_word' id='word_1_122' title='bbox 1599 2538 1698 2609; x_wconf 87' lang='lat' dir='ltr'><strong>qui</strong></span> <span class='ocrx_word' id='word_1_123' title='bbox 1746 2553 1842 2592; x_wconf 88' lang='lat' dir='ltr'><strong>vos</strong></span> 
     </span>
    </p>
   </div>
   <div class='ocr_carea' id='block_1_17' title="bbox 227 2624 1845 2699">
    <p class='ocr_par' dir='ltr' id='par_1_17' title="bbox 227 2624 1845 2699">
     <span class='ocr_line' id='line_1_17' title="bbox 227 2624 1845 2699; baseline 0.005 -22"><span class='ocrx_word' id='word_1_124' title='bbox 227 2624 628 2694; x_wconf 87' lang='lat' dir='ltr'><strong>pontiﬁcalibus</strong></span> <span class='ocrx_word' id='word_1_125' title='bbox 651 2627 867 2683; x_wconf 87' lang='lat' dir='ltr'><strong>meritis</strong></span> <span class='ocrx_word' id='word_1_126' title='bbox 896 2629 1208 2699; x_wconf 82' lang='lat' dir='ltr'><strong>pontiﬁcali</strong></span> <span class='ocrx_word' id='word_1_127' title='bbox 1236 2629 1437 2684; x_wconf 87' lang='lat' dir='ltr'><strong>locavit</strong></span> <span class='ocrx_word' id='word_1_128' title='bbox 1456 2631 1517 2684; x_wconf 91' lang='lat' dir='ltr'><strong>in</strong></span> <span class='ocrx_word' id='word_1_129' title='bbox 1536 2631 1761 2698; x_wconf 88' lang='lat' dir='ltr'><strong>vertice,</strong></span> <span class='ocrx_word' id='word_1_130' title='bbox 1781 2634 1845 2685; x_wconf 94' lang='lat' dir='ltr'><strong>ut</strong></span> 
     </span>
    </p>
   </div>
   <div class='ocr_carea' id='block_1_18' title="bbox 226 2718 1845 2795">
    <p class='ocr_par' dir='ltr' id='par_1_18' title="bbox 226 2718 1845 2795">
     <span class='ocr_line' id='line_1_18' title="bbox 226 2718 1845 2795; baseline 0.005 -25"><span class='ocrx_word' id='word_1_131' title='bbox 226 2733 326 2771; x_wconf 88' lang='lat' dir='ltr'><strong>non</strong></span> <span class='ocrx_word' id='word_1_132' title='bbox 363 2718 692 2775; x_wconf 83' lang='lat' dir='ltr'><strong>beatitatem</strong></span> <span class='ocrx_word' id='word_1_133' title='bbox 733 2721 997 2793; x_wconf 82' lang='lat' dir='ltr'><strong>dignitas,</strong></span> <span class='ocrx_word' id='word_1_134' title='bbox 1031 2722 1128 2778; x_wconf 91' lang='lat' dir='ltr'><strong>sed</strong></span> <span class='ocrx_word' id='word_1_135' title='bbox 1172 2722 1458 2778; x_wconf 86' lang='lat' dir='ltr'><strong>beatitudo</strong></span> <span class='ocrx_word' id='word_1_136' title='bbox 1499 2723 1845 2795; x_wconf 64' lang='lat' dir='ltr'><strong>praecederet</strong></span> 
     </span>
    </p>
   </div>
   <div class='ocr_carea' id='block_1_19' title="bbox 225 2811 1844 2888">
    <p class='ocr_par' dir='ltr' id='par_1_19' title="bbox 225 2811 1844 2888">
     <span class='ocr_line' id='line_1_19' title="bbox 225 2811 1844 2888; baseline 0.004 -24"><span class='ocrx_word' id='word_1_137' title='bbox 225 2811 568 2882; x_wconf 88' lang='lat' dir='ltr'><strong>dignitatem.</strong></span> <span class='ocrx_word' id='word_1_138' title='bbox 596 2814 706 2869; x_wconf 86' lang='lat' dir='ltr'><strong>Nec</strong></span> <span class='ocrx_word' id='word_1_139' title='bbox 731 2815 1019 2871; x_wconf 91' lang='lat' dir='ltr'><strong>immerito</strong></span> <span class='ocrx_word' id='word_1_140' title='bbox 1049 2833 1061 2870; x_wconf 93' lang='lat'>:</span> <span class='ocrx_word' id='word_1_141' title='bbox 1093 2831 1225 2870; x_wconf 91' lang='lat' dir='ltr'><strong>cum</strong></span> <span class='ocrx_word' id='word_1_142' title='bbox 1255 2817 1324 2871; x_wconf 90' lang='lat' dir='ltr'><strong>ab</strong></span> <span class='ocrx_word' id='word_1_143' title='bbox 1345 2817 1576 2872; x_wconf 90' lang='lat' dir='ltr'><strong>ineunte</strong></span> <span class='ocrx_word' id='word_1_144' title='bbox 1603 2816 1844 2888; x_wconf 88' lang='lat' dir='ltr'><strong>pueritia</strong></span> 
     </span>
    </p>
   </div>
   <div class='ocr_carea' id='block_1_20' title="bbox 224 2904 1843 2975">
    <p class='ocr_par' dir='ltr' id='par_1_20' title="bbox 224 2904 1843 2975">
     <span class='ocr_line' id='line_1_20' title="bbox 224 2904 1843 2975; baseline 0.004 -17"><span class='ocrx_word' id='word_1_145' title='bbox 224 2904 506 2961; x_wconf 88' lang='lat' dir='ltr'><strong>dominicis</strong></span> <span class='ocrx_word' id='word_1_146' title='bbox 559 2908 884 2964; x_wconf 88' lang='lat' dir='ltr'><strong>militaveris</strong></span> <span class='ocrx_word' id='word_1_147' title='bbox 927 2910 989 2964; x_wconf 90' lang='lat' dir='ltr'><strong>in</strong></span> <span class='ocrx_word' id='word_1_148' title='bbox 1039 2911 1252 2975; x_wconf 87' lang='lat' dir='ltr'><strong>castris,</strong></span> <span class='ocrx_word' id='word_1_149' title='bbox 1285 2916 1348 2965; x_wconf 92' lang='lat' dir='ltr'><strong>ut</strong></span> <span class='ocrx_word' id='word_1_150' title='bbox 1389 2910 1526 2964; x_wconf 90' lang='lat' dir='ltr'><strong>illuc</strong></span> <span class='ocrx_word' id='word_1_151' title='bbox 1565 2910 1742 2966; x_wconf 89' lang='lat' dir='ltr'><strong>tutius</strong></span> <span class='ocrx_word' id='word_1_152' title='bbox 1787 2915 1843 2965; x_wconf 88' lang='lat' dir='ltr'><strong>et</strong></span> 
     </span>
    </p>
   </div>
   <div class='ocr_carea' id='block_1_21' title="bbox 223 2998 1839 3075">
    <p class='ocr_par' dir='ltr' id='par_1_21' title="bbox 223 2998 1839 3075">
     <span class='ocr_line' id='line_1_21' title="bbox 223 2998 1839 3075; baseline 0.004 -24"><span class='ocrx_word' id='word_1_153' title='bbox 223 2998 444 3054; x_wconf 86' lang='lat' dir='ltr'><strong>validius</strong></span> <span class='ocrx_word' id='word_1_154' title='bbox 495 3001 777 3068; x_wconf 88' lang='lat' dir='ltr'><strong>discretis,</strong></span> <span class='ocrx_word' id='word_1_155' title='bbox 828 3003 1034 3074; x_wconf 87' lang='lat' dir='ltr'><strong>quibus</strong></span> <span class='ocrx_word' id='word_1_156' title='bbox 1073 3003 1276 3074; x_wconf 87' lang='lat' dir='ltr'><strong>jaculis</strong></span> <span class='ocrx_word' id='word_1_157' title='bbox 1325 3003 1697 3075; x_wconf 88' lang='lat' dir='ltr'><strong>intelligibilis</strong></span> <span class='ocrx_word' id='word_1_158' title='bbox 1747 3003 1839 3057; x_wconf 91' lang='lat' dir='ltr'><strong>ille</strong></span> 
     </span>
    </p>
   </div>
   <div class='ocr_carea' id='block_1_22' title="bbox 224 3095 1845 3170">
    <p class='ocr_par' dir='ltr' id='par_1_22' title="bbox 224 3095 1845 3170">
     <span class='ocr_line' id='line_1_22' title="bbox 224 3095 1845 3170; baseline 0.003 -23"><span class='ocrx_word' id='word_1_159' title='bbox 224 3095 592 3162; x_wconf 88' lang='lat' dir='ltr'><strong>prosternitur</strong></span> <span class='ocrx_word' id='word_1_160' title='bbox 631 3096 916 3166; x_wconf 88' lang='lat' dir='ltr'><strong>Amalech,</strong></span> <span class='ocrx_word' id='word_1_161' title='bbox 949 3097 1158 3152; x_wconf 86' lang='lat' dir='ltr'><strong>scilicet</strong></span> <span class='ocrx_word' id='word_1_162' title='bbox 1181 3098 1408 3170; x_wconf 90' lang='lat' dir='ltr'><strong>quando</strong></span> <span class='ocrx_word' id='word_1_163' title='bbox 1435 3102 1490 3152; x_wconf 91' lang='lat' dir='ltr'><strong>et</strong></span> <span class='ocrx_word' id='word_1_164' title='bbox 1515 3097 1634 3170; x_wconf 90' lang='lat' dir='ltr'><strong>ipse</strong></span> <span class='ocrx_word' id='word_1_165' title='bbox 1663 3097 1845 3152; x_wconf 90' lang='lat' dir='ltr'><strong>victor</strong></span> 
     </span>
    </p>
   </div>
   <div class='ocr_carea' id='block_1_23' title="bbox 224 3188 1842 3263">
    <p class='ocr_par' dir='ltr' id='par_1_23' title="bbox 224 3188 1842 3263">
     <span class='ocr_line' id='line_1_23' title="bbox 224 3188 1842 3263; baseline 0.004 -25"><span class='ocrx_word' id='word_1_166' title='bbox 224 3203 276 3239; x_wconf 83' lang='lat' dir='ltr'><strong>es</strong></span> <span class='ocrx_word' id='word_1_167' title='bbox 317 3188 575 3244; x_wconf 89' lang='lat' dir='ltr'><strong>nomine.</strong></span> <span class='ocrx_word' id='word_1_168' title='bbox 606 3189 695 3245; x_wconf 91' lang='lat' dir='ltr'><strong>Sic</strong></span> <span class='ocrx_word' id='word_1_169' title='bbox 735 3189 886 3244; x_wconf 88' lang='lat' dir='ltr'><strong>enim</strong></span> <span class='ocrx_word' id='word_1_170' title='bbox 931 3191 1065 3246; x_wconf 88' lang='lat' dir='ltr'><strong>estis</strong></span> <span class='ocrx_word' id='word_1_171' title='bbox 1105 3192 1213 3246; x_wconf 90' lang='lat' dir='ltr'><strong>Deo</strong></span> <span class='ocrx_word' id='word_1_172' title='bbox 1242 3191 1483 3263; x_wconf 69' lang='lat' dir='ltr'><strong>praesule</strong></span> <span class='ocrx_word' id='word_1_173' title='bbox 1527 3191 1585 3246; x_wconf 91' lang='lat' dir='ltr'><strong>in</strong></span> <span class='ocrx_word' id='word_1_174' title='bbox 1621 3191 1842 3246; x_wconf 90' lang='lat' dir='ltr'><strong>statutis</strong></span> 
     </span>
    </p>
   </div>
   <div class='ocr_carea' id='block_1_24' title="bbox 223 3281 1846 3356">
    <p class='ocr_par' dir='ltr' id='par_1_24' title="bbox 223 3281 1846 3356">
     <span class='ocr_line' id='line_1_24' title="bbox 223 3281 1846 3356; baseline 0.004 -23"><span class='ocrx_word' id='word_1_175' title='bbox 223 3281 612 3336; x_wconf 75' lang='lat' dir='ltr'><strong>coenobialibus</strong></span> <span class='ocrx_word' id='word_1_176' title='bbox 629 3283 855 3352; x_wconf 88' lang='lat' dir='ltr'><strong>eruditi,</strong></span> <span class='ocrx_word' id='word_1_177' title='bbox 881 3288 943 3339; x_wconf 94' lang='lat' dir='ltr'><strong>ut</strong></span> <span class='ocrx_word' id='word_1_178' title='bbox 964 3300 1068 3356; x_wconf 92' lang='lat' dir='ltr'><strong>per</strong></span> <span class='ocrx_word' id='word_1_179' title='bbox 1084 3301 1239 3339; x_wconf 90' lang='lat' dir='ltr'><strong>mare</strong></span> <span class='ocrx_word' id='word_1_180' title='bbox 1261 3285 1452 3339; x_wconf 69' lang='lat' dir='ltr'><strong>saeculi</strong></span> <span class='ocrx_word' id='word_1_181' title='bbox 1477 3284 1594 3339; x_wconf 88' lang='lat' dir='ltr'><strong>sine</strong></span> <span class='ocrx_word' id='word_1_182' title='bbox 1616 3283 1846 3339; x_wconf 68' lang='lat' dir='ltr'><strong>saecula-</strong></span> 
     </span>
    </p>
   </div>
   <div class='ocr_carea' id='block_1_25' title="bbox 222 3374 1840 3450">
    <p class='ocr_par' dir='ltr' id='par_1_25' title="bbox 222 3374 1840 3450">
     <span class='ocr_line' id='line_1_25' title="bbox 222 3374 1840 3450; baseline 0.002 -22"><span class='ocrx_word' id='word_1_183' title='bbox 222 3374 365 3429; x_wconf 88' lang='lat' dir='ltr'><strong>ribus</strong></span> <span class='ocrx_word' id='word_1_184' title='bbox 406 3375 675 3430; x_wconf 87' lang='lat' dir='ltr'><strong>ﬂuctibus</strong></span> <span class='ocrx_word' id='word_1_185' title='bbox 714 3375 988 3432; x_wconf 79' lang='lat' dir='ltr'><strong>inoffenso</strong></span> <span class='ocrx_word' id='word_1_186' title='bbox 1021 3377 1258 3450; x_wconf 87' lang='lat' dir='ltr'><strong>vestigio</strong></span> <span class='ocrx_word' id='word_1_187' title='bbox 1292 3377 1628 3444; x_wconf 89' lang='lat' dir='ltr'><strong>transiretis,</strong></span> <span class='ocrx_word' id='word_1_188' title='bbox 1659 3382 1714 3432; x_wconf 92' lang='lat' dir='ltr'><strong>et</strong></span> <span class='ocrx_word' id='word_1_189' title='bbox 1739 3377 1840 3432; x_wconf 88' lang='lat' dir='ltr'><strong>tri-</strong></span> 
     </span>
    </p>
   </div>
   <div class='ocr_carea' id='block_1_26' title="bbox 221 3469 1839 3543">
    <p class='ocr_par' dir='ltr' id='par_1_26' title="bbox 221 3469 1839 3543">
     <span class='ocr_line' id='line_1_26' title="bbox 221 3469 1839 3543; baseline 0.002 -23"><span class='ocrx_word' id='word_1_190' title='bbox 221 3469 549 3540; x_wconf 87' lang='lat' dir='ltr'><strong>umphalem</strong></span> <span class='ocrx_word' id='word_1_191' title='bbox 596 3469 873 3541; x_wconf 85' lang='lat' dir='ltr'><strong>hymnum</strong></span> <span class='ocrx_word' id='word_1_192' title='bbox 913 3487 1045 3525; x_wconf 88' lang='lat' dir='ltr'><strong>cum</strong></span> <span class='ocrx_word' id='word_1_193' title='bbox 1085 3473 1268 3543; x_wconf 86' lang='lat' dir='ltr'><strong>Moyse</strong></span> <span class='ocrx_word' id='word_1_194' title='bbox 1303 3471 1507 3525; x_wconf 89' lang='lat' dir='ltr'><strong>merito</strong></span> <span class='ocrx_word' id='word_1_195' title='bbox 1537 3470 1839 3524; x_wconf 88' lang='lat' dir='ltr'><strong>concinen-</strong></span> 
     </span>
    </p>
   </div>
   <div class='ocr_carea' id='block_1_27' title="bbox 222 3565 1841 3634">
    <p class='ocr_par' dir='ltr' id='par_1_27' title="bbox 222 3565 1841 3634">
     <span class='ocr_line' id='line_1_27' title="bbox 222 3565 1841 3634; baseline 0.002 -19"><span class='ocrx_word' id='word_1_196' title='bbox 222 3566 324 3617; x_wconf 89' lang='lat' dir='ltr'><strong>tes:</strong></span> <span class='ocrx_word' id='word_1_197' title='bbox 354 3565 642 3621; x_wconf 83' lang='lat' dir='ltr'><strong>Cantemus</strong></span> <span class='ocrx_word' id='word_1_198' title='bbox 669 3567 912 3627; x_wconf 76' lang='lat' dir='ltr'><strong>Domino,</strong></span> <span class='ocrx_word' id='word_1_199' title='bbox 930 3565 1155 3634; x_wconf 80' lang='lat' dir='ltr'><strong>gloriose</strong></span> <span class='ocrx_word' id='word_1_200' title='bbox 1174 3567 1314 3620; x_wconf 75' lang='lat' dir='ltr'><strong>enim</strong></span> <span class='ocrx_word' id='word_1_201' title='bbox 1341 3566 1714 3633; x_wconf 79' lang='lat' dir='ltr'><strong>honon&#39;ﬁcatus</strong></span> <span class='ocrx_word' id='word_1_202' title='bbox 1730 3568 1841 3628; x_wconf 78' lang='lat' dir='ltr'><strong>est;</strong></span> 
     </span>
    </p>
   </div>
   <div class='ocr_carea' id='block_1_28' title="bbox 221 3657 1844 3728">
    <p class='ocr_par' dir='ltr' id='par_1_28' title="bbox 221 3657 1844 3728">
     <span class='ocr_line' id='line_1_28' title="bbox 221 3657 1844 3728; baseline 0.001 -20"><span class='ocrx_word' id='word_1_203' title='bbox 221 3670 401 3726; x_wconf 85' lang='lat' dir='ltr'><strong>equum</strong></span> <span class='ocrx_word' id='word_1_204' title='bbox 425 3662 478 3712; x_wconf 80' lang='lat' dir='ltr'><strong>et</strong></span> <span class='ocrx_word' id='word_1_205' title='bbox 503 3673 835 3714; x_wconf 83' lang='lat' dir='ltr'><strong>ascensorem</strong></span> <span class='ocrx_word' id='word_1_206' title='bbox 872 3657 1096 3728; x_wconf 73' lang='lat' dir='ltr'><strong>projecit</strong></span> <span class='ocrx_word' id='word_1_207' title='bbox 1124 3661 1180 3712; x_wconf 80' lang='lat' dir='ltr'><strong>in</strong></span> <span class='ocrx_word' id='word_1_208' title='bbox 1208 3675 1374 3713; x_wconf 83' lang='lat' dir='ltr'><strong>mare.</strong></span> <span class='ocrx_word' id='word_1_209' title='bbox 1405 3657 1494 3712; x_wconf 92' lang='lat' dir='ltr'><strong>Sic</strong></span> <span class='ocrx_word' id='word_1_210' title='bbox 1522 3657 1844 3712; x_wconf 91' lang='lat' dir='ltr'><strong>individuus</strong></span> 
     </span>
    </p>
   </div>
   <div class='ocr_carea' id='block_1_29' title="bbox 1942 2442 3572 2515">
    <p class='ocr_par' dir='ltr' id='par_1_29' title="bbox 1942 2442 3572 2515">
     <span class='ocr_line' id='line_1_29' title="bbox 1942 2442 3572 2515; baseline 0 -17"><span class='ocrx_word' id='word_1_211' title='bbox 1942 2443 2042 2498; x_wconf 70' lang='lat' dir='ltr'><strong>riae</strong></span> <span class='ocrx_word' id='word_1_212' title='bbox 2082 2443 2383 2498; x_wconf 91' lang='lat' dir='ltr'><strong>dominum</strong></span> <span class='ocrx_word' id='word_1_213' title='bbox 2427 2443 2740 2500; x_wconf 71' lang='lat' dir='ltr'><strong>Ctesarium</strong></span> <span class='ocrx_word' id='word_1_214' title='bbox 2791 2443 3173 2500; x_wconf 84' lang='lat' dir='ltr'><strong>Arelatensem</strong></span> <span class='ocrx_word' id='word_1_215' title='bbox 3221 2442 3572 2515; x_wconf 87' lang='lat' dir='ltr'><strong>episcopum,</strong></span> 
     </span>
    </p>
   </div>
   <div class='ocr_carea' id='block_1_30' title="bbox 1941 2535 3572 2610">
    <p class='ocr_par' dir='ltr' id='par_1_30' title="bbox 1941 2535 3572 2610">
     <span class='ocr_line' id='line_1_30' title="bbox 1941 2535 3572 2610; baseline 0 -18"><span class='ocrx_word' id='word_1_216' title='bbox 1941 2537 2042 2610; x_wconf 88' lang='lat' dir='ltr'><strong>qui</strong></span> <span class='ocrx_word' id='word_1_217' title='bbox 2079 2535 2218 2593; x_wconf 84' lang='lat' dir='ltr'><strong>vixit</strong></span> <span class='ocrx_word' id='word_1_218' title='bbox 2255 2537 2406 2594; x_wconf 90' lang='lat' dir='ltr'><strong>inter</strong></span> <span class='ocrx_word' id='word_1_219' title='bbox 2445 2537 2713 2594; x_wconf 89' lang='lat' dir='ltr'><strong>barbaros</strong></span> <span class='ocrx_word' id='word_1_220' title='bbox 2753 2538 2902 2610; x_wconf 89' lang='lat' dir='ltr'><strong>pius,</strong></span> <span class='ocrx_word' id='word_1_221' title='bbox 2945 2537 3098 2594; x_wconf 88' lang='lat' dir='ltr'><strong>inter</strong></span> <span class='ocrx_word' id='word_1_222' title='bbox 3131 2536 3282 2592; x_wconf 90' lang='lat' dir='ltr'><strong>bella</strong></span> <span class='ocrx_word' id='word_1_223' title='bbox 3320 2541 3572 2608; x_wconf 89' lang='lat' dir='ltr'><strong>pacatus,</strong></span> 
     </span>
    </p>
   </div>
   <div class='ocr_carea' id='block_1_31' title="bbox 1941 2629 3573 2704">
    <p class='ocr_par' dir='ltr' id='par_1_31' title="bbox 1941 2629 3573 2704">
     <span class='ocr_line' id='line_1_31' title="bbox 1941 2629 3573 2704; baseline -0.001 -18"><span class='ocrx_word' id='word_1_224' title='bbox 1941 2636 2102 2703; x_wconf 90' lang='lat' dir='ltr'><strong>pater</strong></span> <span class='ocrx_word' id='word_1_225' title='bbox 2125 2631 2532 2704; x_wconf 88' lang='lat' dir='ltr'><strong>orphanorum,</strong></span> <span class='ocrx_word' id='word_1_226' title='bbox 2580 2637 2770 2704; x_wconf 90' lang='lat' dir='ltr'><strong>pastor</strong></span> <span class='ocrx_word' id='word_1_227' title='bbox 2793 2631 3104 2702; x_wconf 81' lang='lat' dir='ltr'><strong>egentium,</strong></span> <span class='ocrx_word' id='word_1_228' title='bbox 3144 2630 3242 2703; x_wconf 88' lang='lat' dir='ltr'><strong>qui</strong></span> <span class='ocrx_word' id='word_1_229' title='bbox 3271 2629 3415 2685; x_wconf 90' lang='lat' dir='ltr'><strong>tanti</strong></span> <span class='ocrx_word' id='word_1_230' title='bbox 3439 2644 3573 2685; x_wconf 92' lang='lat' dir='ltr'><strong>cen-</strong></span> 
     </span>
    </p>
   </div>
   <div class='ocr_carea' id='block_1_32' title="bbox 1943 2722 3571 2798">
    <p class='ocr_par' dir='ltr' id='par_1_32' title="bbox 1943 2722 3571 2798">
     <span class='ocr_line' id='line_1_32' title="bbox 1943 2722 3571 2798; baseline -0.002 -18"><span class='ocrx_word' id='word_1_231' title='bbox 1943 2741 2038 2780; x_wconf 86' lang='lat' dir='ltr'><strong>sus</strong></span> <span class='ocrx_word' id='word_1_232' title='bbox 2061 2725 2331 2780; x_wconf 81' lang='lat' dir='ltr'><strong>eﬂ&#39;usione</strong></span> <span class='ocrx_word' id='word_1_233' title='bbox 2350 2726 2430 2780; x_wconf 91' lang='lat' dir='ltr'><strong>nil</strong></span> <span class='ocrx_word' id='word_1_234' title='bbox 2456 2725 2720 2798; x_wconf 90' lang='lat' dir='ltr'><strong>perdidit,</strong></span> <span class='ocrx_word' id='word_1_235' title='bbox 2741 2725 3014 2780; x_wconf 89' lang='lat' dir='ltr'><strong>catholice</strong></span> <span class='ocrx_word' id='word_1_236' title='bbox 3039 2723 3297 2796; x_wconf 90' lang='lat' dir='ltr'><strong>regulam</strong></span> <span class='ocrx_word' id='word_1_237' title='bbox 3322 2722 3571 2794; x_wconf 90' lang='lat' dir='ltr'><strong>discipli-</strong></span> 
     </span>
    </p>
   </div>
   <div class='ocr_carea' id='block_1_33' title="bbox 1946 2813 3573 2890">
    <p class='ocr_par' dir='ltr' id='par_1_33' title="bbox 1946 2813 3573 2890">
     <span class='ocr_line' id='line_1_33' title="bbox 1946 2813 3573 2890; baseline 0 -18"><span class='ocrx_word' id='word_1_238' title='bbox 1946 2835 2034 2872; x_wconf 64' lang='lat' dir='ltr'><strong>na:</strong></span> <span class='ocrx_word' id='word_1_239' title='bbox 2078 2819 2241 2874; x_wconf 90' lang='lat' dir='ltr'><strong>dictis</strong></span> <span class='ocrx_word' id='word_1_240' title='bbox 2281 2818 2552 2890; x_wconf 86' lang='lat' dir='ltr'><strong>factisque</strong></span> <span class='ocrx_word' id='word_1_241' title='bbox 2591 2819 3004 2873; x_wconf 88' lang='lat' dir='ltr'><strong>demonstrans.</strong></span> <span class='ocrx_word' id='word_1_242' title='bbox 3054 2819 3173 2888; x_wconf 87' lang='lat' dir='ltr'><strong>Ipse</strong></span> <span class='ocrx_word' id='word_1_243' title='bbox 3224 2816 3403 2889; x_wconf 81' lang='lat' dir='ltr'><strong>igitur</strong></span> <span class='ocrx_word' id='word_1_244' title='bbox 3429 2813 3573 2872; x_wconf 85' lang='lat' dir='ltr'><strong>mihi</strong></span> 
     </span>
    </p>
   </div>
   <div class='ocr_carea' id='block_1_34' title="bbox 1944 2909 3573 2983">
    <p class='ocr_par' dir='ltr' id='par_1_34' title="bbox 1944 2909 3573 2983">
     <span class='ocr_line' id='line_1_34' title="bbox 1944 2909 3573 2983; baseline -0.002 -17"><span class='ocrx_word' id='word_1_245' title='bbox 1944 2912 2154 2968; x_wconf 89' lang='lat' dir='ltr'><strong>Latinis</strong></span> <span class='ocrx_word' id='word_1_246' title='bbox 2181 2911 2474 2968; x_wconf 88' lang='lat' dir='ltr'><strong>elementis</strong></span> <span class='ocrx_word' id='word_1_247' title='bbox 2498 2911 2765 2983; x_wconf 89' lang='lat' dir='ltr'><strong>imposuit</strong></span> <span class='ocrx_word' id='word_1_248' title='bbox 2792 2911 3178 2982; x_wconf 79' lang='lat' dir='ltr'><strong>alphabetum,</strong></span> <span class='ocrx_word' id='word_1_249' title='bbox 3210 2910 3308 2965; x_wconf 90' lang='lat' dir='ltr'><strong>sed</strong></span> <span class='ocrx_word' id='word_1_250' title='bbox 3335 2914 3393 2964; x_wconf 93' lang='lat' dir='ltr'><strong>et</strong></span> <span class='ocrx_word' id='word_1_251' title='bbox 3418 2909 3573 2964; x_wconf 82' lang='lat' dir='ltr'><strong>hunc</strong></span> 
     </span>
    </p>
   </div>
   <div class='ocr_carea' id='block_1_35' title="bbox 1943 3002 3572 3078">
    <p class='ocr_par' dir='ltr' id='par_1_35' title="bbox 1943 3002 3572 3078">
     <span class='ocr_line' id='line_1_35' title="bbox 1943 3002 3572 3078; baseline -0.002 -17"><span class='ocrx_word' id='word_1_252' title='bbox 1943 3023 2046 3078; x_wconf 91' lang='lat' dir='ltr'><strong>pro</strong></span> <span class='ocrx_word' id='word_1_253' title='bbox 2066 3006 2281 3061; x_wconf 89' lang='lat' dir='ltr'><strong>famulo</strong></span> <span class='ocrx_word' id='word_1_254' title='bbox 2300 3004 2689 3076; x_wconf 91' lang='lat' dir='ltr'><strong>discipuloque</strong></span> <span class='ocrx_word' id='word_1_255' title='bbox 2715 3021 2817 3059; x_wconf 93' lang='lat' dir='ltr'><strong>suo</strong></span> <span class='ocrx_word' id='word_1_256' title='bbox 2831 3003 3140 3076; x_wconf 88' lang='lat' dir='ltr'><strong>impetrare</strong></span> <span class='ocrx_word' id='word_1_257' title='bbox 3155 3003 3394 3058; x_wconf 89' lang='lat' dir='ltr'><strong>conﬁdo.</strong></span> <span class='ocrx_word' id='word_1_258' title='bbox 3412 3002 3572 3058; x_wconf 83' lang='lat' dir='ltr'><strong>Addo</strong></span> 
     </span>
    </p>
   </div>
   <div class='ocr_carea' id='block_1_36' title="bbox 1942 3097 3576 3170">
    <p class='ocr_par' dir='ltr' id='par_1_36' title="bbox 1942 3097 3576 3170">
     <span class='ocr_line' id='line_1_36' title="bbox 1942 3097 3576 3170; baseline -0.002 -14"><span class='ocrx_word' id='word_1_259' title='bbox 1942 3099 2198 3168; x_wconf 91' lang='lat' dir='ltr'><strong>tertium,</strong></span> <span class='ocrx_word' id='word_1_260' title='bbox 2216 3099 2493 3170; x_wconf 88' lang='lat' dir='ltr'><strong>imparem</strong></span> <span class='ocrx_word' id='word_1_261' title='bbox 2514 3098 2744 3170; x_wconf 88' lang='lat' dir='ltr'><strong>quidem</strong></span> <span class='ocrx_word' id='word_1_262' title='bbox 2761 3097 3058 3169; x_wconf 76' lang='lat' dir='ltr'><strong>dignitate,</strong></span> <span class='ocrx_word' id='word_1_263' title='bbox 3077 3097 3176 3152; x_wconf 89' lang='lat' dir='ltr'><strong>sed</strong></span> <span class='ocrx_word' id='word_1_264' title='bbox 3201 3097 3420 3152; x_wconf 90' lang='lat' dir='ltr'><strong>meritis</strong></span> <span class='ocrx_word' id='word_1_265' title='bbox 3435 3113 3576 3153; x_wconf 62' lang='lat' dir='ltr'><strong>coe-</strong></span> 
     </span>
    </p>
   </div>
   <div class='ocr_carea' id='block_1_37' title="bbox 1943 3172 3627 3265">
    <p class='ocr_par' dir='ltr' id='par_1_37' title="bbox 1943 3172 3627 3265">
     <span class='ocr_line' id='line_1_37' title="bbox 1943 3172 3627 3265; baseline -0.001 -18"><span class='ocrx_word' id='word_1_266' title='bbox 1943 3193 2168 3265; x_wconf 88' lang='lat' dir='ltr'><strong>qualem</strong></span> <span class='ocrx_word' id='word_1_267' title='bbox 2190 3198 2394 3247; x_wconf 71' lang='lat' dir='ltr'><strong>sanctze</strong></span> <span class='ocrx_word' id='word_1_268' title='bbox 2409 3191 2702 3247; x_wconf 53' lang='lat' dir='ltr'><strong>memoria</strong></span> <span class='ocrx_word' id='word_1_269' title='bbox 2711 3191 3060 3246; x_wconf 88' lang='lat' dir='ltr'><strong>Theodatum</strong></span> <span class='ocrx_word' id='word_1_270' title='bbox 3076 3191 3336 3246; x_wconf 89' lang='lat' dir='ltr'><strong>abbatem</strong></span> <span class='ocrx_word' id='word_1_271' title='bbox 3356 3207 3571 3257; x_wconf 87' lang='lat' dir='ltr'><strong>meum,</strong></span> <span class='ocrx_word' id='word_1_272' title='bbox 3619 3172 3627 3181; x_wconf 54' lang='grc'><em>’</em></span> 
     </span>
    </p>
   </div>
   <div class='ocr_carea' id='block_1_38' title="bbox 1943 3285 3576 3357">
    <p class='ocr_par' dir='ltr' id='par_1_38' title="bbox 1943 3285 3576 3357">
     <span class='ocr_line' id='line_1_38' title="bbox 1943 3285 3576 3357; baseline -0.001 -15"><span class='ocrx_word' id='word_1_273' title='bbox 1943 3292 2000 3342; x_wconf 90' lang='lat' dir='ltr'><strong>et</strong></span> <span class='ocrx_word' id='word_1_274' title='bbox 2026 3285 2546 3349; x_wconf 81' lang='lat' dir='ltr'><strong>archimandritam,</strong></span> <span class='ocrx_word' id='word_1_275' title='bbox 2577 3285 2768 3340; x_wconf 72' lang='lat' dir='ltr'><strong>saeculi</strong></span> <span class='ocrx_word' id='word_1_276' title='bbox 2799 3286 2968 3357; x_wconf 88' lang='lat' dir='ltr'><strong>hujus</strong></span> <span class='ocrx_word' id='word_1_277' title='bbox 2995 3285 3310 3354; x_wconf 90' lang='lat' dir='ltr'><strong>inimicum,</strong></span> <span class='ocrx_word' id='word_1_278' title='bbox 3339 3285 3430 3339; x_wconf 92' lang='lat' dir='ltr'><strong>cui</strong></span> <span class='ocrx_word' id='word_1_279' title='bbox 3453 3301 3576 3340; x_wconf 85' lang='lat' dir='ltr'><strong>cru-</strong></span> 
     </span>
    </p>
   </div>
   <div class='ocr_carea' id='block_1_39' title="bbox 1943 3377 3578 3450">
    <p class='ocr_par' dir='ltr' id='par_1_39' title="bbox 1943 3377 3578 3450">
     <span class='ocr_line' id='line_1_39' title="bbox 1943 3377 3578 3450; baseline -0.002 -14"><span class='ocrx_word' id='word_1_280' title='bbox 1943 3381 2136 3436; x_wconf 86' lang='lat' dir='ltr'><strong>cifixus</strong></span> <span class='ocrx_word' id='word_1_281' title='bbox 2165 3385 2247 3435; x_wconf 90' lang='lat' dir='ltr'><strong>est</strong></span> <span class='ocrx_word' id='word_1_282' title='bbox 2273 3379 2542 3442; x_wconf 88' lang='lat' dir='ltr'><strong>mundus,</strong></span> <span class='ocrx_word' id='word_1_283' title='bbox 2583 3379 2860 3450; x_wconf 86' lang='lat' dir='ltr'><strong>templum</strong></span> <span class='ocrx_word' id='word_1_284' title='bbox 2886 3395 3015 3434; x_wconf 90' lang='lat' dir='ltr'><strong>vere</strong></span> <span class='ocrx_word' id='word_1_285' title='bbox 3042 3377 3441 3450; x_wconf 88' lang='lat' dir='ltr'><strong>dignissimum</strong></span> <span class='ocrx_word' id='word_1_286' title='bbox 3459 3378 3578 3432; x_wconf 91' lang='lat' dir='ltr'><strong>Tri-</strong></span> 
     </span>
    </p>
   </div>
   <div class='ocr_carea' id='block_1_40' title="bbox 1942 3469 3576 3544">
    <p class='ocr_par' dir='ltr' id='par_1_40' title="bbox 1942 3469 3576 3544">
     <span class='ocr_line' id='line_1_40' title="bbox 1942 3469 3576 3544; baseline -0.002 -16"><span class='ocrx_word' id='word_1_287' title='bbox 1942 3474 2151 3539; x_wconf 91' lang='lat' dir='ltr'><strong>nitatis,</strong></span> <span class='ocrx_word' id='word_1_288' title='bbox 2179 3473 2415 3544; x_wconf 86' lang='lat' dir='ltr'><strong>plenum</strong></span> <span class='ocrx_word' id='word_1_289' title='bbox 2435 3471 2765 3526; x_wconf 67' lang='lat' dir='ltr'><strong>reverentiae</strong></span> <span class='ocrx_word' id='word_1_290' title='bbox 2792 3470 3243 3537; x_wconf 87' lang='lat' dir='ltr'><strong>Christianitatis,</strong></span> <span class='ocrx_word' id='word_1_291' title='bbox 3267 3486 3335 3524; x_wconf 92' lang='lat' dir='ltr'><strong>ex</strong></span> <span class='ocrx_word' id='word_1_292' title='bbox 3355 3469 3576 3541; x_wconf 86' lang='lat' dir='ltr'><strong>placida</strong></span> 
     </span>
    </p>
   </div>
   <div class='ocr_carea' id='block_1_41' title="bbox 1941 3563 3570 3634">
    <p class='ocr_par' dir='ltr' id='par_1_41' title="bbox 1941 3563 3570 3634">
     <span class='ocr_line' id='line_1_41' title="bbox 1941 3563 3570 3634; baseline -0.002 -13"><span class='ocrx_word' id='word_1_293' title='bbox 1941 3566 2189 3621; x_wconf 89' lang='lat' dir='ltr'><strong>bonitate</strong></span> <span class='ocrx_word' id='word_1_294' title='bbox 2221 3565 2604 3632; x_wconf 87' lang='lat' dir='ltr'><strong>mitissimum,</strong></span> <span class='ocrx_word' id='word_1_295' title='bbox 2645 3563 2880 3634; x_wconf 91' lang='lat' dir='ltr'><strong>jejuniis</strong></span> <span class='ocrx_word' id='word_1_296' title='bbox 2905 3563 3260 3634; x_wconf 85' lang='lat' dir='ltr'><strong>castigatum,</strong></span> <span class='ocrx_word' id='word_1_297' title='bbox 3301 3563 3570 3618; x_wconf 88' lang='lat' dir='ltr'><strong>orationi-</strong></span> 
     </span>
    </p>
   </div>
   <div class='ocr_carea' id='block_1_42' title="bbox 1943 3656 3572 3729">
    <p class='ocr_par' dir='ltr' id='par_1_42' title="bbox 1943 3656 3572 3729">
     <span class='ocr_line' id='line_1_42' title="bbox 1943 3656 3572 3729; baseline -0.001 -15"><span class='ocrx_word' id='word_1_298' title='bbox 1943 3660 2049 3714; x_wconf 91' lang='lat' dir='ltr'><strong>bus</strong></span> <span class='ocrx_word' id='word_1_299' title='bbox 2075 3658 2369 3725; x_wconf 88' lang='lat' dir='ltr'><strong>refectum,</strong></span> <span class='ocrx_word' id='word_1_300' title='bbox 2400 3657 2644 3729; x_wconf 89' lang='lat' dir='ltr'><strong>puritate</strong></span> <span class='ocrx_word' id='word_1_301' title='bbox 2678 3657 3137 3725; x_wconf 89' lang='lat' dir='ltr'><strong>mundissimum,</strong></span> <span class='ocrx_word' id='word_1_302' title='bbox 3169 3657 3271 3728; x_wconf 87' lang='lat' dir='ltr'><strong>qui</strong></span> <span class='ocrx_word' id='word_1_303' title='bbox 3307 3656 3452 3711; x_wconf 91' lang='lat' dir='ltr'><strong>mihi</strong></span> <span class='ocrx_word' id='word_1_304' title='bbox 3481 3673 3572 3712; x_wconf 89' lang='lat' dir='ltr'><strong>sa-</strong></span> 
     </span>
    </p>
   </div>
   <div class='ocr_carea' id='block_1_43' title="bbox 221 3748 3574 3823">
    <p class='ocr_par' dir='ltr' id='par_1_43' title="bbox 221 3748 3574 3823">
     <span class='ocr_line' id='line_1_43' title="bbox 221 3748 3574 3823; baseline 0.001 -20"><span class='ocrx_word' id='word_1_305' title='bbox 221 3766 396 3806; x_wconf 90' lang='lat' dir='ltr'><strong>comes</strong></span> <span class='ocrx_word' id='word_1_306' title='bbox 450 3751 610 3821; x_wconf 72' lang='lat' dir='ltr'><strong>Eliae,</strong></span> <span class='ocrx_word' id='word_1_307' title='bbox 657 3756 719 3806; x_wconf 93' lang='lat' dir='ltr'><strong>ut</strong></span> <span class='ocrx_word' id='word_1_308' title='bbox 753 3767 1115 3823; x_wconf 74' lang='lat' dir='ltr'><strong>nequaquam</strong></span> <span class='ocrx_word' id='word_1_309' title='bbox 1164 3751 1428 3806; x_wconf 83' lang='lat' dir='ltr'><strong>deserens</strong></span> <span class='ocrx_word' id='word_1_310' title='bbox 1471 3751 1688 3816; x_wconf 89' lang='lat' dir='ltr'><strong>altiora,</strong></span> <span class='ocrx_word' id='word_1_311' title='bbox 1733 3748 1920 3823; x_wconf 84' lang='lat' dir='ltr'><strong>quoC</strong></span> <span class='ocrx_word' id='word_1_312' title='bbox 1946 3769 2066 3807; x_wconf 89' lang='lat' dir='ltr'><strong>cras</strong></span> <span class='ocrx_word' id='word_1_313' title='bbox 2093 3751 2352 3823; x_wconf 84' lang='lat' dir='ltr'><strong>exposuit</strong></span> <span class='ocrx_word' id='word_1_314' title='bbox 2377 3751 2712 3822; x_wconf 88' lang='lat' dir='ltr'><strong>Scripturas,</strong></span> <span class='ocrx_word' id='word_1_315' title='bbox 2741 3753 2797 3804; x_wconf 93' lang='lat' dir='ltr'><strong>et</strong></span> <span class='ocrx_word' id='word_1_316' title='bbox 2834 3749 3002 3805; x_wconf 80' lang='lat' dir='ltr'><strong>flores</strong></span> <span class='ocrx_word' id='word_1_317' title='bbox 3040 3755 3251 3804; x_wconf 68' lang='lat' dir='ltr'><strong>tenerae</strong></span> <span class='ocrx_word' id='word_1_318' title='bbox 3285 3748 3574 3822; x_wconf 89' lang='lat' dir='ltr'><strong>lanuginis</strong></span> 
     </span>
    </p>
   </div>
   <div class='ocr_carea' id='block_1_44' title="bbox 220 3843 1848 3916">
    <p class='ocr_par' dir='ltr' id='par_1_44' title="bbox 220 3843 1848 3916">
     <span class='ocr_line' id='line_1_44' title="bbox 220 3843 1848 3916; baseline 0.001 -19"><span class='ocrx_word' id='word_1_319' title='bbox 220 3843 535 3900; x_wconf 82' lang='lat' dir='ltr'><strong>humilitate</strong></span> <span class='ocrx_word' id='word_1_320' title='bbox 560 3845 984 3912; x_wconf 89' lang='lat' dir='ltr'><strong>conscenderas,</strong></span> <span class='ocrx_word' id='word_1_321' title='bbox 1007 3845 1156 3899; x_wconf 90' lang='lat' dir='ltr'><strong>unde</strong></span> <span class='ocrx_word' id='word_1_322' title='bbox 1177 3861 1305 3899; x_wconf 90' lang='lat' dir='ltr'><strong>cum</strong></span> <span class='ocrx_word' id='word_1_323' title='bbox 1328 3844 1590 3916; x_wconf 90' lang='lat' dir='ltr'><strong>apostolis</strong></span> <span class='ocrx_word' id='word_1_324' title='bbox 1605 3845 1665 3898; x_wconf 91' lang='lat' dir='ltr'><strong>in</strong></span> <span class='ocrx_word' id='word_1_325' title='bbox 1689 3860 1848 3898; x_wconf 86' lang='lat' dir='ltr'><strong>mon-</strong></span> 
     </span>
    </p>
   </div>
   <div class='ocr_carea' id='block_1_45' title="bbox 219 3938 1840 4012">
    <p class='ocr_par' dir='ltr' id='par_1_45' title="bbox 219 3938 1840 4012">
     <span class='ocr_line' id='line_1_45' title="bbox 219 3938 1840 4012; baseline 0.001 -21"><span class='ocrx_word' id='word_1_326' title='bbox 219 3941 325 3992; x_wconf 89' lang='lat' dir='ltr'><strong>tem</strong></span> <span class='ocrx_word' id='word_1_327' title='bbox 371 3939 757 4010; x_wconf 87' lang='lat' dir='ltr'><strong>glorificatum</strong></span> <span class='ocrx_word' id='word_1_328' title='bbox 798 3938 1078 4012; x_wconf 86' lang='lat' dir='ltr'><strong>aspiceres</strong></span> <span class='ocrx_word' id='word_1_329' title='bbox 1119 3938 1424 3992; x_wconf 86' lang='lat' dir='ltr'><strong>Dominum</strong></span> <span class='ocrx_word' id='word_1_330' title='bbox 1478 3938 1840 3993; x_wconf 89' lang='lat' dir='ltr'><strong>Salvatorem.</strong></span> 
     </span>
    </p>
   </div>
   <div class='ocr_carea' id='block_1_46' title="bbox 223 4031 1846 4103">
    <p class='ocr_par' dir='ltr' id='par_1_46' title="bbox 223 4031 1846 4103">
     <span class='ocr_line' id='line_1_46' title="bbox 223 4031 1846 4103; baseline 0.001 -19"><span class='ocrx_word' id='word_1_331' title='bbox 223 4031 356 4095; x_wconf 81' lang='lat' dir='ltr'><strong>Quia</strong></span> <span class='ocrx_word' id='word_1_332' title='bbox 379 4033 564 4103; x_wconf 84' lang='lat' dir='ltr'><strong>igitur</strong></span> <span class='ocrx_word' id='word_1_333' title='bbox 589 4037 761 4087; x_wconf 84' lang='lat' dir='ltr'><strong>tantae</strong></span> <span class='ocrx_word' id='word_1_334' title='bbox 791 4031 1177 4088; x_wconf 66' lang='lat' dir='ltr'><strong>sanctimoniae</strong></span> <span class='ocrx_word' id='word_1_335' title='bbox 1212 4034 1414 4087; x_wconf 67' lang='lat' dir='ltr'><strong>vestrm</strong></span> <span class='ocrx_word' id='word_1_336' title='bbox 1456 4031 1846 4103; x_wconf 69' lang='lat' dir='ltr'><strong>praerogativae</strong></span> 
     </span>
    </p>
   </div>
   <div class='ocr_carea' id='block_1_47' title="bbox 222 4123 1842 4198">
    <p class='ocr_par' dir='ltr' id='par_1_47' title="bbox 222 4123 1842 4198">
     <span class='ocr_line' id='line_1_47' title="bbox 222 4123 1842 4198; baseline 0.002 -22"><span class='ocrx_word' id='word_1_337' title='bbox 222 4125 484 4195; x_wconf 75' lang='lat' dir='ltr'><strong>suffultat,</strong></span> <span class='ocrx_word' id='word_1_338' title='bbox 523 4142 715 4198; x_wconf 67' lang='lat' dir='ltr'><strong>quaeso</strong></span> <span class='ocrx_word' id='word_1_339' title='bbox 745 4131 807 4180; x_wconf 93' lang='lat' dir='ltr'><strong>ut</strong></span> <span class='ocrx_word' id='word_1_340' title='bbox 843 4143 946 4198; x_wconf 91' lang='lat' dir='ltr'><strong>pro</strong></span> <span class='ocrx_word' id='word_1_341' title='bbox 981 4142 1094 4194; x_wconf 90' lang='lat' dir='ltr'><strong>me,</strong></span> <span class='ocrx_word' id='word_1_342' title='bbox 1141 4125 1236 4197; x_wconf 88' lang='lat' dir='ltr'><strong>qui</strong></span> <span class='ocrx_word' id='word_1_343' title='bbox 1281 4125 1625 4196; x_wconf 88' lang='lat' dir='ltr'><strong>impetrastis</strong></span> <span class='ocrx_word' id='word_1_344' title='bbox 1653 4123 1842 4180; x_wconf 89' lang='lat' dir='ltr'><strong>oretis.</strong></span> 
     </span>
    </p>
   </div>
   <div class='ocr_carea' id='block_1_48' title="bbox 221 4217 1846 4290">
    <p class='ocr_par' dir='ltr' id='par_1_48' title="bbox 221 4217 1846 4290">
     <span class='ocr_line' id='line_1_48' title="bbox 221 4217 1846 4290; baseline 0 -16"><span class='ocrx_word' id='word_1_345' title='bbox 221 4217 492 4281; x_wconf 86' lang='lat' dir='ltr'><strong>Quoniam</strong></span> <span class='ocrx_word' id='word_1_346' title='bbox 553 4221 700 4274; x_wconf 91' lang='lat' dir='ltr'><strong>Deus</strong></span> <span class='ocrx_word' id='word_1_347' title='bbox 771 4219 1037 4290; x_wconf 67' lang='lat' dir='ltr'><strong>praescius</strong></span> <span class='ocrx_word' id='word_1_348' title='bbox 1120 4220 1444 4274; x_wconf 88' lang='lat' dir='ltr'><strong>futurorum</strong></span> <span class='ocrx_word' id='word_1_349' title='bbox 1473 4261 1488 4287; x_wconf 95' lang='lat'><strong>,</strong></span> <span class='ocrx_word' id='word_1_350' title='bbox 1545 4218 1645 4290; x_wconf 90' lang='lat' dir='ltr'><strong>qui</strong></span> <span class='ocrx_word' id='word_1_351' title='bbox 1714 4217 1846 4274; x_wconf 88' lang='lat' dir='ltr'><strong>fecit</strong></span> 
     </span>
    </p>
   </div>
   <div class='ocr_carea' id='block_1_49' title="bbox 221 4311 1846 4382">
    <p class='ocr_par' dir='ltr' id='par_1_49' title="bbox 221 4311 1846 4382">
     <span class='ocr_line' id='line_1_49' title="bbox 221 4311 1846 4382; baseline 0 -16"><span class='ocrx_word' id='word_1_352' title='bbox 221 4327 340 4382; x_wconf 67' lang='lat' dir='ltr'><strong>qua:</strong></span> <span class='ocrx_word' id='word_1_353' title='bbox 398 4318 642 4368; x_wconf 90' lang='lat' dir='ltr'><strong>ventura</strong></span> <span class='ocrx_word' id='word_1_354' title='bbox 689 4318 850 4382; x_wconf 89' lang='lat' dir='ltr'><strong>sunt,</strong></span> <span class='ocrx_word' id='word_1_355' title='bbox 911 4313 1092 4368; x_wconf 89' lang='lat' dir='ltr'><strong>sciens</strong></span> <span class='ocrx_word' id='word_1_356' title='bbox 1140 4329 1232 4368; x_wconf 91' lang='lat' dir='ltr'><strong>me</strong></span> <span class='ocrx_word' id='word_1_357' title='bbox 1277 4317 1602 4367; x_wconf 90' lang='lat' dir='ltr'><strong>sanctorum</strong></span> <span class='ocrx_word' id='word_1_358' title='bbox 1650 4311 1846 4367; x_wconf 92' lang='lat' dir='ltr'><strong>solatio</strong></span> 
     </span>
    </p>
   </div>
   <div class='ocr_carea' id='block_1_50' title="bbox 221 4403 1848 4478">
    <p class='ocr_par' dir='ltr' id='par_1_50' title="bbox 221 4403 1848 4478">
     <span class='ocr_line' id='line_1_50' title="bbox 221 4403 1848 4478; baseline 0.002 -22"><span class='ocrx_word' id='word_1_359' title='bbox 221 4403 471 4478; x_wconf 83' lang='lat' dir='ltr'><strong>indigere</strong></span> <span class='ocrx_word' id='word_1_360' title='bbox 523 4407 799 4477; x_wconf 88' lang='lat' dir='ltr'><strong>vivorum,</strong></span> <span class='ocrx_word' id='word_1_361' title='bbox 847 4412 910 4462; x_wconf 93' lang='lat' dir='ltr'><strong>ut</strong></span> <span class='ocrx_word' id='word_1_362' title='bbox 955 4407 1138 4462; x_wconf 89' lang='lat' dir='ltr'><strong>bonus</strong></span> <span class='ocrx_word' id='word_1_363' title='bbox 1187 4405 1460 4462; x_wconf 88' lang='lat' dir='ltr'><strong>Dominus</strong></span> <span class='ocrx_word' id='word_1_364' title='bbox 1509 4406 1848 4478; x_wconf 78' lang='lat' dir='ltr'><strong>praeparavit</strong></span> 
     </span>
    </p>
   </div>
   <div class='ocr_carea' id='block_1_51' title="bbox 217 4500 444 4556">
    <p class='ocr_par' dir='ltr' id='par_1_51' title="bbox 217 4500 444 4556">
     <span class='ocr_line' id='line_1_51' title="bbox 217 4500 444 4556; baseline 0.013 -3"><span class='ocrx_word' id='word_1_365' title='bbox 217 4500 444 4556; x_wconf 89' lang='lat' dir='ltr'><strong>auxilia.</strong></span> 
     </span>
    </p>
   </div>
   <div class='ocr_carea' id='block_1_52' title="bbox 283 4592 1846 4667">
    <p class='ocr_par' dir='ltr' id='par_1_52' title="bbox 283 4592 1846 4667">
     <span class='ocr_line' id='line_1_52' title="bbox 283 4592 1846 4667; baseline 0 -21"><span class='ocrx_word' id='word_1_366' title='bbox 283 4595 419 4649; x_wconf 88' lang='lat' dir='ltr'><strong>Vide</strong></span> <span class='ocrx_word' id='word_1_367' title='bbox 437 4611 578 4666; x_wconf 86' lang='lat' dir='ltr'><strong>ergo</strong></span> <span class='ocrx_word' id='word_1_368' title='bbox 601 4596 830 4667; x_wconf 89' lang='lat' dir='ltr'><strong>quantis</strong></span> <span class='ocrx_word' id='word_1_369' title='bbox 853 4595 1205 4666; x_wconf 88' lang='lat' dir='ltr'><strong>adjutoribus</strong></span> <span class='ocrx_word' id='word_1_370' title='bbox 1230 4592 1426 4662; x_wconf 91' lang='lat' dir='ltr'><strong>uteris,</strong></span> <span class='ocrx_word' id='word_1_371' title='bbox 1458 4609 1590 4648; x_wconf 90' lang='lat' dir='ltr'><strong>cum</strong></span> <span class='ocrx_word' id='word_1_372' title='bbox 1619 4609 1723 4664; x_wconf 91' lang='lat' dir='ltr'><strong>pro</strong></span> <span class='ocrx_word' id='word_1_373' title='bbox 1753 4608 1846 4647; x_wconf 89' lang='lat' dir='ltr'><strong>me</strong></span> 
     </span>
    </p>
   </div>
   <div class='ocr_carea' id='block_1_53' title="bbox 217 4685 1843 4760">
    <p class='ocr_par' dir='ltr' id='par_1_53' title="bbox 217 4685 1843 4760">
     <span class='ocr_line' id='line_1_53' title="bbox 217 4685 1843 4760; baseline -0.001 -18"><span class='ocrx_word' id='word_1_374' title='bbox 217 4689 446 4760; x_wconf 68' lang='lat' dir='ltr'><strong>coeperis</strong></span> <span class='ocrx_word' id='word_1_375' title='bbox 461 4689 758 4744; x_wconf 88' lang='lat' dir='ltr'><strong>obsecrare</strong></span> <span class='ocrx_word' id='word_1_376' title='bbox 777 4694 984 4744; x_wconf 79' lang='lat' dir='ltr'><strong>sanctae</strong></span> <span class='ocrx_word' id='word_1_377' title='bbox 1011 4689 1299 4744; x_wconf 70' lang='lat' dir='ltr'><strong>memoria:</strong></span> <span class='ocrx_word' id='word_1_378' title='bbox 1329 4685 1625 4742; x_wconf 91' lang='lat' dir='ltr'><strong>dominum</strong></span> <span class='ocrx_word' id='word_1_379' title='bbox 1652 4687 1843 4742; x_wconf 91' lang='lat' dir='ltr'><strong>Enno-</strong></span> 
     </span>
    </p>
   </div>
   <div class='ocr_carea' id='block_1_54' title="bbox 219 4779 1846 4854">
    <p class='ocr_par' dir='ltr' id='par_1_54' title="bbox 219 4779 1846 4854">
     <span class='ocr_line' id='line_1_54' title="bbox 219 4779 1846 4854; baseline 0 -20"><span class='ocrx_word' id='word_1_380' title='bbox 219 4781 370 4836; x_wconf 90' lang='lat' dir='ltr'><strong>dium</strong></span> <span class='ocrx_word' id='word_1_381' title='bbox 423 4782 753 4854; x_wconf 83' lang='lat' dir='ltr'><strong>pontiﬁcem</strong></span> <span class='ocrx_word' id='word_1_382' title='bbox 797 4782 1105 4838; x_wconf 87' lang='lat' dir='ltr'><strong>Ticinensis</strong></span> <span class='ocrx_word' id='word_1_383' title='bbox 1141 4781 1418 4848; x_wconf 83' lang='lat' dir='ltr'><strong>Ecclesiae,</strong></span> <span class='ocrx_word' id='word_1_384' title='bbox 1445 4781 1545 4852; x_wconf 90' lang='lat' dir='ltr'><strong>qui</strong></span> <span class='ocrx_word' id='word_1_385' title='bbox 1583 4779 1846 4852; x_wconf 90' lang='lat' dir='ltr'><strong>generosi</strong></span> 
     </span>
    </p>
   </div>
   <div class='ocr_carea' id='block_1_55' title="bbox 217 4874 1845 4948">
    <p class='ocr_par' dir='ltr' id='par_1_55' title="bbox 217 4874 1845 4948">
     <span class='ocr_line' id='line_1_55' title="bbox 217 4874 1845 4948; baseline -0.001 -19"><span class='ocrx_word' id='word_1_386' title='bbox 217 4875 513 4945; x_wconf 84' lang='lat' dir='ltr'><strong>sanguinis</strong></span> <span class='ocrx_word' id='word_1_387' title='bbox 559 4877 911 4932; x_wconf 87' lang='lat' dir='ltr'><strong>nobilitatem</strong></span> <span class='ocrx_word' id='word_1_388' title='bbox 951 4876 1270 4932; x_wconf 88' lang='lat' dir='ltr'><strong>humilitate</strong></span> <span class='ocrx_word' id='word_1_389' title='bbox 1314 4874 1586 4948; x_wconf 60' lang='lat' dir='ltr'><strong>pravexit</strong></span> <span class='ocrx_word' id='word_1_390' title='bbox 1613 4874 1684 4928; x_wconf 89' lang='lat' dir='ltr'><strong>ad</strong></span> <span class='ocrx_word' id='word_1_391' title='bbox 1725 4874 1845 4945; x_wconf 89' lang='lat' dir='ltr'><strong>glo-</strong></span> 
     </span>
    </p>
   </div>
   <div class='ocr_carea' id='block_1_56' title="bbox 219 4967 1846 5041">
    <p class='ocr_par' dir='ltr' id='par_1_56' title="bbox 219 4967 1846 5041">
     <span class='ocr_line' id='line_1_56' title="bbox 219 4967 1846 5041; baseline 0.001 -21"><span class='ocrx_word' id='word_1_392' title='bbox 219 4967 377 5034; x_wconf 87' lang='lat' dir='ltr'><strong>riam,</strong></span> <span class='ocrx_word' id='word_1_393' title='bbox 397 4973 468 5024; x_wconf 88' lang='lat' dir='ltr'><strong>ut</strong></span> <span class='ocrx_word' id='word_1_394' title='bbox 495 4969 553 5023; x_wconf 90' lang='lat' dir='ltr'><strong>in</strong></span> <span class='ocrx_word' id='word_1_395' title='bbox 581 4969 818 5024; x_wconf 87' lang='lat' dir='ltr'><strong>caelestis</strong></span> <span class='ocrx_word' id='word_1_396' title='bbox 854 4969 1053 5041; x_wconf 84' lang='lat' dir='ltr'><strong>patriae</strong></span> <span class='ocrx_word' id='word_1_397' title='bbox 1081 4975 1280 5024; x_wconf 88' lang='lat' dir='ltr'><strong>senatu</strong></span> <span class='ocrx_word' id='word_1_398' title='bbox 1306 4967 1467 5024; x_wconf 84' lang='lat' dir='ltr'><strong>ﬁeret</strong></span> <span class='ocrx_word' id='word_1_399' title='bbox 1490 4974 1546 5024; x_wconf 91' lang='lat' dir='ltr'><strong>et</strong></span> <span class='ocrx_word' id='word_1_400' title='bbox 1575 4967 1654 5023; x_wconf 92' lang='lat' dir='ltr'><strong>ibi</strong></span> <span class='ocrx_word' id='word_1_401' title='bbox 1680 4983 1846 5022; x_wconf 89' lang='lat' dir='ltr'><strong>sena-</strong></span> 
     </span>
    </p>
   </div>
   <div class='ocr_carea' id='block_1_57' title="bbox 1944 3841 3576 3916">
    <p class='ocr_par' dir='ltr' id='par_1_57' title="bbox 1944 3841 3576 3916">
     <span class='ocr_line' id='line_1_57' title="bbox 1944 3841 3576 3916; baseline -0.001 -17"><span class='ocrx_word' id='word_1_402' title='bbox 1944 3845 2064 3916; x_wconf 89' lang='lat' dir='ltr'><strong>ipse</strong></span> <span class='ocrx_word' id='word_1_403' title='bbox 2094 3844 2378 3915; x_wconf 87' lang='lat' dir='ltr'><strong>suscepit;</strong></span> <span class='ocrx_word' id='word_1_404' title='bbox 2413 3843 2510 3915; x_wconf 91' lang='lat' dir='ltr'><strong>qui</strong></span> <span class='ocrx_word' id='word_1_405' title='bbox 2537 3861 2642 3914; x_wconf 89' lang='lat' dir='ltr'><strong>pro</strong></span> <span class='ocrx_word' id='word_1_406' title='bbox 2671 3843 2787 3897; x_wconf 88' lang='lat' dir='ltr'><strong>ﬁlio</strong></span> <span class='ocrx_word' id='word_1_407' title='bbox 2813 3848 2869 3898; x_wconf 91' lang='lat' dir='ltr'><strong>et</strong></span> <span class='ocrx_word' id='word_1_408' title='bbox 2906 3841 3198 3914; x_wconf 89' lang='lat' dir='ltr'><strong>discipulo,</strong></span> <span class='ocrx_word' id='word_1_409' title='bbox 3234 3859 3576 3898; x_wconf 88' lang='lat' dir='ltr'><strong>successore-</strong></span> 
     </span>
    </p>
   </div>
   <div class='ocr_carea' id='block_1_58' title="bbox 1945 3937 3577 4010">
    <p class='ocr_par' dir='ltr' id='par_1_58' title="bbox 1945 3937 3577 4010">
     <span class='ocr_line' id='line_1_58' title="bbox 1945 3937 3577 4010; baseline 0.001 -18"><span class='ocrx_word' id='word_1_410' title='bbox 1945 3954 2057 4010; x_wconf 91' lang='lat' dir='ltr'><strong>que</strong></span> <span class='ocrx_word' id='word_1_411' title='bbox 2084 3955 2205 4006; x_wconf 92' lang='lat' dir='ltr'><strong>suo,</strong></span> <span class='ocrx_word' id='word_1_412' title='bbox 2231 3937 2362 3992; x_wconf 90' lang='lat' dir='ltr'><strong>licet</strong></span> <span class='ocrx_word' id='word_1_413' title='bbox 2383 3937 2640 4008; x_wconf 89' lang='lat' dir='ltr'><strong>indigno,</strong></span> <span class='ocrx_word' id='word_1_414' title='bbox 2661 3953 2777 3992; x_wconf 91' lang='lat' dir='ltr'><strong>non</strong></span> <span class='ocrx_word' id='word_1_415' title='bbox 2793 3937 3022 4007; x_wconf 86' lang='lat' dir='ltr'><strong>ambigo</strong></span> <span class='ocrx_word' id='word_1_416' title='bbox 3048 3937 3198 4008; x_wconf 90' lang='lat' dir='ltr'><strong>quod</strong></span> <span class='ocrx_word' id='word_1_417' title='bbox 3224 3937 3346 3992; x_wconf 91' lang='lat' dir='ltr'><strong>laus</strong></span> <span class='ocrx_word' id='word_1_418' title='bbox 3375 3937 3577 4008; x_wconf 84' lang='lat' dir='ltr'><strong>[Forte,</strong></span> 
     </span>
    </p>
   </div>
   <div class='ocr_carea' id='block_1_59' title="bbox 1945 4031 3577 4105">
    <p class='ocr_par' dir='ltr' id='par_1_59' title="bbox 1945 4031 3577 4105">
     <span class='ocr_line' id='line_1_59' title="bbox 1945 4031 3577 4105; baseline 0.001 -19"><span class='ocrx_word' id='word_1_419' title='bbox 1945 4031 2126 4105; x_wconf 82' lang='lat' dir='ltr'><strong>laetus]</strong></span> <span class='ocrx_word' id='word_1_420' title='bbox 2159 4035 2372 4086; x_wconf 90' lang='lat' dir='ltr'><strong>exoret.</strong></span> <span class='ocrx_word' id='word_1_421' title='bbox 2407 4031 2648 4086; x_wconf 88' lang='lat' dir='ltr'><strong>Vincunt</strong></span> <span class='ocrx_word' id='word_1_422' title='bbox 2673 4047 2831 4102; x_wconf 91' lang='lat' dir='ltr'><strong>ergo,</strong></span> <span class='ocrx_word' id='word_1_423' title='bbox 2860 4031 3098 4086; x_wconf 90' lang='lat' dir='ltr'><strong>Domine</strong></span> <span class='ocrx_word' id='word_1_424' title='bbox 3127 4031 3226 4101; x_wconf 89' lang='lat' dir='ltr'><strong>mi,</strong></span> <span class='ocrx_word' id='word_1_425' title='bbox 3259 4031 3402 4088; x_wconf 90' lang='lat' dir='ltr'><strong>tanti</strong></span> <span class='ocrx_word' id='word_1_426' title='bbox 3438 4031 3577 4103; x_wconf 88' lang='lat' dir='ltr'><strong>justi</strong></span> 
     </span>
    </p>
   </div>
   <div class='ocr_carea' id='block_1_60' title="bbox 1946 4123 3574 4197">
    <p class='ocr_par' dir='ltr' id='par_1_60' title="bbox 1946 4123 3574 4197">
     <span class='ocr_line' id='line_1_60' title="bbox 1946 4123 3574 4197; baseline 0 -15"><span class='ocrx_word' id='word_1_427' title='bbox 1946 4125 2261 4182; x_wconf 89' lang='lat' dir='ltr'><strong>orationem</strong></span> <span class='ocrx_word' id='word_1_428' title='bbox 2281 4129 2664 4197; x_wconf 87' lang='lat' dir='ltr'><strong>peccatorum.</strong></span> <span class='ocrx_word' id='word_1_429' title='bbox 2701 4125 2880 4196; x_wconf 83' lang='lat' dir='ltr'><strong>Igitur</strong></span> <span class='ocrx_word' id='word_1_430' title='bbox 2907 4123 3039 4196; x_wconf 86' lang='lat' dir='ltr'><strong>quia</strong></span> <span class='ocrx_word' id='word_1_431' title='bbox 3064 4125 3412 4180; x_wconf 87' lang='lat' dir='ltr'><strong>conversatio</strong></span> <span class='ocrx_word' id='word_1_432' title='bbox 3450 4142 3574 4182; x_wconf 88' lang='lat' dir='ltr'><strong>ves-</strong></span> 
     </span>
    </p>
   </div>
   <div class='ocr_carea' id='block_1_61' title="bbox 1949 4218 3574 4289">
    <p class='ocr_par' dir='ltr' id='par_1_61' title="bbox 1949 4218 3574 4289">
     <span class='ocr_line' id='line_1_61' title="bbox 1949 4218 3574 4289; baseline 0 -15"><span class='ocrx_word' id='word_1_433' title='bbox 1949 4223 2032 4274; x_wconf 90' lang='lat' dir='ltr'><strong>tra</strong></span> <span class='ocrx_word' id='word_1_434' title='bbox 2058 4219 2118 4274; x_wconf 90' lang='lat' dir='ltr'><strong>in</strong></span> <span class='ocrx_word' id='word_1_435' title='bbox 2145 4219 2300 4274; x_wconf 68' lang='lat' dir='ltr'><strong>eoa-lis</strong></span> <span class='ocrx_word' id='word_1_436' title='bbox 2326 4224 2430 4285; x_wconf 91' lang='lat' dir='ltr'><strong>est,</strong></span> <span class='ocrx_word' id='word_1_437' title='bbox 2473 4218 2617 4274; x_wconf 91' lang='lat' dir='ltr'><strong>sicut</strong></span> <span class='ocrx_word' id='word_1_438' title='bbox 2640 4218 2775 4272; x_wconf 90' lang='lat' dir='ltr'><strong>dicit</strong></span> <span class='ocrx_word' id='word_1_439' title='bbox 2802 4218 3098 4289; x_wconf 87' lang='lat' dir='ltr'><strong>Apostolus</strong></span> <span class='ocrx_word' id='word_1_440' title='bbox 3129 4237 3142 4272; x_wconf 92' lang='lat'><strong>:</strong></span> <span class='ocrx_word' id='word_1_441' title='bbox 3180 4221 3372 4274; x_wconf 84' lang='lat' dir='ltr'><strong>Vestra</strong></span> <span class='ocrx_word' id='word_1_442' title='bbox 3396 4223 3574 4274; x_wconf 82' lang='lat' dir='ltr'><strong>autem</strong></span> 
     </span>
    </p>
   </div>
   <div class='ocr_carea' id='block_1_62' title="bbox 1946 4311 3577 4382">
    <p class='ocr_par' dir='ltr' id='par_1_62' title="bbox 1946 4311 3577 4382">
     <span class='ocr_line' id='line_1_62' title="bbox 1946 4311 3577 4382; baseline -0.002 -12"><span class='ocrx_word' id='word_1_443' title='bbox 1946 4315 2278 4370; x_wconf 82' lang='lat' dir='ltr'><strong>conversatio</strong></span> <span class='ocrx_word' id='word_1_444' title='bbox 2303 4315 2360 4367; x_wconf 78' lang='lat' dir='ltr'><strong>in</strong></span> <span class='ocrx_word' id='word_1_445' title='bbox 2386 4313 2528 4367; x_wconf 62' lang='lat' dir='ltr'><strong>cretis</strong></span> <span class='ocrx_word' id='word_1_446' title='bbox 2549 4316 2644 4375; x_wconf 85' lang='lat' dir='ltr'><strong>est,</strong></span> <span class='ocrx_word' id='word_1_447' title='bbox 2663 4317 2820 4366; x_wconf 91' lang='lat' dir='ltr'><strong>orate</strong></span> <span class='ocrx_word' id='word_1_448' title='bbox 2841 4327 2972 4365; x_wconf 91' lang='lat' dir='ltr'><strong>cum</strong></span> <span class='ocrx_word' id='word_1_449' title='bbox 2992 4311 3099 4377; x_wconf 91' lang='lat' dir='ltr'><strong>his,</strong></span> <span class='ocrx_word' id='word_1_450' title='bbox 3128 4316 3184 4364; x_wconf 84' lang='lat' dir='ltr'><strong>et</strong></span> <span class='ocrx_word' id='word_1_451' title='bbox 3204 4316 3396 4382; x_wconf 88' lang='lat' dir='ltr'><strong>rogate</strong></span> <span class='ocrx_word' id='word_1_452' title='bbox 3415 4311 3577 4366; x_wconf 90' lang='lat' dir='ltr'><strong>illum</strong></span> 
     </span>
    </p>
   </div>
   <div class='ocr_carea' id='block_1_63' title="bbox 1946 4403 3578 4476">
    <p class='ocr_par' dir='ltr' id='par_1_63' title="bbox 1946 4403 3578 4476">
     <span class='ocr_line' id='line_1_63' title="bbox 1946 4403 3578 4476; baseline -0.001 -15"><span class='ocrx_word' id='word_1_453' title='bbox 1946 4423 2142 4462; x_wconf 89' lang='lat' dir='ltr'><strong>meum</strong></span> <span class='ocrx_word' id='word_1_454' title='bbox 2167 4405 2602 4460; x_wconf 86' lang='lat' dir='ltr'><strong>sacratissimum</strong></span> <span class='ocrx_word' id='word_1_455' title='bbox 2629 4404 3001 4458; x_wconf 86' lang='lat' dir='ltr'><strong>confessorem</strong></span> <span class='ocrx_word' id='word_1_456' title='bbox 3031 4403 3414 4472; x_wconf 80' lang='lat' dir='ltr'><strong>Ambrosium,</strong></span> <span class='ocrx_word' id='word_1_457' title='bbox 3441 4420 3578 4476; x_wconf 83' lang='lat' dir='ltr'><strong>qua-</strong></span> 
     </span>
    </p>
   </div>
   <div class='ocr_carea' id='block_1_64' title="bbox 1946 4496 3573 4570">
    <p class='ocr_par' dir='ltr' id='par_1_64' title="bbox 1946 4496 3573 4570">
     <span class='ocr_line' id='line_1_64' title="bbox 1946 4496 3573 4570; baseline -0.001 -16"><span class='ocrx_word' id='word_1_458' title='bbox 1946 4505 2111 4554; x_wconf 90' lang='lat' dir='ltr'><strong>tenus</strong></span> <span class='ocrx_word' id='word_1_459' title='bbox 2139 4514 2231 4552; x_wconf 90' lang='lat' dir='ltr'><strong>me</strong></span> <span class='ocrx_word' id='word_1_460' title='bbox 2282 4502 2343 4552; x_wconf 90' lang='lat' dir='ltr'><strong>ut</strong></span> <span class='ocrx_word' id='word_1_461' title='bbox 2376 4496 2720 4570; x_wconf 88' lang='lat' dir='ltr'><strong>peculiarem</strong></span> <span class='ocrx_word' id='word_1_462' title='bbox 2758 4497 3039 4550; x_wconf 90' lang='lat' dir='ltr'><strong>famulum</strong></span> <span class='ocrx_word' id='word_1_463' title='bbox 3068 4500 3317 4565; x_wconf 90' lang='lat' dir='ltr'><strong>tueatur,</strong></span> <span class='ocrx_word' id='word_1_464' title='bbox 3348 4501 3413 4552; x_wconf 93' lang='lat' dir='ltr'><strong>ut</strong></span> <span class='ocrx_word' id='word_1_465' title='bbox 3435 4515 3573 4569; x_wconf 92' lang='lat' dir='ltr'><strong>pro-</strong></span> 
     </span>
    </p>
   </div>
   <div class='ocr_carea' id='block_1_65' title="bbox 1947 4590 3572 4666">
    <p class='ocr_par' dir='ltr' id='par_1_65' title="bbox 1947 4590 3572 4666">
     <span class='ocr_line' id='line_1_65' title="bbox 1947 4590 3572 4666; baseline 0.001 -19"><span class='ocrx_word' id='word_1_466' title='bbox 1947 4593 2137 4666; x_wconf 91' lang='lat' dir='ltr'><strong>prium</strong></span> <span class='ocrx_word' id='word_1_467' title='bbox 2166 4591 2344 4646; x_wconf 87' lang='lat' dir='ltr'><strong>civem</strong></span> <span class='ocrx_word' id='word_1_468' title='bbox 2382 4591 2582 4658; x_wconf 87' lang='lat' dir='ltr'><strong>foveat,</strong></span> <span class='ocrx_word' id='word_1_469' title='bbox 2613 4595 2676 4645; x_wconf 90' lang='lat' dir='ltr'><strong>ut</strong></span> <span class='ocrx_word' id='word_1_470' title='bbox 2700 4590 3036 4645; x_wconf 87' lang='lat' dir='ltr'><strong>familiarem</strong></span> <span class='ocrx_word' id='word_1_471' title='bbox 3054 4590 3350 4646; x_wconf 89' lang='lat' dir='ltr'><strong>alumnum</strong></span> <span class='ocrx_word' id='word_1_472' title='bbox 3377 4599 3572 4648; x_wconf 90' lang='lat' dir='ltr'><strong>eruat:</strong></span> 
     </span>
    </p>
   </div>
   <div class='ocr_carea' id='block_1_66' title="bbox 1947 4684 3573 4759">
    <p class='ocr_par' dir='ltr' id='par_1_66' title="bbox 1947 4684 3573 4759">
     <span class='ocr_line' id='line_1_66' title="bbox 1947 4684 3573 4759; baseline 0 -18"><span class='ocrx_word' id='word_1_473' title='bbox 1947 4686 2046 4759; x_wconf 93' lang='lat' dir='ltr'><strong>qui</strong></span> <span class='ocrx_word' id='word_1_474' title='bbox 2075 4686 2227 4758; x_wconf 91' lang='lat' dir='ltr'><strong>apud</strong></span> <span class='ocrx_word' id='word_1_475' title='bbox 2258 4685 2559 4739; x_wconf 87' lang='lat' dir='ltr'><strong>Dominum</strong></span> <span class='ocrx_word' id='word_1_476' title='bbox 2584 4686 2775 4740; x_wconf 75' lang='lat' dir='ltr'><strong>Iesum</strong></span> <span class='ocrx_word' id='word_1_477' title='bbox 2817 4684 2970 4757; x_wconf 90' lang='lat' dir='ltr'><strong>quod</strong></span> <span class='ocrx_word' id='word_1_478' title='bbox 3008 4684 3250 4740; x_wconf 90' lang='lat' dir='ltr'><strong>oraverit</strong></span> <span class='ocrx_word' id='word_1_479' title='bbox 3302 4685 3573 4742; x_wconf 85' lang='lat' dir='ltr'><strong>exorabit.</strong></span> 
     </span>
    </p>
   </div>
   <div class='ocr_carea' id='block_1_67' title="bbox 1946 4778 3574 4850">
    <p class='ocr_par' dir='ltr' id='par_1_67' title="bbox 1946 4778 3574 4850">
     <span class='ocr_line' id='line_1_67' title="bbox 1946 4778 3574 4850; baseline -0.001 -15"><span class='ocrx_word' id='word_1_480' title='bbox 1946 4780 2219 4846; x_wconf 87' lang='lat' dir='ltr'><strong>Quocirca</strong></span> <span class='ocrx_word' id='word_1_481' title='bbox 2243 4779 2593 4834; x_wconf 90' lang='lat' dir='ltr'><strong>salutationis</strong></span> <span class='ocrx_word' id='word_1_482' title='bbox 2615 4778 2952 4850; x_wconf 87' lang='lat' dir='ltr'><strong>obsequium</strong></span> <span class='ocrx_word' id='word_1_483' title='bbox 2981 4778 3324 4834; x_wconf 84' lang='lat' dir='ltr'><strong>famulanter</strong></span> <span class='ocrx_word' id='word_1_484' title='bbox 3356 4779 3574 4834; x_wconf 86' lang='lat' dir='ltr'><strong>insinu-</strong></span> 
     </span>
    </p>
   </div>
   <div class='ocr_carea' id='block_1_68' title="bbox 1947 4873 3574 4946">
    <p class='ocr_par' dir='ltr' id='par_1_68' title="bbox 1947 4873 3574 4946">
     <span class='ocr_line' id='line_1_68' title="bbox 1947 4873 3574 4946; baseline -0.001 -17"><span class='ocrx_word' id='word_1_485' title='bbox 1947 4891 2068 4944; x_wconf 88' lang='lat' dir='ltr'><strong>ans,</strong></span> <span class='ocrx_word' id='word_1_486' title='bbox 2098 4890 2302 4946; x_wconf 90' lang='lat' dir='ltr'><strong>precor</strong></span> <span class='ocrx_word' id='word_1_487' title='bbox 2325 4877 2389 4928; x_wconf 92' lang='lat' dir='ltr'><strong>ut</strong></span> <span class='ocrx_word' id='word_1_488' title='bbox 2415 4890 2518 4945; x_wconf 90' lang='lat' dir='ltr'><strong>pro</strong></span> <span class='ocrx_word' id='word_1_489' title='bbox 2543 4873 2862 4929; x_wconf 89' lang='lat' dir='ltr'><strong>beatissimo</strong></span> <span class='ocrx_word' id='word_1_490' title='bbox 2891 4873 3032 4939; x_wconf 91' lang='lat' dir='ltr'><strong>viro,</strong></span> <span class='ocrx_word' id='word_1_491' title='bbox 3065 4873 3294 4928; x_wconf 91' lang='lat' dir='ltr'><strong>domino</strong></span> <span class='ocrx_word' id='word_1_492' title='bbox 3314 4889 3441 4927; x_wconf 85' lang='lat' dir='ltr'><strong>meo</strong></span> <span class='ocrx_word' id='word_1_493' title='bbox 3468 4874 3574 4928; x_wconf 89' lang='lat' dir='ltr'><strong>Da-</strong></span> 
     </span>
    </p>
   </div>
   <div class='ocr_carea' id='block_1_69' title="bbox 1947 4966 3580 5040">
    <p class='ocr_par' dir='ltr' id='par_1_69' title="bbox 1947 4966 3580 5040">
     <span class='ocr_line' id='line_1_69' title="bbox 1947 4966 3580 5040; baseline -0.001 -17"><span class='ocrx_word' id='word_1_494' title='bbox 1947 4968 2026 5023; x_wconf 91' lang='lat' dir='ltr'><strong>tio</strong></span> <span class='ocrx_word' id='word_1_495' title='bbox 2057 4967 2324 5040; x_wconf 90' lang='lat' dir='ltr'><strong>episcopo</strong></span> <span class='ocrx_word' id='word_1_496' title='bbox 2349 4967 2522 5022; x_wconf 86' lang='lat' dir='ltr'><strong>fratre</strong></span> <span class='ocrx_word' id='word_1_497' title='bbox 2548 4971 2751 5037; x_wconf 86' lang='lat' dir='ltr'><strong>vestro,</strong></span> <span class='ocrx_word' id='word_1_498' title='bbox 2771 4983 2995 5038; x_wconf 89' lang='lat' dir='ltr'><strong>semper</strong></span> <span class='ocrx_word' id='word_1_499' title='bbox 3019 4966 3208 5020; x_wconf 89' lang='lat' dir='ltr'><strong>oretis.</strong></span> <span class='ocrx_word' id='word_1_500' title='bbox 3233 4967 3474 5038; x_wconf 67' lang='lat' dir='ltr'><strong>Equum</strong></span> <span class='ocrx_word' id='word_1_501' title='bbox 3493 4971 3580 5022; x_wconf 91' lang='lat' dir='ltr'><strong>est</strong></span> 
     </span>
    </p>
   </div>
   <div class='ocr_carea' id='block_1_70' title="bbox 216 5059 3580 5135">
    <p class='ocr_par' dir='ltr' id='par_1_70' title="bbox 216 5059 3580 5135">
     <span class='ocr_line' id='line_1_70' title="bbox 216 5059 3580 5135; baseline 0.001 -21"><span class='ocrx_word' id='word_1_502' title='bbox 216 5065 321 5129; x_wconf 90' lang='lat' dir='ltr'><strong>tor,</strong></span> <span class='ocrx_word' id='word_1_503' title='bbox 349 5063 516 5135; x_wconf 83' lang='lat' dir='ltr'><strong>cujus</strong></span> <span class='ocrx_word' id='word_1_504' title='bbox 544 5062 1042 5134; x_wconf 89' lang='lat' dir='ltr'><strong>incomparabilem</strong></span> <span class='ocrx_word' id='word_1_505' title='bbox 1069 5062 1340 5118; x_wconf 86' lang='lat' dir='ltr'><strong>doctrinae</strong></span> <span class='ocrx_word' id='word_1_506' title='bbox 1378 5061 1698 5116; x_wconf 90' lang='lat' dir='ltr'><strong>facundiam</strong></span> <span class='ocrx_word' id='word_1_507' title='bbox 1731 5076 1918 5135; x_wconf 50' lang='lat' dir='ltr'><strong>non“</strong></span> <span class='ocrx_word' id='word_1_508' title='bbox 1949 5061 2102 5116; x_wconf 90' lang='lat' dir='ltr'><strong>enim</strong></span> <span class='ocrx_word' id='word_1_509' title='bbox 2148 5064 2214 5116; x_wconf 91' lang='lat' dir='ltr'><strong>ut</strong></span> <span class='ocrx_word' id='word_1_510' title='bbox 2239 5077 2344 5134; x_wconf 90' lang='lat' dir='ltr'><strong>pro</strong></span> <span class='ocrx_word' id='word_1_511' title='bbox 2373 5079 2458 5131; x_wconf 91' lang='lat' dir='ltr'><strong>eo,</strong></span> <span class='ocrx_word' id='word_1_512' title='bbox 2493 5078 2665 5134; x_wconf 88' lang='lat' dir='ltr'><strong>quem</strong></span> <span class='ocrx_word' id='word_1_513' title='bbox 2713 5059 3044 5115; x_wconf 88' lang='lat' dir='ltr'><strong>monasterii</strong></span> <span class='ocrx_word' id='word_1_514' title='bbox 3089 5064 3246 5131; x_wconf 89' lang='lat' dir='ltr'><strong>septa</strong></span> <span class='ocrx_word' id='word_1_515' title='bbox 3283 5067 3580 5120; x_wconf 83' lang='lat' dir='ltr'><strong>sacrarunt</strong></span> 
     </span>
    </p>
   </div>
   <div class='ocr_carea' id='block_1_71' title="bbox 218 5121 3580 5228">
    <p class='ocr_par' dir='ltr' id='par_1_71' title="bbox 218 5121 3580 5228">
     <span class='ocr_line' id='line_1_71' title="bbox 218 5121 3580 5228; baseline 0.001 -20"><span class='ocrx_word' id='word_1_516' title='bbox 218 5156 398 5210; x_wconf 92' lang='lat' dir='ltr'><strong>solum</strong></span> <span class='ocrx_word' id='word_1_517' title='bbox 429 5163 666 5212; x_wconf 81' lang='lat' dir='ltr'><strong>testatur</strong></span> <span class='ocrx_word' id='word_1_518' title='bbox 689 5156 978 5223; x_wconf 89' lang='lat' dir='ltr'><strong>Occidens,</strong></span> <span class='ocrx_word' id='word_1_519' title='bbox 1007 5156 1102 5211; x_wconf 90' lang='lat' dir='ltr'><strong>sed</strong></span> <span class='ocrx_word' id='word_1_520' title='bbox 1131 5160 1188 5212; x_wconf 91' lang='lat' dir='ltr'><strong>et</strong></span> <span class='ocrx_word' id='word_1_521' title='bbox 1227 5156 1426 5211; x_wconf 81' lang='lat' dir='ltr'><strong>Oriens</strong></span> <span class='ocrx_word' id='word_1_522' title='bbox 1451 5156 1726 5210; x_wconf 90' lang='lat' dir='ltr'><strong>instructa</strong></span> <span class='ocrx_word' id='word_1_523' title='bbox 1745 5121 1928 5209; x_wconf 84' lang='lat' dir='ltr'><strong>mi-D</strong></span> <span class='ocrx_word' id='word_1_524' title='bbox 1950 5172 2350 5224; x_wconf 88' lang='lat' dir='ltr'><strong>successorem,</strong></span> <span class='ocrx_word' id='word_1_525' title='bbox 2380 5155 2550 5212; x_wconf 89' lang='lat' dir='ltr'><strong>etiam</strong></span> <span class='ocrx_word' id='word_1_526' title='bbox 2585 5154 2972 5210; x_wconf 86' lang='lat' dir='ltr'><strong>confessorum</strong></span> <span class='ocrx_word' id='word_1_527' title='bbox 2997 5169 3286 5209; x_wconf 89' lang='lat' dir='ltr'><strong>successor</strong></span> <span class='ocrx_word' id='word_1_528' title='bbox 3315 5155 3580 5228; x_wconf 80' lang='lat' dir='ltr'><strong>egregius</strong></span> 
     </span>
    </p>
   </div>
   <div class='ocr_carea' id='block_1_72' title="bbox 216 5247 3579 5321">
    <p class='ocr_par' dir='ltr' id='par_1_72' title="bbox 216 5247 3579 5321">
     <span class='ocr_line' id='line_1_72' title="bbox 216 5247 3579 5321; baseline 0 -18"><span class='ocrx_word' id='word_1_529' title='bbox 216 5253 392 5304; x_wconf 90' lang='lat' dir='ltr'><strong>ratur.</strong></span> <span class='ocrx_word' id='word_1_530' title='bbox 421 5251 661 5304; x_wconf 88' lang='lat' dir='ltr'><strong>Nestorii</strong></span> <span class='ocrx_word' id='word_1_531' title='bbox 710 5249 948 5318; x_wconf 88' lang='lat' dir='ltr'><strong>fulmen,</strong></span> <span class='ocrx_word' id='word_1_532' title='bbox 980 5249 1246 5321; x_wconf 88' lang='lat' dir='ltr'><strong>Eutychis</strong></span> <span class='ocrx_word' id='word_1_533' title='bbox 1282 5250 1610 5316; x_wconf 84' lang='lat' dir='ltr'><strong>exstinctor,</strong></span> <span class='ocrx_word' id='word_1_534' title='bbox 1639 5247 1850 5319; x_wconf 88' lang='lat' dir='ltr'><strong>glorio-</strong></span> <span class='ocrx_word' id='word_1_535' title='bbox 1949 5249 2514 5315; x_wconf 90' lang='lat' dir='ltr'><strong>beatorum,exorare</strong></span> <span class='ocrx_word' id='word_1_536' title='bbox 2534 5265 2648 5302; x_wconf 91' lang='lat' dir='ltr'><strong>non</strong></span> <span class='ocrx_word' id='word_1_537' title='bbox 2664 5248 2902 5303; x_wconf 86' lang='lat' dir='ltr'><strong>desinas.</strong></span> <span class='ocrx_word' id='word_1_538' title='bbox 2931 5249 2998 5302; x_wconf 89' lang='lat' dir='ltr'><strong>Et</strong></span> <span class='ocrx_word' id='word_1_539' title='bbox 3023 5247 3128 5302; x_wconf 90' lang='lat' dir='ltr'><strong>hoc</strong></span> <span class='ocrx_word' id='word_1_540' title='bbox 3153 5249 3200 5302; x_wconf 93' lang='lat' dir='ltr'><strong>si</strong></span> <span class='ocrx_word' id='word_1_541' title='bbox 3220 5248 3458 5321; x_wconf 89' lang='lat' dir='ltr'><strong>dignum</strong></span> <span class='ocrx_word' id='word_1_542' title='bbox 3481 5250 3579 5304; x_wconf 87' lang='lat' dir='ltr'><strong>du-</strong></span> 
     </span>
    </p>
   </div>
   <div class='ocr_carea' id='block_1_73' title="bbox 219 5331 3578 5415">
    <p class='ocr_par' dir='ltr' id='par_1_73' title="bbox 219 5331 3578 5415">
     <span class='ocr_line' id='line_1_73' title="bbox 219 5331 3578 5415; baseline 0 -19"><span class='ocrx_word' id='word_1_543' title='bbox 219 5359 334 5397; x_wconf 90' lang='lat' dir='ltr'><strong>sam</strong></span> <span class='ocrx_word' id='word_1_544' title='bbox 373 5331 666 5398; x_wconf 62' lang='lat' dir='ltr'><strong>domina&#39;m</strong></span> <span class='ocrx_word' id='word_1_545' title='bbox 692 5360 877 5398; x_wconf 90' lang='lat' dir='ltr'><strong>meam</strong></span> <span class='ocrx_word' id='word_1_546' title='bbox 904 5343 1402 5414; x_wconf 83' lang='lat' dir='ltr'><strong>inviolabilemque</strong></span> <span class='ocrx_word' id='word_1_547' title='bbox 1427 5342 1654 5398; x_wconf 85' lang='lat' dir='ltr'><strong>Mariam</strong></span> <span class='ocrx_word' id='word_1_548' title='bbox 1681 5341 1848 5396; x_wconf 87' lang='lat' dir='ltr'><strong>Chri-</strong></span> <span class='ocrx_word' id='word_1_549' title='bbox 1951 5343 2073 5398; x_wconf 90' lang='lat' dir='ltr'><strong>citis</strong></span> <span class='ocrx_word' id='word_1_550' title='bbox 2092 5342 2474 5415; x_wconf 87' lang='lat' dir='ltr'><strong>supplicamus</strong></span> <span class='ocrx_word' id='word_1_551' title='bbox 2489 5347 2554 5397; x_wconf 90' lang='lat' dir='ltr'><strong>ut</strong></span> <span class='ocrx_word' id='word_1_552' title='bbox 2573 5340 2941 5396; x_wconf 88' lang='lat' dir='ltr'><strong>Beatitudinis</strong></span> <span class='ocrx_word' id='word_1_553' title='bbox 2957 5345 3156 5396; x_wconf 68' lang='lat' dir='ltr'><strong>vestrae</strong></span> <span class='ocrx_word' id='word_1_554' title='bbox 3177 5343 3426 5414; x_wconf 84' lang='lat' dir='ltr'><strong>sospitati</strong></span> <span class='ocrx_word' id='word_1_555' title='bbox 3449 5358 3578 5414; x_wconf 87' lang='lat' dir='ltr'><strong>par-</strong></span> 
     </span>
    </p>
   </div>
   <div class='ocr_carea' id='block_1_74' title="bbox 217 5434 3576 5510">
    <p class='ocr_par' dir='ltr' id='par_1_74' title="bbox 217 5434 3576 5510">
     <span class='ocr_line' id='line_1_74' title="bbox 217 5434 3576 5510; baseline 0 -21"><span class='ocrx_word' id='word_1_556' title='bbox 217 5441 473 5492; x_wconf 86' lang='lat' dir='ltr'><strong>stotocon</strong></span> <span class='ocrx_word' id='word_1_557' title='bbox 501 5443 555 5492; x_wconf 90' lang='lat' dir='ltr'><strong>et</strong></span> <span class='ocrx_word' id='word_1_558' title='bbox 582 5437 922 5504; x_wconf 88' lang='lat' dir='ltr'><strong>Theotocon,</strong></span> <span class='ocrx_word' id='word_1_559' title='bbox 945 5437 1253 5510; x_wconf 88' lang='lat' dir='ltr'><strong>apostolica</strong></span> <span class='ocrx_word' id='word_1_560' title='bbox 1279 5435 1614 5491; x_wconf 88' lang='lat' dir='ltr'><strong>auctoritate</strong></span> <span class='ocrx_word' id='word_1_561' title='bbox 1639 5435 1848 5506; x_wconf 91' lang='lat' dir='ltr'><strong>perdo-</strong></span> <span class='ocrx_word' id='word_1_562' title='bbox 1950 5437 2183 5492; x_wconf 82' lang='lat' dir='ltr'><strong>vitatem</strong></span> <span class='ocrx_word' id='word_1_563' title='bbox 2209 5440 2461 5490; x_wconf 90' lang='lat' dir='ltr'><strong>nostram</strong></span> <span class='ocrx_word' id='word_1_564' title='bbox 2487 5434 2718 5503; x_wconf 85' lang='lat' dir='ltr'><strong>faciatis,</strong></span> <span class='ocrx_word' id='word_1_565' title='bbox 2745 5435 2889 5490; x_wconf 88' lang='lat' dir='ltr'><strong>sicut</strong></span> <span class='ocrx_word' id='word_1_566' title='bbox 2907 5436 3175 5508; x_wconf 85' lang='lat' dir='ltr'><strong>petimus,</strong></span> <span class='ocrx_word' id='word_1_567' title='bbox 3199 5451 3576 5491; x_wconf 88' lang='lat' dir='ltr'><strong>successorem</strong></span> 
     </span>
    </p>
   </div>
   <div class='ocr_carea' id='block_1_75' title="bbox 219 5528 2516 5604">
    <p class='ocr_par' dir='ltr' id='par_1_75' title="bbox 219 5528 2516 5604">
     <span class='ocr_line' id='line_1_75' title="bbox 219 5528 2516 5604; baseline 0 -20"><span class='ocrx_word' id='word_1_568' title='bbox 219 5531 353 5586; x_wconf 90' lang='lat' dir='ltr'><strong>cuit.</strong></span> <span class='ocrx_word' id='word_1_569' title='bbox 397 5533 522 5603; x_wconf 91' lang='lat' dir='ltr'><strong>Ipse</strong></span> <span class='ocrx_word' id='word_1_570' title='bbox 559 5548 698 5604; x_wconf 91' lang='lat' dir='ltr'><strong>ergo</strong></span> <span class='ocrx_word' id='word_1_571' title='bbox 747 5548 908 5587; x_wconf 90' lang='lat' dir='ltr'><strong>meus</strong></span> <span class='ocrx_word' id='word_1_572' title='bbox 953 5537 1034 5586; x_wconf 88' lang='lat' dir='ltr'><strong>est</strong></span> <span class='ocrx_word' id='word_1_573' title='bbox 1084 5535 1244 5602; x_wconf 87' lang='lat' dir='ltr'><strong>pater</strong></span> <span class='ocrx_word' id='word_1_574' title='bbox 1285 5547 1354 5585; x_wconf 88' lang='lat' dir='ltr'><strong>ex</strong></span> <span class='ocrx_word' id='word_1_575' title='bbox 1395 5531 1639 5598; x_wconf 88' lang='lat' dir='ltr'><strong>lavacro,</strong></span> <span class='ocrx_word' id='word_1_576' title='bbox 1679 5544 1852 5600; x_wconf 89' lang='lat' dir='ltr'><strong>quem</strong></span> <span class='ocrx_word' id='word_1_577' title='bbox 1952 5532 2146 5602; x_wconf 81' lang='lat' dir='ltr'><strong>[Forte,</strong></span> <span class='ocrx_word' id='word_1_578' title='bbox 2175 5528 2516 5601; x_wconf 89' lang='lat' dir='ltr'><strong>certiorem].</strong></span> 
     </span>
    </p>
   </div>
   <div class='ocr_carea' id='block_1_76' title="bbox 217 5622 1859 5703">
    <p class='ocr_par' dir='ltr' id='par_1_76' title="bbox 217 5622 1859 5703">
     <span class='ocr_line' id='line_1_76' title="bbox 217 5622 1859 5703; baseline 0 -25"><span class='ocrx_word' id='word_1_579' title='bbox 217 5624 386 5680; x_wconf 88' lang='lat' dir='ltr'><strong>credo</strong></span> <span class='ocrx_word' id='word_1_580' title='bbox 414 5627 568 5697; x_wconf 86' lang='lat' dir='ltr'><strong>apud</strong></span> <span class='ocrx_word' id='word_1_581' title='bbox 592 5632 871 5682; x_wconf 62' lang='lat' dir='ltr'><strong>aeternum</strong></span> <span class='ocrx_word' id='word_1_582' title='bbox 911 5627 1132 5680; x_wconf 89' lang='lat' dir='ltr'><strong>Patrem</strong></span> <span class='ocrx_word' id='word_1_583' title='bbox 1158 5641 1260 5697; x_wconf 90' lang='lat' dir='ltr'><strong>per</strong></span> <span class='ocrx_word' id='word_1_584' title='bbox 1279 5624 1485 5679; x_wconf 84' lang='lat' dir='ltr'><strong>Filium</strong></span> <span class='ocrx_word' id='word_1_585' title='bbox 1511 5622 1859 5703; x_wconf 88' lang='lat' dir='ltr'><strong>intervenire_</strong></span> 
     </span>
    </p>
   </div>
  </div>
