4054 6186
1408 534 2800 740 ANONYMUS.

1839 1006 2351 1099 ANONYMI

1199 1173 1306 1299 ΔΙ)
1389 1171 1912 1301 EUSEBIANHM
1981 1172 2448 1301 01111οΝ10οΝ
2540 1174 2980 1303 ΔΡΡΕΝΒΙΧ.

692 1365 874 1444 (Haec
901 1366 1235 1449 appendix
1263 1367 1431 1431 inter
1458 1384 1657 1450 opera
1688 1366 1964 1431 Eusebii
1988 1366 2330 1450 Pamphili
2354 1369 2887 1451 opportuniorem
2916 1368 3132 1433 locum
3159 1363 3519 1444 obtinuit.)

1240 1702 1649 1779 S/ECULI
1711 1703 2029 1777 SEXTI
2092 1702 2986 1779 SUPPLEMENTUM.

1661 1981 2563 2108 SYNTAGMA

437 2179 1140 2297 Deeretorum,
1256 2180 2063 2313 prceeeptiouum
2162 2213 2282 2281 ae
2407 2182 2907 2282 editorum
3018 2181 3796 2313 praeeipuorum

572 2323 939 2457 quibus
1018 2322 1226 2425 sive
1310 2326 2032 2456 imperatores,
2131 2324 2340 2425 sive
2418 2354 2713 2454 reges
2796 2356 3012 2426 sese
3091 2324 3400 2426 rebus
3474 2323 3792 2423 eccle-

573 2465 1006 2567 siasticis
1054 2466 1728 2597 ingesserunt.

430 2680 3795 2725 —

976 2869 2186 3288 'JUS’l‘lNlANUSL
2222 3064 3218 3288 IMPERATOR

1574 3549 2036 3637 NOTITIA
2101 3549 2244 3634 EX
2314 3546 2593 3634 CAVE
2611 3613 2629 3632 .

505 3866 587 3921 Fl.
612 3865 980 3933 Justinianus,
1011 3868 1179 3937 gente
1218 3864 1490 3937 Illyricas,
1526 3863 1771 3920 Sabhatii
1799 3866 1856 3918 et
1881 3861 2059 3934 Bigli-
2082 3876 2142 3948 Α
2160 3867 2369 3936 quente
2392 3879 2543 3918 anno
2562 3864 2809 3936 synodus
2832 3862 3458 3935 Constantinopolitana
3485 3862 3690 3919 itidem
3714 3863 3796 3919 fe-

434 3959 574 4016 nizee
600 3958 768 4028 ﬁlius,
796 3958 1067 4029 Tauresii,
1107 3958 1274 4013 hodie
1299 3958 1663 4013 Acbriduntis
1689 3956 1747 4011 in
1777 3956 2063 4012 Dardania

435 4059 601 4111 natus
625 4057 707 4109 est
732 4069 880 4108 anno
905 4053 1030 4108 483.
1061 4052 1413 4107 Avunculum
1435 4051 1632 4106 habuit
1651 4050 1934 4106 Iustinum
1955 4051 2067 4104 Au-

436 4152 688 4223 gustum,
719 4164 753 4203 a
780 4164 893 4220 quo
918 4147 977 4202 in
1017 4146 1255 4219 Castello
1307 4144 1616 4200 Bederiano
1660 4160 1884 4200 summa
1931 4160 2067 4200 cura

435 4243 704 4300 educatus
733 4246 921 4312 est,,et
944 4242 1003 4297 in
1031 4240 1215 4296 ﬁlium
1240 4240 1554 4311 adoptatus.
1588 4238 1848 4293 Nondum
1874 4237 2063 4309 impe-

370 4348 374 4353 '
434 4340 589 4394 rator
621 4336 972 4393 Theodoram
1003 4339 1130 4391 ortu
1150 4333 1414 4407 Cypriam
1444 4348 1675 4388 uxorem
1701 4331 1882 4399 duxit,
1902 4331 2066 4387 femi-

433 4448 566 4488 nam
592 4430 932 4486 insolentem
961 4433 1017 4485 et
1042 4428 1402 4500 Eutychianas
1432 4425 1634 4482 haeresi
1659 4425 1877 4497 perdite
1903 4425 2064 4480 addi-

435 4530 603 4581 ctam.
626 4526 788 4580 Anno
816 4526 938 4590 519,
961 4540 994 4578 a
1020 4523 1236 4578 Justino
1270 4521 1617 4593 imperatore
1656 4518 1931 4591 magister
1950 4517 2060 4573 mi-

438 4619 603 4675 litum
626 4618 805 4672 factus
819 4620 921 4687 est,
943 4621 999 4672 et
1024 4616 1085 4670 in
1101 4615 1391 4671 Orientem
1413 4630 1545 4670 cum
1564 4613 1815 4669 exercitu
1835 4612 2063 4683 missus,

438 4729 559 4770 rem
598 4714 797 4767 contra
839 4712 1032 4766 Persas
1056 4709 1201 4765 bene
1236 4710 1427 4780 gessit.
1459 4710 1621 4764 Anno
1651 4710 1775 4776 52l,
1804 4706 2062 4761 consula-

436 4813 559 4864 tum
592 4806 768 4875 obiit;
801 4820 934 4860 mox
964 4803 1251 4875 patricius,
1294 4802 1497 4857 deinde
1548 4800 1929 4856 nobilissimus
1957 4816 1973 4868 ;
2001 4816 2064 4855 ac

434 4902 662 4958 tandem
688 4917 837 4956 anno
867 4902 991 4967 527,
1022 4896 1282 4952 Kalendis
1307 4894 1612 4968 Aprilibus,
1655 4897 1942 4968 Augustus
1971 4911 2062 4950 re-

434 4995 745 5063 nuntiatus,
765 5010 896 5049 cum
920 4992 1198 5048 avunculo
1224 5007 1464 5063 regnare
1490 4989 1694 5060 coepit;
1724 5006 1837 5061 quo
1867 4989 2065 5044 defun-

434 5094 522 5143 cto
547 5088 809 5143 Kalendis
837 5086 1075 5159 Augusti
1105 5085 1360 5158 ejusdem
1389 5083 1545 5153 anni,
1575 5083 1883 5154 imperium
1910 5082 2067 5138 dein-

433 5197 563 5252 ceps
591 5181 745 5235 solus
771 5180 972 5235 tenuit.
1007 5182 1170 5235 Anno
1198 5180 1321 5246 528,
1366 5177 1614 5233 edictum
1652 5176 2059 5248 promulgavit,

2164 3957 2259 4012 cit.
2292 3960 2453 4012 Anno
2483 3960 2607 4027 553,
2636 3956 2942 4013 concilium
2973 3957 3387 4013 mcumenicum
3398 3957 3796 4012 Constantino-

2166 4051 2282 4122 poli
2314 4050 2640 4107 habendum
2678 4051 2917 4107 indixit:
2960 4051 3019 4106 in
3049 4068 3162 4124 quo
3205 4068 3239 4105 a
3274 4050 3554 4119 Patribus,
3599 4054 3667 4105 ut
3691 4051 3793 4106 tria

2164 4145 2421 4216 Capitula
2445 4145 2853 4201 damnarentur
2886 4145 3190 4218 postulavit
3217 4149 3275 4200 et
3298 4144 3545 4199 obtinuit
3571 4145 3791 4215 (Evagr.

2166 4239 2205 4293 l.
2247 4255 2399 4309 1v,c.
2432 4238 2541 4312 39).
2590 4243 2755 4295 Anno
2799 4242 2922 4307 563,
2953 4239 3338 4295 fatiscentibus
3380 4255 3513 4293 cum
3557 4255 3794 4311 corpore

2166 4332 2343 4388 animi
2369 4332 2601 4403 viribus,
2620 4332 2690 4388 ab
2720 4332 3003 4389 haereticis
3030 4332 3367 4405 quibusdam
3389 4333 3646 4404 delusus,
3676 4333 3792 4389 edi-

2164 4431 2319 4482 ctum
2340 4426 2611 4497 condidit,
2639 4443 2752 4498 quo
2782 4426 2986 4483 Christi
3013 4443 3216 4498 corpus
3234 4427 3357 4500 pari
3384 4428 3553 4483 modo
3580 4433 3716 4483 ante
3733 4444 3795 4482 ac

2164 4525 2290 4592 post
2325 4520 2797 4576 resurrectionem
2830 4520 3207 4592 corruptionis
3226 4525 3282 4576 et
3308 4521 3661 4578 naturalium
3673 4522 3797 4578 aﬂ'e-

2166 4614 2421 4670 ctionum
2446 4630 2645 4686 expers
2671 4613 2844 4691 fuisse
2887 4613 3077 4669 docuit
3101 4631 3117 4685 ;
3148 4619 3323 4686 utque
3348 4616 3654 4672 sententia:
3685 4633 3795 4671 sua!

2165 4725 2362 4765 omnes
2390 4706 2640 4779 episcopi
2675 4708 3111 4776 subscriberent,
3154 4708 3462 4765 mandavit.
3493 4711 3795 4784 Episcopos

2165 4801 2473 4857 Orientales
2497 4801 2568 4857 ad
2598 4801 2872 4857 Anastasii
2913 4801 3253 4857 Antiocheni
3285 4804 3635 4859 sententiam
3664 4822 3792 4876 pro-

2164 4898 2427 4951 vocante$
2454 4895 2782 4967 gravissime
2801 4893 3003 4950 afﬂixit
3027 4913 3045 4965 ;
3073 4896 3260 4967 ipsum
3278 4912 3409 4951 vero
3438 4899 3794 4954 Anastasium

2164 4994 2220 5045 et
2271 4989 2613 5061 Eutychium
2666 4989 3053 5061 patriarcham
3103 4989 3792 5062 Constantinopolitanum

2164 5087 2484 5139 constanter
2511 5082 2851 5139 reluctantes
2875 5083 3100 5139 sedibus
3128 5083 3243 5138 suis
3278 5084 3622 5154 exturbavit,
3652 5091 3708 5142 et
3730 5086 3787 5140 in

2165 5176 2425 5233 exsilium
2454 5176 2736 5249 deportari
2763 5176 2949 5248 jussit.
2989 5176 3324 5249 Hujusmodi
3351 5176 3569 5232 deliriis
3606 5179 3790 5235 inten-

434 5290 550 5347 quo
576 5273 933 5328 Nestorianos
958 5278 1014 5328 et
1043 5273 1443 5345 Eutychianos,
1477 5276 1746 5344 tanquam
1773 5270 2065 5325 haereticos
2084 5254 2139 5326 Β
2164 5274 2274 5339 tus,
2302 5268 2471 5327 rebus
2500 5270 2766 5326 humanis
2805 5274 3101 5342 exemptus
3146 5276 3232 5327 est
3261 5288 3414 5326 anno
3444 5276 3573 5340 565,
3604 5273 3694 5328 die
3732 5274 3790 5327 14

436 5368 617 5442 pomis
642 5366 901 5421 civilibus
920 5367 1238 5422 multandos
1255 5366 1520 5435 decrevit,
1535 5364 1734 5422 eodem
1760 5369 1884 5436 post
1903 5365 2066 5435 quin-

432 5461 750 5537 quennium
776 5464 1061 5515 renovato.
1088 5461 1250 5516 Anno
1265 5461 1389 5529 541,
1408 5460 1712 5534 Origenem
1736 5458 1857 5530 ipse
1877 5458 2061 5515 edicto

434 5528 743 5625 damnavit,
788 5558 845 5611 et
873 5552 1067 5610 habita
1111 5569 1243 5609 mox
1277 5528 1381 5609 sub
1432 5528 1630 5610 Menna
1679 5528 1892 5625 synodo
1924 5552 2063 5608 Con-

434 5650 815 5723 stantinopoli,
833 5649 995 5705 illum
1015 5664 1146 5704 cum
1173 5647 1538 5704 sectatoribus
1562 5648 1919 5703 anathemate
1938 5663 2064 5719 per-

433 5745 762 5801 cutiendum
816 5742 1052 5801 curavit.
1104 5745 1265 5800 Anno
1317 5740 1417 5798 545
1436 5783 1450 5811 ,
1506 5741 1657 5797 edita
1705 5740 2058 5797 constitutio-

434 5853 525 5905 ne,
570 5838 677 5894 tria
717 5838 973 5911 Capitula
1022 5837 1329 5907 damnavit,
1387 5834 1536 5906 quod
1586 5838 1639 5887 et
1686 5838 1926 5889 exeunte
1970 5851 2058 5890 se-

2163 5365 2510 5433 Novembris,
2542 5365 2785 5435 dierum,
2819 5365 3038 5437 glorias,
3081 5370 3137 5421 et
3162 5364 3593 5437 triumphomun
3619 5373 3790 5423 satur.

2162 5461 2284 5515 Non
2323 5459 2555 5515 deerant
2587 5459 2742 5526 olim,
2775 5475 2879 5515 nec
2923 5460 3127 5515 desunt
3163 5459 3357 5529 hodie,
3385 5460 3486 5532 qui
3509 5461 3572 5516 in
3609 5478 3788 5516 sacra-

2162 5552 2442 5609 tissimum
2489 5552 2823 5626 principem,
2878 5569 2993 5609 non
3031 5552 3218 5608 minus
3257 5553 3534 5625 doctrina,
3566 5555 3787 5628 pietate,

2162 5664 2333 5719 quam
2358 5648 2608 5719 potentia
2627 5653 2684 5704 et
2703 5664 2895 5704 rerum
2916 5652 3204 5720 gestarum
3236 5648 3420 5719 gloria
3450 5650 3685 5717 clarum,
3712 5655 3789 5705 to-

2161 5745 2221 5797 ta
2249 5741 2667 5798 calumniarum
2693 5747 2750 5798 et
2768 5741 3150 5798 conviciorum
3181 5744 3431 5815 plaustra
3457 5747 3788 5800 exonerant.

2162 5836 2335 5891 Nemo
2349 5851 2481 5892 vero
2494 5852 2746 5908 unquam
2760 5834 3031 5909 iniquiori
3050 5853 3307 5907 censura,
3324 5840 3381 5894 et
3391 5836 3788 5896 inverecundis
