4054 6186
228 307 321 360 921
1106 299 1468 356 JUSTINIANI
1509 299 1835 354 NOVELLE
1873 300 2208 355 SELECTJE.
2251 301 2560 357 NOVELLA
2598 302 2686 356 lll.

3389 349 3392 352 ι
3475 310 3579 362 922

225 414 392 485 longe
418 411 567 466 infra
583 411 791 466 summi
808 411 1080 484 principis
1100 416 1327 481 sortem,
1349 412 1409 466 in
1427 412 1852 484 augustissimos
1873 421 1932 493 Α
1955 410 2231 466 memoria
2248 409 2613 466 veneratione
2641 411 2816 482 digna
2834 417 3114 483 censetur,
3148 414 3308 484 cujus
3335 414 3466 471 fidei
3492 431 3580 472 re-

222 510 521 567 Justiniani
563 516 758 566 manes
797 511 1167 567 debacchatus
1214 515 1317 579 est,
1351 528 1524 584 quam
1558 511 1852 568 cardinalis

225 605 496 662 Baronius
524 608 566 672 ‘,
603 623 801 662 omnes
826 606 884 660 in
914 606 1022 661 hoc
1060 605 1396 678 eloquentiae
1431 623 1632 662 nervos
1661 606 1848 662 inten-

221 700 382 770 dens,
405 705 470 754 ut
494 717 564 755 ex
585 700 929 780 imperatore
953 716 1069 755 non
1095 701 1408 770 hominem,
1439 701 1536 755 sed
1561 697 1850 756 diabolum

221 794 382 849 nobis
405 793 718 850 exhiberet.
747 796 815 850 Ut
840 794 1011 849 ﬁdem
1035 794 1257 862 faciam,
1281 794 1542 866 quaedam
1562 795 1756 850 lectori
1778 795 1850 849 ob

223 889 418 944 oculos
447 904 680 960 ponam.
717 911 744 939 ‹‹
772 889 916 955 Fuit,
941 887 1146 960 inquit,
1175 888 1348 943 homo
1367 888 1594 958 penitus
1617 888 1848 944 illitera-

223 984 313 1034 tus
337 998 355 1049 ;
391 979 530 1034 adeo
567 984 633 1033 ut
663 995 767 1034 nec
795 978 1163 1050 alphabetum
1208 977 1514 1050 aliquando
1545 977 1847 1034 didicisset.

222 1073 538 1144 Sacrilegus
565 1073 893 1144 imperator,
925 1073 1023 1144 qui
1050 1089 1164 1126 non
1184 1074 1367 1126 levem
1393 1071 1850 1144 persecutionem

221 1168 502 1236 excitavit,
539 1167 730 1222 furore
759 1167 1022 1238 percitus,
1042 1171 1230 1221 mente
1249 1166 1516 1235 dimotus,
1550 1169 1850 1236 corruptus

222 1262 470 1332 maligno
515 1260 738 1332 spiritu,
776 1261 1019 1331 agitatus
1043 1277 1076 1314 a
1104 1262 1326 1330 Satana,
1358 1259 1569 1332 quique
1617 1275 1848 1315 omnem

221 1356 279 1410 in
305 1355 548 1409 Ecclesia
567 1355 819 1409 dissolvit
838 1354 1114 1421 ordinem,
1137 1355 1380 1425 fecitque
1405 1371 1470 1408 ex
1494 1370 1669 1425 regno
1689 1353 1852 1408 coelo-

223 1466 350 1504 rum
377 1449 729 1520 ergastulum
756 1448 1069 1503 inferorum
1092 1448 1312 1517 (Annal.
1337 1448 1412 1501 ad
1435 1463 1526 1502 an.
1552 1451 1674 1517 551,
1698 1464 1846 1502 num.

218 1547 272 1612 3,
297 1545 331 1597 4
351 1561 363 1609 ;
387 1545 511 1611 528,
533 1558 679 1596 num.
710 1546 779 1596 2O
800 1560 816 1610 ;
839 1545 962 1609 553,
992 1558 1140 1596 num.
1169 1543 1278 1613 2t).
1306 1561 1332 1592 »
1359 1540 1618 1596 lnﬁnitus
1645 1557 1846 1611 essem,

220 1634 263 1688 si
301 1633 495 1687 omnia
517 1647 931 1703 percurrerem.
965 1632 1088 1685 Non
1114 1630 1257 1684 mihi
1288 1631 1347 1684 in
1376 1630 1566 1685 animo
1593 1635 1693 1697 est,
1726 1636 1851 1702 post

218 1725 545 1792 Guinetum,
586 1724 948 1796 Giphanium,
985 1723 1320 1791 Trivorium,
1352 1724 1584 1778 Rivium
1625 1727 1846 1779 nostra-

1950 504 2160 560 ctitudo
2189 522 2295 577 per
2315 505 2714 578 augustissima
2731 507 2852 578 ejus
2880 506 3061 562 edicta
3085 507 3144 562 in
3169 511 3290 564 toto
3319 510 3455 564 orbe
3474 510 3578 565 dif-

1950 599 2074 654 fusa
2098 599 2378 654 laudatur.
2411 621 2437 648 »

2020 695 2234 748 Praeter
2261 694 2464 764 Corpus
2501 695 2644 763 juris
2686 697 2870 753 Civilis
2897 696 3028 766 (Viz.
3070 699 3470 753 Institutionum
3505 699 3576 752 li-

1953 789 2069 843 b-ros
2098 805 2170 850 IV,
2199 789 2612 852 Pandectarum,
2634 792 2743 845 sive
2763 793 3096 861 Digestorum
3119 791 3294 846 libros
3321 809 3372 859 L,
3403 795 3461 846 et
3487 792 3582 848 Co—

1950 883 2104 946 dicis,
2135 882 2226 937 cui
2250 882 2495 954 plurima
2523 883 2592 937 de
2619 883 2897 956 religione
2927 885 3178 940 admixta
3208 891 3358 953 sunt,
3406 885 3576 942 libros

1950 977 2065 1048 x11),
2097 977 2248 1048 quod
2290 977 2626 1032 Triboniano
2669 983 2838 1050 atque
2881 979 3004 1034 aliis
3033 980 3383 1050 adjutoribus
3424 997 3574 1052 usus,

1949 1087 2099 1125 anno
2129 1074 2253 1138 528,
2273 1072 2514 1126 condere
2545 1072 2795 1142 incmpit,
2817 1089 2968 1126 anno
2983 1077 3104 1143 535,
3132 1074 3202 1127 ad
3227 1073 3440 1129 exitum
3456 1091 3578 1146 per-

1952 1164 2114 1218 duxit
2142 1207 2155 1235 ,
2190 1167 2248 1218 et
2289 1167 2538 1223 Novellas
2576 1170 2702 1237 post
2732 1183 2948 1221 annum
2975 1170 3076 1221 535
3107 1167 3305 1237 editas,
3335 1184 3577 1240 quarum

1950 1257 2211 1329 plurima:
2236 1259 2346 1313 fori
2373 1263 2504 1314 sunt
2547 1259 2927 1330 ecclesiastici,
2960 1261 3197 1315 seorsim
3229 1262 3371 1332 typis
3402 1279 3576 1317 excu-

1950 1369 2035 1405 sas
2075 1353 2263 1407 Graece
2320 1370 2423 1423 per
2472 1353 2852 1407 Haloandrum
2909 1355 3076 1408 Paris.
3140 1358 3297 1424 1553,
3340 1359 3397 1410 8°
3428 1375 3446 1424 ;
3476 1371 3580 1427 per

1951 1446 2358 1517 Schringerum
2392 1446 2530 1501 ibid.
2584 1449 2717 1501 1558
2747 1463 2763 1515 ;
2794 1448 2886 1500 Gr.
2917 1448 3036 1501 Lat.
3080 1451 3356 1519 Antuerp.
3394 1453 3572 1518 l575;

1949 1538 2170 1610 scripsit
2198 1538 2544 1593 Justinianus
2572 1539 2821 1611 plurima
2865 1541 2935 1594 ad
2980 1557 3106 1595 rem
3145 1542 3580 1597 ecclesiasticam

1949 1633 2276 1705 spectantia,
2307 1650 2378 1687 ex
2398 1633 2602 1704 quibus
2630 1634 2799 1689 hodie
2827 1638 3087 1689 exstant:
3121 1638 3436 1693 Conslitutio
3463 1652 3582 1690 con-

1951 1732 2036 1782 tra
2063 1729 2398 1796 Anthimum,
2413 1729 2686 1791 Severum,
2703 1731 2941 1795 Petrum,
2961 1734 3010 1784 et
3036 1732 3286 1792 Zoarum,
3315 1745 3463 1783 anno
3477 1732 3579 1784 536

218 1824 358 1888 tem,
386 1820 660 1890 aliosque,
699 1818 913 1891 egregii
952 1818 1224 1889 principis
1247 1817 1522 1872 vindicias
1547 1834 1738 1889 agere.
1773 1819 1847 1874 De
1870 1796 1924 1867 Β
1950 1822 2091 1877 facta
2117 1839 2134 1891 ;
2165 1838 2294 1892 quae
2324 1821 2580 1892 quidem,
2616 1839 2686 1876 ex
2711 1822 2951 1876 Novellis
2990 1823 3308 1894 desumpta,
3341 1823 3582 1878 habetur

219 1912 444 1967 eximiis
471 1913 769 1968 Justiniani
788 1912 1092 1966 virtutibus
1107 1911 1342 1966 unicum
1369 1916 1468 1965 aut
1495 1911 1734 1966 alterum
1763 1929 1850 1966 ve-

217 2011 407 2062 terum
427 2007 812 2062 testimonium
834 2005 1141 2076 proferam.
1165 2006 1240 2060 De
1263 2005 1516 2059 doctrina
1532 2005 1654 2075 ejus
1668 2010 1722 2059 et
1737 2005 1852 2076 pie-

217 2104 336 2156 tate
364 2101 486 2156 hmc
505 2100 825 2172 Procopius,
850 2100 907 2153 in
935 2099 1315 2153 Justinianum
1343 2100 1530 2154 adhuc
1549 2099 1851 2171 asquus(De

215 2196 354 2250 Bell.
381 2196 533 2250 Goth.
567 2195 606 2248 l.
631 2210 691 2248 ιιι
712 2211 729 2262 ;
753 2194 819 2247 de
834 2193 986 2260 acdif.
1013 2196 1151 2247 Just.
1182 2193 1294 2263 l.1).
1314 2191 1552 2247 Solitum
1572 2208 1703 2247 eum
1726 2196 1848 2247 tum

213 2290 391 2343 libros
420 2288 488 2342 de
517 2288 682 2342 rebus
711 2286 914 2341 divinis
954 2290 1186 2357 agentes
1216 2287 1597 2357 pervolutare,
1628 2291 1750 2340 tum
1779 2287 1848 2342 de

214 2383 419 2437 iisdem
439 2381 709 2453 colloquia
729 2397 860 2434 cum
882 2379 1156 2451 episcopis
1174 2383 1230 2434 et
1253 2379 1594 2451 presbyteris
1619 2380 1676 2434 in
1705 2381 1848 2434 mul~

215 2479 337 2530 tam
362 2480 589 2530 noctem
616 2474 947 2547 pertrahere
982 2490 995 2527 :
1029 2473 1087 2527 in
1132 2489 1289 2528 more
1337 2473 1387 2527 ei
1417 2489 1642 2544 semper
1677 2473 1849 2529 fuisse

215 2570 416 2624 multis
442 2572 574 2622 ante
601 2569 812 2623 Pascha
833 2567 1054 2622 dierum
1081 2566 1525 2621 hebdomadibus
1549 2583 1756 2638 corpus
1774 2567 1850 2622 vi—

216 2664 372 2735 giliis
402 2666 459 2718 et
482 2662 681 2717 inediis
707 2662 1007 2733 plusquam
1050 2660 1302 2715 asceticis
1340 2677 1646 2727 macerare,
1677 2662 1850 2716 semel

215 2757 280 2811 in
319 2756 493 2811 biduo
521 2755 710 2810 cibum
752 2771 974 2826 capere,
1011 2753 1161 2822 vino,
1190 2769 1336 2825 pane
1363 2753 1596 2826 aliisque
1623 2753 1850 2808 cibariis

214 2850 448 2922 penitus
473 2849 828 2915 abstinuisse,
858 2847 1046 2902 herbis
1072 2852 1296 2902 tantum
1323 2847 1436 2903 sale
1463 2853 1519 2902 et
1541 2851 1697 2902 aceto
1723 2863 1851 2903 con-

213 2944 372 3011 ditis,
403 2947 570 3015 atque
587 2959 733 3015 aqua
757 2944 1109 2997 contentum.
1135 2942 1212 2996 De
1235 2942 1468 3013 egregio
1489 2945 1679 2996 autem
1700 2942 1852 2996 illius

212 3055 358 3109 erga
384 3037 552 3093 ﬁdem
582 3037 914 3092 catholicam
942 3036 1127 3091 studio
1163 3035 1459 3090 audiamus
1489 3036 1850 3106 Agathonem

214 3149 428 3204 papam
449 3148 514 3186 ex
543 3131 934 3202 episc0porum
957 3147 1093 3185 cxxv
1110 3129 1324 3200 synodo
1343 3129 1737 3185 testimonium
1764 3131 1847 3184 fe-
1873 3167 1923 3204 ρ

214 3233 444 3282 rentem
475 3244 487 3281 :
521 3249 547 3274 «
578 3228 645 3280 Et
663 3242 784 3297 pra:
813 3224 1094 3286 omnibus,
1129 3224 1330 3295 inquit,
1378 3225 1674 3278 aemulator
1705 3240 1852 3279 vera:

215 3321 542 3393 apostolicae
565 3320 696 3374 ﬁdei
728 3319 838 3391 piae
858 3318 1147 3373 memoriae
1170 3317 1516 3373 Justinianus
1542 3321 1850 3389 Augustus,

213 3417 384 3486 cujus
401 3413 529 3469 ﬁdei
544 3414 841 3482 rectitudo,
862 3417 1138 3485 quantum
1155 3428 1256 3483 pro
1273 3411 1486 3466 sincera
1504 3412 1855 3466 confessione

214 3515 338 3569 Deo
359 3512 588 3584 placuit,
609 3515 830 3567 tantum
857 3510 1270 3582 rempublicam
1301 3509 1685 3565 Christianam
1708 3510 1856 3565 exal-

215 3608 394 3674 tavit;
429 3611 486 3662 et
525 3622 702 3678 usque
732 3606 801 3660 ab
829 3605 1095 3660 omnibus
1133 3603 1394 3676 gentibus
1427 3603 1548 3674 ejus
1587 3603 1856 3674 religiosa

1949 1917 2040 1970 Gr.
2070 1917 2188 1970 Lat.
2218 1915 2433 1970 Concil.
2463 1920 2601 1969 tom.
2634 1917 2692 1984 V,
2724 1933 2780 1987 p.
2819 1917 2944 1971 264.
2986 1918 3232 1986 Epistola
3275 1918 3350 1971 ad
3390 1920 3581 1973 Patres

1951 2011 2164 2064 concilii
2189 2027 2217 2063 ν
2244 2011 2531 2079 generalis,
2581 2025 2733 2063 anno
2784 2013 2883 2064 553
2935 2011 3184 2080 scripta:
3223 2014 3406 2064 exstat
3461 2011 3577 2066 Lat.

1951 2103 2160 2158 Goncil.
2181 2108 2318 2158 tom.
2352 2105 2412 2172 V,
2441 2119 2572 2174 pag.
2605 2104 2728 2158 4l9.
2762 2106 3045 2159 Tractatus
3069 2107 3180 2159 sive
3215 2105 3448 2159 edictum
3473 2105 3578 2159 ad-

1950 2213 2131 2252 versus
2153 2199 2452 2268 Origenem,
2485 2202 2534 2252 et
2563 2212 2768 2251 errores
2800 2199 2932 2268 ejus,
2962 2199 3030 2252 ad
3053 2199 3311 2253 Mennam
3337 2199 3579 2270 patriar-

1950 2292 2115 2346 cham
2130 2290 2816 2361 Constantinopolitanum
2855 2309 3006 2346 anno
3036 2293 3159 2359 541,
3198 2292 3440 2346 missus:
3471 2309 3573 2346 ex-
3645 2302 3652 2310 '

1951 2384 2059 2434 stat
2095 2380 2306 2434 Concil.
2342 2381 2497 2434 Tom.
2530 2381 2591 2450 V,
2629 2397 2686 2451 p.
2729 2383 2853 2435 635.
2897 2382 3142 2452 Epistola
3187 2383 3260 2436 ad
3305 2382 3581 2449 Synodum

1951 2475 2618 2544 Constantinopolitanam,
2642 2491 2793 2528 anno
2820 2476 2913 2529 54l
2945 2492 2977 2529 a
2992 2476 3194 2529 Menna
3216 2475 3467 2529 habitam
3491 2475 3583 2530 ad-

1953 2585 2143 2621 versus
2169 2567 2477 2638 Origenem
2505 2572 2560 2622 et
2585 2572 2884 2623 sectatores
2910 2569 3062 2638 ejus:
3094 2569 3335 2623 habetur
3349 2569 3439 2622 Gr.
3462 2569 3580 2624 Lat.

1950 2662 2161 2718 Coucil.
2190 2665 2328 2715 tom.
2356 2662 2418 2727 V,
2461 2679 2593 2733 pag.
2637 2665 2760 2717 679.
2795 2665 3067 2730 Confessio
3094 2667 3251 2717 recta:
3299 2664 3426 2731 ﬁdei
3460 2665 3584 2732 (sive

1951 2757 2198 2812 Edictum
2224 2760 2411 2810 contra
2444 2759 2555 2810 tria
2584 2757 2861 2827 Capitula)
2894 2773 3046 2811 anno
3080 2758 3180 2811 545
3205 2756 3410 2827 scripta
3437 2773 3449 2810 :
3480 2772 3580 2810 ex-

1951 2853 2060 2904 stat
2089 2850 2183 2904 Gr.
2206 2850 2324 2904 Lat.
2357 2849 2565 2904 Concil.
2598 2853 2734 2904 tom.
2760 2851 2822 2917 V,
2851 2868 2908 2921 p.
2943 2851 3066 2905 684.
3096 2851 3339 2920 Epistola
3377 2850 3453 2904 ad
3470 2853 3580 2905 Pa-

1952 2948 2055 2998 tres
2078 2945 2274 3013 synodi
2295 2943 2921 3014 Coustantinopolitame,
2953 2960 3102 2998 anno
3130 2945 3231 2998 546
3253 2944 3452 2998 habitae
3476 2944 3580 2998 ad—

1950 3054 2130 3093 versus
2158 3040 2266 3092 tria
2293 3040 2546 3107 Capitula
2574 3056 2590 3091 :
2621 3040 2802 3092 exstat
2827 3039 2918 3093 Gr.
2953 3039 3069 3091 Lat.
3102 3037 3313 3094 Concil.
3343 3041 3482 3092 tom.
3516 3039 3580 3108 V,

1955 3151 2010 3204 p.
2033 3134 2156 3187 724.
2194 3133 2254 3186 In
2283 3131 2502 3202 scriptis
2524 3132 2678 3185 hisce
2701 3132 3101 3186 concinnandis
3128 3131 3174 3186 si
3201 3131 3370 3186 modo
3399 3132 3580 3186 Theo-

1955 3227 2216 3298 logorum
2259 3243 2493 3280 suorum
2535 3225 2767 3280 consilio
2811 3230 2980 3296 atque
3028 3225 3303 3280 industria
3339 3243 3468 3279 usus
3501 3230 3584 3279 est

1953 3320 2320 3386 Justinianus,
2353 3336 2457 3373 nec
2496 3337 2710 3374 novum
2735 3320 2810 3387 id,
2839 3336 2944 3374 nec
2973 3319 3180 3374 mirum
3209 3319 3472 3389 cuiquam
3496 3318 3579 3371 vi-

1956 3415 2076 3468 deri
2107 3414 2330 3483 debeat,
2364 3430 2468 3468 nec
2515 3414 2707 3467 minus
2744 3413 2948 3468 idcirco
2981 3413 3101 3466 haec
3142 3412 3374 3483 proprio
3410 3413 3584 3467 Marte

1955 3507 2240 3578 scripsisse
2263 3507 2535 3562 dicendus
2557 3506 2685 3560 erit.

283 3721 302 3735 ‘
320 3713 483 3778 Hujus
506 3713 712 3764 critices
736 3712 1021 3764 acrimonia
1033 3712 1300 3762 hominem
1317 3710 1660 3775 Anglicanum
1676 3710 1866 3774 prodit.
1900 3711 2155 3760 Caeterum
2175 3711 2427 3772 quatenus
2460 3708 2630 3756 Caveo
2663 3706 3054 3756 assentiendum
3075 3705 3160 3767 sit,
3181 3704 3382 3770 judicet
3417 3707 3583 3756 lector

719 3971 1736 4104 JUSTINIANI
1857 3968 3071 4099 IMPERATORIS

500 4165 1122 4327 NOVELLAl
1215 4165 1386 4325 Al)
1489 4164 2288 4383 REWM-
2372 4158 3294 4322 PEB’I‘INEN’I‘ES.

217 3776 478 3826 eruditus.
513 3778 657 3826 EDIT.

827 4449 1128 4504 NOVELLA
1171 4449 1257 4503 lll.

227 4565 295 4617 Ut
323 4560 712 4616 determinatus
756 4559 827 4612 sit
859 4573 1110 4612 numerus
1157 4557 1467 4610 clericorum
1505 4558 1856 4611 sanctissima

290 4630 518 4700 majoris
542 4631 787 4690 ecclesiae,
813 4644 981 4697 neque
1007 4644 1112 4682 non
1143 4632 1456 4682 extera—rum
1483 4629 1852 4700 sanctissima-

293 4699 419 4757 rum
446 4703 787 4758 ecclesiarum
814 4700 976 4767 hujus
1001 4700 1396 4766 angustissimae
1418 4699 1587 4754 urbis.

297 4830 615 4899 Imperator
639 4825 988 4882 Justinianus
1015 4826 1300 4896 Augustus
1333 4823 1651 4896 Epiphanio
1677 4824 1855 4896 regiae

219 4924 395 4995 hujus
427 4921 579 4976 urbis
619 4919 1059 4991 archiepiscopo,
1108 4922 1164 4972 et
1207 4917 1450 4973 universi
1495 4919 1615 4990 ejus
1648 4921 1855 4974 tractus

219 5016 586 5090 patriarchas.

293 5108 596 5166 Communi
616 5107 848 5181 quidem
863 5123 926 5160 ac
941 5105 1193 5177 generali
1214 5105 1343 5177 lege
1352 5105 1474 5178 jam
1499 5106 1723 5177 pridem
1740 5111 1856 5161 tam

219 5203 655 5272 beatitudinem,
703 5219 734 5256 ο
787 5199 1124 5272 patriarcha,
1170 5203 1348 5266 tuam,
1389 5217 1560 5272 quam
1606 5199 1856 5271 reliquos

220 5297 604 5355 sanctissimos
624 5295 976 5368 patriarchas
1000 5295 1070 5349 de
1098 5293 1454 5348 ordinatione
1481 5292 1855 5347 sanctissimo-

219 5410 354 5449 rum
370 5392 784 5463 episc0porum,
800 5392 855 5443 et
874 5386 1474 5443 reverendissimorum
1494 5385 1851 5456 clericorum,

223 5503 414 5558 neque
437 5501 550 5540 non
575 5483 900 5552 mulierum,
926 5485 982 5536 et
1019 5481 1407 5549 diaconorum,
1438 5483 1496 5535 et
1522 5496 1593 5534 ne
1621 5478 1852 5535 ordina-

217 5589 414 5638 torum
436 5595 708 5634 numerus
732 5580 986 5632 veterem
1009 5575 1243 5632 modum
1267 5574 1587 5641 excederet,
1615 5573 1854 5628 conscri-

223 5686 321 5753 pta
345 5677 726 5750 disposuimus
757 5692 1108 5748 quaecunque
1130 5673 1292 5729 nobis
1319 5673 1576 5739 honesta,
1609 5678 1663 5727 et
1685 5672 1852 5728 deco-

222 5793 305 5843 ra,
325 5773 609 5845 sacrisque
634 5771 850 5843 regulis
873 5769 1181 5826 conformia
1201 5785 1321 5823 esse
1339 5767 1694 5823 videbantur.
1710 5769 1856 5824 Prie-

225 5875 380 5926 terea
409 5883 542 5922 vero
585 5867 776 5939 legem
813 5864 1130 5936 specialiter
1153 5864 1221 5919 ad
1257 5861 1668 5919 beatitudinem
1699 5867 1854 5919 tuam

1873 4461 1933 4533 D
1958 4447 2276 4516 scribimus,
2311 4445 2640 4516 digerentes
2688 4443 2821 4498 item
2865 4443 2925 4497 in
2970 4442 3230 4497 ordinem
3266 4457 3332 4497 ea
3360 4457 3485 4512 quae
3511 4441 3582 4496 ad

1956 4556 2260 4596 numerum
2290 4537 2892 4595 reverendissimorum
2921 4536 3256 4591 clericorum
3274 4536 3335 4590 in
3361 4534 3466 4590 hac
3484 4551 3580 4590 ur-

1954 4635 2023 4690 be
2049 4635 2358 4706 pertinent.

2024 4731 2099 4784 Ac
2125 4746 2253 4784 cum
2279 4728 2417 4782 nihil
2445 4742 2590 4799 pene
2619 4743 2822 4782 eorum
2842 4742 2970 4797 quas
2997 4726 3237 4781 honesta
3262 4729 3319 4778 et
3347 4723 3585 4795 pulchra

1956 4828 2106 4894 sunt,
2131 4824 2176 4878 si
2201 4823 2435 4878 modum
2462 4821 2852 4893 egrediantur,
2884 4820 3099 4888 deceat,
3132 4836 3205 4874 ne
3236 4817 3587 4873 reverendis—

1955 4918 2124 4972 simos
2151 4918 2380 4988 quidem
2409 4916 2640 4971 clericos
2668 4920 2767 4970 aut
2791 4913 3288 4969 reverendissimas
3315 4911 3587 4966 diaconis-

1957 5029 2042 5067 sas
2066 5016 2149 5067 tot
2173 5010 2421 5067 ordinari
2438 5009 2752 5077 conveniat,
2783 5014 2844 5063 ut
2869 5008 2978 5062 illis
2998 5007 3212 5062 alendis
3239 5009 3587 5061 sacrosancta

1957 5106 2136 5177 major
2168 5105 2396 5162 ecclesia
2424 5105 2483 5160 in
2508 5103 2903 5159 necessitatam
2931 5101 3129 5172 magni
3155 5100 3282 5155 aeris
3308 5100 3478 5156 alieni
3505 5100 3588 5155 in-

1955 5200 2122 5265 cidat,
2151 5203 2207 5254 et
2231 5199 2301 5254 ad
2332 5202 2645 5254 extremam
2681 5195 2954 5268 paulatim
2983 5194 3236 5266 inopiam
3281 5194 3584 5250 deferatur.

1956 5289 2247 5361 Siquidem
2286 5292 2640 5360 compertum
2667 5287 2943 5341 habemus
2975 5288 3388 5340 sacrosanctam
3417 5285 3584 5355 hujus

1956 5389 2131 5461 regiae
2163 5388 2315 5444 urbis
2350 5387 2625 5458 majorem
2656 5385 2951 5441 ecclesiam
2997 5385 3174 5441 nostri
3203 5384 3432 5457 imperii
3459 5400 3581 5438 ma-

1955 5488 2122 5552 trem,
2152 5499 2253 5554 per
2281 5483 2423 5536 hanc
2457 5480 2805 5536 occasionem
2844 5485 2960 5535 tam
3007 5496 3215 5551 magno
3253 5478 3438 5533 alieno
3470 5491 3584 5529 aere

1955 5575 2279 5648 inquietari,
2299 5580 2361 5630 ut
2382 5575 2708 5646 singulatim
2736 5575 3165 5648 erogationesin
3187 5568 3586 5627 reverendissi-

1955 5688 2077 5726 mos
2097 5670 2325 5726 clericos
2349 5669 2514 5725 aliter
2539 5670 2722 5726 facere
2745 5675 3010 5741 nequeat,
3041 5667 3148 5720 nisi
3172 5665 3326 5736 prius
3346 5663 3585 5718 immen-

1955 5783 2075 5820 sam
2100 5765 2225 5821 auri
2255 5764 2368 5820 vim
2386 5764 2589 5837 partim
2611 5765 2712 5819 sub
2738 5762 3079 5834 obligatione
3106 5757 3578 5829 hypotecharum,

1957 5861 2161 5932 partim
2203 5859 2427 5918 datione
2470 5858 2776 5932 pignorum
2823 5858 2880 5912 iu
2934 5851 3407 5925 praestantissimis
3462 5852 3584 5924 ejus
