  <div class='ocr_page' id='page_1' title='image "/cluster/home/n/w/nwhite01/storage/ocr_20150623/72/hvd.32044054758768/467.png"; bbox 0 0 4054 6186; ppageno 0'>
   <div class='ocr_carea' id='block_1_1' title="bbox 368 290 566 364">
    <p class='ocr_par' dir='ltr' id='par_1_1' title="bbox 368 290 566 364">
     <span class='ocr_line' id='line_1_1' title="bbox 368 290 566 364; baseline 0.005 -1"><span class='ocrx_word' id='word_1_1' title='bbox 368 290 381 300; x_wconf 80' lang='grc'><strong>“</strong></span> <span class='ocrx_word' id='word_1_2' title='bbox 465 307 566 364; x_wconf 80' lang='lat'>923</span> 
     </span>
    </p>
   </div>
   <div class='ocr_carea' id='block_1_2' title="bbox 1581 303 2679 371">
    <p class='ocr_par' dir='ltr' id='par_1_2' title="bbox 1581 303 2679 371">
     <span class='ocr_line' id='line_1_2' title="bbox 1581 303 2679 371; baseline 0.003 -6"><span class='ocrx_word' id='word_1_3' title='bbox 1581 303 1860 366; x_wconf 40' lang='lat' dir='ltr'>&#39;SJSCULI</span> <span class='ocrx_word' id='word_1_4' title='bbox 1899 312 2088 368; x_wconf 87' lang='lat' dir='ltr'><strong>SEXTl</strong></span> <span class='ocrx_word' id='word_1_5' title='bbox 2127 313 2679 371; x_wconf 72' lang='lat' dir='ltr'>SUPPLEMENTUM.</span> 
     </span>
    </p>
   </div>
   <div class='ocr_carea' id='block_1_3' title="bbox 3724 317 3818 374">
    <p class='ocr_par' dir='ltr' id='par_1_3' title="bbox 3724 317 3818 374">
     <span class='ocr_line' id='line_1_3' title="bbox 3724 317 3818 374; baseline 0 0"><span class='ocrx_word' id='word_1_6' title='bbox 3724 317 3818 374; x_wconf 72' lang='grc'>924</span> 
     </span>
    </p>
   </div>
   <div class='ocr_carea' id='block_1_4' title="bbox 468 391 3821 512">
    <p class='ocr_par' dir='ltr' id='par_1_4' title="bbox 468 391 3821 512">
     <span class='ocr_line' id='line_1_4' title="bbox 468 391 3821 512; baseline 0.003 -35"><span class='ocrx_word' id='word_1_7' title='bbox 468 419 700 496; x_wconf 84' lang='lat' dir='ltr'>pradiis</span> <span class='ocrx_word' id='word_1_8' title='bbox 724 423 783 477; x_wconf 88' lang='lat' dir='ltr'>et</span> <span class='ocrx_word' id='word_1_9' title='bbox 813 418 1095 477; x_wconf 90' lang='lat' dir='ltr'>suburbiis</span> <span class='ocrx_word' id='word_1_10' title='bbox 1121 423 1322 475; x_wconf 90' lang='lat' dir='ltr'>mutuo</span> <span class='ocrx_word' id='word_1_11' title='bbox 1350 391 1634 477; x_wconf 76' lang='lat' dir='ltr'>desumat.</span> <span class='ocrx_word' id='word_1_12' title='bbox 1662 423 1742 478; x_wconf 88' lang='lat' dir='ltr'>Ea</span> <span class='ocrx_word' id='word_1_13' title='bbox 1766 426 2006 496; x_wconf 80' lang='lat' dir='ltr'>propter</span> <span class='ocrx_word' id='word_1_14' title='bbox 2023 423 2100 480; x_wconf 90' lang='lat' dir='ltr'>vi-</span> <span class='ocrx_word' id='word_1_15' title='bbox 2117 438 2178 512; x_wconf 74' lang='grc' dir='ltr'><strong>Α</strong></span> <span class='ocrx_word' id='word_1_16' title='bbox 2198 429 2256 482; x_wconf 90' lang='lat' dir='ltr'>et</span> <span class='ocrx_word' id='word_1_17' title='bbox 2275 427 2542 499; x_wconf 84' lang='lat' dir='ltr'>gloriosa</span> <span class='ocrx_word' id='word_1_18' title='bbox 2561 428 2797 500; x_wconf 82' lang='lat' dir='ltr'>virginis</span> <span class='ocrx_word' id='word_1_19' title='bbox 2813 428 3024 500; x_wconf 88' lang='lat' dir='ltr'>Deique</span> <span class='ocrx_word' id='word_1_20' title='bbox 3040 428 3336 499; x_wconf 67' lang='lat' dir='ltr'>genitricis</span> <span class='ocrx_word' id='word_1_21' title='bbox 3352 429 3539 486; x_wconf 82' lang='lat' dir='ltr'>Maria</span> <span class='ocrx_word' id='word_1_22' title='bbox 3553 430 3616 485; x_wconf 91' lang='lat' dir='ltr'>in</span> <span class='ocrx_word' id='word_1_23' title='bbox 3631 431 3821 487; x_wconf 78' lang='lat' dir='ltr'>vicinia</span> 
     </span>
    </p>
   </div>
   <div class='ocr_carea' id='block_1_5' title="bbox 469 515 2100 588">
    <p class='ocr_par' dir='ltr' id='par_1_5' title="bbox 469 515 2100 588">
     <span class='ocr_line' id='line_1_5' title="bbox 469 515 2100 588; baseline 0.002 -17"><span class='ocrx_word' id='word_1_24' title='bbox 469 533 595 573; x_wconf 88' lang='lat' dir='ltr'>sum</span> <span class='ocrx_word' id='word_1_25' title='bbox 625 517 792 576; x_wconf 79' lang='lat' dir='ltr'>nobis,</span> <span class='ocrx_word' id='word_1_26' title='bbox 817 523 920 586; x_wconf 88' lang='lat' dir='ltr'>est,</span> <span class='ocrx_word' id='word_1_27' title='bbox 950 515 1102 588; x_wconf 86' lang='lat' dir='ltr'>ipsos</span> <span class='ocrx_word' id='word_1_28' title='bbox 1121 530 1224 570; x_wconf 89' lang='lat' dir='ltr'>nos</span> <span class='ocrx_word' id='word_1_29' title='bbox 1245 515 1319 569; x_wconf 89' lang='lat' dir='ltr'>ad</span> <span class='ocrx_word' id='word_1_30' title='bbox 1346 530 1530 570; x_wconf 88' lang='lat' dir='ltr'>causa</span> <span class='ocrx_word' id='word_1_31' title='bbox 1549 515 1984 588; x_wconf 76' lang='lat' dir='ltr'>inquisitionem</span> <span class='ocrx_word' id='word_1_32' title='bbox 2005 517 2100 574; x_wconf 87' lang='lat' dir='ltr'>de-</span> 
     </span>
    </p>
   </div>
   <div class='ocr_carea' id='block_1_6' title="bbox 467 609 2094 681">
    <p class='ocr_par' dir='ltr' id='par_1_6' title="bbox 467 609 2094 681">
     <span class='ocr_line' id='line_1_6' title="bbox 467 609 2094 681; baseline -0.001 -14"><span class='ocrx_word' id='word_1_33' title='bbox 467 611 719 680; x_wconf 81' lang='lat' dir='ltr'>mittere,</span> <span class='ocrx_word' id='word_1_34' title='bbox 743 628 807 665; x_wconf 92' lang='lat' dir='ltr'>ac</span> <span class='ocrx_word' id='word_1_35' title='bbox 827 609 1171 681; x_wconf 86' lang='lat' dir='ltr'>perdiscere,</span> <span class='ocrx_word' id='word_1_36' title='bbox 1192 625 1304 680; x_wconf 86' lang='lat' dir='ltr'>quo</span> <span class='ocrx_word' id='word_1_37' title='bbox 1331 627 1390 663; x_wconf 91' lang='lat' dir='ltr'>se</span> <span class='ocrx_word' id='word_1_38' title='bbox 1422 610 1596 665; x_wconf 90' lang='lat' dir='ltr'>modo</span> <span class='ocrx_word' id='word_1_39' title='bbox 1621 610 1784 666; x_wconf 91' lang='lat' dir='ltr'>initio</span> <span class='ocrx_word' id='word_1_40' title='bbox 1809 611 2094 680; x_wconf 82' lang='lat' dir='ltr'>habuerit,</span> 
     </span>
    </p>
   </div>
   <div class='ocr_carea' id='block_1_7' title="bbox 467 699 2097 778">
    <p class='ocr_par' dir='ltr' id='par_1_7' title="bbox 467 699 2097 778">
     <span class='ocr_line' id='line_1_7' title="bbox 467 699 2097 778; baseline 0 -18"><span class='ocrx_word' id='word_1_41' title='bbox 467 703 672 778; x_wconf 85' lang='lat' dir='ltr'>quidve</span> <span class='ocrx_word' id='word_1_42' title='bbox 693 707 894 776; x_wconf 89' lang='lat' dir='ltr'>postea</span> <span class='ocrx_word' id='word_1_43' title='bbox 911 706 1243 776; x_wconf 85' lang='lat' dir='ltr'>temporum</span> <span class='ocrx_word' id='word_1_44' title='bbox 1265 703 1439 758; x_wconf 90' lang='lat' dir='ltr'>series</span> <span class='ocrx_word' id='word_1_45' title='bbox 1453 699 1830 760; x_wconf 67' lang='lat' dir='ltr'>a&#39;dinvenerit.</span> <span class='ocrx_word' id='word_1_46' title='bbox 1845 707 1920 759; x_wconf 88' lang='lat' dir='ltr'>Ex</span> <span class='ocrx_word' id='word_1_47' title='bbox 1935 705 2097 761; x_wconf 92' lang='lat' dir='ltr'>omni</span> 
     </span>
    </p>
   </div>
   <div class='ocr_carea' id='block_1_8' title="bbox 465 795 2097 871">
    <p class='ocr_par' dir='ltr' id='par_1_8' title="bbox 465 795 2097 871">
     <span class='ocr_line' id='line_1_8' title="bbox 465 795 2097 871; baseline 0.001 -17"><span class='ocrx_word' id='word_1_48' title='bbox 465 799 642 870; x_wconf 77' lang='lat' dir='ltr'>igitur</span> <span class='ocrx_word' id='word_1_49' title='bbox 650 800 813 869; x_wconf 89' lang='lat' dir='ltr'>parte</span> <span class='ocrx_word' id='word_1_50' title='bbox 827 814 896 852; x_wconf 92' lang='lat' dir='ltr'>ea</span> <span class='ocrx_word' id='word_1_51' title='bbox 906 795 1878 870; x_wconf 88' lang='lat' dir='ltr'>pervcstigantes,deprehendimus</span> <span class='ocrx_word' id='word_1_52' title='bbox 1889 815 1988 855; x_wconf 87' lang='lat' dir='ltr'>eos</span> <span class='ocrx_word' id='word_1_53' title='bbox 2001 799 2097 871; x_wconf 91' lang='lat' dir='ltr'>qui</span> 
     </span>
    </p>
   </div>
   <div class='ocr_carea' id='block_1_9' title="bbox 465 891 2097 963">
    <p class='ocr_par' dir='ltr' id='par_1_9' title="bbox 465 891 2097 963">
     <span class='ocr_line' id='line_1_9' title="bbox 465 891 2097 963; baseline 0.001 -17"><span class='ocrx_word' id='word_1_54' title='bbox 465 894 886 948; x_wconf 77' lang='lat' dir='ltr'>sacrosanctam</span> <span class='ocrx_word' id='word_1_55' title='bbox 917 891 1170 963; x_wconf 85' lang='lat' dir='ltr'>aliquam</span> <span class='ocrx_word' id='word_1_56' title='bbox 1199 891 1494 946; x_wconf 84' lang='lat' dir='ltr'>ecclesiam</span> <span class='ocrx_word' id='word_1_57' title='bbox 1531 891 1591 946; x_wconf 91' lang='lat' dir='ltr'>in</span> <span class='ocrx_word' id='word_1_58' title='bbox 1625 893 1733 948; x_wconf 90' lang='lat' dir='ltr'>hac</span> <span class='ocrx_word' id='word_1_59' title='bbox 1767 895 1923 948; x_wconf 87' lang='lat' dir='ltr'>alma</span> <span class='ocrx_word' id='word_1_60' title='bbox 1957 893 2097 948; x_wconf 89' lang='lat' dir='ltr'>urbe</span> 
     </span>
    </p>
   </div>
   <div class='ocr_carea' id='block_1_10' title="bbox 467 985 2097 1058">
    <p class='ocr_par' dir='ltr' id='par_1_10' title="bbox 467 985 2097 1058">
     <span class='ocr_line' id='line_1_10' title="bbox 467 985 2097 1058; baseline 0.001 -19"><span class='ocrx_word' id='word_1_61' title='bbox 467 985 908 1053; x_wconf 80' lang='lat' dir='ltr'>exadiﬁcarunt,</span> <span class='ocrx_word' id='word_1_62' title='bbox 939 1001 1056 1040; x_wconf 91' lang='lat' dir='ltr'>non</span> <span class='ocrx_word' id='word_1_63' title='bbox 1077 985 1260 1040; x_wconf 90' lang='lat' dir='ltr'>solum</span> <span class='ocrx_word' id='word_1_64' title='bbox 1280 1001 1477 1040; x_wconf 89' lang='lat' dir='ltr'>curam</span> <span class='ocrx_word' id='word_1_65' title='bbox 1503 985 1726 1040; x_wconf 74' lang='lat' dir='ltr'>aediﬁcii</span> <span class='ocrx_word' id='word_1_66' title='bbox 1757 987 1962 1058; x_wconf 84' lang='lat' dir='ltr'>egisse,</span> <span class='ocrx_word' id='word_1_67' title='bbox 1997 987 2097 1042; x_wconf 90' lang='lat' dir='ltr'>sed</span> 
     </span>
    </p>
   </div>
   <div class='ocr_carea' id='block_1_11' title="bbox 467 1079 2100 1151">
    <p class='ocr_par' dir='ltr' id='par_1_11' title="bbox 467 1079 2100 1151">
     <span class='ocr_line' id='line_1_11' title="bbox 467 1079 2100 1151; baseline 0.001 -17"><span class='ocrx_word' id='word_1_68' title='bbox 467 1079 642 1134; x_wconf 88' lang='lat' dir='ltr'>etiam</span> <span class='ocrx_word' id='word_1_69' title='bbox 673 1082 736 1134; x_wconf 93' lang='lat' dir='ltr'>ut</span> <span class='ocrx_word' id='word_1_70' title='bbox 753 1079 928 1134; x_wconf 88' lang='lat' dir='ltr'>sacris</span> <span class='ocrx_word' id='word_1_71' title='bbox 957 1079 1194 1147; x_wconf 83' lang='lat' dir='ltr'>adibus,</span> <span class='ocrx_word' id='word_1_72' title='bbox 1226 1096 1364 1151; x_wconf 88' lang='lat' dir='ltr'>quas</span> <span class='ocrx_word' id='word_1_73' title='bbox 1390 1079 1498 1151; x_wconf 82' lang='lat' dir='ltr'>ipsi</span> <span class='ocrx_word' id='word_1_74' title='bbox 1525 1079 1922 1148; x_wconf 82' lang='lat' dir='ltr'>instituissent,</span> <span class='ocrx_word' id='word_1_75' title='bbox 1949 1081 2100 1136; x_wconf 84' lang='lat' dir='ltr'>sufﬁ-</span> 
     </span>
    </p>
   </div>
   <div class='ocr_carea' id='block_1_12' title="bbox 465 1173 2101 1248">
    <p class='ocr_par' dir='ltr' id='par_1_12' title="bbox 465 1173 2101 1248">
     <span class='ocr_line' id='line_1_12' title="bbox 465 1173 2101 1248; baseline 0.001 -20"><span class='ocrx_word' id='word_1_76' title='bbox 465 1175 622 1228; x_wconf 87' lang='lat' dir='ltr'>ciens</span> <span class='ocrx_word' id='word_1_77' title='bbox 647 1174 905 1245; x_wconf 87' lang='lat' dir='ltr'>erogatio</span> <span class='ocrx_word' id='word_1_78' title='bbox 931 1176 1282 1246; x_wconf 87' lang='lat' dir='ltr'>suppeteret,</span> <span class='ocrx_word' id='word_1_79' title='bbox 1310 1177 1482 1245; x_wconf 92' lang='lat' dir='ltr'>utque</span> <span class='ocrx_word' id='word_1_80' title='bbox 1505 1173 1812 1229; x_wconf 88' lang='lat' dir='ltr'>deﬁnirent</span> <span class='ocrx_word' id='word_1_81' title='bbox 1831 1179 1969 1248; x_wconf 91' lang='lat' dir='ltr'>quot</span> <span class='ocrx_word' id='word_1_82' title='bbox 1998 1191 2101 1247; x_wconf 89' lang='lat' dir='ltr'>per</span> 
     </span>
    </p>
   </div>
   <div class='ocr_carea' id='block_1_13' title="bbox 466 1267 2100 1340">
    <p class='ocr_par' dir='ltr' id='par_1_13' title="bbox 466 1267 2100 1340">
     <span class='ocr_line' id='line_1_13' title="bbox 466 1267 2100 1340; baseline 0.002 -19"><span class='ocrx_word' id='word_1_83' title='bbox 466 1268 548 1322; x_wconf 81' lang='lat' dir='ltr'>sin</span> <span class='ocrx_word' id='word_1_84' title='bbox 557 1268 718 1340; x_wconf 89' lang='lat' dir='ltr'>gulas</span> <span class='ocrx_word' id='word_1_85' title='bbox 729 1267 941 1322; x_wconf 89' lang='lat' dir='ltr'>versari</span> <span class='ocrx_word' id='word_1_86' title='bbox 953 1267 1216 1322; x_wconf 80' lang='lat' dir='ltr'>ecclesias</span> <span class='ocrx_word' id='word_1_87' title='bbox 1228 1267 1592 1339; x_wconf 89' lang='lat' dir='ltr'>presbyteros</span> <span class='ocrx_word' id='word_1_88' title='bbox 1603 1267 2100 1340; x_wconf 89' lang='lat' dir='ltr'>conveniret,quot</span> 
     </span>
    </p>
   </div>
   <div class='ocr_carea' id='block_1_14' title="bbox 467 1359 2096 1433">
    <p class='ocr_par' dir='ltr' id='par_1_14' title="bbox 467 1359 2096 1433">
     <span class='ocr_line' id='line_1_14' title="bbox 467 1359 2096 1433; baseline 0.001 -17"><span class='ocrx_word' id='word_1_89' title='bbox 467 1363 741 1418; x_wconf 83' lang='lat' dir='ltr'>diaconos</span> <span class='ocrx_word' id='word_1_90' title='bbox 773 1363 856 1416; x_wconf 83' lang='lat' dir='ltr'>vel</span> <span class='ocrx_word' id='word_1_91' title='bbox 881 1377 1072 1416; x_wconf 90' lang='lat' dir='ltr'>mares</span> <span class='ocrx_word' id='word_1_92' title='bbox 1093 1361 1180 1415; x_wconf 87' lang='lat' dir='ltr'>vel</span> <span class='ocrx_word' id='word_1_93' title='bbox 1211 1359 1477 1430; x_wconf 83' lang='lat' dir='ltr'>feminas,</span> <span class='ocrx_word' id='word_1_94' title='bbox 1510 1365 1652 1433; x_wconf 89' lang='lat' dir='ltr'>quot</span> <span class='ocrx_word' id='word_1_95' title='bbox 1700 1361 2096 1431; x_wconf 88' lang='lat' dir='ltr'>subdiaconos,</span> 
     </span>
    </p>
   </div>
   <div class='ocr_carea' id='block_1_15' title="bbox 468 1454 2099 1523">
    <p class='ocr_par' dir='ltr' id='par_1_15' title="bbox 468 1454 2099 1523">
     <span class='ocr_line' id='line_1_15' title="bbox 468 1454 2099 1523; baseline 0.001 -13"><span class='ocrx_word' id='word_1_96' title='bbox 468 1459 525 1510; x_wconf 86' lang='lat' dir='ltr'>et</span> <span class='ocrx_word' id='word_1_97' title='bbox 565 1456 702 1510; x_wconf 89' lang='lat' dir='ltr'>item</span> <span class='ocrx_word' id='word_1_98' title='bbox 737 1459 998 1510; x_wconf 90' lang='lat' dir='ltr'>cantores</span> <span class='ocrx_word' id='word_1_99' title='bbox 1034 1454 1201 1510; x_wconf 88' lang='lat' dir='ltr'>simul</span> <span class='ocrx_word' id='word_1_100' title='bbox 1241 1459 1298 1510; x_wconf 92' lang='lat' dir='ltr'>et</span> <span class='ocrx_word' id='word_1_101' title='bbox 1323 1455 1586 1523; x_wconf 88' lang='lat' dir='ltr'>lectores,</span> <span class='ocrx_word' id='word_1_102' title='bbox 1618 1458 1676 1509; x_wconf 88' lang='lat' dir='ltr'>et</span> <span class='ocrx_word' id='word_1_103' title='bbox 1703 1455 1992 1523; x_wconf 86' lang='lat' dir='ltr'>ostiarios;</span> <span class='ocrx_word' id='word_1_104' title='bbox 2027 1456 2099 1511; x_wconf 92' lang='lat' dir='ltr'>ad</span> 
     </span>
    </p>
   </div>
   <div class='ocr_carea' id='block_1_16' title="bbox 463 1549 2100 1621">
    <p class='ocr_par' dir='ltr' id='par_1_16' title="bbox 463 1549 2100 1621">
     <span class='ocr_line' id='line_1_16' title="bbox 463 1549 2100 1621; baseline 0 -16"><span class='ocrx_word' id='word_1_105' title='bbox 463 1551 588 1606; x_wconf 85' lang='lat' dir='ltr'>hac</span> <span class='ocrx_word' id='word_1_106' title='bbox 606 1549 744 1604; x_wconf 79' lang='lat' dir='ltr'>adis</span> <span class='ocrx_word' id='word_1_107' title='bbox 766 1553 1060 1621; x_wconf 88' lang='lat' dir='ltr'>sumptum</span> <span class='ocrx_word' id='word_1_108' title='bbox 1082 1549 1516 1616; x_wconf 87' lang='lat' dir='ltr'>determinasse,</span> <span class='ocrx_word' id='word_1_109' title='bbox 1530 1549 1802 1621; x_wconf 88' lang='lat' dir='ltr'>adjecisse</span> <span class='ocrx_word' id='word_1_110' title='bbox 1815 1552 2100 1620; x_wconf 83' lang='lat' dir='ltr'>praterea</span> 
     </span>
    </p>
   </div>
   <div class='ocr_carea' id='block_1_17' title="bbox 467 1643 2093 1715">
    <p class='ocr_par' dir='ltr' id='par_1_17' title="bbox 467 1643 2093 1715">
     <span class='ocr_line' id='line_1_17' title="bbox 467 1643 2093 1715; baseline 0 -17"><span class='ocrx_word' id='word_1_111' title='bbox 467 1643 780 1715; x_wconf 88' lang='lat' dir='ltr'>peculiares</span> <span class='ocrx_word' id='word_1_112' title='bbox 794 1643 1030 1712; x_wconf 90' lang='lat' dir='ltr'>reditus,</span> <span class='ocrx_word' id='word_1_113' title='bbox 1047 1643 1143 1715; x_wconf 88' lang='lat' dir='ltr'>qui</span> <span class='ocrx_word' id='word_1_114' title='bbox 1165 1643 1424 1698; x_wconf 89' lang='lat' dir='ltr'>instituto</span> <span class='ocrx_word' id='word_1_115' title='bbox 1445 1643 1576 1698; x_wconf 90' lang='lat' dir='ltr'>huic</span> <span class='ocrx_word' id='word_1_116' title='bbox 1595 1659 1699 1698; x_wconf 89' lang='lat' dir='ltr'>suo</span> <span class='ocrx_word' id='word_1_117' title='bbox 1720 1643 1854 1697; x_wconf 89' lang='lat' dir='ltr'>satis</span> <span class='ocrx_word' id='word_1_118' title='bbox 1873 1647 2093 1713; x_wconf 88' lang='lat' dir='ltr'>essent;</span> 
     </span>
    </p>
   </div>
   <div class='ocr_carea' id='block_1_18' title="bbox 467 1735 2095 1808">
    <p class='ocr_par' dir='ltr' id='par_1_18' title="bbox 467 1735 2095 1808">
     <span class='ocr_line' id='line_1_18' title="bbox 467 1735 2095 1808; baseline -0.001 -16"><span class='ocrx_word' id='word_1_119' title='bbox 467 1753 654 1808; x_wconf 83' lang='lat' dir='ltr'>neque</span> <span class='ocrx_word' id='word_1_120' title='bbox 692 1736 1121 1792; x_wconf 88' lang='lat' dir='ltr'>multitudinem</span> <span class='ocrx_word' id='word_1_121' title='bbox 1163 1736 1414 1808; x_wconf 85' lang='lat' dir='ltr'>aliquam</span> <span class='ocrx_word' id='word_1_122' title='bbox 1439 1736 1742 1808; x_wconf 87' lang='lat' dir='ltr'>adjectam,</span> <span class='ocrx_word' id='word_1_123' title='bbox 1771 1735 1862 1791; x_wconf 92' lang='lat' dir='ltr'>cui</span> <span class='ocrx_word' id='word_1_124' title='bbox 1891 1735 2095 1790; x_wconf 84' lang='lat' dir='ltr'>exinde</span> 
     </span>
    </p>
   </div>
   <div class='ocr_carea' id='block_1_19' title="bbox 2199 521 3819 598">
    <p class='ocr_par' dir='ltr' id='par_1_19' title="bbox 2199 521 3819 598">
     <span class='ocr_line' id='line_1_19' title="bbox 2199 521 3819 598; baseline 0.004 -24"><span class='ocrx_word' id='word_1_125' title='bbox 2199 524 2574 597; x_wconf 78' lang='lat' dir='ltr'>sacrosancta</span> <span class='ocrx_word' id='word_1_126' title='bbox 2625 521 2864 593; x_wconf 89' lang='lat' dir='ltr'>majoris</span> <span class='ocrx_word' id='word_1_127' title='bbox 2895 522 3149 578; x_wconf 81' lang='lat' dir='ltr'>ecclesia.</span> <span class='ocrx_word' id='word_1_128' title='bbox 3187 523 3392 595; x_wconf 88' lang='lat' dir='ltr'>posita,</span> <span class='ocrx_word' id='word_1_129' title='bbox 3438 523 3513 580; x_wconf 87' lang='lat' dir='ltr'>ab</span> <span class='ocrx_word' id='word_1_130' title='bbox 3553 525 3690 597; x_wconf 75' lang='lat' dir='ltr'>ipsa</span> <span class='ocrx_word' id='word_1_131' title='bbox 3718 525 3819 598; x_wconf 76' lang='lat' dir='ltr'>pia</span> 
     </span>
    </p>
   </div>
   <div class='ocr_carea' id='block_1_20' title="bbox 2199 615 3822 690">
    <p class='ocr_par' dir='ltr' id='par_1_20' title="bbox 2199 615 3822 690">
     <span class='ocr_line' id='line_1_20' title="bbox 2199 615 3822 690; baseline 0.004 -21"><span class='ocrx_word' id='word_1_132' title='bbox 2199 615 2494 671; x_wconf 86' lang='lat' dir='ltr'>memoria</span> <span class='ocrx_word' id='word_1_133' title='bbox 2511 615 2719 671; x_wconf 90' lang='lat' dir='ltr'>Verina</span> <span class='ocrx_word' id='word_1_134' title='bbox 2737 615 2907 688; x_wconf 81' lang='lat' dir='ltr'>capit</span> <span class='ocrx_word' id='word_1_135' title='bbox 2927 616 3158 684; x_wconf 85' lang='lat' dir='ltr'>exstrui,</span> <span class='ocrx_word' id='word_1_136' title='bbox 3177 617 3318 672; x_wconf 86' lang='lat' dir='ltr'>item</span> <span class='ocrx_word' id='word_1_137' title='bbox 3341 618 3822 690; x_wconf 86' lang='lat' dir='ltr'>religiosadomus</span> 
     </span>
    </p>
   </div>
   <div class='ocr_carea' id='block_1_21' title="bbox 2198 709 3817 783">
    <p class='ocr_par' dir='ltr' id='par_1_21' title="bbox 2198 709 3817 783">
     <span class='ocr_line' id='line_1_21' title="bbox 2198 709 3817 783; baseline 0.004 -21"><span class='ocrx_word' id='word_1_138' title='bbox 2198 709 2378 762; x_wconf 88' lang='lat' dir='ltr'>sancti</span> <span class='ocrx_word' id='word_1_139' title='bbox 2411 709 2679 780; x_wconf 83' lang='lat' dir='ltr'>martyris</span> <span class='ocrx_word' id='word_1_140' title='bbox 2715 709 3002 765; x_wconf 89' lang='lat' dir='ltr'>Theodori</span> <span class='ocrx_word' id='word_1_141' title='bbox 3033 727 3066 766; x_wconf 91' lang='lat' dir='ltr'>a</span> <span class='ocrx_word' id='word_1_142' title='bbox 3099 710 3378 782; x_wconf 90' lang='lat' dir='ltr'>Sphracio</span> <span class='ocrx_word' id='word_1_143' title='bbox 3411 711 3677 783; x_wconf 86' lang='lat' dir='ltr'>gloriosa</span> <span class='ocrx_word' id='word_1_144' title='bbox 3706 729 3817 769; x_wconf 88' lang='lat' dir='ltr'>me-</span> 
     </span>
    </p>
   </div>
   <div class='ocr_carea' id='block_1_22' title="bbox 2197 801 3821 871">
    <p class='ocr_par' dir='ltr' id='par_1_22' title="bbox 2197 801 3821 871">
     <span class='ocr_line' id='line_1_22' title="bbox 2197 801 3821 871; baseline 0.004 -15"><span class='ocrx_word' id='word_1_145' title='bbox 2197 801 2396 856; x_wconf 88' lang='lat' dir='ltr'>moria</span> <span class='ocrx_word' id='word_1_146' title='bbox 2409 806 2758 871; x_wconf 87' lang='lat' dir='ltr'>consecrata,</span> <span class='ocrx_word' id='word_1_147' title='bbox 2777 808 2836 858; x_wconf 92' lang='lat' dir='ltr'>et</span> <span class='ocrx_word' id='word_1_148' title='bbox 2851 803 3179 858; x_wconf 86' lang='lat' dir='ltr'>veneranda</span> <span class='ocrx_word' id='word_1_149' title='bbox 3191 803 3398 860; x_wconf 90' lang='lat' dir='ltr'>domus</span> <span class='ocrx_word' id='word_1_150' title='bbox 3409 810 3624 862; x_wconf 84' lang='lat' dir='ltr'>sancta</span> <span class='ocrx_word' id='word_1_151' title='bbox 3645 808 3821 863; x_wconf 78' lang='lat' dir='ltr'>[renes</span> 
     </span>
    </p>
   </div>
   <div class='ocr_carea' id='block_1_23' title="bbox 2199 895 3820 972">
    <p class='ocr_par' dir='ltr' id='par_1_23' title="bbox 2199 895 3820 972">
     <span class='ocr_line' id='line_1_23' title="bbox 2199 895 3820 972; baseline 0.004 -23"><span class='ocrx_word' id='word_1_152' title='bbox 2199 899 2574 950; x_wconf 81' lang='lat' dir='ltr'>sacrosanctae</span> <span class='ocrx_word' id='word_1_153' title='bbox 2605 897 2814 968; x_wconf 89' lang='lat' dir='ltr'>majori</span> <span class='ocrx_word' id='word_1_154' title='bbox 2834 895 3089 952; x_wconf 80' lang='lat' dir='ltr'>ecclesia</span> <span class='ocrx_word' id='word_1_155' title='bbox 3115 899 3380 969; x_wconf 79' lang='lat' dir='ltr'>capulata</span> <span class='ocrx_word' id='word_1_156' title='bbox 3399 899 3528 967; x_wconf 86' lang='lat' dir='ltr'>fuit,</span> <span class='ocrx_word' id='word_1_157' title='bbox 3571 899 3820 972; x_wconf 80' lang='lat' dir='ltr'>redigere</span> 
     </span>
    </p>
   </div>
   <div class='ocr_carea' id='block_1_24' title="bbox 2199 989 3820 1064">
    <p class='ocr_par' dir='ltr' id='par_1_24' title="bbox 2199 989 3820 1064">
     <span class='ocr_line' id='line_1_24' title="bbox 2199 989 3820 1064; baseline 0.003 -21"><span class='ocrx_word' id='word_1_158' title='bbox 2199 989 2369 1060; x_wconf 89' lang='lat' dir='ltr'>plane</span> <span class='ocrx_word' id='word_1_159' title='bbox 2389 1005 2697 1044; x_wconf 89' lang='lat' dir='ltr'>numerum</span> <span class='ocrx_word' id='word_1_160' title='bbox 2718 990 2790 1046; x_wconf 92' lang='lat' dir='ltr'>ad</span> <span class='ocrx_word' id='word_1_161' title='bbox 2814 994 3068 1045; x_wconf 83' lang='lat' dir='ltr'>veterem</span> <span class='ocrx_word' id='word_1_162' title='bbox 3085 991 3332 1046; x_wconf 88' lang='lat' dir='ltr'>formam</span> <span class='ocrx_word' id='word_1_163' title='bbox 3351 991 3708 1064; x_wconf 82' lang='lat' dir='ltr'>impossibile</span> <span class='ocrx_word' id='word_1_164' title='bbox 3729 995 3820 1048; x_wconf 85' lang='lat' dir='ltr'>est.</span> 
     </span>
    </p>
   </div>
   <div class='ocr_carea' id='block_1_25' title="bbox 2199 1082 3827 1158">
    <p class='ocr_par' dir='ltr' id='par_1_25' title="bbox 2199 1082 3827 1158">
     <span class='ocr_line' id='line_1_25' title="bbox 2199 1082 3827 1158; baseline 0.004 -22"><span class='ocrx_word' id='word_1_165' title='bbox 2199 1083 2394 1154; x_wconf 89' lang='lat' dir='ltr'>Neque</span> <span class='ocrx_word' id='word_1_166' title='bbox 2421 1082 2578 1138; x_wconf 90' lang='lat' dir='ltr'>enim</span> <span class='ocrx_word' id='word_1_167' title='bbox 2603 1083 2870 1138; x_wconf 91' lang='lat' dir='ltr'>totsimul</span> <span class='ocrx_word' id='word_1_168' title='bbox 2899 1083 3155 1139; x_wconf 91' lang='lat' dir='ltr'>ecclesiis</span> <span class='ocrx_word' id='word_1_169' title='bbox 3177 1085 3341 1156; x_wconf 90' lang='lat' dir='ltr'>pauci</span> <span class='ocrx_word' id='word_1_170' title='bbox 3359 1085 3599 1158; x_wconf 88' lang='lat' dir='ltr'>quidem</span> <span class='ocrx_word' id='word_1_171' title='bbox 3616 1087 3827 1142; x_wconf 80' lang='lat' dir='ltr'>sufﬁce-</span> 
     </span>
    </p>
   </div>
   <div class='ocr_carea' id='block_1_26' title="bbox 2198 1175 3826 1248">
    <p class='ocr_par' dir='ltr' id='par_1_26' title="bbox 2198 1175 3826 1248">
     <span class='ocr_line' id='line_1_26' title="bbox 2198 1175 3826 1248; baseline 0.004 -19"><span class='ocrx_word' id='word_1_172' title='bbox 2198 1191 2264 1230; x_wconf 91' lang='lat' dir='ltr'>re</span> <span class='ocrx_word' id='word_1_173' title='bbox 2277 1175 2517 1248; x_wconf 85' lang='lat' dir='ltr'>possint,</span> <span class='ocrx_word' id='word_1_174' title='bbox 2541 1176 3017 1248; x_wconf 87' lang='lat' dir='ltr'>quandoquidem</span> <span class='ocrx_word' id='word_1_175' title='bbox 3034 1177 3191 1234; x_wconf 90' lang='lat' dir='ltr'>nulla</span> <span class='ocrx_word' id='word_1_176' title='bbox 3211 1177 3419 1234; x_wconf 89' lang='lat' dir='ltr'>harum</span> <span class='ocrx_word' id='word_1_177' title='bbox 3432 1179 3612 1234; x_wconf 89' lang='lat' dir='ltr'>trium</span> <span class='ocrx_word' id='word_1_178' title='bbox 3624 1179 3826 1236; x_wconf 85' lang='lat' dir='ltr'>adium</span> 
     </span>
    </p>
   </div>
   <div class='ocr_carea' id='block_1_27' title="bbox 2199 1269 3829 1344">
    <p class='ocr_par' dir='ltr' id='par_1_27' title="bbox 2199 1269 3829 1344">
     <span class='ocr_line' id='line_1_27' title="bbox 2199 1269 3829 1344; baseline 0.003 -20"><span class='ocrx_word' id='word_1_179' title='bbox 2199 1269 2518 1340; x_wconf 89' lang='lat' dir='ltr'>peculiares</span> <span class='ocrx_word' id='word_1_180' title='bbox 2560 1270 2795 1326; x_wconf 90' lang='lat' dir='ltr'>clericos</span> <span class='ocrx_word' id='word_1_181' title='bbox 2851 1269 3082 1339; x_wconf 91' lang='lat' dir='ltr'>habeat,</span> <span class='ocrx_word' id='word_1_182' title='bbox 3129 1271 3230 1327; x_wconf 89' lang='lat' dir='ltr'>sed</span> <span class='ocrx_word' id='word_1_183' title='bbox 3269 1289 3387 1344; x_wconf 83' lang='lat' dir='ltr'>pro</span> <span class='ocrx_word' id='word_1_184' title='bbox 3421 1273 3829 1329; x_wconf 83' lang='lat' dir='ltr'>communibus</span> 
     </span>
    </p>
   </div>
   <div class='ocr_carea' id='block_1_28' title="bbox 2199 1363 3827 1443">
    <p class='ocr_par' dir='ltr' id='par_1_28' title="bbox 2199 1363 3827 1443">
     <span class='ocr_line' id='line_1_28' title="bbox 2199 1363 3827 1443; baseline 0.003 -26"><span class='ocrx_word' id='word_1_185' title='bbox 2199 1366 2394 1418; x_wconf 85' lang='lat' dir='ltr'>utatur</span> <span class='ocrx_word' id='word_1_186' title='bbox 2427 1363 2496 1418; x_wconf 93' lang='lat' dir='ltr'>iis</span> <span class='ocrx_word' id='word_1_187' title='bbox 2534 1363 2629 1435; x_wconf 89' lang='lat' dir='ltr'>qui</span> <span class='ocrx_word' id='word_1_188' title='bbox 2668 1363 2741 1418; x_wconf 89' lang='lat' dir='ltr'>ad</span> <span class='ocrx_word' id='word_1_189' title='bbox 2770 1368 3194 1443; x_wconf 71' lang='lat' dir='ltr'>sacrosanctam</span> <span class='ocrx_word' id='word_1_190' title='bbox 3224 1365 3508 1437; x_wconf 85' lang='lat' dir='ltr'>majorem</span> <span class='ocrx_word' id='word_1_191' title='bbox 3537 1367 3827 1422; x_wconf 84' lang='lat' dir='ltr'>ecclesiam</span> 
     </span>
    </p>
   </div>
   <div class='ocr_carea' id='block_1_29' title="bbox 2198 1457 3826 1529">
    <p class='ocr_par' dir='ltr' id='par_1_29' title="bbox 2198 1457 3826 1529">
     <span class='ocr_line' id='line_1_29' title="bbox 2198 1457 3826 1529; baseline 0.003 -18"><span class='ocrx_word' id='word_1_192' title='bbox 2198 1457 2510 1529; x_wconf 87' lang='lat' dir='ltr'>pertinent,</span> <span class='ocrx_word' id='word_1_193' title='bbox 2539 1457 2636 1528; x_wconf 90' lang='lat' dir='ltr'>qui</span> <span class='ocrx_word' id='word_1_194' title='bbox 2668 1473 2874 1513; x_wconf 90' lang='lat' dir='ltr'>omnes</span> <span class='ocrx_word' id='word_1_195' title='bbox 2899 1475 2997 1512; x_wconf 91' lang='lat' dir='ltr'>eas</span> <span class='ocrx_word' id='word_1_196' title='bbox 3025 1458 3228 1514; x_wconf 89' lang='lat' dir='ltr'>ordine</span> <span class='ocrx_word' id='word_1_197' title='bbox 3256 1463 3315 1514; x_wconf 90' lang='lat' dir='ltr'>et</span> <span class='ocrx_word' id='word_1_198' title='bbox 3343 1460 3518 1514; x_wconf 88' lang='lat' dir='ltr'>veluti</span> <span class='ocrx_word' id='word_1_199' title='bbox 3541 1461 3604 1514; x_wconf 88' lang='lat' dir='ltr'>in</span> <span class='ocrx_word' id='word_1_200' title='bbox 3635 1461 3826 1516; x_wconf 87' lang='lat' dir='ltr'>orbem</span> 
     </span>
    </p>
   </div>
   <div class='ocr_carea' id='block_1_30' title="bbox 2199 1551 3829 1625">
    <p class='ocr_par' dir='ltr' id='par_1_30' title="bbox 2199 1551 3829 1625">
     <span class='ocr_line' id='line_1_30' title="bbox 2199 1551 3829 1625; baseline 0.002 -19"><span class='ocrx_word' id='word_1_201' title='bbox 2199 1551 2497 1618; x_wconf 88' lang='lat' dir='ltr'>obeuntes,</span> <span class='ocrx_word' id='word_1_202' title='bbox 2514 1551 2744 1605; x_wconf 89' lang='lat' dir='ltr'>sacrain</span> <span class='ocrx_word' id='word_1_203' title='bbox 2763 1551 2846 1606; x_wconf 89' lang='lat' dir='ltr'>eis</span> <span class='ocrx_word' id='word_1_204' title='bbox 2864 1551 3054 1606; x_wconf 82' lang='lat' dir='ltr'>ofﬁcia</span> <span class='ocrx_word' id='word_1_205' title='bbox 3068 1552 3495 1620; x_wconf 87' lang='lat' dir='ltr'>concelebrant,</span> <span class='ocrx_word' id='word_1_206' title='bbox 3513 1554 3829 1625; x_wconf 79' lang='lat' dir='ltr'>praesertim</span> 
     </span>
    </p>
   </div>
   <div class='ocr_carea' id='block_1_31' title="bbox 2198 1643 3827 1716">
    <p class='ocr_par' dir='ltr' id='par_1_31' title="bbox 2198 1643 3827 1716">
     <span class='ocr_line' id='line_1_31' title="bbox 2198 1643 3827 1716; baseline 0.004 -18"><span class='ocrx_word' id='word_1_207' title='bbox 2198 1661 2334 1700; x_wconf 91' lang='lat' dir='ltr'>vero</span> <span class='ocrx_word' id='word_1_208' title='bbox 2374 1643 2596 1716; x_wconf 87' lang='lat' dir='ltr'>ingenti</span> <span class='ocrx_word' id='word_1_209' title='bbox 2632 1644 3000 1700; x_wconf 89' lang='lat' dir='ltr'>multitudine</span> <span class='ocrx_word' id='word_1_210' title='bbox 3031 1663 3098 1700; x_wconf 90' lang='lat' dir='ltr'>ex</span> <span class='ocrx_word' id='word_1_211' title='bbox 3127 1645 3531 1702; x_wconf 85' lang='lat' dir='ltr'>hareticorum</span> <span class='ocrx_word' id='word_1_212' title='bbox 3561 1648 3827 1704; x_wconf 82' lang='lat' dir='ltr'>concilia-</span> 
     </span>
    </p>
   </div>
   <div class='ocr_carea' id='block_1_32' title="bbox 2197 1735 3830 1812">
    <p class='ocr_par' dir='ltr' id='par_1_32' title="bbox 2197 1735 3830 1812">
     <span class='ocr_line' id='line_1_32' title="bbox 2197 1735 3830 1812; baseline 0.002 -20"><span class='ocrx_word' id='word_1_213' title='bbox 2197 1735 2346 1792; x_wconf 90' lang='lat' dir='ltr'>bulis</span> <span class='ocrx_word' id='word_1_214' title='bbox 2375 1737 2450 1792; x_wconf 90' lang='lat' dir='ltr'>ad</span> <span class='ocrx_word' id='word_1_215' title='bbox 2487 1743 2913 1794; x_wconf 85' lang='lat' dir='ltr'>sacrosanctam</span> <span class='ocrx_word' id='word_1_216' title='bbox 2951 1739 3239 1811; x_wconf 86' lang='lat' dir='ltr'>majorem</span> <span class='ocrx_word' id='word_1_217' title='bbox 3279 1739 3603 1809; x_wconf 86' lang='lat' dir='ltr'>ecclesiam,</span> <span class='ocrx_word' id='word_1_218' title='bbox 3628 1741 3830 1812; x_wconf 85' lang='lat' dir='ltr'>partim</span> 
     </span>
    </p>
   </div>
   <div class='ocr_carea' id='block_1_33' title="bbox 465 1812 3827 1905">
    <p class='ocr_par' dir='ltr' id='par_1_33' title="bbox 465 1812 3827 1905">
     <span class='ocr_line' id='line_1_33' title="bbox 465 1812 3827 1905; baseline 0.002 -21"><span class='ocrx_word' id='word_1_219' title='bbox 465 1834 795 1903; x_wconf 69' lang='lat' dir='ltr'>competens</span> <span class='ocrx_word' id='word_1_220' title='bbox 825 1830 1026 1885; x_wconf 88' lang='lat' dir='ltr'>solutio</span> <span class='ocrx_word' id='word_1_221' title='bbox 1053 1830 1180 1885; x_wconf 85' lang='lat' dir='ltr'>ﬁeri</span> <span class='ocrx_word' id='word_1_222' title='bbox 1205 1847 1324 1885; x_wconf 90' lang='lat' dir='ltr'>non</span> <span class='ocrx_word' id='word_1_223' title='bbox 1347 1834 1560 1902; x_wconf 87' lang='lat' dir='ltr'>posset.</span> <span class='ocrx_word' id='word_1_224' title='bbox 1590 1832 1775 1902; x_wconf 87' lang='lat' dir='ltr'>Atque</span> <span class='ocrx_word' id='word_1_225' title='bbox 1807 1830 1928 1885; x_wconf 85' lang='lat' dir='ltr'>hac</span> <span class='ocrx_word' id='word_1_226' title='bbox 1960 1845 2096 1885; x_wconf 89' lang='lat' dir='ltr'>sane</span> <span class='ocrx_word' id='word_1_227' title='bbox 2117 1812 2174 1885; x_wconf 88' lang='grc' dir='ltr'><strong>Β</strong></span> <span class='ocrx_word' id='word_1_228' title='bbox 2197 1831 2382 1903; x_wconf 89' lang='lat' dir='ltr'>gratia</span> <span class='ocrx_word' id='word_1_229' title='bbox 2394 1831 2706 1886; x_wconf 85' lang='lat' dir='ltr'>beatissimi</span> <span class='ocrx_word' id='word_1_230' title='bbox 2727 1832 2821 1886; x_wconf 90' lang='lat' dir='ltr'>Dei</span> <span class='ocrx_word' id='word_1_231' title='bbox 2849 1831 3228 1888; x_wconf 87' lang='lat' dir='ltr'>etservatoris</span> <span class='ocrx_word' id='word_1_232' title='bbox 3248 1833 3426 1888; x_wconf 87' lang='lat' dir='ltr'>nostri</span> <span class='ocrx_word' id='word_1_233' title='bbox 3449 1835 3585 1890; x_wconf 85' lang='lat' dir='ltr'>Jesu</span> <span class='ocrx_word' id='word_1_234' title='bbox 3605 1833 3827 1905; x_wconf 85' lang='lat' dir='ltr'>Christi,</span> 
     </span>
    </p>
   </div>
   <div class='ocr_carea' id='block_1_34' title="bbox 466 1922 2092 1996">
    <p class='ocr_par' dir='ltr' id='par_1_34' title="bbox 466 1922 2092 1996">
     <span class='ocr_line' id='line_1_34' title="bbox 466 1922 2092 1996; baseline -0.001 -18"><span class='ocrx_word' id='word_1_235' title='bbox 466 1923 522 1980; x_wconf 91' lang='lat' dir='ltr'>in</span> <span class='ocrx_word' id='word_1_236' title='bbox 558 1941 625 1980; x_wconf 91' lang='lat' dir='ltr'>ea</span> <span class='ocrx_word' id='word_1_237' title='bbox 669 1924 1064 1980; x_wconf 85' lang='lat' dir='ltr'>observatione</span> <span class='ocrx_word' id='word_1_238' title='bbox 1108 1925 1282 1996; x_wconf 88' lang='lat' dir='ltr'>longo</span> <span class='ocrx_word' id='word_1_239' title='bbox 1311 1923 1588 1996; x_wconf 89' lang='lat' dir='ltr'>temporis</span> <span class='ocrx_word' id='word_1_240' title='bbox 1616 1922 1799 1995; x_wconf 85' lang='lat' dir='ltr'>spatio</span> <span class='ocrx_word' id='word_1_241' title='bbox 1823 1939 2092 1995; x_wconf 89' lang='lat' dir='ltr'>perman-</span> 
     </span>
    </p>
   </div>
   <div class='ocr_carea' id='block_1_35' title="bbox 463 2016 2096 2090">
    <p class='ocr_par' dir='ltr' id='par_1_35' title="bbox 463 2016 2096 2090">
     <span class='ocr_line' id='line_1_35' title="bbox 463 2016 2096 2090; baseline -0.002 -17"><span class='ocrx_word' id='word_1_242' title='bbox 463 2019 622 2088; x_wconf 87' lang='lat' dir='ltr'>sisse,</span> <span class='ocrx_word' id='word_1_243' title='bbox 647 2021 703 2073; x_wconf 89' lang='lat' dir='ltr'>et</span> <span class='ocrx_word' id='word_1_244' title='bbox 725 2018 984 2090; x_wconf 89' lang='lat' dir='ltr'>quandiu</span> <span class='ocrx_word' id='word_1_245' title='bbox 1007 2021 1366 2087; x_wconf 88' lang='lat' dir='ltr'>manserunt,</span> <span class='ocrx_word' id='word_1_246' title='bbox 1390 2017 1588 2072; x_wconf 84' lang='lat' dir='ltr'>tandiu</span> <span class='ocrx_word' id='word_1_247' title='bbox 1610 2021 1667 2072; x_wconf 91' lang='lat' dir='ltr'>et</span> <span class='ocrx_word' id='word_1_248' title='bbox 1681 2017 1789 2072; x_wconf 89' lang='lat' dir='ltr'>sibi</span> <span class='ocrx_word' id='word_1_249' title='bbox 1810 2016 2096 2089; x_wconf 89' lang='lat' dir='ltr'>deputatis</span> 
     </span>
    </p>
   </div>
   <div class='ocr_carea' id='block_1_36' title="bbox 462 2110 2096 2169">
    <p class='ocr_par' dir='ltr' id='par_1_36' title="bbox 462 2110 2096 2169">
     <span class='ocr_line' id='line_1_36' title="bbox 462 2110 2096 2169; baseline -0.001 -1"><span class='ocrx_word' id='word_1_250' title='bbox 462 2115 956 2169; x_wconf 90' lang='lat' dir='ltr'>sacrosanctarum</span> <span class='ocrx_word' id='word_1_251' title='bbox 977 2111 1341 2168; x_wconf 87' lang='lat' dir='ltr'>ecclesiarum</span> <span class='ocrx_word' id='word_1_252' title='bbox 1365 2128 1457 2166; x_wconf 91' lang='lat' dir='ltr'>res</span> <span class='ocrx_word' id='word_1_253' title='bbox 1485 2110 1796 2167; x_wconf 73' lang='lat' dir='ltr'>suffecisse.</span> <span class='ocrx_word' id='word_1_254' title='bbox 1821 2111 2004 2167; x_wconf 91' lang='lat' dir='ltr'>Simul</span> <span class='ocrx_word' id='word_1_255' title='bbox 2031 2127 2096 2166; x_wconf 91' lang='lat' dir='ltr'>ac</span> 
     </span>
    </p>
   </div>
   <div class='ocr_carea' id='block_1_37' title="bbox 461 2205 2094 2278">
    <p class='ocr_par' dir='ltr' id='par_1_37' title="bbox 461 2205 2094 2278">
     <span class='ocr_line' id='line_1_37' title="bbox 461 2205 2094 2278; baseline -0.001 -16"><span class='ocrx_word' id='word_1_256' title='bbox 461 2224 594 2263; x_wconf 92' lang='lat' dir='ltr'>vero</span> <span class='ocrx_word' id='word_1_257' title='bbox 651 2207 756 2262; x_wconf 90' lang='lat' dir='ltr'>Dei</span> <span class='ocrx_word' id='word_1_258' title='bbox 784 2206 1162 2263; x_wconf 87' lang='lat' dir='ltr'>amantissimi</span> <span class='ocrx_word' id='word_1_259' title='bbox 1200 2205 1453 2278; x_wconf 89' lang='lat' dir='ltr'>episcopi</span> <span class='ocrx_word' id='word_1_260' title='bbox 1489 2205 1732 2260; x_wconf 89' lang='lat' dir='ltr'>assiduis</span> <span class='ocrx_word' id='word_1_261' title='bbox 1791 2205 2094 2260; x_wconf 89' lang='lat' dir='ltr'>nonnullo-</span> 
     </span>
    </p>
   </div>
   <div class='ocr_carea' id='block_1_38' title="bbox 460 2297 2096 2373">
    <p class='ocr_par' dir='ltr' id='par_1_38' title="bbox 460 2297 2096 2373">
     <span class='ocr_line' id='line_1_38' title="bbox 460 2297 2096 2373; baseline -0.002 -17"><span class='ocrx_word' id='word_1_262' title='bbox 460 2318 590 2356; x_wconf 84' lang='lat' dir='ltr'>rum</span> <span class='ocrx_word' id='word_1_263' title='bbox 635 2301 899 2373; x_wconf 91' lang='lat' dir='ltr'>precibus</span> <span class='ocrx_word' id='word_1_264' title='bbox 937 2300 1164 2369; x_wconf 89' lang='lat' dir='ltr'>intenti,</span> <span class='ocrx_word' id='word_1_265' title='bbox 1212 2301 1518 2372; x_wconf 70' lang='lat' dir='ltr'>ad&#39;plures</span> <span class='ocrx_word' id='word_1_266' title='bbox 1548 2298 1902 2355; x_wconf 89' lang='lat' dir='ltr'>ordinandos</span> <span class='ocrx_word' id='word_1_267' title='bbox 1933 2297 2096 2354; x_wconf 78' lang='lat' dir='ltr'>eﬁ&#39;usi</span> 
     </span>
    </p>
   </div>
   <div class='ocr_carea' id='block_1_39' title="bbox 462 2391 2098 2466">
    <p class='ocr_par' dir='ltr' id='par_1_39' title="bbox 462 2391 2098 2466">
     <span class='ocr_line' id='line_1_39' title="bbox 462 2391 2098 2466; baseline 0 -18"><span class='ocrx_word' id='word_1_268' title='bbox 462 2399 612 2462; x_wconf 87' lang='lat' dir='ltr'>sunt,</span> <span class='ocrx_word' id='word_1_269' title='bbox 643 2394 953 2450; x_wconf 84' lang='lat' dir='ltr'>excrevisse</span> <span class='ocrx_word' id='word_1_270' title='bbox 981 2394 1216 2466; x_wconf 90' lang='lat' dir='ltr'>quidem</span> <span class='ocrx_word' id='word_1_271' title='bbox 1236 2397 1496 2466; x_wconf 90' lang='lat' dir='ltr'>sumptus</span> <span class='ocrx_word' id='word_1_272' title='bbox 1509 2393 1894 2466; x_wconf 89' lang='lat' dir='ltr'>quantitatem</span> <span class='ocrx_word' id='word_1_273' title='bbox 1915 2393 1975 2447; x_wconf 90' lang='lat' dir='ltr'>in</span> <span class='ocrx_word' id='word_1_274' title='bbox 1992 2391 2098 2448; x_wconf 89' lang='lat' dir='ltr'>im-</span> 
     </span>
    </p>
   </div>
   <div class='ocr_carea' id='block_1_40' title="bbox 461 2487 2094 2560">
    <p class='ocr_par' dir='ltr' id='par_1_40' title="bbox 461 2487 2094 2560">
     <span class='ocr_line' id='line_1_40' title="bbox 461 2487 2094 2560; baseline -0.002 -16"><span class='ocrx_word' id='word_1_275' title='bbox 461 2505 746 2556; x_wconf 89' lang='lat' dir='ltr'>mensum,</span> <span class='ocrx_word' id='word_1_276' title='bbox 774 2489 1028 2560; x_wconf 89' lang='lat' dir='ltr'>undique</span> <span class='ocrx_word' id='word_1_277' title='bbox 1040 2505 1175 2544; x_wconf 87' lang='lat' dir='ltr'>vero</span> <span class='ocrx_word' id='word_1_278' title='bbox 1205 2487 1522 2544; x_wconf 89' lang='lat' dir='ltr'>creditores</span> <span class='ocrx_word' id='word_1_279' title='bbox 1545 2491 1602 2542; x_wconf 91' lang='lat' dir='ltr'>et</span> <span class='ocrx_word' id='word_1_280' title='bbox 1625 2504 1844 2553; x_wconf 84' lang='lat' dir='ltr'>usuras,</span> <span class='ocrx_word' id='word_1_281' title='bbox 1874 2503 1939 2542; x_wconf 91' lang='lat' dir='ltr'>ac</span> <span class='ocrx_word' id='word_1_282' title='bbox 1961 2503 2094 2558; x_wconf 91' lang='lat' dir='ltr'>pos-</span> 
     </span>
    </p>
   </div>
   <div class='ocr_carea' id='block_1_41' title="bbox 460 2580 2096 2654">
    <p class='ocr_par' dir='ltr' id='par_1_41' title="bbox 460 2580 2096 2654">
     <span class='ocr_line' id='line_1_41' title="bbox 460 2580 2096 2654; baseline -0.002 -17"><span class='ocrx_word' id='word_1_283' title='bbox 460 2586 648 2638; x_wconf 89' lang='lat' dir='ltr'>tremo</span> <span class='ocrx_word' id='word_1_284' title='bbox 662 2583 736 2638; x_wconf 91' lang='lat' dir='ltr'>ob</span> <span class='ocrx_word' id='word_1_285' title='bbox 753 2581 1114 2637; x_wconf 90' lang='lat' dir='ltr'>vacillantem</span> <span class='ocrx_word' id='word_1_286' title='bbox 1121 2583 1240 2654; x_wconf 86' lang='lat' dir='ltr'>jam</span> <span class='ocrx_word' id='word_1_287' title='bbox 1257 2583 1433 2637; x_wconf 88' lang='lat' dir='ltr'>ﬁdem</span> <span class='ocrx_word' id='word_1_288' title='bbox 1449 2599 1520 2636; x_wconf 90' lang='lat' dir='ltr'>ne</span> <span class='ocrx_word' id='word_1_289' title='bbox 1533 2581 1848 2636; x_wconf 90' lang='lat' dir='ltr'>creditores</span> <span class='ocrx_word' id='word_1_290' title='bbox 1861 2580 1994 2652; x_wconf 88' lang='lat' dir='ltr'>quid</span> <span class='ocrx_word' id='word_1_291' title='bbox 2003 2597 2096 2634; x_wconf 91' lang='lat' dir='ltr'>em</span> 
     </span>
    </p>
   </div>
   <div class='ocr_carea' id='block_1_42' title="bbox 461 2674 2098 2748">
    <p class='ocr_par' dir='ltr' id='par_1_42' title="bbox 461 2674 2098 2748">
     <span class='ocr_line' id='line_1_42' title="bbox 461 2674 2098 2748; baseline -0.001 -17"><span class='ocrx_word' id='word_1_292' title='bbox 461 2677 533 2732; x_wconf 90' lang='lat' dir='ltr'>de</span> <span class='ocrx_word' id='word_1_293' title='bbox 549 2677 882 2744; x_wconf 82' lang='lat' dir='ltr'>catero,sed</span> <span class='ocrx_word' id='word_1_294' title='bbox 897 2677 1221 2748; x_wconf 88' lang='lat' dir='ltr'>(indignum</span> <span class='ocrx_word' id='word_1_295' title='bbox 1239 2678 1410 2744; x_wconf 89' lang='lat' dir='ltr'>factu,</span> <span class='ocrx_word' id='word_1_296' title='bbox 1431 2678 1487 2732; x_wconf 89' lang='lat' dir='ltr'>et</span> <span class='ocrx_word' id='word_1_297' title='bbox 1503 2692 1691 2747; x_wconf 89' lang='lat' dir='ltr'>neque</span> <span class='ocrx_word' id='word_1_298' title='bbox 1708 2675 1765 2729; x_wconf 92' lang='lat' dir='ltr'>in</span> <span class='ocrx_word' id='word_1_299' title='bbox 1779 2674 2003 2746; x_wconf 85' lang='lat' dir='ltr'>privata</span> <span class='ocrx_word' id='word_1_300' title='bbox 2019 2675 2098 2730; x_wconf 88' lang='lat' dir='ltr'>fa-</span> 
     </span>
    </p>
   </div>
   <div class='ocr_carea' id='block_1_43' title="bbox 459 2769 2093 2843">
    <p class='ocr_par' dir='ltr' id='par_1_43' title="bbox 459 2769 2093 2843">
     <span class='ocr_line' id='line_1_43' title="bbox 459 2769 2093 2843; baseline -0.001 -19"><span class='ocrx_word' id='word_1_301' title='bbox 459 2770 619 2826; x_wconf 88' lang='lat' dir='ltr'>milia</span> <span class='ocrx_word' id='word_1_302' title='bbox 643 2774 930 2843; x_wconf 86' lang='lat' dir='ltr'>utcunque</span> <span class='ocrx_word' id='word_1_303' title='bbox 943 2771 1204 2826; x_wconf 89' lang='lat' dir='ltr'>instituta</span> <span class='ocrx_word' id='word_1_304' title='bbox 1216 2771 1536 2838; x_wconf 85' lang='lat' dir='ltr'>ferendum)</span> <span class='ocrx_word' id='word_1_305' title='bbox 1558 2769 1894 2825; x_wconf 87' lang='lat' dir='ltr'>necessitate</span> <span class='ocrx_word' id='word_1_306' title='bbox 1907 2772 2093 2824; x_wconf 84' lang='lat' dir='ltr'>extor-</span> 
     </span>
    </p>
   </div>
   <div class='ocr_carea' id='block_1_44' title="bbox 456 2862 2094 2936">
    <p class='ocr_par' dir='ltr' id='par_1_44' title="bbox 456 2862 2094 2936">
     <span class='ocr_line' id='line_1_44' title="bbox 456 2862 2094 2936; baseline -0.001 -18"><span class='ocrx_word' id='word_1_307' title='bbox 456 2868 542 2919; x_wconf 89' lang='lat' dir='ltr'>tas</span> <span class='ocrx_word' id='word_1_308' title='bbox 568 2869 624 2920; x_wconf 88' lang='lat' dir='ltr'>et</span> <span class='ocrx_word' id='word_1_309' title='bbox 649 2863 873 2936; x_wconf 84' lang='lat' dir='ltr'>legibus</span> <span class='ocrx_word' id='word_1_310' title='bbox 892 2864 1211 2936; x_wconf 90' lang='lat' dir='ltr'>prohibitas</span> <span class='ocrx_word' id='word_1_311' title='bbox 1229 2863 1601 2920; x_wconf 87' lang='lat' dir='ltr'>alienationes</span> <span class='ocrx_word' id='word_1_312' title='bbox 1630 2862 1897 2930; x_wconf 83' lang='lat' dir='ltr'>extitisse,</span> <span class='ocrx_word' id='word_1_313' title='bbox 1937 2865 1997 2916; x_wconf 90' lang='lat' dir='ltr'>ut</span> <span class='ocrx_word' id='word_1_314' title='bbox 2027 2878 2094 2916; x_wconf 90' lang='lat' dir='ltr'>ex</span> 
     </span>
    </p>
   </div>
   <div class='ocr_carea' id='block_1_45' title="bbox 455 2955 2096 3029">
    <p class='ocr_par' dir='ltr' id='par_1_45' title="bbox 455 2955 2096 3029">
     <span class='ocr_line' id='line_1_45' title="bbox 455 2955 2096 3029; baseline -0.001 -17"><span class='ocrx_word' id='word_1_315' title='bbox 455 2957 1149 3028; x_wconf 86' lang='lat' dir='ltr'>hujusmodiabsurditatc</span> <span class='ocrx_word' id='word_1_316' title='bbox 1169 2975 1359 3029; x_wconf 86' lang='lat' dir='ltr'>neque</span> <span class='ocrx_word' id='word_1_317' title='bbox 1379 2957 1594 3029; x_wconf 85' lang='lat' dir='ltr'>pradia</span> <span class='ocrx_word' id='word_1_318' title='bbox 1607 2973 1792 3028; x_wconf 89' lang='lat' dir='ltr'>neque</span> <span class='ocrx_word' id='word_1_319' title='bbox 1822 2955 2096 3011; x_wconf 87' lang='lat' dir='ltr'>suburbia</span> 
     </span>
    </p>
   </div>
   <div class='ocr_carea' id='block_1_46' title="bbox 460 3050 2092 3122">
    <p class='ocr_par' dir='ltr' id='par_1_46' title="bbox 460 3050 2092 3122">
     <span class='ocr_line' id='line_1_46' title="bbox 460 3050 2092 3122; baseline 0.001 -19"><span class='ocrx_word' id='word_1_320' title='bbox 460 3050 532 3105; x_wconf 89' lang='lat' dir='ltr'>ad</span> <span class='ocrx_word' id='word_1_321' title='bbox 545 3051 894 3122; x_wconf 84' lang='lat' dir='ltr'>hypothecas</span> <span class='ocrx_word' id='word_1_322' title='bbox 913 3054 970 3106; x_wconf 92' lang='lat' dir='ltr'>et</span> <span class='ocrx_word' id='word_1_323' title='bbox 983 3052 1226 3122; x_wconf 86' lang='lat' dir='ltr'>pignora</span> <span class='ocrx_word' id='word_1_324' title='bbox 1243 3052 1592 3117; x_wconf 86' lang='lat' dir='ltr'>sufﬁcerent,</span> <span class='ocrx_word' id='word_1_325' title='bbox 1611 3065 1855 3121; x_wconf 89' lang='lat' dir='ltr'>eamque</span> <span class='ocrx_word' id='word_1_326' title='bbox 1870 3050 1942 3104; x_wconf 89' lang='lat' dir='ltr'>ob</span> <span class='ocrx_word' id='word_1_327' title='bbox 1959 3066 2092 3104; x_wconf 87' lang='lat' dir='ltr'>cau-</span> 
     </span>
    </p>
   </div>
   <div class='ocr_carea' id='block_1_47' title="bbox 458 3143 2090 3216">
    <p class='ocr_par' dir='ltr' id='par_1_47' title="bbox 458 3143 2090 3216">
     <span class='ocr_line' id='line_1_47' title="bbox 458 3143 2090 3216; baseline 0.002 -20"><span class='ocrx_word' id='word_1_328' title='bbox 458 3159 582 3198; x_wconf 90' lang='lat' dir='ltr'>sam</span> <span class='ocrx_word' id='word_1_329' title='bbox 610 3159 798 3214; x_wconf 89' lang='lat' dir='ltr'>neque</span> <span class='ocrx_word' id='word_1_330' title='bbox 829 3144 1182 3199; x_wconf 89' lang='lat' dir='ltr'>creditorum</span> <span class='ocrx_word' id='word_1_331' title='bbox 1208 3144 1374 3216; x_wconf 91' lang='lat' dir='ltr'>copia</span> <span class='ocrx_word' id='word_1_332' title='bbox 1400 3149 1568 3212; x_wconf 89' lang='lat' dir='ltr'>esset,</span> <span class='ocrx_word' id='word_1_333' title='bbox 1598 3147 1657 3198; x_wconf 90' lang='lat' dir='ltr'>et</span> <span class='ocrx_word' id='word_1_334' title='bbox 1687 3143 1762 3198; x_wconf 88' lang='lat' dir='ltr'>ad</span> <span class='ocrx_word' id='word_1_335' title='bbox 1802 3159 2090 3200; x_wconf 89' lang='lat' dir='ltr'>summam</span> 
     </span>
    </p>
   </div>
   <div class='ocr_carea' id='block_1_48' title="bbox 459 3237 2092 3310">
    <p class='ocr_par' dir='ltr' id='par_1_48' title="bbox 459 3237 2092 3310">
     <span class='ocr_line' id='line_1_48' title="bbox 459 3237 2092 3310; baseline 0.001 -19"><span class='ocrx_word' id='word_1_336' title='bbox 459 3237 578 3310; x_wconf 90' lang='lat' dir='ltr'>ipsa</span> <span class='ocrx_word' id='word_1_337' title='bbox 592 3237 847 3308; x_wconf 91' lang='lat' dir='ltr'>inopiam</span> <span class='ocrx_word' id='word_1_338' title='bbox 868 3237 1180 3305; x_wconf 86' lang='lat' dir='ltr'>deveniret,</span> <span class='ocrx_word' id='word_1_339' title='bbox 1202 3255 1388 3309; x_wconf 91' lang='lat' dir='ltr'>neque</span> <span class='ocrx_word' id='word_1_340' title='bbox 1399 3237 1542 3310; x_wconf 78' lang='lat' dir='ltr'>ipsis</span> <span class='ocrx_word' id='word_1_341' title='bbox 1555 3239 1803 3310; x_wconf 90' lang='lat' dir='ltr'>amplius</span> <span class='ocrx_word' id='word_1_342' title='bbox 1819 3237 2092 3292; x_wconf 89' lang='lat' dir='ltr'>ministris</span> 
     </span>
    </p>
   </div>
   <div class='ocr_carea' id='block_1_49' title="bbox 457 3331 2091 3404">
    <p class='ocr_par' dir='ltr' id='par_1_49' title="bbox 457 3331 2091 3404">
     <span class='ocr_line' id='line_1_49' title="bbox 457 3331 2091 3404; baseline 0 -18"><span class='ocrx_word' id='word_1_343' title='bbox 457 3331 730 3386; x_wconf 89' lang='lat' dir='ltr'>alimenta</span> <span class='ocrx_word' id='word_1_344' title='bbox 746 3331 1000 3404; x_wconf 81' lang='lat' dir='ltr'>prabere</span> <span class='ocrx_word' id='word_1_345' title='bbox 1031 3337 1240 3403; x_wconf 79' lang='lat' dir='ltr'>posset,</span> <span class='ocrx_word' id='word_1_346' title='bbox 1260 3332 1380 3388; x_wconf 92' lang='lat' dir='ltr'>imo</span> <span class='ocrx_word' id='word_1_347' title='bbox 1405 3332 1582 3388; x_wconf 88' lang='lat' dir='ltr'>etiam</span> <span class='ocrx_word' id='word_1_348' title='bbox 1605 3333 1678 3388; x_wconf 89' lang='lat' dir='ltr'>ad</span> <span class='ocrx_word' id='word_1_349' title='bbox 1699 3332 2091 3388; x_wconf 88' lang='lat' dir='ltr'>conditionem</span> 
     </span>
    </p>
   </div>
   <div class='ocr_carea' id='block_1_50' title="bbox 457 3426 2088 3498">
    <p class='ocr_par' dir='ltr' id='par_1_50' title="bbox 457 3426 2088 3498">
     <span class='ocr_line' id='line_1_50' title="bbox 457 3426 2088 3498; baseline 0 -17"><span class='ocrx_word' id='word_1_350' title='bbox 457 3426 720 3482; x_wconf 90' lang='lat' dir='ltr'>omnium</span> <span class='ocrx_word' id='word_1_351' title='bbox 731 3426 1288 3482; x_wconf 89' lang='lat' dir='ltr'>calamitosissimam</span> <span class='ocrx_word' id='word_1_352' title='bbox 1309 3427 1694 3498; x_wconf 90' lang='lat' dir='ltr'>delaberetur,</span> <span class='ocrx_word' id='word_1_353' title='bbox 1719 3427 2088 3482; x_wconf 81' lang='lat' dir='ltr'>utcreditori-</span> 
     </span>
    </p>
   </div>
   <div class='ocr_carea' id='block_1_51' title="bbox 455 3519 2094 3596">
    <p class='ocr_par' dir='ltr' id='par_1_51' title="bbox 455 3519 2094 3596">
     <span class='ocr_line' id='line_1_51' title="bbox 455 3519 2094 3596; baseline -0.001 -21"><span class='ocrx_word' id='word_1_354' title='bbox 455 3521 562 3576; x_wconf 89' lang='lat' dir='ltr'>bus</span> <span class='ocrx_word' id='word_1_355' title='bbox 583 3519 754 3596; x_wconf 81' lang='lat' dir='ltr'>bonis</span> <span class='ocrx_word' id='word_1_356' title='bbox 775 3519 1052 3575; x_wconf 88' lang='lat' dir='ltr'>universis</span> <span class='ocrx_word' id='word_1_357' title='bbox 1083 3520 1332 3588; x_wconf 89' lang='lat' dir='ltr'>cederet,</span> <span class='ocrx_word' id='word_1_358' title='bbox 1363 3521 1423 3575; x_wconf 91' lang='lat' dir='ltr'>id</span> <span class='ocrx_word' id='word_1_359' title='bbox 1450 3522 1605 3593; x_wconf 90' lang='lat' dir='ltr'>quod</span> <span class='ocrx_word' id='word_1_360' title='bbox 1627 3520 1799 3576; x_wconf 89' lang='lat' dir='ltr'>etiam</span> <span class='ocrx_word' id='word_1_361' title='bbox 1827 3537 2094 3576; x_wconf 89' lang='lat' dir='ltr'>veremur</span> 
     </span>
    </p>
   </div>
   <div class='ocr_carea' id='block_1_52' title="bbox 437 3610 2090 3686">
    <p class='ocr_par' dir='ltr' id='par_1_52' title="bbox 437 3610 2090 3686">
     <span class='ocr_line' id='line_1_52' title="bbox 437 3610 2090 3686; baseline 0.001 -18"><span class='ocrx_word' id='word_1_362' title='bbox 437 3610 664 3681; x_wconf 86' lang='lat' dir='ltr'>dicere,</span> <span class='ocrx_word' id='word_1_363' title='bbox 702 3616 760 3668; x_wconf 88' lang='lat' dir='ltr'>et</span> <span class='ocrx_word' id='word_1_364' title='bbox 787 3631 862 3669; x_wconf 89' lang='lat' dir='ltr'>ne</span> <span class='ocrx_word' id='word_1_365' title='bbox 893 3613 952 3668; x_wconf 89' lang='lat' dir='ltr'>in</span> <span class='ocrx_word' id='word_1_366' title='bbox 987 3617 1284 3686; x_wconf 90' lang='lat' dir='ltr'>posterum</span> <span class='ocrx_word' id='word_1_367' title='bbox 1307 3615 1428 3685; x_wconf 85' lang='lat' dir='ltr'>ﬁat,</span> <span class='ocrx_word' id='word_1_368' title='bbox 1453 3615 1840 3686; x_wconf 88' lang='lat' dir='ltr'>providemus.</span> <span class='ocrx_word' id='word_1_369' title='bbox 1870 3616 2014 3669; x_wconf 86' lang='lat' dir='ltr'>Nam</span> <span class='ocrx_word' id='word_1_370' title='bbox 2045 3614 2090 3669; x_wconf 93' lang='lat' dir='ltr'>si</span> 
     </span>
    </p>
   </div>
   <div class='ocr_carea' id='block_1_53' title="bbox 453 3707 2086 3779">
    <p class='ocr_par' dir='ltr' id='par_1_53' title="bbox 453 3707 2086 3779">
     <span class='ocr_line' id='line_1_53' title="bbox 453 3707 2086 3779; baseline 0.002 -18"><span class='ocrx_word' id='word_1_371' title='bbox 453 3723 631 3762; x_wconf 88' lang='lat' dir='ltr'>nemo</span> <span class='ocrx_word' id='word_1_372' title='bbox 657 3707 822 3762; x_wconf 88' lang='lat' dir='ltr'>facile</span> <span class='ocrx_word' id='word_1_373' title='bbox 861 3724 1014 3775; x_wconf 91' lang='lat' dir='ltr'>eum,</span> <span class='ocrx_word' id='word_1_374' title='bbox 1045 3708 1142 3779; x_wconf 87' lang='lat' dir='ltr'>qui</span> <span class='ocrx_word' id='word_1_375' title='bbox 1167 3709 1312 3763; x_wconf 91' lang='lat' dir='ltr'>ultra</span> <span class='ocrx_word' id='word_1_376' title='bbox 1339 3708 1671 3764; x_wconf 85' lang='lat' dir='ltr'>substantia</span> <span class='ocrx_word' id='word_1_377' title='bbox 1698 3726 1814 3763; x_wconf 85' lang='lat' dir='ltr'>sua</span> <span class='ocrx_word' id='word_1_378' title='bbox 1849 3708 2086 3764; x_wconf 88' lang='lat' dir='ltr'>modum</span> 
     </span>
    </p>
   </div>
   <div class='ocr_carea' id='block_1_54' title="bbox 453 3800 2091 3874">
    <p class='ocr_par' dir='ltr' id='par_1_54' title="bbox 453 3800 2091 3874">
     <span class='ocr_line' id='line_1_54' title="bbox 453 3800 2091 3874; baseline 0.001 -20"><span class='ocrx_word' id='word_1_379' title='bbox 453 3803 712 3872; x_wconf 89' lang='lat' dir='ltr'>sumptus</span> <span class='ocrx_word' id='word_1_380' title='bbox 729 3800 1088 3872; x_wconf 84' lang='lat' dir='ltr'>faciat,aquo</span> <span class='ocrx_word' id='word_1_381' title='bbox 1107 3801 1302 3858; x_wconf 91' lang='lat' dir='ltr'>animo</span> <span class='ocrx_word' id='word_1_382' title='bbox 1319 3803 1673 3874; x_wconf 80' lang='lat' dir='ltr'>ferat,quarc</span> <span class='ocrx_word' id='word_1_383' title='bbox 1694 3819 1812 3857; x_wconf 92' lang='lat' dir='ltr'>non</span> <span class='ocrx_word' id='word_1_384' title='bbox 1829 3805 1887 3856; x_wconf 89' lang='lat' dir='ltr'>et</span> <span class='ocrx_word' id='word_1_385' title='bbox 1902 3819 2006 3856; x_wconf 89' lang='lat' dir='ltr'>nos</span> <span class='ocrx_word' id='word_1_386' title='bbox 2023 3819 2091 3857; x_wconf 90' lang='lat' dir='ltr'>ea</span> 
     </span>
    </p>
   </div>
   <div class='ocr_carea' id='block_1_55' title="bbox 455 3892 2091 3951">
    <p class='ocr_par' dir='ltr' id='par_1_55' title="bbox 455 3892 2091 3951">
     <span class='ocr_line' id='line_1_55' title="bbox 455 3892 2091 3951; baseline 0.001 -3"><span class='ocrx_word' id='word_1_387' title='bbox 455 3893 530 3948; x_wconf 88' lang='lat' dir='ltr'>ad</span> <span class='ocrx_word' id='word_1_388' title='bbox 551 3892 996 3948; x_wconf 89' lang='lat' dir='ltr'>sollicitudinem</span> <span class='ocrx_word' id='word_1_389' title='bbox 1013 3897 1265 3950; x_wconf 84' lang='lat' dir='ltr'>nostram</span> <span class='ocrx_word' id='word_1_390' title='bbox 1295 3895 1691 3951; x_wconf 89' lang='lat' dir='ltr'>revocabimus</span> <span class='ocrx_word' id='word_1_391' title='bbox 1704 3896 1732 3950; x_wconf 85' lang='lat'><strong>?</strong></span> <span class='ocrx_word' id='word_1_392' title='bbox 1751 3897 2032 3950; x_wconf 84' lang='lat' dir='ltr'>Praterea</span> <span class='ocrx_word' id='word_1_393' title='bbox 2045 3895 2091 3950; x_wconf 94' lang='lat' dir='ltr'>si</span> 
     </span>
    </p>
   </div>
   <div class='ocr_carea' id='block_1_56' title="bbox 453 3985 2093 4061">
    <p class='ocr_par' dir='ltr' id='par_1_56' title="bbox 453 3985 2093 4061">
     <span class='ocr_line' id='line_1_56' title="bbox 453 3985 2093 4061; baseline 0.001 -19"><span class='ocrx_word' id='word_1_394' title='bbox 453 4002 574 4042; x_wconf 86' lang='lat' dir='ltr'>non</span> <span class='ocrx_word' id='word_1_395' title='bbox 588 3988 817 4058; x_wconf 89' lang='lat' dir='ltr'>oportet</span> <span class='ocrx_word' id='word_1_396' title='bbox 833 3985 1085 4058; x_wconf 89' lang='lat' dir='ltr'>undique</span> <span class='ocrx_word' id='word_1_397' title='bbox 1099 3987 1173 4042; x_wconf 91' lang='lat' dir='ltr'>ad</span> <span class='ocrx_word' id='word_1_398' title='bbox 1187 3993 1444 4060; x_wconf 89' lang='lat' dir='ltr'>sumptus</span> <span class='ocrx_word' id='word_1_399' title='bbox 1457 3989 1842 4060; x_wconf 87' lang='lat' dir='ltr'>possessiones</span> <span class='ocrx_word' id='word_1_400' title='bbox 1860 3989 2093 4061; x_wconf 89' lang='lat' dir='ltr'>conqui-</span> 
     </span>
    </p>
   </div>
   <div class='ocr_carea' id='block_1_57' title="bbox 453 4078 2091 4152">
    <p class='ocr_par' dir='ltr' id='par_1_57' title="bbox 453 4078 2091 4152">
     <span class='ocr_line' id='line_1_57' title="bbox 453 4078 2091 4152; baseline 0.001 -16"><span class='ocrx_word' id='word_1_401' title='bbox 453 4096 583 4136; x_wconf 89' lang='lat' dir='ltr'>rere</span> <span class='ocrx_word' id='word_1_402' title='bbox 605 4079 763 4152; x_wconf 91' lang='lat' dir='ltr'>(nam</span> <span class='ocrx_word' id='word_1_403' title='bbox 783 4078 1167 4136; x_wconf 88' lang='lat' dir='ltr'>idinsatiabili</span> <span class='ocrx_word' id='word_1_404' title='bbox 1189 4081 1416 4136; x_wconf 91' lang='lat' dir='ltr'>cuidam</span> <span class='ocrx_word' id='word_1_405' title='bbox 1429 4083 1677 4137; x_wconf 86' lang='lat' dir='ltr'>avaritia</span> <span class='ocrx_word' id='word_1_406' title='bbox 1709 4083 1874 4137; x_wconf 91' lang='lat' dir='ltr'>simul</span> <span class='ocrx_word' id='word_1_407' title='bbox 1905 4086 1962 4138; x_wconf 92' lang='lat' dir='ltr'>et</span> <span class='ocrx_word' id='word_1_408' title='bbox 1990 4083 2091 4138; x_wconf 91' lang='lat' dir='ltr'>im-</span> 
     </span>
    </p>
   </div>
   <div class='ocr_carea' id='block_1_58' title="bbox 449 4172 2088 4248">
    <p class='ocr_par' dir='ltr' id='par_1_58' title="bbox 449 4172 2088 4248">
     <span class='ocr_line' id='line_1_58' title="bbox 449 4172 2088 4248; baseline 0.001 -18"><span class='ocrx_word' id='word_1_409' title='bbox 449 4173 645 4248; x_wconf 86' lang='lat' dir='ltr'>pietati</span> <span class='ocrx_word' id='word_1_410' title='bbox 673 4172 1004 4246; x_wconf 84' lang='lat' dir='ltr'>proximum</span> <span class='ocrx_word' id='word_1_411' title='bbox 1033 4172 1167 4246; x_wconf 89' lang='lat' dir='ltr'>est),</span> <span class='ocrx_word' id='word_1_412' title='bbox 1211 4175 1309 4230; x_wconf 91' lang='lat' dir='ltr'>sed</span> <span class='ocrx_word' id='word_1_413' title='bbox 1347 4192 1413 4231; x_wconf 84' lang='lat' dir='ltr'>ex</span> <span class='ocrx_word' id='word_1_414' title='bbox 1445 4175 1764 4230; x_wconf 89' lang='lat' dir='ltr'>moderatis</span> <span class='ocrx_word' id='word_1_415' title='bbox 1799 4177 2088 4232; x_wconf 80' lang='lat' dir='ltr'>facultati-</span> 
     </span>
    </p>
   </div>
   <div class='ocr_carea' id='block_1_59' title="bbox 451 4269 2091 4342">
    <p class='ocr_par' dir='ltr' id='par_1_59' title="bbox 451 4269 2091 4342">
     <span class='ocr_line' id='line_1_59' title="bbox 451 4269 2091 4342; baseline 0.001 -18"><span class='ocrx_word' id='word_1_416' title='bbox 451 4269 560 4324; x_wconf 90' lang='lat' dir='ltr'>bus</span> <span class='ocrx_word' id='word_1_417' title='bbox 579 4270 876 4340; x_wconf 89' lang='lat' dir='ltr'>sumptum</span> <span class='ocrx_word' id='word_1_418' title='bbox 899 4269 1244 4340; x_wconf 84' lang='lat' dir='ltr'>temperare,</span> <span class='ocrx_word' id='word_1_419' title='bbox 1271 4285 1338 4325; x_wconf 90' lang='lat' dir='ltr'>ea</span> <span class='ocrx_word' id='word_1_420' title='bbox 1359 4272 1599 4342; x_wconf 88' lang='lat' dir='ltr'>propter</span> <span class='ocrx_word' id='word_1_421' title='bbox 1613 4269 2016 4326; x_wconf 84' lang='lat' dir='ltr'>convenienter</span> <span class='ocrx_word' id='word_1_422' title='bbox 2037 4274 2091 4326; x_wconf 91' lang='lat' dir='ltr'>et</span> 
     </span>
    </p>
   </div>
   <div class='ocr_carea' id='block_1_60' title="bbox 453 4363 2091 4436">
    <p class='ocr_par' dir='ltr' id='par_1_60' title="bbox 453 4363 2091 4436">
     <span class='ocr_line' id='line_1_60' title="bbox 453 4363 2091 4436; baseline 0.001 -18"><span class='ocrx_word' id='word_1_423' title='bbox 453 4379 581 4436; x_wconf 81' lang='lat' dir='ltr'>qua</span> <span class='ocrx_word' id='word_1_424' title='bbox 612 4363 717 4418; x_wconf 88' lang='lat' dir='ltr'>ista</span> <span class='ocrx_word' id='word_1_425' title='bbox 753 4365 1131 4431; x_wconf 89' lang='lat' dir='ltr'>concernunt,</span> <span class='ocrx_word' id='word_1_426' title='bbox 1164 4363 1290 4435; x_wconf 87' lang='lat' dir='ltr'>lege</span> <span class='ocrx_word' id='word_1_427' title='bbox 1333 4363 1716 4428; x_wconf 90' lang='lat' dir='ltr'>includemus,</span> <span class='ocrx_word' id='word_1_428' title='bbox 1764 4368 1822 4418; x_wconf 93' lang='lat' dir='ltr'>et</span> <span class='ocrx_word' id='word_1_429' title='bbox 1849 4363 2091 4420; x_wconf 82' lang='lat' dir='ltr'>infinita-</span> 
     </span>
    </p>
   </div>
   <div class='ocr_carea' id='block_1_61' title="bbox 449 4455 2086 4529">
    <p class='ocr_par' dir='ltr' id='par_1_61' title="bbox 449 4455 2086 4529">
     <span class='ocr_line' id='line_1_61' title="bbox 449 4455 2086 4529; baseline 0.001 -17"><span class='ocrx_word' id='word_1_430' title='bbox 449 4461 570 4512; x_wconf 87' lang='lat' dir='ltr'>tem</span> <span class='ocrx_word' id='word_1_431' title='bbox 611 4455 916 4512; x_wconf 83' lang='lat' dir='ltr'>manifeste</span> <span class='ocrx_word' id='word_1_432' title='bbox 954 4456 1006 4512; x_wconf 90' lang='lat' dir='ltr'>ei</span> <span class='ocrx_word' id='word_1_433' title='bbox 1037 4455 1120 4511; x_wconf 91' lang='lat' dir='ltr'>rei</span> <span class='ocrx_word' id='word_1_434' title='bbox 1149 4456 1438 4512; x_wconf 90' lang='lat' dir='ltr'>medicina</span> <span class='ocrx_word' id='word_1_435' title='bbox 1477 4456 1734 4513; x_wconf 87' lang='lat' dir='ltr'>adhibita</span> <span class='ocrx_word' id='word_1_436' title='bbox 1773 4457 2086 4529; x_wconf 88' lang='lat' dir='ltr'>ejiciemus.</span> 
     </span>
    </p>
   </div>
   <div class='ocr_carea' id='block_1_62' title="bbox 2193 1924 3828 1998">
    <p class='ocr_par' dir='ltr' id='par_1_62' title="bbox 2193 1924 3828 1998">
     <span class='ocr_line' id='line_1_62' title="bbox 2193 1924 3828 1998; baseline 0.003 -19"><span class='ocrx_word' id='word_1_437' title='bbox 2193 1925 2402 1996; x_wconf 88' lang='lat' dir='ltr'>partim</span> <span class='ocrx_word' id='word_1_438' title='bbox 2435 1924 2728 1980; x_wconf 88' lang='lat' dir='ltr'>laboribus</span> <span class='ocrx_word' id='word_1_439' title='bbox 2757 1925 3304 1998; x_wconf 88' lang='lat' dir='ltr'>depulsionibusque</span> <span class='ocrx_word' id='word_1_440' title='bbox 3335 1927 3548 1982; x_wconf 83' lang='lat' dir='ltr'>nostris</span> <span class='ocrx_word' id='word_1_441' title='bbox 3567 1927 3828 1995; x_wconf 84' lang='lat' dir='ltr'>adducta,</span> 
     </span>
    </p>
   </div>
   <div class='ocr_carea' id='block_1_63' title="bbox 2198 2017 3828 2089">
    <p class='ocr_par' dir='ltr' id='par_1_63' title="bbox 2198 2017 3828 2089">
     <span class='ocr_line' id='line_1_63' title="bbox 2198 2017 3828 2089; baseline 0.004 -19"><span class='ocrx_word' id='word_1_442' title='bbox 2198 2020 2258 2071; x_wconf 90' lang='lat' dir='ltr'>ut</span> <span class='ocrx_word' id='word_1_443' title='bbox 2289 2017 2462 2088; x_wconf 90' lang='lat' dir='ltr'>duplo</span> <span class='ocrx_word' id='word_1_444' title='bbox 2491 2018 2674 2089; x_wconf 90' lang='lat' dir='ltr'>plura,</span> <span class='ocrx_word' id='word_1_445' title='bbox 2705 2034 2880 2088; x_wconf 90' lang='lat' dir='ltr'>quam</span> <span class='ocrx_word' id='word_1_446' title='bbox 2913 2019 2984 2073; x_wconf 88' lang='lat' dir='ltr'>ab</span> <span class='ocrx_word' id='word_1_447' title='bbox 3009 2019 3193 2087; x_wconf 89' lang='lat' dir='ltr'>initio,</span> <span class='ocrx_word' id='word_1_448' title='bbox 3226 2019 3552 2074; x_wconf 87' lang='lat' dir='ltr'>ministeria</span> <span class='ocrx_word' id='word_1_449' title='bbox 3583 2019 3658 2075; x_wconf 88' lang='lat' dir='ltr'>ad</span> <span class='ocrx_word' id='word_1_450' title='bbox 3687 2021 3828 2076; x_wconf 87' lang='lat' dir='ltr'>chri-</span> 
     </span>
    </p>
   </div>
   <div class='ocr_carea' id='block_1_64' title="bbox 2197 2110 3832 2187">
    <p class='ocr_par' dir='ltr' id='par_1_64' title="bbox 2197 2110 3832 2187">
     <span class='ocr_line' id='line_1_64' title="bbox 2197 2110 3832 2187; baseline 0.003 -22"><span class='ocrx_word' id='word_1_451' title='bbox 2197 2110 2397 2166; x_wconf 90' lang='lat' dir='ltr'>stiana</span> <span class='ocrx_word' id='word_1_452' title='bbox 2423 2111 2654 2182; x_wconf 89' lang='lat' dir='ltr'>pietatis</span> <span class='ocrx_word' id='word_1_453' title='bbox 2679 2111 2935 2168; x_wconf 82' lang='lat' dir='ltr'>ofﬁcium</span> <span class='ocrx_word' id='word_1_454' title='bbox 2955 2113 3356 2185; x_wconf 88' lang='lat' dir='ltr'>peragendum</span> <span class='ocrx_word' id='word_1_455' title='bbox 3379 2113 3650 2186; x_wconf 88' lang='lat' dir='ltr'>deputari</span> <span class='ocrx_word' id='word_1_456' title='bbox 3679 2131 3832 2187; x_wconf 89' lang='lat' dir='ltr'>opor-</span> 
     </span>
    </p>
   </div>
   <div class='ocr_carea' id='block_1_65' title="bbox 2196 2204 3832 2278">
    <p class='ocr_par' dir='ltr' id='par_1_65' title="bbox 2196 2204 3832 2278">
     <span class='ocr_line' id='line_1_65' title="bbox 2196 2204 3832 2278; baseline 0.004 -20"><span class='ocrx_word' id='word_1_457' title='bbox 2196 2207 2333 2259; x_wconf 88' lang='lat' dir='ltr'>teat.</span> <span class='ocrx_word' id='word_1_458' title='bbox 2358 2204 2722 2276; x_wconf 87' lang='lat' dir='ltr'>Quapropter</span> <span class='ocrx_word' id='word_1_459' title='bbox 2735 2206 3019 2262; x_wconf 89' lang='lat' dir='ltr'>sancimus</span> <span class='ocrx_word' id='word_1_460' title='bbox 3041 2223 3113 2262; x_wconf 91' lang='lat' dir='ltr'>ne</span> <span class='ocrx_word' id='word_1_461' title='bbox 3136 2207 3370 2278; x_wconf 86' lang='lat' dir='ltr'>quando</span> <span class='ocrx_word' id='word_1_462' title='bbox 3390 2206 3449 2262; x_wconf 90' lang='lat' dir='ltr'>in</span> <span class='ocrx_word' id='word_1_463' title='bbox 3474 2213 3832 2264; x_wconf 78' lang='lat' dir='ltr'>sacrosancta</span> 
     </span>
    </p>
   </div>
   <div class='ocr_carea' id='block_1_66' title="bbox 2195 2299 3832 2373">
    <p class='ocr_par' dir='ltr' id='par_1_66' title="bbox 2195 2299 3832 2373">
     <span class='ocr_line' id='line_1_66' title="bbox 2195 2299 3832 2373; baseline 0.002 -19"><span class='ocrx_word' id='word_1_464' title='bbox 2195 2299 2417 2370; x_wconf 91' lang='lat' dir='ltr'>majore</span> <span class='ocrx_word' id='word_1_465' title='bbox 2465 2299 2702 2354; x_wconf 89' lang='lat' dir='ltr'>ecclesia</span> <span class='ocrx_word' id='word_1_466' title='bbox 2732 2301 2882 2354; x_wconf 89' lang='lat' dir='ltr'>ultra</span> <span class='ocrx_word' id='word_1_467' title='bbox 2908 2315 2992 2367; x_wconf 85' lang='lat' dir='ltr'>1.x,</span> <span class='ocrx_word' id='word_1_468' title='bbox 3025 2300 3409 2373; x_wconf 88' lang='lat' dir='ltr'>presbyteros,</span> <span class='ocrx_word' id='word_1_469' title='bbox 3441 2301 3722 2358; x_wconf 88' lang='lat' dir='ltr'>diaconos</span> <span class='ocrx_word' id='word_1_470' title='bbox 3749 2319 3832 2357; x_wconf 85' lang='lat' dir='ltr'>ve-</span> 
     </span>
    </p>
   </div>
   <div class='ocr_carea' id='block_1_67' title="bbox 2194 2393 3828 2463">
    <p class='ocr_par' dir='ltr' id='par_1_67' title="bbox 2194 2393 3828 2463">
     <span class='ocr_line' id='line_1_67' title="bbox 2194 2393 3828 2463; baseline 0.003 -17"><span class='ocrx_word' id='word_1_471' title='bbox 2194 2409 2259 2448; x_wconf 90' lang='lat' dir='ltr'>ro</span> <span class='ocrx_word' id='word_1_472' title='bbox 2281 2409 2468 2447; x_wconf 90' lang='lat' dir='ltr'>mares</span> <span class='ocrx_word' id='word_1_473' title='bbox 2489 2398 2738 2461; x_wconf 89' lang='lat' dir='ltr'>centum,</span> <span class='ocrx_word' id='word_1_474' title='bbox 2760 2393 3011 2448; x_wconf 84' lang='lat' dir='ltr'>feminas</span> <span class='ocrx_word' id='word_1_475' title='bbox 3025 2410 3095 2448; x_wconf 85' lang='lat' dir='ltr'>XL</span> <span class='ocrx_word' id='word_1_476' title='bbox 3135 2397 3193 2448; x_wconf 91' lang='lat' dir='ltr'>et</span> <span class='ocrx_word' id='word_1_477' title='bbox 3212 2393 3603 2450; x_wconf 90' lang='lat' dir='ltr'>subdiaconos</span> <span class='ocrx_word' id='word_1_478' title='bbox 3631 2411 3720 2463; x_wconf 81' lang='lat' dir='ltr'>xc,</span> <span class='ocrx_word' id='word_1_479' title='bbox 3753 2397 3828 2451; x_wconf 87' lang='lat' dir='ltr'>le-</span> 
     </span>
    </p>
   </div>
   <div class='ocr_carea' id='block_1_68' title="bbox 2196 2487 3828 2558">
    <p class='ocr_par' dir='ltr' id='par_1_68' title="bbox 2196 2487 3828 2558">
     <span class='ocr_line' id='line_1_68' title="bbox 2196 2487 3828 2558; baseline 0.002 -18"><span class='ocrx_word' id='word_1_480' title='bbox 2196 2489 2382 2541; x_wconf 90' lang='lat' dir='ltr'>ctores</span> <span class='ocrx_word' id='word_1_481' title='bbox 2407 2489 2602 2541; x_wconf 89' lang='lat' dir='ltr'>autem</span> <span class='ocrx_word' id='word_1_482' title='bbox 2629 2487 2779 2540; x_wconf 90' lang='lat' dir='ltr'>ultra</span> <span class='ocrx_word' id='word_1_483' title='bbox 2809 2501 2896 2554; x_wconf 81' lang='lat' dir='ltr'>cx,</span> <span class='ocrx_word' id='word_1_484' title='bbox 2937 2490 3203 2542; x_wconf 89' lang='lat' dir='ltr'>cantores</span> <span class='ocrx_word' id='word_1_485' title='bbox 3225 2487 3375 2544; x_wconf 88' lang='lat' dir='ltr'>ultra</span> <span class='ocrx_word' id='word_1_486' title='bbox 3401 2504 3528 2556; x_wconf 77' lang='lat' dir='ltr'>xxv,</span> <span class='ocrx_word' id='word_1_487' title='bbox 3566 2489 3828 2558; x_wconf 82' lang='lat' dir='ltr'>existant,</span> 
     </span>
    </p>
   </div>
   <div class='ocr_carea' id='block_1_69' title="bbox 2197 2579 3831 2654">
    <p class='ocr_par' dir='ltr' id='par_1_69' title="bbox 2197 2579 3831 2654">
     <span class='ocr_line' id='line_1_69' title="bbox 2197 2579 3831 2654; baseline 0.002 -20"><span class='ocrx_word' id='word_1_488' title='bbox 2197 2582 2259 2634; x_wconf 92' lang='lat' dir='ltr'>ut</span> <span class='ocrx_word' id='word_1_489' title='bbox 2286 2579 2582 2634; x_wconf 88' lang='lat' dir='ltr'>universus</span> <span class='ocrx_word' id='word_1_490' title='bbox 2602 2580 3212 2634; x_wconf 90' lang='lat' dir='ltr'>reverendissimorum</span> <span class='ocrx_word' id='word_1_491' title='bbox 3232 2580 3576 2636; x_wconf 89' lang='lat' dir='ltr'>clericorum</span> <span class='ocrx_word' id='word_1_492' title='bbox 3599 2583 3831 2654; x_wconf 83' lang='lat' dir='ltr'>majoris</span> 
     </span>
    </p>
   </div>
   <div class='ocr_carea' id='block_1_70' title="bbox 2195 2673 3832 2746">
    <p class='ocr_par' dir='ltr' id='par_1_70' title="bbox 2195 2673 3832 2746">
     <span class='ocr_line' id='line_1_70' title="bbox 2195 2673 3832 2746; baseline 0.003 -19"><span class='ocrx_word' id='word_1_493' title='bbox 2195 2689 2471 2728; x_wconf 89' lang='lat' dir='ltr'>numerus</span> <span class='ocrx_word' id='word_1_494' title='bbox 2504 2673 2564 2728; x_wconf 91' lang='lat' dir='ltr'>in</span> <span class='ocrx_word' id='word_1_495' title='bbox 2602 2689 2839 2730; x_wconf 82' lang='lat' dir='ltr'>ccccxxv</span> <span class='ocrx_word' id='word_1_496' title='bbox 2871 2673 3152 2745; x_wconf 89' lang='lat' dir='ltr'>personis,</span> <span class='ocrx_word' id='word_1_497' title='bbox 3191 2676 3248 2728; x_wconf 92' lang='lat' dir='ltr'>et</span> <span class='ocrx_word' id='word_1_498' title='bbox 3281 2678 3513 2729; x_wconf 88' lang='lat' dir='ltr'>centum</span> <span class='ocrx_word' id='word_1_499' title='bbox 3553 2680 3832 2746; x_wconf 84' lang='lat' dir='ltr'>praterea</span> 
     </span>
    </p>
   </div>
   <div class='ocr_carea' id='block_1_71' title="bbox 2195 2766 3828 2841">
    <p class='ocr_par' dir='ltr' id='par_1_71' title="bbox 2195 2766 3828 2841">
     <span class='ocr_line' id='line_1_71' title="bbox 2195 2766 3828 2841; baseline 0.002 -20"><span class='ocrx_word' id='word_1_500' title='bbox 2195 2767 2437 2822; x_wconf 85' lang='lat' dir='ltr'>ostiariis</span> <span class='ocrx_word' id='word_1_501' title='bbox 2475 2766 2557 2838; x_wconf 89' lang='lat' dir='ltr'>(ut</span> <span class='ocrx_word' id='word_1_502' title='bbox 2591 2766 2818 2840; x_wconf 90' lang='lat' dir='ltr'>vocant)</span> <span class='ocrx_word' id='word_1_503' title='bbox 2851 2767 3144 2822; x_wconf 86' lang='lat' dir='ltr'>consistat.</span> <span class='ocrx_word' id='word_1_504' title='bbox 3174 2770 3234 2822; x_wconf 89' lang='lat' dir='ltr'>In</span> <span class='ocrx_word' id='word_1_505' title='bbox 3263 2768 3627 2824; x_wconf 87' lang='lat' dir='ltr'>sanctissima</span> <span class='ocrx_word' id='word_1_506' title='bbox 3657 2769 3828 2841; x_wconf 84' lang='lat' dir='ltr'>igitur</span> 
     </span>
    </p>
   </div>
   <div class='ocr_carea' id='block_1_72' title="bbox 2192 2860 3829 2932">
    <p class='ocr_par' dir='ltr' id='par_1_72' title="bbox 2192 2860 3829 2932">
     <span class='ocr_line' id='line_1_72' title="bbox 2192 2860 3829 2932; baseline 0.002 -18"><span class='ocrx_word' id='word_1_507' title='bbox 2192 2860 2413 2930; x_wconf 89' lang='lat' dir='ltr'>majore</span> <span class='ocrx_word' id='word_1_508' title='bbox 2440 2861 2606 2915; x_wconf 85' lang='lat' dir='ltr'>almae</span> <span class='ocrx_word' id='word_1_509' title='bbox 2639 2860 2808 2932; x_wconf 75' lang='lat' dir='ltr'>hujus</span> <span class='ocrx_word' id='word_1_510' title='bbox 2836 2861 2990 2915; x_wconf 87' lang='lat' dir='ltr'>urbis</span> <span class='ocrx_word' id='word_1_511' title='bbox 3026 2866 3236 2916; x_wconf 86' lang='lat' dir='ltr'>nostra</span> <span class='ocrx_word' id='word_1_512' title='bbox 3268 2861 3525 2931; x_wconf 89' lang='lat' dir='ltr'>ecclesia,</span> <span class='ocrx_word' id='word_1_513' title='bbox 3557 2868 3619 2917; x_wconf 91' lang='lat' dir='ltr'>et</span> <span class='ocrx_word' id='word_1_514' title='bbox 3652 2863 3829 2918; x_wconf 83' lang='lat' dir='ltr'>tribus</span> 
     </span>
    </p>
   </div>
   <div class='ocr_carea' id='block_1_73' title="bbox 2192 2952 3830 3022">
    <p class='ocr_par' dir='ltr' id='par_1_73' title="bbox 2192 2952 3830 3022">
     <span class='ocr_line' id='line_1_73' title="bbox 2192 2952 3830 3022; baseline 0.004 -15"><span class='ocrx_word' id='word_1_515' title='bbox 2192 2953 2302 3008; x_wconf 85' lang='lat' dir='ltr'>illis</span> <span class='ocrx_word' id='word_1_516' title='bbox 2329 2953 2502 3008; x_wconf 89' lang='lat' dir='ltr'>sacris</span> <span class='ocrx_word' id='word_1_517' title='bbox 2537 2952 2753 3008; x_wconf 80' lang='lat' dir='ltr'>adibus</span> <span class='ocrx_word' id='word_1_518' title='bbox 2790 2953 2842 3008; x_wconf 91' lang='lat' dir='ltr'>ei</span> <span class='ocrx_word' id='word_1_519' title='bbox 2885 2953 3245 3022; x_wconf 88' lang='lat' dir='ltr'>coadunatis,</span> <span class='ocrx_word' id='word_1_520' title='bbox 3285 2957 3446 3010; x_wconf 88' lang='lat' dir='ltr'>tanta</span> <span class='ocrx_word' id='word_1_521' title='bbox 3493 2956 3830 3013; x_wconf 87' lang='lat' dir='ltr'>clericorum</span> 
     </span>
    </p>
   </div>
   <div class='ocr_carea' id='block_1_74' title="bbox 2191 3046 3831 3122">
    <p class='ocr_par' dir='ltr' id='par_1_74' title="bbox 2191 3046 3831 3122">
     <span class='ocr_line' id='line_1_74' title="bbox 2191 3046 3831 3122; baseline 0.002 -20"><span class='ocrx_word' id='word_1_522' title='bbox 2191 3046 2500 3102; x_wconf 89' lang='lat' dir='ltr'>multitudo</span> <span class='ocrx_word' id='word_1_523' title='bbox 2528 3051 2672 3115; x_wconf 89' lang='lat' dir='ltr'>esto,</span> <span class='ocrx_word' id='word_1_524' title='bbox 2708 3047 2938 3104; x_wconf 90' lang='lat' dir='ltr'>nemine</span> <span class='ocrx_word' id='word_1_525' title='bbox 2994 3064 3218 3117; x_wconf 90' lang='lat' dir='ltr'>eorum,</span> <span class='ocrx_word' id='word_1_526' title='bbox 3248 3049 3344 3120; x_wconf 85' lang='lat' dir='ltr'>qui</span> <span class='ocrx_word' id='word_1_527' title='bbox 3376 3066 3532 3104; x_wconf 90' lang='lat' dir='ltr'>nunc</span> <span class='ocrx_word' id='word_1_528' title='bbox 3555 3055 3716 3119; x_wconf 87' lang='lat' dir='ltr'>sunt,</span> <span class='ocrx_word' id='word_1_529' title='bbox 3735 3052 3831 3122; x_wconf 84' lang='lat' dir='ltr'>eji-</span> 
     </span>
    </p>
   </div>
   <div class='ocr_carea' id='block_1_75' title="bbox 2193 3140 3833 3216">
    <p class='ocr_par' dir='ltr' id='par_1_75' title="bbox 2193 3140 3833 3216">
     <span class='ocr_line' id='line_1_75' title="bbox 2193 3140 3833 3216; baseline 0.003 -21"><span class='ocrx_word' id='word_1_530' title='bbox 2193 3141 2418 3208; x_wconf 90' lang='lat' dir='ltr'>ciendo,</span> <span class='ocrx_word' id='word_1_531' title='bbox 2438 3140 2666 3196; x_wconf 83' lang='lat' dir='ltr'>tametsi</span> <span class='ocrx_word' id='word_1_532' title='bbox 2687 3142 2868 3196; x_wconf 85' lang='lat' dir='ltr'>multo</span> <span class='ocrx_word' id='word_1_533' title='bbox 2887 3141 3072 3213; x_wconf 87' lang='lat' dir='ltr'>major</span> <span class='ocrx_word' id='word_1_534' title='bbox 3093 3157 3370 3197; x_wconf 90' lang='lat' dir='ltr'>numerus</span> <span class='ocrx_word' id='word_1_535' title='bbox 3391 3143 3620 3211; x_wconf 82' lang='lat' dir='ltr'>existat,</span> <span class='ocrx_word' id='word_1_536' title='bbox 3660 3161 3833 3216; x_wconf 88' lang='lat' dir='ltr'>quam</span> 
     </span>
    </p>
   </div>
   <div class='ocr_carea' id='block_1_76' title="bbox 2195 3234 3829 3310">
    <p class='ocr_par' dir='ltr' id='par_1_76' title="bbox 2195 3234 3829 3310">
     <span class='ocr_line' id='line_1_76' title="bbox 2195 3234 3829 3310; baseline 0.002 -20"><span class='ocrx_word' id='word_1_537' title='bbox 2195 3253 2228 3290; x_wconf 91' lang='lat' dir='ltr'>a</span> <span class='ocrx_word' id='word_1_538' title='bbox 2253 3235 2420 3290; x_wconf 87' lang='lat' dir='ltr'>nobis</span> <span class='ocrx_word' id='word_1_539' title='bbox 2442 3234 2711 3290; x_wconf 85' lang='lat' dir='ltr'>deﬁnitus</span> <span class='ocrx_word' id='word_1_540' title='bbox 2735 3238 2854 3302; x_wconf 90' lang='lat' dir='ltr'>est;</span> <span class='ocrx_word' id='word_1_541' title='bbox 2879 3234 3112 3290; x_wconf 89' lang='lat' dir='ltr'>nemine</span> <span class='ocrx_word' id='word_1_542' title='bbox 3135 3235 3275 3291; x_wconf 90' lang='lat' dir='ltr'>item</span> <span class='ocrx_word' id='word_1_543' title='bbox 3290 3235 3360 3291; x_wconf 91' lang='lat' dir='ltr'>de</span> <span class='ocrx_word' id='word_1_544' title='bbox 3387 3241 3598 3292; x_wconf 87' lang='lat' dir='ltr'>catero</span> <span class='ocrx_word' id='word_1_545' title='bbox 3617 3255 3724 3310; x_wconf 86' lang='lat' dir='ltr'>per</span> <span class='ocrx_word' id='word_1_546' title='bbox 3753 3239 3829 3293; x_wconf 89' lang='lat' dir='ltr'>ul-</span> 
     </span>
    </p>
   </div>
   <div class='ocr_carea' id='block_1_77' title="bbox 2193 3328 3834 3408">
    <p class='ocr_par' dir='ltr' id='par_1_77' title="bbox 2193 3328 3834 3408">
     <span class='ocr_line' id='line_1_77' title="bbox 2193 3328 3834 3408; baseline 0.003 -25"><span class='ocrx_word' id='word_1_547' title='bbox 2193 3331 2312 3408; x_wconf 85' lang='lat' dir='ltr'>lum</span> <span class='ocrx_word' id='word_1_548' title='bbox 2335 3329 2618 3396; x_wconf 78' lang='lat' dir='ltr'>ordinem,</span> <span class='ocrx_word' id='word_1_549' title='bbox 2638 3328 2736 3401; x_wconf 91' lang='lat' dir='ltr'>qui</span> <span class='ocrx_word' id='word_1_550' title='bbox 2757 3329 2866 3384; x_wconf 90' lang='lat' dir='ltr'>hoc</span> <span class='ocrx_word' id='word_1_551' title='bbox 2880 3335 3141 3402; x_wconf 88' lang='lat' dir='ltr'>tempore</span> <span class='ocrx_word' id='word_1_552' title='bbox 3158 3333 3262 3398; x_wconf 89' lang='lat' dir='ltr'>est,</span> <span class='ocrx_word' id='word_1_553' title='bbox 3275 3329 3629 3402; x_wconf 89' lang='lat' dir='ltr'>adjiciendo,</span> <span class='ocrx_word' id='word_1_554' title='bbox 3652 3333 3834 3388; x_wconf 86' lang='lat' dir='ltr'>donec</span> 
     </span>
    </p>
   </div>
   <div class='ocr_carea' id='block_1_78' title="bbox 2191 3423 3833 3482">
    <p class='ocr_par' dir='ltr' id='par_1_78' title="bbox 2191 3423 3833 3482">
     <span class='ocr_line' id='line_1_78' title="bbox 2191 3423 3833 3482; baseline 0.002 -4"><span class='ocrx_word' id='word_1_555' title='bbox 2191 3423 2345 3478; x_wconf 90' lang='lat' dir='ltr'>intra</span> <span class='ocrx_word' id='word_1_556' title='bbox 2359 3423 2511 3478; x_wconf 88' lang='lat' dir='ltr'>hunc</span> <span class='ocrx_word' id='word_1_557' title='bbox 2529 3439 2833 3478; x_wconf 87' lang='lat' dir='ltr'>numerum</span> <span class='ocrx_word' id='word_1_558' title='bbox 2846 3439 3120 3479; x_wconf 90' lang='lat' dir='ltr'>mensura</span> <span class='ocrx_word' id='word_1_559' title='bbox 3130 3423 3533 3480; x_wconf 69' lang='lat' dir='ltr'>consistatlllo</span> <span class='ocrx_word' id='word_1_560' title='bbox 3551 3426 3728 3481; x_wconf 86' lang='lat' dir='ltr'>etiam</span> <span class='ocrx_word' id='word_1_561' title='bbox 3738 3426 3833 3482; x_wconf 90' lang='lat' dir='ltr'>ad-</span> 
     </span>
    </p>
   </div>
   <div class='ocr_carea' id='block_1_79' title="bbox 2185 3515 3828 3590">
    <p class='ocr_par' dir='ltr' id='par_1_79' title="bbox 2185 3515 3828 3590">
     <span class='ocr_line' id='line_1_79' title="bbox 2185 3515 3828 3590; baseline 0.003 -20"><span class='ocrx_word' id='word_1_562' title='bbox 2185 3515 2462 3588; x_wconf 89' lang='lat' dir='ltr'>jiciendo,</span> <span class='ocrx_word' id='word_1_563' title='bbox 2485 3532 2559 3572; x_wconf 90' lang='lat' dir='ltr'>ne</span> <span class='ocrx_word' id='word_1_564' title='bbox 2591 3515 2748 3587; x_wconf 91' lang='lat' dir='ltr'>quod</span> <span class='ocrx_word' id='word_1_565' title='bbox 2772 3517 3050 3572; x_wconf 88' lang='lat' dir='ltr'>hactenus</span> <span class='ocrx_word' id='word_1_566' title='bbox 3075 3517 3345 3574; x_wconf 91' lang='lat' dir='ltr'>indecore</span> <span class='ocrx_word' id='word_1_567' title='bbox 3363 3519 3494 3574; x_wconf 87' lang='lat' dir='ltr'>ﬁeri</span> <span class='ocrx_word' id='word_1_568' title='bbox 3515 3521 3828 3590; x_wconf 88' lang='lat' dir='ltr'>consuevit,</span> 
     </span>
    </p>
   </div>
   <div class='ocr_carea' id='block_1_80' title="bbox 2192 3609 3827 3682">
    <p class='ocr_par' dir='ltr' id='par_1_80' title="bbox 2192 3609 3827 3682">
     <span class='ocr_line' id='line_1_80' title="bbox 2192 3609 3827 3682; baseline 0.004 -19"><span class='ocrx_word' id='word_1_569' title='bbox 2192 3609 2464 3682; x_wconf 90' lang='lat' dir='ltr'>deinceps</span> <span class='ocrx_word' id='word_1_570' title='bbox 2473 3609 2536 3664; x_wconf 93' lang='lat' dir='ltr'>in</span> <span class='ocrx_word' id='word_1_571' title='bbox 2549 3626 2654 3664; x_wconf 89' lang='lat' dir='ltr'>usu</span> <span class='ocrx_word' id='word_1_572' title='bbox 2665 3610 2947 3666; x_wconf 86' lang='lat' dir='ltr'>habeatur</span> <span class='ocrx_word' id='word_1_573' title='bbox 2959 3615 3026 3666; x_wconf 92' lang='lat' dir='ltr'>ut</span> <span class='ocrx_word' id='word_1_574' title='bbox 3034 3611 3654 3670; x_wconf 86' lang='lat' dir='ltr'>reverendissimorum</span> <span class='ocrx_word' id='word_1_575' title='bbox 3670 3614 3827 3669; x_wconf 80' lang='lat' dir='ltr'>cleri-</span> 
     </span>
    </p>
   </div>
   <div class='ocr_carea' id='block_1_81' title="bbox 2192 3703 3830 3780">
    <p class='ocr_par' dir='ltr' id='par_1_81' title="bbox 2192 3703 3830 3780">
     <span class='ocr_line' id='line_1_81' title="bbox 2192 3703 3830 3780; baseline 0.002 -22"><span class='ocrx_word' id='word_1_576' title='bbox 2192 3720 2391 3759; x_wconf 90' lang='lat' dir='ltr'>corum</span> <span class='ocrx_word' id='word_1_577' title='bbox 2418 3703 2683 3759; x_wconf 91' lang='lat' dir='ltr'>nonnulli</span> <span class='ocrx_word' id='word_1_578' title='bbox 2704 3703 2764 3759; x_wconf 89' lang='lat' dir='ltr'>in</span> <span class='ocrx_word' id='word_1_579' title='bbox 2791 3705 3164 3761; x_wconf 87' lang='lat' dir='ltr'>sanctissimis</span> <span class='ocrx_word' id='word_1_580' title='bbox 3195 3705 3466 3776; x_wconf 90' lang='lat' dir='ltr'>ecclesiis,</span> <span class='ocrx_word' id='word_1_581' title='bbox 3489 3707 3547 3762; x_wconf 91' lang='lat' dir='ltr'>in</span> <span class='ocrx_word' id='word_1_582' title='bbox 3579 3725 3727 3780; x_wconf 84' lang='lat' dir='ltr'>quas</span> <span class='ocrx_word' id='word_1_583' title='bbox 3748 3709 3830 3762; x_wconf 78' lang='lat' dir='ltr'>vel</span> 
     </span>
    </p>
   </div>
   <div class='ocr_carea' id='block_1_82' title="bbox 2191 3797 3828 3870">
    <p class='ocr_par' dir='ltr' id='par_1_82' title="bbox 2191 3797 3828 3870">
     <span class='ocr_line' id='line_1_82' title="bbox 2191 3797 3828 3870; baseline 0.003 -19"><span class='ocrx_word' id='word_1_584' title='bbox 2191 3797 2304 3866; x_wconf 90' lang='lat' dir='ltr'>hic,</span> <span class='ocrx_word' id='word_1_585' title='bbox 2333 3799 2420 3852; x_wconf 90' lang='lat' dir='ltr'>vel</span> <span class='ocrx_word' id='word_1_586' title='bbox 2450 3813 2556 3870; x_wconf 88' lang='lat' dir='ltr'>per</span> <span class='ocrx_word' id='word_1_587' title='bbox 2580 3797 2905 3870; x_wconf 83' lang='lat' dir='ltr'>provincias</span> <span class='ocrx_word' id='word_1_588' title='bbox 2933 3799 3184 3854; x_wconf 87' lang='lat' dir='ltr'>ordinati</span> <span class='ocrx_word' id='word_1_589' title='bbox 3221 3802 3373 3869; x_wconf 90' lang='lat' dir='ltr'>sunt,</span> <span class='ocrx_word' id='word_1_590' title='bbox 3403 3817 3648 3856; x_wconf 82' lang='lat' dir='ltr'>manere</span> <span class='ocrx_word' id='word_1_591' title='bbox 3676 3801 3828 3856; x_wconf 73' lang='lat' dir='ltr'>dedi~</span> 
     </span>
    </p>
   </div>
   <div class='ocr_carea' id='block_1_83' title="bbox 2192 3892 3829 3968">
    <p class='ocr_par' dir='ltr' id='par_1_83' title="bbox 2192 3892 3829 3968">
     <span class='ocr_line' id='line_1_83' title="bbox 2192 3892 3829 3968; baseline 0.002 -22"><span class='ocrx_word' id='word_1_592' title='bbox 2192 3894 2464 3963; x_wconf 87' lang='lat' dir='ltr'>gnentur,</span> <span class='ocrx_word' id='word_1_593' title='bbox 2483 3908 2549 3946; x_wconf 90' lang='lat' dir='ltr'>ac</span> <span class='ocrx_word' id='word_1_594' title='bbox 2564 3908 2670 3965; x_wconf 92' lang='lat' dir='ltr'>per</span> <span class='ocrx_word' id='word_1_595' title='bbox 2688 3892 3012 3965; x_wconf 89' lang='lat' dir='ltr'>patrocinia</span> <span class='ocrx_word' id='word_1_596' title='bbox 3025 3893 3085 3947; x_wconf 90' lang='lat' dir='ltr'>in</span> <span class='ocrx_word' id='word_1_597' title='bbox 3103 3898 3526 3950; x_wconf 88' lang='lat' dir='ltr'>sacrosanctam</span> <span class='ocrx_word' id='word_1_598' title='bbox 3541 3897 3829 3968; x_wconf 90' lang='lat' dir='ltr'>majorem</span> 
     </span>
    </p>
   </div>
   <div class='ocr_carea' id='block_1_84' title="bbox 2193 3985 3829 4060">
    <p class='ocr_par' dir='ltr' id='par_1_84' title="bbox 2193 3985 3829 4060">
     <span class='ocr_line' id='line_1_84' title="bbox 2193 3985 3829 4060; baseline 0.002 -20"><span class='ocrx_word' id='word_1_599' title='bbox 2193 3985 2494 4040; x_wconf 89' lang='lat' dir='ltr'>ecclesiam</span> <span class='ocrx_word' id='word_1_600' title='bbox 2546 3987 2784 4058; x_wconf 89' lang='lat' dir='ltr'>ejusque</span> <span class='ocrx_word' id='word_1_601' title='bbox 2810 3987 3026 4042; x_wconf 89' lang='lat' dir='ltr'>clerum</span> <span class='ocrx_word' id='word_1_602' title='bbox 3066 3988 3331 4056; x_wconf 89' lang='lat' dir='ltr'>subeant,</span> <span class='ocrx_word' id='word_1_603' title='bbox 3371 3989 3529 4060; x_wconf 91' lang='lat' dir='ltr'>quod</span> <span class='ocrx_word' id='word_1_604' title='bbox 3563 3991 3829 4045; x_wconf 88' lang='lat' dir='ltr'>omnibus</span> 
     </span>
    </p>
   </div>
   <div class='ocr_carea' id='block_1_85' title="bbox 2190 4079 3832 4153">
    <p class='ocr_par' dir='ltr' id='par_1_85' title="bbox 2190 4079 3832 4153">
     <span class='ocr_line' id='line_1_85' title="bbox 2190 4079 3832 4153; baseline 0.001 -19"><span class='ocrx_word' id='word_1_605' title='bbox 2190 4079 2378 4134; x_wconf 90' lang='lat' dir='ltr'>modis</span> <span class='ocrx_word' id='word_1_606' title='bbox 2397 4079 2457 4134; x_wconf 92' lang='lat' dir='ltr'>in</span> <span class='ocrx_word' id='word_1_607' title='bbox 2477 4083 2772 4152; x_wconf 91' lang='lat' dir='ltr'>posterum</span> <span class='ocrx_word' id='word_1_608' title='bbox 2788 4080 2914 4135; x_wconf 86' lang='lat' dir='ltr'>ﬁeri</span> <span class='ocrx_word' id='word_1_609' title='bbox 2937 4081 3328 4153; x_wconf 87' lang='lat' dir='ltr'>prohibemus.</span> <span class='ocrx_word' id='word_1_610' title='bbox 3348 4084 3492 4138; x_wconf 89' lang='lat' dir='ltr'>Nam</span> <span class='ocrx_word' id='word_1_611' title='bbox 3512 4085 3558 4138; x_wconf 89' lang='lat' dir='ltr'>si</span> <span class='ocrx_word' id='word_1_612' title='bbox 3583 4083 3642 4138; x_wconf 92' lang='lat' dir='ltr'>in</span> <span class='ocrx_word' id='word_1_613' title='bbox 3660 4084 3832 4139; x_wconf 85' lang='lat' dir='ltr'>sacris</span> 
     </span>
    </p>
   </div>
   <div class='ocr_carea' id='block_1_86' title="bbox 2190 4173 3834 4246">
    <p class='ocr_par' dir='ltr' id='par_1_86' title="bbox 2190 4173 3834 4246">
     <span class='ocr_line' id='line_1_86' title="bbox 2190 4173 3834 4246; baseline 0.002 -18"><span class='ocrx_word' id='word_1_614' title='bbox 2190 4173 2531 4229; x_wconf 90' lang='lat' dir='ltr'>monasteris</span> <span class='ocrx_word' id='word_1_615' title='bbox 2543 4173 3021 4245; x_wconf 88' lang='lat' dir='ltr'>prohibemus,ne</span> <span class='ocrx_word' id='word_1_616' title='bbox 3035 4175 3163 4246; x_wconf 90' lang='lat' dir='ltr'>quis</span> <span class='ocrx_word' id='word_1_617' title='bbox 3175 4175 3247 4230; x_wconf 92' lang='lat' dir='ltr'>de</span> <span class='ocrx_word' id='word_1_618' title='bbox 3260 4193 3376 4233; x_wconf 91' lang='lat' dir='ltr'>uno</span> <span class='ocrx_word' id='word_1_619' title='bbox 3389 4176 3462 4231; x_wconf 91' lang='lat' dir='ltr'>ad</span> <span class='ocrx_word' id='word_1_620' title='bbox 3473 4176 3634 4232; x_wconf 87' lang='lat' dir='ltr'>aliud</span> <span class='ocrx_word' id='word_1_621' title='bbox 3651 4182 3834 4232; x_wconf 83' lang='lat' dir='ltr'>trans-</span> 
     </span>
    </p>
   </div>
   <div class='ocr_carea' id='block_1_87' title="bbox 2192 4266 3832 4342">
    <p class='ocr_par' dir='ltr' id='par_1_87' title="bbox 2192 4266 3832 4342">
     <span class='ocr_line' id='line_1_87' title="bbox 2192 4266 3832 4342; baseline 0.001 -20"><span class='ocrx_word' id='word_1_622' title='bbox 2192 4271 2304 4336; x_wconf 86' lang='lat' dir='ltr'>eat,</span> <span class='ocrx_word' id='word_1_623' title='bbox 2337 4267 2521 4322; x_wconf 89' lang='lat' dir='ltr'>multo</span> <span class='ocrx_word' id='word_1_624' title='bbox 2548 4267 2740 4322; x_wconf 91' lang='lat' dir='ltr'>minus</span> <span class='ocrx_word' id='word_1_625' title='bbox 2757 4266 2820 4322; x_wconf 90' lang='lat' dir='ltr'>id</span> <span class='ocrx_word' id='word_1_626' title='bbox 2839 4269 3329 4324; x_wconf 88' lang='lat' dir='ltr'>reverendissimis</span> <span class='ocrx_word' id='word_1_627' title='bbox 3351 4270 3575 4326; x_wconf 88' lang='lat' dir='ltr'>clericis</span> <span class='ocrx_word' id='word_1_628' title='bbox 3600 4271 3832 4342; x_wconf 80' lang='lat' dir='ltr'>permit-</span> 
     </span>
    </p>
   </div>
   <div class='ocr_carea' id='block_1_88' title="bbox 2189 4360 3828 4436">
    <p class='ocr_par' dir='ltr' id='par_1_88' title="bbox 2189 4360 3828 4436">
     <span class='ocr_line' id='line_1_88' title="bbox 2189 4360 3828 4436; baseline 0.002 -20"><span class='ocrx_word' id='word_1_629' title='bbox 2189 4365 2400 4429; x_wconf 83' lang='lat' dir='ltr'>temus,</span> <span class='ocrx_word' id='word_1_630' title='bbox 2430 4360 2538 4416; x_wconf 91' lang='lat' dir='ltr'>rati</span> <span class='ocrx_word' id='word_1_631' title='bbox 2573 4361 2908 4432; x_wconf 78' lang='lat' dir='ltr'>hujusmodi</span> <span class='ocrx_word' id='word_1_632' title='bbox 2933 4361 3304 4433; x_wconf 87' lang='lat' dir='ltr'>cupiditatem</span> <span class='ocrx_word' id='word_1_633' title='bbox 3343 4363 3598 4435; x_wconf 89' lang='lat' dir='ltr'>speciem</span> <span class='ocrx_word' id='word_1_634' title='bbox 3626 4381 3746 4436; x_wconf 86' lang='lat' dir='ltr'>pra</span> <span class='ocrx_word' id='word_1_635' title='bbox 3771 4381 3828 4418; x_wconf 84' lang='lat' dir='ltr'>se</span> 
     </span>
    </p>
   </div>
   <div class='ocr_carea' id='block_1_89' title="bbox 2191 4453 3828 4529">
    <p class='ocr_par' dir='ltr' id='par_1_89' title="bbox 2191 4453 3828 4529">
     <span class='ocr_line' id='line_1_89' title="bbox 2191 4453 3828 4529; baseline 0.001 -21"><span class='ocrx_word' id='word_1_636' title='bbox 2191 4454 2338 4508; x_wconf 89' lang='lat' dir='ltr'>ferre</span> <span class='ocrx_word' id='word_1_637' title='bbox 2362 4458 2607 4526; x_wconf 82' lang='lat' dir='ltr'>quastus</span> <span class='ocrx_word' id='word_1_638' title='bbox 2633 4459 2691 4509; x_wconf 89' lang='lat' dir='ltr'>et</span> <span class='ocrx_word' id='word_1_639' title='bbox 2720 4453 3173 4510; x_wconf 90' lang='lat' dir='ltr'>nundinationis.</span> <span class='ocrx_word' id='word_1_640' title='bbox 3204 4457 3490 4512; x_wconf 70' lang='lat' dir='ltr'>(laterum</span> <span class='ocrx_word' id='word_1_641' title='bbox 3517 4457 3564 4511; x_wconf 92' lang='lat' dir='ltr'>si</span> <span class='ocrx_word' id='word_1_642' title='bbox 3598 4457 3828 4529; x_wconf 90' lang='lat' dir='ltr'>quando</span> 
     </span>
    </p>
   </div>
   <div class='ocr_carea' id='block_1_90' title="bbox 451 4546 3825 4629">
    <p class='ocr_par' dir='ltr' id='par_1_90' title="bbox 451 4546 3825 4629">
     <span class='ocr_line' id='line_1_90' title="bbox 451 4546 3825 4629; baseline -0 -22"><span class='ocrx_word' id='word_1_643' title='bbox 451 4549 754 4607; x_wconf 89' lang='lat' dir='ltr'>Sancimns</span> <span class='ocrx_word' id='word_1_644' title='bbox 789 4549 984 4622; x_wconf 88' lang='lat' dir='ltr'>igitur,</span> <span class='ocrx_word' id='word_1_645' title='bbox 1017 4552 1081 4604; x_wconf 89' lang='lat' dir='ltr'>ut</span> <span class='ocrx_word' id='word_1_646' title='bbox 1106 4550 1566 4606; x_wconf 89' lang='lat' dir='ltr'>reverendissimi</span> <span class='ocrx_word' id='word_1_647' title='bbox 1593 4551 1800 4619; x_wconf 90' lang='lat' dir='ltr'>clerici,</span> <span class='ocrx_word' id='word_1_648' title='bbox 1835 4554 1893 4606; x_wconf 92' lang='lat' dir='ltr'>et</span> <span class='ocrx_word' id='word_1_649' title='bbox 1917 4551 2087 4606; x_wconf 90' lang='lat' dir='ltr'>mini-</span> <span class='ocrx_word' id='word_1_650' title='bbox 2108 4557 2168 4629; x_wconf 85' lang='lat' dir='ltr'><strong>D</strong></span> <span class='ocrx_word' id='word_1_651' title='bbox 2192 4550 2249 4601; x_wconf 87' lang='lat' dir='ltr'>et</span> <span class='ocrx_word' id='word_1_652' title='bbox 2273 4547 2382 4602; x_wconf 91' lang='lat' dir='ltr'>hoe</span> <span class='ocrx_word' id='word_1_653' title='bbox 2399 4546 2755 4603; x_wconf 89' lang='lat' dir='ltr'>transitionis</span> <span class='ocrx_word' id='word_1_654' title='bbox 2773 4564 2956 4620; x_wconf 89' lang='lat' dir='ltr'>genus</span> <span class='ocrx_word' id='word_1_655' title='bbox 2973 4549 3060 4603; x_wconf 89' lang='lat' dir='ltr'>vel</span> <span class='ocrx_word' id='word_1_656' title='bbox 3080 4548 3422 4604; x_wconf 87' lang='lat' dir='ltr'>beatitudini</span> <span class='ocrx_word' id='word_1_657' title='bbox 3449 4553 3588 4619; x_wconf 82' lang='lat' dir='ltr'>tuae,</span> <span class='ocrx_word' id='word_1_658' title='bbox 3619 4553 3708 4606; x_wconf 86' lang='lat' dir='ltr'>vel</span> <span class='ocrx_word' id='word_1_659' title='bbox 3726 4567 3825 4622; x_wconf 88' lang='lat' dir='ltr'>pro</span> 
     </span>
    </p>
   </div>
   <div class='ocr_carea' id='block_1_91' title="bbox 452 4643 2086 4717">
    <p class='ocr_par' dir='ltr' id='par_1_91' title="bbox 452 4643 2086 4717">
     <span class='ocr_line' id='line_1_91' title="bbox 452 4643 2086 4717; baseline 0.001 -19"><span class='ocrx_word' id='word_1_660' title='bbox 452 4646 700 4698; x_wconf 87' lang='lat' dir='ltr'>strantes</span> <span class='ocrx_word' id='word_1_661' title='bbox 736 4643 1024 4711; x_wconf 89' lang='lat' dir='ltr'>mulieres,</span> <span class='ocrx_word' id='word_1_662' title='bbox 1069 4647 1123 4698; x_wconf 87' lang='lat' dir='ltr'>et</span> <span class='ocrx_word' id='word_1_663' title='bbox 1161 4643 1396 4713; x_wconf 88' lang='lat' dir='ltr'>ostiarii,</span> <span class='ocrx_word' id='word_1_664' title='bbox 1432 4644 1548 4715; x_wconf 63' lang='lat' dir='ltr'>fqui</span> <span class='ocrx_word' id='word_1_665' title='bbox 1591 4644 1664 4700; x_wconf 87' lang='lat' dir='ltr'>ad</span> <span class='ocrx_word' id='word_1_666' title='bbox 1711 4645 1864 4699; x_wconf 90' lang='lat' dir='ltr'>hunc</span> <span class='ocrx_word' id='word_1_667' title='bbox 1909 4662 2086 4717; x_wconf 91' lang='lat' dir='ltr'>usque</span> 
     </span>
    </p>
   </div>
   <div class='ocr_carea' id='block_1_92' title="bbox 451 4731 2086 4806">
    <p class='ocr_par' dir='ltr' id='par_1_92' title="bbox 451 4731 2086 4806">
     <span class='ocr_line' id='line_1_92' title="bbox 451 4731 2086 4806; baseline 0.001 -20"><span class='ocrx_word' id='word_1_668' title='bbox 451 4731 610 4786; x_wconf 91' lang='lat' dir='ltr'>diem</span> <span class='ocrx_word' id='word_1_669' title='bbox 641 4732 700 4787; x_wconf 87' lang='lat' dir='ltr'>in</span> <span class='ocrx_word' id='word_1_670' title='bbox 737 4732 942 4786; x_wconf 88' lang='lat' dir='ltr'>eadem</span> <span class='ocrx_word' id='word_1_671' title='bbox 983 4737 1347 4788; x_wconf 87' lang='lat' dir='ltr'>sacrosancta</span> <span class='ocrx_word' id='word_1_672' title='bbox 1381 4733 1600 4806; x_wconf 88' lang='lat' dir='ltr'>majore</span> <span class='ocrx_word' id='word_1_673' title='bbox 1639 4733 1878 4790; x_wconf 89' lang='lat' dir='ltr'>ecclesia</span> <span class='ocrx_word' id='word_1_674' title='bbox 1916 4736 2086 4789; x_wconf 82' lang='lat' dir='ltr'>cate-</span> 
     </span>
    </p>
   </div>
   <div class='ocr_carea' id='block_1_93' title="bbox 447 4825 2089 4900">
    <p class='ocr_par' dir='ltr' id='par_1_93' title="bbox 447 4825 2089 4900">
     <span class='ocr_line' id='line_1_93' title="bbox 447 4825 2089 4900; baseline 0 -18"><span class='ocrx_word' id='word_1_675' title='bbox 447 4826 641 4900; x_wconf 81' lang='lat' dir='ltr'>risque</span> <span class='ocrx_word' id='word_1_676' title='bbox 672 4825 847 4881; x_wconf 90' lang='lat' dir='ltr'>sacris</span> <span class='ocrx_word' id='word_1_677' title='bbox 875 4825 1096 4881; x_wconf 88' lang='lat' dir='ltr'>adibus</span> <span class='ocrx_word' id='word_1_678' title='bbox 1116 4825 1454 4895; x_wconf 73' lang='lat' dir='ltr'>consistunt,</span> <span class='ocrx_word' id='word_1_679' title='bbox 1477 4827 1536 4882; x_wconf 90' lang='lat' dir='ltr'>in</span> <span class='ocrx_word' id='word_1_680' title='bbox 1557 4844 1626 4883; x_wconf 88' lang='lat' dir='ltr'>ea</span> <span class='ocrx_word' id='word_1_681' title='bbox 1647 4828 1856 4896; x_wconf 86' lang='lat' dir='ltr'>forma,</span> <span class='ocrx_word' id='word_1_682' title='bbox 1889 4827 1948 4882; x_wconf 91' lang='lat' dir='ltr'>in</span> <span class='ocrx_word' id='word_1_683' title='bbox 1975 4845 2089 4900; x_wconf 88' lang='lat' dir='ltr'>qua</span> 
     </span>
    </p>
   </div>
   <div class='ocr_carea' id='block_1_94' title="bbox 443 4919 2086 4994">
    <p class='ocr_par' dir='ltr' id='par_1_94' title="bbox 443 4919 2086 4994">
     <span class='ocr_line' id='line_1_94' title="bbox 443 4919 2086 4994; baseline 0.001 -20"><span class='ocrx_word' id='word_1_684' title='bbox 443 4921 562 4990; x_wconf 89' lang='lat' dir='ltr'>jam</span> <span class='ocrx_word' id='word_1_685' title='bbox 591 4922 724 4976; x_wconf 88' lang='lat' dir='ltr'>sunt</span> <span class='ocrx_word' id='word_1_686' title='bbox 755 4922 1158 4993; x_wconf 90' lang='lat' dir='ltr'>permaneant.</span> <span class='ocrx_word' id='word_1_687' title='bbox 1193 4922 1388 4992; x_wconf 88' lang='lat' dir='ltr'>Neque</span> <span class='ocrx_word' id='word_1_688' title='bbox 1420 4919 1578 4975; x_wconf 92' lang='lat' dir='ltr'>enim</span> <span class='ocrx_word' id='word_1_689' title='bbox 1598 4921 1756 4994; x_wconf 86' lang='lat' dir='ltr'>quod</span> <span class='ocrx_word' id='word_1_690' title='bbox 1779 4921 1954 4976; x_wconf 91' lang='lat' dir='ltr'>modo</span> <span class='ocrx_word' id='word_1_691' title='bbox 1981 4923 2086 4989; x_wconf 89' lang='lat' dir='ltr'>est,</span> 
     </span>
    </p>
   </div>
   <div class='ocr_carea' id='block_1_95' title="bbox 449 5011 2090 5088">
    <p class='ocr_par' dir='ltr' id='par_1_95' title="bbox 449 5011 2090 5088">
     <span class='ocr_line' id='line_1_95' title="bbox 449 5011 2090 5088; baseline 0.001 -20"><span class='ocrx_word' id='word_1_692' title='bbox 449 5014 784 5082; x_wconf 90' lang='lat' dir='ltr'>minuimus,</span> <span class='ocrx_word' id='word_1_693' title='bbox 819 5014 922 5070; x_wconf 89' lang='lat' dir='ltr'>sed</span> <span class='ocrx_word' id='word_1_694' title='bbox 937 5013 1130 5087; x_wconf 89' lang='lat' dir='ltr'>potius</span> <span class='ocrx_word' id='word_1_695' title='bbox 1151 5011 1256 5070; x_wconf 89' lang='lat' dir='ltr'>ista</span> <span class='ocrx_word' id='word_1_696' title='bbox 1277 5014 1405 5088; x_wconf 89' lang='lat' dir='ltr'>lege</span> <span class='ocrx_word' id='word_1_697' title='bbox 1428 5015 1888 5087; x_wconf 89' lang='lat' dir='ltr'>complectimur,</span> <span class='ocrx_word' id='word_1_698' title='bbox 1915 5018 1978 5070; x_wconf 90' lang='lat' dir='ltr'>ut</span> <span class='ocrx_word' id='word_1_699' title='bbox 2007 5015 2090 5071; x_wconf 87' lang='lat' dir='ltr'>fu—</span> 
     </span>
    </p>
   </div>
   <div class='ocr_carea' id='block_1_96' title="bbox 450 5108 2086 5182">
    <p class='ocr_par' dir='ltr' id='par_1_96' title="bbox 450 5108 2086 5182">
     <span class='ocr_line' id='line_1_96' title="bbox 450 5108 2086 5182; baseline 0.003 -22"><span class='ocrx_word' id='word_1_700' title='bbox 450 5110 579 5162; x_wconf 91' lang='lat' dir='ltr'>turo</span> <span class='ocrx_word' id='word_1_701' title='bbox 607 5108 1036 5179; x_wconf 89' lang='lat' dir='ltr'>prospiciamus.</span> <span class='ocrx_word' id='word_1_702' title='bbox 1073 5108 1309 5182; x_wconf 84' lang='lat' dir='ltr'>Reliquo</span> <span class='ocrx_word' id='word_1_703' title='bbox 1330 5125 1462 5164; x_wconf 84' lang='lat' dir='ltr'>vero</span> <span class='ocrx_word' id='word_1_704' title='bbox 1490 5111 1753 5181; x_wconf 85' lang='lat' dir='ltr'>tempore</span> <span class='ocrx_word' id='word_1_705' title='bbox 1771 5109 1927 5164; x_wconf 91' lang='lat' dir='ltr'>nulla</span> <span class='ocrx_word' id='word_1_706' title='bbox 1957 5125 2086 5165; x_wconf 91' lang='lat' dir='ltr'>om-</span> 
     </span>
    </p>
   </div>
   <div class='ocr_carea' id='block_1_97' title="bbox 453 5197 2089 5273">
    <p class='ocr_par' dir='ltr' id='par_1_97' title="bbox 453 5197 2089 5273">
     <span class='ocr_line' id='line_1_97' title="bbox 453 5197 2089 5273; baseline 0.004 -20"><span class='ocrx_word' id='word_1_707' title='bbox 453 5197 593 5254; x_wconf 90' lang='lat' dir='ltr'>nino</span> <span class='ocrx_word' id='word_1_708' title='bbox 621 5200 904 5257; x_wconf 90' lang='lat' dir='ltr'>ordiuatio</span> <span class='ocrx_word' id='word_1_709' title='bbox 932 5203 1047 5273; x_wconf 90' lang='lat' dir='ltr'>ﬁet,</span> <span class='ocrx_word' id='word_1_710' title='bbox 1081 5204 1264 5260; x_wconf 88' lang='lat' dir='ltr'>donec</span> <span class='ocrx_word' id='word_1_711' title='bbox 1287 5203 1362 5258; x_wconf 91' lang='lat' dir='ltr'>ad</span> <span class='ocrx_word' id='word_1_712' title='bbox 1388 5207 1642 5258; x_wconf 89' lang='lat' dir='ltr'>veterem</span> <span class='ocrx_word' id='word_1_713' title='bbox 1675 5219 1984 5258; x_wconf 91' lang='lat' dir='ltr'>numerum</span> <span class='ocrx_word' id='word_1_714' title='bbox 2016 5203 2089 5259; x_wconf 89' lang='lat' dir='ltr'>ab</span> 
     </span>
    </p>
   </div>
   <div class='ocr_carea' id='block_1_98' title="bbox 451 5293 2086 5366">
    <p class='ocr_par' dir='ltr' id='par_1_98' title="bbox 451 5293 2086 5366">
     <span class='ocr_line' id='line_1_98' title="bbox 451 5293 2086 5366; baseline 0.002 -18"><span class='ocrx_word' id='word_1_715' title='bbox 451 5293 588 5366; x_wconf 92' lang='lat' dir='ltr'>ipsis</span> <span class='ocrx_word' id='word_1_716' title='bbox 617 5297 828 5348; x_wconf 87' lang='lat' dir='ltr'>sancta</span> <span class='ocrx_word' id='word_1_717' title='bbox 851 5297 1101 5352; x_wconf 83' lang='lat' dir='ltr'>ecclesia</span> <span class='ocrx_word' id='word_1_718' title='bbox 1114 5297 1557 5354; x_wconf 85' lang='lat' dir='ltr'>aediﬁcatoribus</span> <span class='ocrx_word' id='word_1_719' title='bbox 1575 5297 1898 5352; x_wconf 87' lang='lat' dir='ltr'>institutum</span> <span class='ocrx_word' id='word_1_720' title='bbox 1925 5313 2086 5352; x_wconf 87' lang='lat' dir='ltr'>reve-</span> 
     </span>
    </p>
   </div>
   <div class='ocr_carea' id='block_1_99' title="bbox 457 5387 1980 5465">
    <p class='ocr_par' dir='ltr' id='par_1_99' title="bbox 457 5387 1980 5465">
     <span class='ocr_line' id='line_1_99' title="bbox 457 5387 1980 5465; baseline 0.003 -23"><span class='ocrx_word' id='word_1_721' title='bbox 457 5387 933 5444; x_wconf 81' lang='lat' dir='ltr'>rendissimorum</span> <span class='ocrx_word' id='word_1_722' title='bbox 963 5389 1299 5446; x_wconf 89' lang='lat' dir='ltr'>clericorum</span> <span class='ocrx_word' id='word_1_723' title='bbox 1330 5391 1620 5465; x_wconf 89' lang='lat' dir='ltr'>quantitas</span> <span class='ocrx_word' id='word_1_724' title='bbox 1640 5393 1980 5447; x_wconf 89' lang='lat' dir='ltr'>revertatur.</span> 
     </span>
    </p>
   </div>
   <div class='ocr_carea' id='block_1_100' title="bbox 521 5482 2092 5542">
    <p class='ocr_par' dir='ltr' id='par_1_100' title="bbox 521 5482 2092 5542">
     <span class='ocr_line' id='line_1_100' title="bbox 521 5482 2092 5542; baseline 0.001 -4"><span class='ocrx_word' id='word_1_725' title='bbox 521 5484 589 5540; x_wconf 89' lang='lat' dir='ltr'>Et</span> <span class='ocrx_word' id='word_1_726' title='bbox 619 5499 756 5538; x_wconf 87' lang='lat' dir='ltr'>sane</span> <span class='ocrx_word' id='word_1_727' title='bbox 787 5482 1408 5541; x_wconf 87' lang='lat' dir='ltr'>reverendissimorum</span> <span class='ocrx_word' id='word_1_728' title='bbox 1427 5486 1770 5542; x_wconf 89' lang='lat' dir='ltr'>clericorum</span> <span class='ocrx_word' id='word_1_729' title='bbox 1793 5501 2092 5541; x_wconf 84' lang='lat' dir='ltr'>sacrosan-</span> 
     </span>
    </p>
   </div>
   <div class='ocr_carea' id='block_1_101' title="bbox 449 5575 2092 5650">
    <p class='ocr_par' dir='ltr' id='par_1_101' title="bbox 449 5575 2092 5650">
     <span class='ocr_line' id='line_1_101' title="bbox 449 5575 2092 5650; baseline 0 -17"><span class='ocrx_word' id='word_1_730' title='bbox 449 5582 555 5634; x_wconf 82' lang='lat' dir='ltr'>cta</span> <span class='ocrx_word' id='word_1_731' title='bbox 579 5577 818 5649; x_wconf 88' lang='lat' dir='ltr'>majoris</span> <span class='ocrx_word' id='word_1_732' title='bbox 833 5575 1087 5632; x_wconf 87' lang='lat' dir='ltr'>ecclesia</span> <span class='ocrx_word' id='word_1_733' title='bbox 1102 5579 1278 5650; x_wconf 83' lang='lat' dir='ltr'>regia</span> <span class='ocrx_word' id='word_1_734' title='bbox 1296 5579 1450 5634; x_wconf 91' lang='lat' dir='ltr'>urbis</span> <span class='ocrx_word' id='word_1_735' title='bbox 1463 5585 1674 5637; x_wconf 81' lang='lat' dir='ltr'>nostra</span> <span class='ocrx_word' id='word_1_736' title='bbox 1688 5596 1960 5636; x_wconf 88' lang='lat' dir='ltr'>mensura</span> <span class='ocrx_word' id='word_1_737' title='bbox 1975 5596 2092 5636; x_wconf 91' lang='lat' dir='ltr'>cer-</span> 
     </span>
    </p>
   </div>
   <div class='ocr_carea' id='block_1_102' title="bbox 453 5665 2090 5744">
    <p class='ocr_par' dir='ltr' id='par_1_102' title="bbox 453 5665 2090 5744">
     <span class='ocr_line' id='line_1_102' title="bbox 453 5665 2090 5744; baseline 0.001 -16"><span class='ocrx_word' id='word_1_738' title='bbox 453 5672 524 5728; x_wconf 91' lang='lat' dir='ltr'>tis</span> <span class='ocrx_word' id='word_1_739' title='bbox 534 5665 746 5728; x_wconf 81' lang='lat' dir='ltr'>ﬁnibus</span> <span class='ocrx_word' id='word_1_740' title='bbox 761 5671 1066 5744; x_wconf 89' lang='lat' dir='ltr'>descripta,</span> <span class='ocrx_word' id='word_1_741' title='bbox 1086 5671 1212 5726; x_wconf 90' lang='lat' dir='ltr'>etin</span> <span class='ocrx_word' id='word_1_742' title='bbox 1229 5676 1449 5729; x_wconf 88' lang='lat' dir='ltr'>arctum</span> <span class='ocrx_word' id='word_1_743' title='bbox 1469 5675 1785 5730; x_wconf 90' lang='lat' dir='ltr'>admodum</span> <span class='ocrx_word' id='word_1_744' title='bbox 1797 5676 2090 5730; x_wconf 87' lang='lat' dir='ltr'>contracta</span> 
     </span>
    </p>
   </div>
   <div class='ocr_carea' id='block_1_103' title="bbox 455 5767 2092 5840">
    <p class='ocr_par' dir='ltr' id='par_1_103' title="bbox 455 5767 2092 5840">
     <span class='ocr_line' id='line_1_103' title="bbox 455 5767 2092 5840; baseline 0.002 -20"><span class='ocrx_word' id='word_1_745' title='bbox 455 5769 593 5833; x_wconf 88' lang='lat' dir='ltr'>erat,</span> <span class='ocrx_word' id='word_1_746' title='bbox 614 5784 728 5838; x_wconf 91' lang='lat' dir='ltr'>quo</span> <span class='ocrx_word' id='word_1_747' title='bbox 745 5769 1007 5840; x_wconf 85' lang='lat' dir='ltr'>tempore</span> <span class='ocrx_word' id='word_1_748' title='bbox 1025 5767 1148 5822; x_wconf 90' lang='lat' dir='ltr'>sola</span> <span class='ocrx_word' id='word_1_749' title='bbox 1167 5767 1356 5822; x_wconf 89' lang='lat' dir='ltr'>adhuc</span> <span class='ocrx_word' id='word_1_750' title='bbox 1375 5769 1496 5822; x_wconf 88' lang='lat' dir='ltr'>erat</span> <span class='ocrx_word' id='word_1_751' title='bbox 1515 5771 1879 5824; x_wconf 87' lang='lat' dir='ltr'>sacrosancta</span> <span class='ocrx_word' id='word_1_752' title='bbox 1903 5767 2092 5840; x_wconf 91' lang='lat' dir='ltr'>major</span> 
     </span>
    </p>
   </div>
   <div class='ocr_carea' id='block_1_104' title="bbox 457 5859 2090 5936">
    <p class='ocr_par' dir='ltr' id='par_1_104' title="bbox 457 5859 2090 5936">
     <span class='ocr_line' id='line_1_104' title="bbox 457 5859 2090 5936; baseline 0.004 -24"><span class='ocrx_word' id='word_1_753' title='bbox 457 5859 711 5914; x_wconf 86' lang='lat' dir='ltr'>ecclesia.</span> <span class='ocrx_word' id='word_1_754' title='bbox 740 5863 1054 5936; x_wconf 88' lang='lat' dir='ltr'>Postquam</span> <span class='ocrx_word' id='word_1_755' title='bbox 1069 5878 1203 5919; x_wconf 90' lang='lat' dir='ltr'>vero</span> <span class='ocrx_word' id='word_1_756' title='bbox 1232 5863 1289 5918; x_wconf 89' lang='lat' dir='ltr'>et</span> <span class='ocrx_word' id='word_1_757' title='bbox 1313 5860 1644 5916; x_wconf 89' lang='lat' dir='ltr'>veneranda</span> <span class='ocrx_word' id='word_1_758' title='bbox 1657 5859 1860 5917; x_wconf 86' lang='lat' dir='ltr'>domus</span> <span class='ocrx_word' id='word_1_759' title='bbox 1879 5865 2090 5919; x_wconf 78' lang='lat' dir='ltr'>sancta</span> 
     </span>
    </p>
   </div>
   <div class='ocr_carea' id='block_1_105' title="bbox 2193 4640 3827 4714">
    <p class='ocr_par' dir='ltr' id='par_1_105' title="bbox 2193 4640 3827 4714">
     <span class='ocr_line' id='line_1_105' title="bbox 2193 4640 3827 4714; baseline 0.002 -19"><span class='ocrx_word' id='word_1_760' title='bbox 2193 4643 2452 4712; x_wconf 90' lang='lat' dir='ltr'>tempore</span> <span class='ocrx_word' id='word_1_761' title='bbox 2474 4640 2764 4712; x_wconf 87' lang='lat' dir='ltr'>majestati</span> <span class='ocrx_word' id='word_1_762' title='bbox 2783 4641 3169 4712; x_wconf 88' lang='lat' dir='ltr'>imperatoria</span> <span class='ocrx_word' id='word_1_763' title='bbox 3187 4643 3554 4714; x_wconf 83' lang='lat' dir='ltr'>probabitur:</span> <span class='ocrx_word' id='word_1_764' title='bbox 3577 4661 3653 4699; x_wconf 89' lang='lat' dir='ltr'>ne</span> <span class='ocrx_word' id='word_1_765' title='bbox 3669 4645 3827 4700; x_wconf 86' lang='lat' dir='ltr'>aliter</span> 
     </span>
    </p>
   </div>
   <div class='ocr_carea' id='block_1_106' title="bbox 2188 4733 3828 4810">
    <p class='ocr_par' dir='ltr' id='par_1_106' title="bbox 2188 4733 3828 4810">
     <span class='ocr_line' id='line_1_106' title="bbox 2188 4733 3828 4810; baseline 0.003 -22"><span class='ocrx_word' id='word_1_766' title='bbox 2188 4733 2247 4788; x_wconf 92' lang='lat' dir='ltr'>id</span> <span class='ocrx_word' id='word_1_767' title='bbox 2276 4734 2395 4803; x_wconf 85' lang='lat' dir='ltr'>ﬁat,</span> <span class='ocrx_word' id='word_1_768' title='bbox 2431 4733 2540 4788; x_wconf 91' lang='lat' dir='ltr'>nisi</span> <span class='ocrx_word' id='word_1_769' title='bbox 2566 4734 2722 4806; x_wconf 92' lang='lat' dir='ltr'>prius</span> <span class='ocrx_word' id='word_1_770' title='bbox 2749 4751 2842 4790; x_wconf 88' lang='lat' dir='ltr'>res</span> <span class='ocrx_word' id='word_1_771' title='bbox 2871 4735 2995 4807; x_wconf 88' lang='lat' dir='ltr'>ipsa</span> <span class='ocrx_word' id='word_1_772' title='bbox 3021 4735 3094 4791; x_wconf 91' lang='lat' dir='ltr'>ad</span> <span class='ocrx_word' id='word_1_773' title='bbox 3122 4753 3448 4804; x_wconf 89' lang='lat' dir='ltr'>numerum,</span> <span class='ocrx_word' id='word_1_774' title='bbox 3481 4754 3664 4810; x_wconf 89' lang='lat' dir='ltr'>quem</span> <span class='ocrx_word' id='word_1_775' title='bbox 3693 4754 3828 4810; x_wconf 81' lang='lat' dir='ltr'>pra-</span> 
     </span>
    </p>
   </div>
   <div class='ocr_carea' id='block_1_107' title="bbox 2188 4826 3832 4898">
    <p class='ocr_par' dir='ltr' id='par_1_107' title="bbox 2188 4826 3832 4898">
     <span class='ocr_line' id='line_1_107' title="bbox 2188 4826 3832 4898; baseline 0.003 -17"><span class='ocrx_word' id='word_1_776' title='bbox 2188 4826 2460 4896; x_wconf 84' lang='lat' dir='ltr'>diximus,</span> <span class='ocrx_word' id='word_1_777' title='bbox 2493 4827 2812 4898; x_wconf 87' lang='lat' dir='ltr'>redigatur,</span> <span class='ocrx_word' id='word_1_778' title='bbox 2844 4832 2911 4883; x_wconf 89' lang='lat' dir='ltr'>ut</span> <span class='ocrx_word' id='word_1_779' title='bbox 2931 4845 3000 4884; x_wconf 90' lang='lat' dir='ltr'>ea</span> <span class='ocrx_word' id='word_1_780' title='bbox 3026 4829 3291 4886; x_wconf 87' lang='lat' dir='ltr'>transitio</span> <span class='ocrx_word' id='word_1_781' title='bbox 3318 4830 3378 4884; x_wconf 92' lang='lat' dir='ltr'>in</span> <span class='ocrx_word' id='word_1_782' title='bbox 3409 4829 3734 4888; x_wconf 82' lang='lat' dir='ltr'>deﬁcientis</span> <span class='ocrx_word' id='word_1_783' title='bbox 3756 4831 3832 4886; x_wconf 90' lang='lat' dir='ltr'>lo-</span> 
     </span>
    </p>
   </div>
   <div class='ocr_carea' id='block_1_108' title="bbox 2189 4920 3830 4997">
    <p class='ocr_par' dir='ltr' id='par_1_108' title="bbox 2189 4920 3830 4997">
     <span class='ocr_line' id='line_1_108' title="bbox 2189 4920 3830 4997; baseline 0.002 -21"><span class='ocrx_word' id='word_1_784' title='bbox 2189 4937 2321 4976; x_wconf 91' lang='lat' dir='ltr'>cum</span> <span class='ocrx_word' id='word_1_785' title='bbox 2345 4920 2464 4989; x_wconf 85' lang='lat' dir='ltr'>ﬁat,</span> <span class='ocrx_word' id='word_1_786' title='bbox 2494 4938 2684 4992; x_wconf 89' lang='lat' dir='ltr'>neque</span> <span class='ocrx_word' id='word_1_787' title='bbox 2712 4922 3254 4993; x_wconf 89' lang='lat' dir='ltr'>supernumerarius</span> <span class='ocrx_word' id='word_1_788' title='bbox 3274 4923 3518 4980; x_wconf 89' lang='lat' dir='ltr'>omnino</span> <span class='ocrx_word' id='word_1_789' title='bbox 3534 4925 3747 4997; x_wconf 81' lang='lat' dir='ltr'>aliquis</span> <span class='ocrx_word' id='word_1_790' title='bbox 3763 4925 3830 4979; x_wconf 83' lang='lat' dir='ltr'>ir-</span> 
     </span>
    </p>
   </div>
   <div class='ocr_carea' id='block_1_109' title="bbox 2189 5014 3826 5089">
    <p class='ocr_par' dir='ltr' id='par_1_109' title="bbox 2189 5014 3826 5089">
     <span class='ocr_line' id='line_1_109' title="bbox 2189 5014 3826 5089; baseline 0.001 -19"><span class='ocrx_word' id='word_1_791' title='bbox 2189 5018 2353 5086; x_wconf 89' lang='lat' dir='ltr'>repat</span> <span class='ocrx_word' id='word_1_792' title='bbox 2373 5032 2390 5084; x_wconf 86' lang='lat'><strong>;</strong></span> <span class='ocrx_word' id='word_1_793' title='bbox 2421 5015 2580 5069; x_wconf 90' lang='lat' dir='ltr'>nulla</span> <span class='ocrx_word' id='word_1_794' title='bbox 2601 5014 2758 5068; x_wconf 87' lang='lat' dir='ltr'>enim</span> <span class='ocrx_word' id='word_1_795' title='bbox 2777 5014 2836 5069; x_wconf 94' lang='lat' dir='ltr'>id</span> <span class='ocrx_word' id='word_1_796' title='bbox 2851 5016 3280 5072; x_wconf 89' lang='lat' dir='ltr'>machinatione</span> <span class='ocrx_word' id='word_1_797' title='bbox 3304 5033 3499 5089; x_wconf 89' lang='lat' dir='ltr'>neque</span> <span class='ocrx_word' id='word_1_798' title='bbox 3521 5019 3640 5074; x_wconf 89' lang='lat' dir='ltr'>ullo</span> <span class='ocrx_word' id='word_1_799' title='bbox 3659 5017 3826 5074; x_wconf 88' lang='lat' dir='ltr'>modo</span> 
     </span>
    </p>
   </div>
   <div class='ocr_carea' id='block_1_110' title="bbox 2191 5107 3829 5181">
    <p class='ocr_par' dir='ltr' id='par_1_110' title="bbox 2191 5107 3829 5181">
     <span class='ocr_line' id='line_1_110' title="bbox 2191 5107 3829 5181; baseline 0.001 -17"><span class='ocrx_word' id='word_1_800' title='bbox 2191 5109 2312 5164; x_wconf 88' lang='lat' dir='ltr'>ﬁeri</span> <span class='ocrx_word' id='word_1_801' title='bbox 2338 5107 2751 5180; x_wconf 89' lang='lat' dir='ltr'>permittimus.</span> <span class='ocrx_word' id='word_1_802' title='bbox 2775 5109 2960 5181; x_wconf 84' lang='lat' dir='ltr'>Atque</span> <span class='ocrx_word' id='word_1_803' title='bbox 2972 5109 3092 5165; x_wconf 81' lang='lat' dir='ltr'>hac</span> <span class='ocrx_word' id='word_1_804' title='bbox 3109 5109 3345 5181; x_wconf 90' lang='lat' dir='ltr'>quidem</span> <span class='ocrx_word' id='word_1_805' title='bbox 3369 5110 3440 5165; x_wconf 91' lang='lat' dir='ltr'>de</span> <span class='ocrx_word' id='word_1_806' title='bbox 3470 5114 3829 5167; x_wconf 85' lang='lat' dir='ltr'>sacrosancta</span> 
     </span>
    </p>
   </div>
   <div class='ocr_carea' id='block_1_111' title="bbox 2188 5201 3825 5274">
    <p class='ocr_par' dir='ltr' id='par_1_111' title="bbox 2188 5201 3825 5274">
     <span class='ocr_line' id='line_1_111' title="bbox 2188 5201 3825 5274; baseline 0 -16"><span class='ocrx_word' id='word_1_807' title='bbox 2188 5201 2409 5274; x_wconf 88' lang='lat' dir='ltr'>majore</span> <span class='ocrx_word' id='word_1_808' title='bbox 2449 5201 2709 5257; x_wconf 88' lang='lat' dir='ltr'>ecclesia.</span> <span class='ocrx_word' id='word_1_809' title='bbox 2741 5204 2804 5258; x_wconf 91' lang='lat' dir='ltr'>ln</span> <span class='ocrx_word' id='word_1_810' title='bbox 2847 5201 3118 5258; x_wconf 91' lang='lat' dir='ltr'>omnibus</span> <span class='ocrx_word' id='word_1_811' title='bbox 3156 5209 3351 5260; x_wconf 87' lang='lat' dir='ltr'>autem</span> <span class='ocrx_word' id='word_1_812' title='bbox 3389 5203 3520 5260; x_wconf 88' lang='lat' dir='ltr'>aliis</span> <span class='ocrx_word' id='word_1_813' title='bbox 3555 5205 3825 5272; x_wconf 81' lang='lat' dir='ltr'>ecclesiis,</span> 
     </span>
    </p>
   </div>
   <div class='ocr_carea' id='block_1_112' title="bbox 2191 5295 3827 5372">
    <p class='ocr_par' dir='ltr' id='par_1_112' title="bbox 2191 5295 3827 5372">
     <span class='ocr_line' id='line_1_112' title="bbox 2191 5295 3827 5372; baseline 0.001 -20"><span class='ocrx_word' id='word_1_814' title='bbox 2191 5295 2398 5368; x_wconf 90' lang='lat' dir='ltr'>quibus</span> <span class='ocrx_word' id='word_1_815' title='bbox 2419 5312 2699 5368; x_wconf 83' lang='lat' dir='ltr'>expensas</span> <span class='ocrx_word' id='word_1_816' title='bbox 2719 5300 3080 5353; x_wconf 89' lang='lat' dir='ltr'>sacrosancta</span> <span class='ocrx_word' id='word_1_817' title='bbox 3100 5297 3290 5368; x_wconf 71' lang='lat' dir='ltr'>major</span> <span class='ocrx_word' id='word_1_818' title='bbox 3301 5298 3539 5354; x_wconf 90' lang='lat' dir='ltr'>ecclesia</span> <span class='ocrx_word' id='word_1_819' title='bbox 3558 5298 3827 5372; x_wconf 83' lang='lat' dir='ltr'>suppedi-</span> 
     </span>
    </p>
   </div>
   <div class='ocr_carea' id='block_1_113' title="bbox 2189 5389 3830 5464">
    <p class='ocr_par' dir='ltr' id='par_1_113' title="bbox 2189 5389 3830 5464">
     <span class='ocr_line' id='line_1_113' title="bbox 2189 5389 3830 5464; baseline 0.001 -18"><span class='ocrx_word' id='word_1_820' title='bbox 2189 5393 2294 5460; x_wconf 87' lang='lat' dir='ltr'>tat,</span> <span class='ocrx_word' id='word_1_821' title='bbox 2330 5390 2632 5460; x_wconf 88' lang='lat' dir='ltr'>sancimus,</span> <span class='ocrx_word' id='word_1_822' title='bbox 2661 5389 2838 5462; x_wconf 90' lang='lat' dir='ltr'>utqui</span> <span class='ocrx_word' id='word_1_823' title='bbox 2863 5391 2972 5448; x_wconf 89' lang='lat' dir='ltr'>hoc</span> <span class='ocrx_word' id='word_1_824' title='bbox 2993 5397 3252 5464; x_wconf 90' lang='lat' dir='ltr'>tempore</span> <span class='ocrx_word' id='word_1_825' title='bbox 3278 5395 3431 5460; x_wconf 88' lang='lat' dir='ltr'>sunt,</span> <span class='ocrx_word' id='word_1_826' title='bbox 3455 5393 3830 5449; x_wconf 82' lang='lat' dir='ltr'>consimiliter</span> 
     </span>
    </p>
   </div>
   <div class='ocr_carea' id='block_1_114' title="bbox 2191 5483 3827 5558">
    <p class='ocr_par' dir='ltr' id='par_1_114' title="bbox 2191 5483 3827 5558">
     <span class='ocr_line' id='line_1_114' title="bbox 2191 5483 3827 5558; baseline 0.002 -20"><span class='ocrx_word' id='word_1_827' title='bbox 2191 5487 2250 5539; x_wconf 86' lang='lat' dir='ltr'>et</span> <span class='ocrx_word' id='word_1_828' title='bbox 2273 5483 2378 5557; x_wconf 89' lang='lat' dir='ltr'>ipsi</span> <span class='ocrx_word' id='word_1_829' title='bbox 2393 5485 2496 5540; x_wconf 89' lang='lat' dir='ltr'>sub</span> <span class='ocrx_word' id='word_1_830' title='bbox 2525 5484 2731 5540; x_wconf 87' lang='lat' dir='ltr'>eadem</span> <span class='ocrx_word' id='word_1_831' title='bbox 2759 5486 2946 5540; x_wconf 89' lang='lat' dir='ltr'>forma</span> <span class='ocrx_word' id='word_1_832' title='bbox 2967 5490 3270 5555; x_wconf 88' lang='lat' dir='ltr'>maneant;</span> <span class='ocrx_word' id='word_1_833' title='bbox 3295 5486 3353 5541; x_wconf 90' lang='lat' dir='ltr'>in</span> <span class='ocrx_word' id='word_1_834' title='bbox 3373 5490 3676 5558; x_wconf 85' lang='lat' dir='ltr'>posterum</span> <span class='ocrx_word' id='word_1_835' title='bbox 3697 5502 3827 5542; x_wconf 78' lang='lat' dir='ltr'>vero</span> 
     </span>
    </p>
   </div>
   <div class='ocr_carea' id='block_1_115' title="bbox 2192 5578 3830 5655">
    <p class='ocr_par' dir='ltr' id='par_1_115' title="bbox 2192 5578 3830 5655">
     <span class='ocr_line' id='line_1_115' title="bbox 2192 5578 3830 5655; baseline 0.001 -21"><span class='ocrx_word' id='word_1_836' title='bbox 2192 5594 2363 5634; x_wconf 90' lang='lat' dir='ltr'>nemo</span> <span class='ocrx_word' id='word_1_837' title='bbox 2379 5578 2691 5648; x_wconf 84' lang='lat' dir='ltr'>erdinetur,</span> <span class='ocrx_word' id='word_1_838' title='bbox 2704 5579 3044 5652; x_wconf 90' lang='lat' dir='ltr'>priusquam</span> <span class='ocrx_word' id='word_1_839' title='bbox 3057 5580 3131 5635; x_wconf 90' lang='lat' dir='ltr'>ad</span> <span class='ocrx_word' id='word_1_840' title='bbox 3151 5583 3432 5636; x_wconf 86' lang='lat' dir='ltr'>statutum</span> <span class='ocrx_word' id='word_1_841' title='bbox 3447 5581 3729 5655; x_wconf 88' lang='lat' dir='ltr'>cujusque</span> <span class='ocrx_word' id='word_1_842' title='bbox 3747 5597 3830 5636; x_wconf 85' lang='lat' dir='ltr'>ec-</span> 
     </span>
    </p>
   </div>
   <div class='ocr_carea' id='block_1_116' title="bbox 2191 5671 3829 5746">
    <p class='ocr_par' dir='ltr' id='par_1_116' title="bbox 2191 5671 3829 5746">
     <span class='ocr_line' id='line_1_116' title="bbox 2191 5671 3829 5746; baseline 0.001 -18"><span class='ocrx_word' id='word_1_843' title='bbox 2191 5671 2379 5728; x_wconf 83' lang='lat' dir='ltr'>clesiae</span> <span class='ocrx_word' id='word_1_844' title='bbox 2408 5671 2489 5744; x_wconf 87' lang='lat' dir='ltr'>(ut</span> <span class='ocrx_word' id='word_1_845' title='bbox 2507 5674 2728 5744; x_wconf 90' lang='lat' dir='ltr'>vocant)</span> <span class='ocrx_word' id='word_1_846' title='bbox 2764 5673 2920 5746; x_wconf 91' lang='lat' dir='ltr'>quod</span> <span class='ocrx_word' id='word_1_847' title='bbox 2959 5690 3065 5746; x_wconf 88' lang='lat' dir='ltr'>per</span> <span class='ocrx_word' id='word_1_848' title='bbox 3100 5673 3477 5731; x_wconf 85' lang='lat' dir='ltr'>adiﬁcatores</span> <span class='ocrx_word' id='word_1_849' title='bbox 3507 5675 3720 5732; x_wconf 83' lang='lat' dir='ltr'>hamm</span> <span class='ocrx_word' id='word_1_850' title='bbox 3757 5674 3829 5730; x_wconf 85' lang='lat' dir='ltr'>ab</span> 
     </span>
    </p>
   </div>
   <div class='ocr_carea' id='block_1_117' title="bbox 2191 5763 3830 5841">
    <p class='ocr_par' dir='ltr' id='par_1_117' title="bbox 2191 5763 3830 5841">
     <span class='ocr_line' id='line_1_117' title="bbox 2191 5763 3830 5841; baseline 0.002 -20"><span class='ocrx_word' id='word_1_851' title='bbox 2191 5763 2355 5821; x_wconf 90' lang='lat' dir='ltr'>initio</span> <span class='ocrx_word' id='word_1_852' title='bbox 2367 5765 2819 5822; x_wconf 76' lang='lat' dir='ltr'>determinatam</span> <span class='ocrx_word' id='word_1_853' title='bbox 2840 5769 2945 5838; x_wconf 90' lang='lat' dir='ltr'>est,</span> <span class='ocrx_word' id='word_1_854' title='bbox 2969 5767 3436 5841; x_wconf 81' lang='lat' dir='ltr'>presbyterorum</span> <span class='ocrx_word' id='word_1_855' title='bbox 3446 5769 3620 5827; x_wconf 87' lang='lat' dir='ltr'>simul</span> <span class='ocrx_word' id='word_1_856' title='bbox 3640 5776 3699 5826; x_wconf 83' lang='lat' dir='ltr'>et</span> <span class='ocrx_word' id='word_1_857' title='bbox 3715 5768 3830 5826; x_wconf 86' lang='lat' dir='ltr'>dia-</span> 
     </span>
    </p>
   </div>
   <div class='ocr_carea' id='block_1_118' title="bbox 2191 5861 3829 5937">
    <p class='ocr_par' dir='ltr' id='par_1_118' title="bbox 2191 5861 3829 5937">
     <span class='ocr_line' id='line_1_118' title="bbox 2191 5861 3829 5937; baseline 0.002 -21"><span class='ocrx_word' id='word_1_858' title='bbox 2191 5877 2494 5932; x_wconf 89' lang='lat' dir='ltr'>conorum,</span> <span class='ocrx_word' id='word_1_859' title='bbox 2513 5863 2632 5918; x_wconf 86' lang='lat' dir='ltr'>tam</span> <span class='ocrx_word' id='word_1_860' title='bbox 2651 5861 2921 5936; x_wconf 85' lang='lat' dir='ltr'>marium,</span> <span class='ocrx_word' id='word_1_861' title='bbox 2935 5879 3113 5937; x_wconf 90' lang='lat' dir='ltr'>quam</span> <span class='ocrx_word' id='word_1_862' title='bbox 3134 5862 3502 5936; x_wconf 80' lang='lat' dir='ltr'>feminarum,</span> <span class='ocrx_word' id='word_1_863' title='bbox 3529 5869 3587 5922; x_wconf 86' lang='lat' dir='ltr'>et</span> <span class='ocrx_word' id='word_1_864' title='bbox 3606 5863 3829 5921; x_wconf 85' lang='lat' dir='ltr'>subdia-</span> 
     </span>
    </p>
   </div>
  </div>
