4054 6186
216 286 332 338 9'23

1127 279 1490 336 JUSTINIANI
1529 279 1857 334 NOVELLxl'I
1896 277 2228 333 SEIECTAE.
2270 277 2578 332 NOVELLA
2617 277 2677 330 V.

3486 280 3588 333 926

217 411 521 465 canorum,
552 409 742 466 neque
777 408 895 450 non
921 394 1225 463 lectorum,
1253 396 1572 460 cantorum,
1599 395 1658 446 et
1681 392 1858 448 ostia—
1880 401 1940 475 Α
1960 391 2064 446 rici
2090 387 2570 461 circumspiciant,
2603 406 2678 444 ne
2704 387 2909 460 reliqui
2942 391 3226 462 sumptus,
3261 389 3362 462 qui
3391 406 3456 449 ex
3501 407 3589 448 ec-

213 491 442 546 riorum
470 505 747 546 numerus
767 489 1081 562 redigatur,
1100 505 1290 562 neque
1313 489 1622 566 quisquam
1636 490 1854 548 interea

215 584 493 658 temporis
513 584 836 656 adjiciatur.
861 585 1004 639 Nam
1033 589 1091 640 et
1116 583 1225 656 ipsi
1253 601 1360 640 nos
1383 585 1850 657 praecavebimus,

217 697 292 734 ne
310 679 452 752 quid
471 679 758 750 ejusmodi
777 679 1052 734 faciamus
1066 678 1463 735 ordinatumve
1483 679 1706 752 aliquos
1724 680 1853 736 mit-

211 780 430 841 tamus,
462 790 649 845 neque
671 773 1111 845 magistratuum
1143 777 1473 830 nostrorum
1501 775 1708 846 aliquis
1733 777 1851 831 tale

213 868 359 940 quid
387 869 572 936 faciet,
587 867 861 923 reveritus
888 867 1075 938 legem
1101 872 1381 936 nostram,
1408 872 1466 924 et
1483 869 1850 926 beatissimus

211 961 680 1035 archiepiscopus
701 965 760 1017 et
779 962 1106 1033 patriarcha
1122 961 1292 1033 hujus
1305 962 1482 1034 regite
1505 963 1666 1019 urbis
1695 967 1850 1036 pote-

209 1060 424 1112 statem
451 1056 687 1112 habebit
707 1055 1059 1112 ordinationi
1079 1056 1492 1126 contradicere,
1515 1057 1649 1113 licet
1665 1057 1735 1114 de
1751 1075 1851 1130 pa-

212 1151 354 1205 latio
369 1150 549 1222 jussio
562 1151 858 1222 procedat.
879 1152 1022 1206 Nam
1044 1155 1100 1206 et
1113 1151 1210 1224 qui
1235 1151 1513 1224 praecipit,
1533 1151 1691 1208 etcui
1709 1169 1851 1224 prie-

211 1245 444 1316 cipitur,
466 1248 709 1316 uterque
729 1245 832 1299 sub
845 1261 1087 1302 censura
1107 1245 1216 1300 erit
1237 1246 1636 1314 ecclesiastica,
1650 1244 1848 1318 siquid

213 1339 330 1392 tale
350 1339 661 1410 peregerit,
695 1338 807 1393 Sed
831 1353 1023 1410 neque
1065 1339 1122 1393 in
1150 1339 1274 1394 aliis
1305 1339 1716 1412 ecclesiis,quee
1745 1340 1846 1395 ali-

212 1436 410 1488 menta
426 1437 483 1487 et
501 1435 762 1504 sumptus
782 1449 850 1486 ex
869 1437 1230 1488 sacrosancta
1245 1434 1461 1504 majore
1481 1433 1717 1490 ecclesia
1729 1451 1846 1490 non

210 1527 454 1594 habent,
471 1527 819 1582 conveniens
831 1531 917 1582 est
933 1531 995 1582 ut
1007 1527 1461 1584 ordinandorum
1475 1528 1538 1583 in
1557 1528 1850 1600 ipsis'mul-

208 1621 400 1676 titudo
413 1621 849 1687 intromittatur,
870 1625 967 1676 aut
978 1638 1246 1676 mensura
1259 1622 1424 1677 initio
1441 1622 1500 1676 in
1513 1621 1624 1677 illis
1637 1625 1847 1678 statuta

209 1715 282 1769 de
312 1717 520 1770 caetero
536 1715 989 1784 transcendatur,
1013 1732 1085 1770 ne
1109 1715 1340 1787 quando
1363 1716 1458 1787 qui
1480 1733 1640 1772 sacra
1657 1716 1714 1771 in
1737 1715 1847 1771 illis

1959 483 2285 542 clesiasticis
2303 483 2582 539 reditibus
2597 483 2762 552 ﬁunt,
2787 482 2955 538 aliter
2974 499 3148 555 quam
3168 484 3229 540 in
3254 484 3378 557 pias
3395 490 3452 542 et
3467 488 3585 544 Deo

1951 581 2190 654 placitas
2205 596 2406 637 causas
2424 579 2808 654 ipsumantur,
2828 582 2886 633 et
2900 579 3032 634 utin
3053 578 3180 634 illos
3196 581 3584 651 conferantur,

1954 675 2052 748 qui
2073 677 2132 730 et
2151 689 2350 730 revera
2375 675 2570 746 egent,
2587 689 2696 728 nec
2719 671 2948 728 aliunde
2970 673 3188 729 habent
3213 674 3367 730 unde
3393 676 3589 734 vivant

1953 770 2097 843 (haec
2122 769 2278 826 enim
2305 768 2620 825 Dominum
2645 769 2824 824 Deum
2845 767 3146 823 conciliare
3193 770 3418 842 solent),
3465 788 3584 828 non

1949 881 2084 922 vero
2101 881 2208 938 per
2231 861 2550 936 patrocinia
2567 865 2626 918 et
2649 861 2950 917 hominum
2979 862 3170 918 studia
3189 862 3250 918 in
3273 864 3586 937 locupletes

1951 959 2300 1016 distribuant
2329 975 2394 1013 ea
2415 973 2544 1030 quae
2573 956 2646 1013 ad
2663 956 3074 1012 ecclesiasticos
3097 962 3358 1030 sumptus
3383 977 3586 1032 suppe-

1948 1057 2096 1120 tunt,
2115 1056 2178 1108 ut
2189 1052 2393 1108 exinde
2408 1054 2643 1124 egentes
2654 1051 2784 1106 vitae
2798 1051 3132 1106 necessariis
3148 1051 3580 1110 defraudentur.

1949 1147 2221 1203 Noverint
2248 1147 2406 1204 enim
2435 1145 2539 1201 Dei
2567 1144 2947 1200 amantissimi
2984 1133 3290 1214 oeconomi,
3323 1149 3444 1203 tam
3485 1147 3585 1223 qui

1951 1258 2124 1310 nunc,
2147 1257 2324 1314 quam
2347 1240 2443 1312 qui
2466 1239 2605 1296 olim
2631 1256 2736 1311 pro
2760 1242 3019 1311 tempore
3042 1239 3216 1294 futuri
3251 1245 3403 1309 sunt,
3426 1242 3602 1314 quod-

1949 1337 1996 1391 si
2023 1335 2163 1408 quid
2187 1335 2248 1390 in
2263 1335 2355 1390 his
2379 1333 2748 1406 deliquerint,
2774 1351 2890 1388 non
2908 1335 3134 1389 tantum
3155 1333 3337 1406 poenis
3352 1337 3586 1392 coelesti-

1947 1431 2055 1485 bus
2076 1432 2247 1485 erunt
2266 1428 2516 1496 obnoxii,
2533 1427 2634 1482 sed
2655 1427 2828 1483 etiam
2849 1427 2917 1482 de
2939 1428 3257 1484 substantia
3270 1446 3370 1484 sua
3399 1447 3586 1486 sacro-

1949 1526 2159 1579 sanctae
2178 1521 2424 1579 scclesize
2438 1521 2880 1578 indemnitatem
2895 1522 3272 1593 praestabunt.
3285 1523 3582 1579 Sancimus

1949 1617 2141 1690 igitur,
2165 1621 2229 1673 ut
2245 1616 2543 1672 beatitudo
2571 1619 2691 1683 tua,
2715 1633 2844 1688 quas
2872 1615 3034 1672 initio
3065 1618 3122 1671 et
3151 1634 3184 1672 a
3223 1620 3425 1672 tenera
3454 1633 3584 1690 pro-

1859 1734 1911 1784 '_
1947 1711 2264 1784 pemodum
2297 1714 2465 1766 aetate
2494 1727 2598 1782 per
2627 1727 2827 1766 omnes
2855 1711 3236 1767 sacerdotales
3275 1711 3488 1784 gradus
3525 1715 3582 1767 et

208 1809 450 1878 obeunt,
475 1808 544 1863 ad
565 1807 912 1864 immensam
932 1778 1360 1865 multitudinem
1379 1778 1644 1882 -delapsi,
1676 1810 1847 1864 inter-
1868 1778 1924 1850 Β
1949 1778 2261 1878 dignitates
2281 1778 2703 1860 sacrosanctam
2731 1805 3029 1860 exornavit
3044 1778 3372 1876 Ecclesia'm,
3387 1809 3582 1878 utpote

208 1918 326 1974 que
362 1918 422 1956 se
456 1901 670 1957 reditus
691 1919 756 1956 ex
783 1901 1008 1973 piorum
1039 1903 1341 1958 hominum
1365 1903 1667 1958 collatione
1699 1919 1848 1975 quae-

205 1995 352 2052 sitos
363 1995 665 2067 patientes,
683 2012 789 2050 nec
805 1995 931 2050 illos
943 1995 1145 2050 exinde
1159 2013 1274 2051 suae
1287 1997 1844 2052 mensurmsufﬁcere

201 2089 490 2157 videntes,
503 2090 563 2144 in
584 2105 860 2160 magnam
875 2088 1050 2144 animi
1062 2089 1390 2160 angustiam
1404 2091 1743 2146 incidant.Si
1757 2108 1847 2145 ve-

200 2200 268 2240 ro
293 2183 445 2238 ultra
455 2183 862 2238 mensuramin
882 2186 1246 2239 sacrosancta
1260 2185 1478 2256 majore
1498 2183 1848 2240 ecclesiaaut

202 2277 337 2332 aliis
357 2276 608 2332 ecclesiis
628 2280 902 2332 statutam
937 2277 1326 2333 sanctissimus
1361 2279 1841 2350 archiepiscopus,

202 2375 314 2443 qut
329 2374 704 2426 sacrosanctae
726 2371 930 2441 majori
953 2371 1202 2427 ecclesiae
1220 2375 1450 2444 praeest,
1470 2373 1841 2440 ordinaverit,

201 2465 425 2536 Deique
462 2464 845 2521 amantissimi
879 2465 1136 2537 ejusdem
1179 2469 1552 2522 sacrosanctae
1592 2467 1843 2522 ecclesia:

200 2560 495 2615 φησι)οωὶ
514 2563 806 2631 sumptum
825 2559 897 2614 ad
919 2560 1038 2615 haec
1061 2560 1133 2614 de
1159 2559 1436 2615 reditibus
1453 2561 1844 2616 ecclesiasticis

201 2653 602 2725 expenderint,
629 2656 748 2708 tam
778 2652 886 2724 ipsi
921 2670 1092 2724 quam
1128 2654 1302 2709 etiam
1342 2654 1707 2711 beatissimus
1743 2672 1842 2728 pa-

199 2747 473 2815 triarcha,
502 2747 601 2819 qui
628 2747 752 2802 haec
775 2747 911 2819 ipsis
933 2747 1298 2820 suppeditare
1321 2749 1601 2820 permisit,
1625 2750 1696 2804 de
1720 2766 1838 2817 suo,

199 2841 398 2913 deque
417 2840 664 2914 propriis
677 2841 1042 2900 facultatibus
1055 2859 1304 2913 expensa
1319 2841 1640 2898 restituent.
1657 2845 1838 2899 Nove-

199 2935 324 2990 rint
350 2934 530 3000 enim,
553 2935 597 2990 si
620 2934 759 3006 quid
777 2935 891 2990 tale
914 2935 1390 3008 perpetraverint,
1414 2937 1568 3008 quod
1597 2955 1712 2993 non
1745 2954 1838 2993 so-

194 3031 328 3084 lum
349 3027 720 3084 sanctissimis
753 3029 1112 3100 patriarchis,
1147 3031 1244 3102 qui
1283 3031 1424 3086 talia
1440 3032 1693 3103 patranti
1713 3049 1839 3087 suc-

1947 1916 2072 1971 quae
2098 1916 2162 1954 ex
2189 1898 2580 1954 sacerdotibus
2598 1898 2774 1954 etiam
2795 1916 2979 1970 genus
2995 1901 3053 1954 et
3073 1899 3360 1972 originem
3388 1900 3577 1968 ducat,

1947 1993 2003 2048 in
2034 1995 2379 2066 perpetuum
2417 1992 2720 2062 custodiat,
2745 1996 2901 2048 certo
2928 1993 3190 2061 scientes,
3227 2010 3342 2048 non
3389 1993 3581 2048 minus

1948 2087 2113 2144 nobis
2148 2092 2644 2144 sacrosanctarum
2693 2087 3062 2142 ecclesiarum
3094 2087 3403 2144 commoda
3427 2103 3578 2144 curm

1947 2199 2090 2250 esse,
2120 2199 2296 2254 quam
2322 2181 2505 2253 ipsam
2525 2181 2720 2236 vitam.
2753 2181 2876 2237 Dat.
2908 2197 3019 2238 xvu
3047 2181 3289 2239 Kalend.
3315 2180 3490 2255 April.
3517 2181 3572 2237 d.

1948 2296 2004 2332 n.
2042 2276 2192 2331 Bilis.
2227 2293 2262 2330 v
2290 2292 2341 2332 c.
2373 2292 2530 2332 cons.

2555 2374 2874 2430 NOVELLA
2899 2377 2963 2430 V.

2003 2469 2078 2522 De
2102 2467 2437 2521 monasteriis
2462 2471 2513 2522 et
2532 2467 2826 2533 monachis,
2860 2469 2910 2520 et
2939 2481 3121 2522 eorum
3151 2466 3506 2522 antistitibus.

2013 2561 2336 2632 Imperator
2365 2559 2718 2614 Justinianus
2745 2560 3032 2632 Augustus
3064 2559 3408 2632 Epiphanio,
3442 2577 3576 2615 san-

1943 2653 2192 2710 ctissimo
2213 2656 2271 2708 et
2292 2652 2626 2710 beatissimo
2644 2653 2816 2724 hujus
2832 2653 3008 2724 regite
3033 2653 3187 2708 urbis
3207 2653 3578 2726 archiepisco-

1943 2764 2037 2819 po,
2065 2747 2302 2819 ejusque
2331 2746 2582 2803 universi
2613 2750 2826 2802 tractus
2854 2747 3217 2818 patriarcha.

2013 2840 2474 2897 Conversationis
2501 2840 2860 2897 monachalis
2879 2841 2995 2896 vita
3007 2840 3086 2896 sic
3105 2841 3349 2896 honesta
3376 2843 3481 2910 est,
3496 2841 3576 2896 sic

1940 2935 2337 2991 commendare
2364 2935 2520 2990 novit
2545 2936 2658 2990 Deo
2686 2935 2758 2990 ad
2777 2935 2888 2991 hoc
2909 2934 3224 2990 venientem
3258 2934 3572 3006 hominem,

1941 3035 2004 3084 ut
2029 3045 2258 3084 omnem
2287 3029 2599 3084 humanam
2628 3029 2750 3100 éjus
2777 3028 3058 3084 maculam
3084 3028 3360 3103 deterget,
3391 3032 3449 3084 et
3472 3045 3577 3102 pu-

194 3123 434 3191 cedent,
463 3125 519 3178 et
557 3123 836 3178 secuturis
874 3125 1208 3190 occonomis,
1237 3125 1336 3179 sed
1367 3125 1544 3180 etiam
1572 3127 1840 3183 omnibus
1861 3151 1916 3226 C
1941 3140 2072 3178 rum
2101 3140 2167 3178 ac
2193 3122 2517 3179 rationabili
2549 3126 2756 3178 natura
2780 3117 3095 3193 decentem,
3126 3128 3183 3179 et
3209 3123 3460 3196 plurima
3485 3139 3574 3179 se-

193 3217 426 3271 czeteris
452 3217 949 3272 reverendissimis
973 3217 1190 3272 clericis
1225 3219 1427 3274 talium
1457 3220 1677 3276 curiose
1705 3238 1838 3293 per-

195 3309 494 3382 quirendi,
519 3312 576 3365 et
595 3327 724 3365 cum
747 3311 912 3381 ﬁunt,
941 3310 1306 3383 prohibendi,
1337 3313 1750 3386 deferendique
1766 3315 1840 3370 ad

194 3403 638 3476 imperatoriam
685 3404 1051 3485 majestatcm
1088 3408 1434 3476 potestatem
1467 3407 1689 3476 damus,
1723 3425 1838 3480 quo

193 3498 390 3570 magis
407 3498 515 3553 hoc
535 3514 891 3570 cognoscens
911 3499 1056 3570 ipsa,
1089 3515 1153 3552 ex
1172 3499 1487 3556 substantia
1517 3518 1842 3558 mconomo-

191 3609 354 3659 rum,
381 3592 476 3662 qui
495 3592 604 3647 hoc
623 3592 887 3662 fecerint,
913 3595 1013 3647 aut
1029 3591 1201 3648 etiam
1224 3594 1610 3664 permittentis
1623 3597 1840 3651 archie-

193 3685 441 3758 piscopi,
476 3689 850 3741 sacrosanctse
872 3686 1076 3758 majori
1097 3687 1348 3744 ecclesias
1372 3688 1478 3744 ista
1498 3689 1712 3744 servari
1734 3691 1834 3745 de-

195 3779 464 3850 mandet,
484 3797 556 3833 ne
578 3795 774 3834 rursus
800 3780 1080 3852 ejusmodi
1105 3781 1365 3838 confusio
1398 3785 1456 3838 et
1481 3784 1836 3854 perturbatio

191 3873 256 3928 in
271 3889 344 3928 ea
358 3890 420 3927 re
442 3873 676 3929 incidat.
692 3873 1000 3929 Enimvero
1019 3875 1253 3947 negotio
1270 3875 1342 3931 ad
1357 3876 1658 3948 pristinam
1678 3895 1840 3934 men-

194 3983 392 4022 suram
419 3967 672 4036 redacto,
696 3970 829 4023 tunc
851 3967 1094 4023 liberum
1117 3967 1226 4024 erit
1244 3969 1534 4040 ordinare,
1563 3967 1744 4044 usque
1767 3989 1836 4028 eo

197 4065 419 4128 tamen,
437 4077 508 4116 ne
523 4061 733 4116 dictam
748 4079 1080 4118 mensuram
1093 4064 1624 4134 transcendant,aut
1642 4084 1839 4123 nume-

195 4171 330 4210 rum
341 4159 632 4226 superent,
645 4171 788 4210 neve
805 4155 969 4211 dolus
986 4156 1133 4212 circa
1146 4157 1256 4214 hoc
1271 4159 1455 4214 malus
1470 4159 1834 4218 interveniat.

195 4249 396 4320 Neque
422 4247 577 4304 enim
596 4249 710 4304 ullo
731 4253 898 4320 pacto
914 4250 1106 4305 locum
1136 4251 1351 4308 habere
1393 4253 1648 4324 patimur
1681 4255 1837 4328 quod

192 4341 489 4413 plerisque
513 4341 573 4396 in
601 4358 698 4397 ore
727 4345 830 4411 est,
881 4343 1206 4400 facultatem
1251 4345 1485 4418 quidem
1529 4347 1837 4404 ordinandi

193 4438 524 4508 suppetere,
551 4453 668 4491 non
691 4441 886 4492 autem
924 4437 1368 4509 praebendorum
1401 4441 1832 4498 alimentorum.

1941 3219 2189 3274 cundum
2217 3221 2466 3274 mentem
2486 3221 2836 3290 operantem,
2861 3221 2918 3274 et
2943 3218 3208 3274 humanis
3227 3217 3578 3291 cogitationi-

1939 3313 2044 3367 bus
2071 3312 2365 3369 celsiorem
2390 3312 2606 3368 reddat.
2635 3311 2691 3368 Si
2720 3311 2847 3383 quis
2872 3311 3050 3384 igitur
3072 3311 3298 3367 futurus
3327 3315 3410 3368 est
3435 3327 3560 3366 mo-

1939 3407 2154 3462 nachus
2196 3406 2498 3478 perfectus,
2539 3406 2758 3478 indiget
2781 3409 2836 3461 et
2862 3405 3180 3460 divinorum
3211 3405 3574 3478 eloquiorum

1940 3500 2278 3570 eruditione,
2309 3503 2367 3555 et
2413 3498 2850 3555 conversationis
2899 3498 3245 3572 integritate,
3297 3502 3362 3554 ut
3415 3503 3575 3555 tanta

1940 3595 2150 3666 dignus
2176 3593 2354 3649 factus
2382 3593 2453 3648 sit
2481 3593 2812 3650 mutatione.

2008 3687 2300 3744 Credimus
2320 3687 2500 3760 igitur
2519 3691 2574 3744 et
2599 3703 2701 3742 nos
2721 3687 3024 3759 explanare
3041 3687 3179 3759 quid
3195 3687 3482 3760 agendum
3503 3688 3574 3742 ab

1938 3781 2018 3838 eis
2053 3781 2144 3851 sit,
2192 3787 2248 3838 et
2290 3783 2662 3838 decertatores
2701 3797 2794 3837 eos
2831 3777 2993 3838 veros
3031 3781 3098 3837 ad
3160 3797 3373 3836 sacram
3424 3781 3574 3838 viam

1938 3875 2299 3932 constituere.
2329 3878 2397 3932 Et
2421 3876 2502 3932 ita
2525 3876 2686 3932 nobis
2711 3876 2953 3932 intentio
2978 3875 3276 3949 praesentis
3303 3880 3388 3933 est
3407 3876 3572 3950 legis,

1935 3975 2000 4026 ut
2021 3974 2148 4043 post
2163 3971 2278 4042 illa,
2299 3987 2427 4044 quas
2445 3971 2515 4026 de
2536 3971 2904 4028 sanctissimis
2928 3970 3208 4044 episcopis
3233 3971 3574 4028 sancivimus

1937 4069 1993 4120 et
2003 4081 2130 4138 qua:
2150 4065 2219 4120 de
2241 4065 2718 4121 reverendissimis
2734 4066 2950 4122 clericis
2971 4065 3372 4138 disposuimus,
3387 4081 3576 4138 neque

1936 4159 2088 4232 quod
2116 4159 2492 4216 monasticum
2530 4163 2634 4228 est,
2666 4164 2825 4218 extra
2866 4163 3284 4232 competentem
3328 4159 3573 4214 formam

1935 4253 2346 4326 relinquamus.
2378 4254 2525 4310 Illud
2545 4254 2727 4327 igitur
2751 4257 2881 4309 ante
2906 4254 3019 4310 alia
3043 4252 3347 4314 dicendum
3373 4256 3476 4320 est,
3507 4257 3573 4308 ut

1934 4363 2274 4420 quocunque
2297 4350 2551 4420 tempore
2573 4352 2630 4402 et
2642 4363 2980 4418 quocunque
2996 4347 3122 4402 loco
3143 4345 3269 4418 quis
3292 4345 3571 4402 aediﬁcare

1934 4441 2252 4496 venerabile
2285 4439 2690 4496 monasterium
2725 4440 2988 4508 voluerit,
3020 4456 3134 4496 non
3161 4439 3319 4512 prius
3344 4439 3572 4496 licentia

195 4528 254 4585 Si
285 4529 524 4600 quidem
545 4529 655 4585 hoc
678 4530 890 4586 iterum
916 4529 1147 4586 illorum
1171 4535 1274 4601 est,
1303 4533 1400 4605 qui
1437 4534 1836 4591 confusionem
1855 4529 1915 4603 D
1938 4535 2132 4590 sithoc
2158 4535 2384 4607 agendi,
2417 4551 2590 4607 quam
2619 4535 2734 4590 Deo
2753 4534 3055 4590 amabilem
3079 4533 3336 4590 locorum
3349 4534 3568 4607 episco-

194 4623 453 4696 pariunt,
493 4626 593 4678 aut
614 4641 786 4696 super
816 4626 1148 4681 numeraria
1173 4626 1495 4698 adjectione
1524 4629 1705 4684 altera
1729 4647 1834 4702 pro

197 4717 336 4772 unis
355 4717 599 4789 collegia
625 4718 999 4789 constituunt,
1024 4720 1344 4792 praesertim
1374 4739 1503 4778 cum
1535 4724 1746 4780 multas
1771 4741 1838 4780 ea

192 4827 290 4866 res
317 4810 873 4884 circumscriptiones
887 4815 1187 4886 producat,
1211 4818 1274 4870 ut
1303 4817 1406 4871 sub
1426 4819 1708 4888 praetextu
1731 4819 1832 4875 ali-

191 4905 500 4960 mentariae
526 4907 911 4977 praestationis
935 4907 1076 4964 alias
1101 4909 1206 4964 sibi
1227 4909 1347 4966 vias
1372 4911 1711 4968 insatiabilis
1737 4930 1833 4968 cu-

184 4999 425 5070 jusdam
465 4999 716 5056 avaritias
742 5000 1055 5058 inveniant.
1087 5004 1203 5059 Hoc
1229 5003 1407 5076 igitur
1435 5006 1608 5062 etiam
1645 5007 1833 5079 ipsum

190 5092 322 5147 fieri
345 5093 717 5164 prohibemus
744 5097 803 5150 et
836 5095 938 5150 sub
971 5113 1268 5153 censuram
1293 5098 1378 5171 (ut
1406 5101 1716 5172 appellant)
1741 5119 1830 5156 ec-

191 5185 574 5242 clesiasticam
601 5187 960 5259 deducimus,
992 5207 1204 5262 magno
1233 5192 1357 5246 usui
1391 5193 1644 5249 futurum
1677 5195 1830 5250 arbi-

190 5283 433 5349 trantes,
463 5280 510 5335 si
535 5285 958 5340 sacrosanctam
989 5285 1272 5357 majorem
1312 5287 1612 5342 ecclesiam
1644 5305 1832 5360 neque

191 5373 573 5430 creditoribus
605 5375 936 5446 obnoxiam,
969 5395 1154 5451 neque
1182 5379 1354 5436 rebus
1379 5380 1636 5452 angustis
1682 5382 1829 5438 afﬂi-

188 5470 366 5546 ctam,
399 5485 588 5540 neque
611 5473 892 5544 perpetuo
913 5476 1205 5545 egentem,
1229 5475 1328 5530 sed
1349 5474 1610 5530 omnium
1633 5492 1829 5532 rerum

188 5561 361 5634 copia
391 5562 785 5620 abundantem
816 5582 1136 5622 cernamus.

265 5655 774 5720 Quemadmodum
803 5662 993 5716 autem
1017 5660 1088 5716 ad
1113 5677 1238 5717 eam
1260 5661 1615 5734 pertinentes
1635 5680 1826 5736 sump-

191 5751 282 5803 tus
304 5751 464 5806 certa
479 5750 594 5806 fine
607 5751 1030 5825 descripsimus,
1057 5755 1133 5810 ita
1155 5755 1437 5824 convenit,
1472 5761 1530 5812 ut
1549 5757 1830 5814 sanctissi-

190 5859 326 5898 mus
351 5861 455 5916 pro
484 5849 742 5919 tempore
763 5848 1091 5920 patriarcha
1118 5851 1174 5904 et
1214 5850 1681 5907 reverendissimi
1717 5853 1826 5907 cle-

1934 4645 2075 4700 pum
2102 4628 2350 4684 advocet.
2377 4630 2450 4684 At
2477 4629 2573 4684 ille
2602 4628 2868 4684 extendat
2892 4645 3098 4684 manus
3125 4629 3195 4685 ad
3241 4629 3465 4696 coelum,
3515 4633 3572 4685 et

1934 4739 2040 4796 per
2057 4723 2372 4780 orationem
2399 4723 2589 4779 locum
2617 4728 2909 4780 consecret
2931 4725 3064 4795 Deo,
3104 4722 3286 4796 ﬁgens
3311 4723 3373 4778 in
3397 4739 3462 4779 eo
3489 4741 3571 4779 sa-

1935 4817 2066 4873 lutis
2089 4821 2296 4873 nostrae
2342 4817 2570 4890 signum
2607 4817 2866 4889 (dicimus
2901 4822 3093 4874 autem
3127 4817 3469 4873 adorandam
3514 4821 3572 4873 et

1934 4926 2063 4966 vere
2083 4911 2474 4967 honorandam
2501 4913 2766 4983 crucem),
2795 4912 2983 4984 sicque
2993 4911 3218 4968 inchoet
3241 4909 3567 4979 aediﬁcium,

1934 5005 2148 5061 bonum
2175 5005 2371 5079 utique
2396 5006 2682 5078 quoddam
2709 5006 2770 5062 in
2796 5006 2902 5061 hoc
2927 5009 2983 5062 et
3011 5005 3214 5061 decens
3237 5005 3572 5062 fundamen-

1934 5103 2057 5154 tum
2083 5115 2300 5172 ponens
2326 5100 2470 5170 hoc;
2510 5101 2700 5172 itaque
2727 5099 3074 5172 principium
3110 5099 3221 5172 pize
3269 5099 3566 5156 venerabi-

1932 5193 2076 5249 lium
2099 5193 2574 5250 monasteriorum
2599 5193 2826 5249 fabricae
2854 5193 2971 5250 fiat.

2006 5289 2143 5344 Hinc
2169 5292 2362 5344 autem
2389 5288 2551 5344 nobis
2581 5286 2752 5343 etiam
2784 5287 2854 5342 de
2882 5287 3121 5360 singulis
3154 5289 3444 5346 monachis
3469 5305 3564 5344 co-

1935 5382 2227 5455 gitandum
2252 5384 2356 5452 est,
2385 5398 2499 5453 quo
2529 5380 2826 5437 conveniat
2843 5380 2968 5438 fieri
2993 5383 3182 5452 modo,
3211 5387 3267 5440 et
3296 5387 3486 5439 utrum
3504 5382 3569 5436 li-

1931 5475 2096 5532 beros
2123 5477 2326 5545 solum,
2357 5480 2456 5532 aut
2483 5474 2658 5530 etiam
2682 5475 2827 5532 forte
2851 5493 3066 5548 servos,
3096 5495 3163 5535 eo
3189 5476 3337 5550 quod
3365 5490 3562 5531 omnes

1931 5570 2192 5626 similiter
2215 5568 2404 5625 divina
2421 5570 2666 5642 suscepit
2687 5571 2868 5644 gratia
2885 5572 3200 5644 praedicans
3219 5568 3564 5642 palam,quia

1932 5668 2210 5735 quantum
2239 5663 2310 5719 ad
2341 5663 2432 5719 Dei
2471 5665 2686 5720 cultum
2732 5681 2846 5720 non
2891 5671 2974 5721 est
3021 5664 3320 5731 masculus,
3374 5677 3562 5734 neque

1928 5756 2159 5827 femina,
2192 5773 2376 5830 neque
2407 5757 2568 5826 liber,
2600 5775 2786 5830 neque
2829 5773 3040 5825 servus,
3071 5771 3269 5811 omnes
3299 5754 3452 5811 enim
3503 5756 3560 5813 in

1929 5850 2152 5910 Christo
2191 5867 2367 5909 unam
2399 5854 2720 5909 mercedem
2768 5849 3074 5924 percipere.
3107 5849 3396 5906 Sancimus
3426 5867 3562 5925 ergo
