4054 6186
465 290 567 346 927

1604 294 1857 350 SECULI
1896 292 2086 348 SEXTI
2126 290 2679 348 SL'PPLEMENTL'M.

3737 297 3852 359 928

469 420 651 460 sacras
695 408 993 477 sequentes
1026 405 1271 474 regulas,
1317 420 1410 457 eos
1452 404 1553 474 qui
1576 403 1928 476 singularem
1953 421 2090 461 con-
2114 410 2174 483 Α
2192 397 2325 469 quia
2352 401 2663 456 monastica
2677 402 2885 474 dignus
2910 411 2996 461 est
3023 407 3339 477 honestate,
3370 414 3601 464 maneat
3626 408 3692 464 in
3718 425 3851 464 mo-

460 500 835 556 versationem
872 498 1232 571 profitentur,
1276 513 1392 551 non
1416 501 1679 570 prompte
1709 515 1842 555 mox
1873 516 1907 554 a
1933 515 2093 556 reve-

464 593 813 650 rendissimis
836 591 1172 664 praesulibus
1196 591 1604 647 venerabilium
1625 594 2096 650 monasteriorum

466 688 722 743 habitum
767 686 1058 758 percipere
1084 686 1501 754 monachalem,
1530 688 1626 743 sed
1651 704 1755 759 per
1780 688 2094 744 triennium

466 786 647 836 totum
691 781 825 850 (sive
868 780 1033 834 liberi
1081 780 1223 834 forte
1276 781 1409 849 sint,
1461 781 1577 836 sive
1630 782 1789 849 servi)
1828 782 2092 850 tolerare,

468 876 718 930 nondum
742 875 1113 929 monasticum
1143 874 1403 929 habitum
1428 879 1836 946 promerentes,
1869 878 1964 932 sed
1975 882 2098 932 ton-

463 986 594 1023 sura
625 972 680 1023 et
704 972 856 1023 veste
883 985 1084 1023 eorum
1108 969 1207 1040 qui
1232 968 1357 1023 laici
1389 976 1682 1036 vocantur,
1713 971 1799 1025 uti
1826 975 1882 1027 et
1908 988 2096 1026 mane-

468 1080 545 1131 re,
574 1063 651 1118 sic
678 1062 869 1118 divina
907 1063 1255 1117 addiscentes
1296 1064 1537 1134 eloquia.
1584 1067 1649 1119 Et
1691 1066 2093 1120 reverendissi-

466 1174 588 1212 mos
624 1173 821 1212 eorum
869 1158 1099 1213 abbates
1142 1158 1433 1229 requirere
1470 1175 1583 1226 eos,
1616 1159 1731 1214 sive
1767 1158 1934 1214 liberi
1962 1159 2094 1226 sint,

463 1251 576 1306 sive
603 1251 769 1317 servi,
799 1256 857 1305 et
886 1251 1035 1306 unde
1061 1251 1142 1306 eis
1172 1251 1519 1307 desiderium
1532 1252 1661 1307 vitae
1689 1252 1994 1323 singularis
2009 1269 2098 1306 ac-

462 1344 710 1410 cesserit,
740 1348 797 1398 et
823 1345 1103 1400 discentes
1128 1345 1197 1399 ab
1225 1345 1306 1400 eis
1326 1346 1460 1416 quia
1479 1346 1638 1401 nulla
1652 1345 1904 1417 maligna
1933 1362 2093 1401 occa-

463 1439 544 1493 sio
574 1439 644 1493 ad
671 1440 779 1493 hoc
805 1455 898 1494 eos
918 1438 1159 1506 induxit,
1193 1443 1250 1494 et
1276 1439 1487 1495 habere
1514 1456 1609 1494 eos
1640 1440 1789 1495 inter
1824 1439 1967 1509 illos,
1996 1439 2099 1511 qui

459 1533 645 1589 adhuc
672 1534 964 1601 docentur,
1010 1537 1181 1605 atque
1222 1537 1548 1601 monentur,
1592 1538 1649 1588 et
1694 1533 2090 1604 experimento

462 1627 756 1699 percipere
804 1643 1002 1682 eorum
1038 1626 1414 1696 tolerantiam,
1445 1631 1503 1682 et
1538 1627 1933 1697 honestatem;
1981 1643 2099 1683 non

464 1720 617 1777 enim
640 1720 817 1775 facilis
843 1724 927 1775 est
943 1720 1072 1775 vitae
1088 1720 1389 1775 hominum
1414 1721 1670 1789 mutatio,
1695 1721 1794 1776 sed
1821 1737 1953 1776 cum
1981 1720 2100 1776 ani-

2194 493 2465 549 nasterio.
2494 495 2863 568 Nequaquam
2884 499 3038 555 enim
3054 500 3255 557 damus
3283 501 3576 559 licentiam
3602 503 3712 558 ulli
3736 520 3847 576 pe-

2193 585 2344 640 nitus
2368 589 2732 658 perscrutari,
2762 607 2890 663 quae
2915 592 3037 664 ejus
3062 600 3213 662 sunt,
3246 596 3343 650 sed
3387 596 3503 652 sive
3529 596 3698 666 liber,
3731 597 3853 654 sive
3914 604 3935 620 '

2195 695 2388 733 servus
2429 681 2520 750 sit,
2559 699 2792 739 manere
2838 702 2970 740 eum
3001 687 3061 742 in
3086 690 3511 745 conversatione
3555 691 3843 748 volumus.

2195 773 2333 826 Nam
2361 777 2417 828 et
2442 775 2484 828 si
2515 775 2719 831 vitium
2745 778 2807 833 in
2831 780 3004 850 priori
3030 780 3102 836 'ab
3128 798 3194 836 eo
3219 783 3365 839 forte
3392 788 3619 855 gestum
3648 790 3736 840 est
3757 785 3842 840 vi-

2194 869 2251 919 ta
2267 866 2535 935 (humana
2560 870 2714 925 enim
2743 876 2945 927 natura
2966 875 3384 945 quodammodo
3404 878 3619 932 labitur
3644 879 3722 934 ad
3746 880 3843 935 de-

2196 960 2367 1031 licta),
2399 966 2649 1018 attamen
2680 965 2888 1020 sufﬁcit
2931 968 3003 1023 ad
3038 970 3380 1025 mediocrem
3432 973 3845 1043 purgationem

2196 1058 2574 1124 peccatorum,
2631 1063 2687 1135 et
2740 1059 2811 1113 ad
2857 1060 3083 1116 virtutis
3119 1068 3495 1135 augmentum
3545 1066 3848 1122 triennalis

2195 1149 2471 1219 temporis
2488 1130 2900 1209 testimonium.
2916 1156 2992 1210 Ea
3010 1172 3143 1211 vero
3168 1130 3298 1229 quae
3325 1164 3488 1229 rapta
3513 1165 3672 1229 sunt,
3695 1162 3861 1232 apud~

2197 1256 2565 1314 quoscunque
2577 1245 2810 1300 tandem
2830 1246 3213 1317 inveniantur,
3235 1252 3419 1306 modis
3434 1253 3708 1308 omnibus
3722 1255 3849 1309 red-

2198 1334 2403 1389 dantur
2442 1336 2629 1407 prisco
2662 1339 2911 1395 domino.
2954 1341 3010 1397 Si
3037 1359 3173 1398 vero
3198 1345 3407 1400 servitii
3445 1348 3851 1403 necessitatem

2198 1426 2494 1499 effugiens,
2524 1432 2825 1488 tentaverit
2854 1436 3267 1491 monasterium
3306 1439 3540 1509 quidem
3591 1440 3846 1497 derelin-

2197 1537 2391 1592 quere,
2423 1522 2595 1578 aliam
2621 1529 2814 1581 autem
2841 1527 2973 1583 vitae
3000 1530 3203 1585 sectari
3236 1531 3502 1602 ﬁguram,
3554 1534 3847 1590 licentiam

2197 1613 2397 1669 damus
2407 1615 2638 1672 domino
2678 1619 2968 1676 retrahere
2995 1638 3151 1692 eum,
3181 1628 3237 1679 et
3260 1625 3525 1696 probanti
3552 1626 3847 1682 fortunam

2196 1706 2346 1762 inter
2391 1725 2579 1764 servos
2632 1710 2879 1769 habere:
2930 1730 3048 1771 non
3083 1717 3239 1771 enim
3287 1718 3561 1790 injuriam
3594 1721 3846 1792 patietur

466 1832 574 1870 mea
601 1831 810 1886 magno
836 1815 901 1867 ﬁt
935 1813 1149 1869 labore.
1195 1815 1263 1868 Et
1308 1830 1439 1869 cum
1467 1783 1713 1869 triennio
1760 1818 1877 1869 toto
1926 1814 1987 1869 in
2032 1783 2177 1869 eaB
2198 1804 2413 1856 tantam
2441 1803 2512 1858 ad
2532 1819 2730 1860 verum
2749 1806 3041 1864 εθΓνίῐίιιω
3069 1783 3367 1879 retractus;
3396 1783 3687 1884 quantlim
3713 1816 3834 1887 ἱρεθ

462 1908 576 1964 vita
601 1907 1041 1980 permanserint,
1072 1908 1314 1979 optimos
1335 1908 1664 1980 semetipsos
1692 1913 1749 1964 et
1777 1908 2109 1963 tolerabiles“

461 2002 582 2057 aliis
610 2001 905 2057 monachis
932 2005 988 2056 et
1014 2002 1245 2073 praesuli
1270 2002 1741 2068 demonstrantes,
1767 2002 1871 2057 hos
1897 2018 2096 2057 mona-

461 2096 658 2151 sticam
682 2096 998 2168 promereri
1020 2100 1255 2165 vestem,
1283 2099 1453 2168 atque
1472 2101 1788 2164 tonsuram,
1823 2100 1881 2151 et
1898 2096 2011 2151 sive
2032 2096 2100 2151 li-

460 2185 582 2241 beri
608 2185 741 2255 sint,
771 2186 890 2240 sine
921 2185 1211 2241 calumnia
1237 2202 1593 2257 permanere,
1636 2185 1752 2241 sive
1792 2185 1957 2253 servi,
1994 2201 2096 2257 pe-

460 2280 612 2335 nitus
654 2296 770 2335 non
815 2279 1118 2351 inquietari
1147 2279 1459 2351 migrantes
1488 2280 1559 2335 ad
1585 2295 1948 2335 communem
1979 2296 2099 2334 om-

460 2372 642 2428 nium.
690 2372 939 2428 Dicimus
978 2377 1166 2428 aatem
1203 2372 1488 2428 caelestem
1531 2373 1861 2442 Dominum,
1899 2372 1996 2428 sed
2039 2372 2099 2427 in

462 2466 787 2522 libertatem
815 2467 979 2539 eripi.
1007 2467 1148 2522 Nam
1178 2467 1225 2522 si
1251 2467 1309 2522 in
1335 2467 1531 2522 multis
1554 2467 1771 2522 casibus
1817 2466 1990 2522 etiam
2028 2482 2097 2521 ex

461 2559 589 2632 lege
618 2561 725 2615 hoc
748 2560 833 2628 fit,
856 2565 912 2616 et
935 2560 1061 2616 talis
1080 2561 1342 2633 quaedam
1360 2561 1591 2617 libertas
1607 2560 1794 2628 datur,
1815 2560 2098 2631 quomodo

461 2670 577 2709 non
621 2655 948 2726 praevalebit
989 2652 1179 2710 divina
1217 2655 1398 2727 gratia
1422 2655 1627 2710 talibus
1672 2671 1767 2710 eos
1810 2654 2099 2710 absolvere

459 2748 698 2804 vinculis
718 2750 745 2804 Τ
772 2749 831 2805 Si
856 2765 989 2805 vero
1017 2748 1165 2804 intra
1189 2748 1499 2804 triennium
1528 2749 1748 2804 venerit
1791 2747 2095 2820 quispiam,

461 2847 518 2898 et
544 2841 794 2914 aliquem
814 2842 1155 2914 horum,qui
1180 2842 1660 2899 conversationem
1681 2841 1918 2915 professi
1942 2846 2094 2911 sunt,

460 2936 782 2993 abstrahere
807 2941 1082 3010 tanquam
1102 2953 1329 2993 servum
1347 2937 1606 3005 voluerit,
1635 2938 1742 2991 hoc
1770 2936 1920 3008 quod
1934 2933 2099 2990 nobis

459 3046 646 3102 nuper
679 3047 749 3084 ex
773 3031 941 3100 Lycia
966 3031 1255 3086 nuntiavit
1278 3031 1530 3086 Zosimus
1558 3031 1671 3085 Deo
1700 3029 1977 3098 amabilis,
2010 3028 2097 3084 vir

460 3123 869 3178 famosissimus
907 3124 966 3179 in
1004 3124 1443 3194 conversatione,
1476 3128 1535 3179 et
1560 3140 1737 3195 prope
1766 3122 2096 3178 vicesimum

463 3220 520 3273 et
556 3217 928 3272 centesimum
962 3217 1143 3272 aetatis
1170 3233 1345 3289 agens
1370 3233 1606 3286 annum,
1645 3217 1866 3288 pollens
1903 3222 2096 3272 autem

462 3314 521 3366 et
542 3311 720 3366 animi
770 3310 1072 3366 virtutibus
1107 3315 1165 3366 et
1207 3311 1458 3384 corporis
1492 3310 1928 3382 operationibus,
1967 3311 2101 3383 quia

462 3410 616 3462 tanta
645 3407 909 3479 quaedam
938 3408 997 3462 in
1025 3424 1092 3462 eo
1121 3407 1302 3480 gratia
1332 3406 1429 3462 Dei
1464 3407 1648 3462 ﬂoret.
1680 3407 1739 3463 Si
1765 3407 1893 3479 quis
1921 3407 2100 3479 igitur

459 3501 624 3571 (sicut
660 3501 1047 3573 praediximus)
1088 3501 1240 3557 intra
1275 3501 1588 3558 triennium
1629 3500 1818 3558 veniat
1851 3502 2100 3575 aliquem

460 3612 658 3651 eorum
693 3597 794 3669 qui
817 3596 1015 3651 volunt
1039 3612 1159 3652 esse
1205 3601 1262 3653 et
1301 3611 1662 3668 perseverare
1710 3596 1996 3664 monachi,
2035 3597 2099 3652 in

460 3690 791 3745 servitutem
814 3693 1116 3759 tracturus,
1148 3691 1204 3745 et
1232 3689 1379 3745 dicat
1404 3691 1557 3762 quod
1577 3689 1890 3762 abripuerit
1927 3707 2095 3762 quas-

461 3784 591 3838 dam
622 3799 733 3853 res,
761 3787 818 3838 et
853 3788 1152 3855 propterea
1194 3784 1499 3840 recurrerit
1545 3784 1617 3839 ad
1663 3784 2093 3853 monasterium,

460 3875 742 3932 sancimus
756 3892 888 3931 eum
905 3892 1022 3931 non
1031 3879 1297 3948 prompte
1316 3893 1505 3948 agere,
1535 3877 1631 3932 sed
1656 3878 1843 3949 primo
1857 3878 2096 3949 probare

460 3986 566 4041 pro
589 3968 846 4038 veritate,
876 3969 1011 4041 quia
1042 3974 1099 4024 et
1123 3986 1316 4025 servus
1343 3975 1446 4040 est,
1476 3974 1534 4025 et
1560 3987 1664 4042 pro
1687 3971 1840 4026 furto
1884 3972 2092 4042 forsan,

462 4066 563 4118 aut
589 4078 697 4135 pro
720 4061 834 4117 vita
859 4062 1128 4134 maligna,
1160 4067 1257 4118 aut
1285 4079 1389 4134 pro
1414 4063 1562 4119 vitiis
1585 4063 1847 4135 pessimis
1879 4065 2096 4137 fugerit

460 4157 713 4230 quidem,
728 4160 964 4229 propter
992 4172 1161 4211 suum
1180 4160 1367 4211 autem
1383 4156 1671 4227 vitiunrad
1688 4158 2095 4214 monasterium

458 4251 697 4307 venerit.
728 4253 795 4306 Et
814 4251 858 4305 si
883 4250 1115 4322 quidem
1136 4266 1306 4304 verax
1321 4250 1657 4317 ostenditur,
1688 4255 1744 4306 et
1767 4252 2097 4324 apparuerit

456 4349 688 4418 propter
713 4344 1040 4416 hujusmodi
1070 4361 1297 4400 causam
1339 4345 1710 4400 monosticam
1737 4361 1870 4400 eum
1910 4346 2091 4400 simu-

2197 1896 2274 1966 inj
2284 1897 2498 1953 uriatus
2523 1904 2607 1955 est
2626 1900 2723 1955 Dei
2737 1902 3017 1959 culturam
3035 1905 3343 1977 refugiens.
3363 1908 3444 1963 Ex
3468 1908 3580 1963 hoc
3607 1909 3843 1981 quidem

2199 1989 2267 2044 de
2296 1990 2528 2048 fortuna
2562 1994 2766 2049 horum
2791 1997 2891 2067 qui
2915 1996 3064 2053 inter
3104 2002 3411 2056 monachos
3449 1998 3715 2073 proﬁteri
3756 2021 3844 2059 vo-

2198 2084 2323 2138 lunt
2348 2086 2649 2143 sancimus.
2676 2089 3053 2174 Cogitandum
3079 2109 3212 2147 vero
3237 2099 3339 2164 est,
3375 2098 3669 2167 quomodo
3696 2098 3842 2170 ipsos

2198 2178 2516 2235 habitantes
2561 2186 2616 2237 et
2657 2182 2735 2237 ibi
2778 2183 3049 2255 degentes
3087 2188 3415 2244 monasticae
3455 2190 3840 2264 philosoth

2199 2276 2501 2342 certatores
2528 2275 2730 2348 dignos
2757 2293 2876 2333 esse
2902 2280 3282 2337 ostendamus.
3312 2284 3505 2356 Neque
3539 2286 3701 2341 enim
3743 2304 3836 2342 το-

2197 2366 2388 2421 lumus
2430 2368 2488 2422 in
2527 2370 2640 2424 ullo
2664 2373 3006 2428 monasterio
3033 2376 3137 2430 sub
3165 2376 3378 2432 ditione
3406 2383 3603 2434 nostra
3630 2383 3838 2436 consti-

2198 2464 2340 2528 tuto,
2359 2461 2473 2517 sive
2497 2463 2877 2535 plurimorum
2902 2467 3205 2525 hominum
3229 2474 3333 2538 est,
3364 2471 3479 2527 sive
3499 2490 3835 2545 paucorum,

2198 2555 2501 2613 monachos
2542 2558 2641 2628 qui
2677 2558 2758 2613 ibi
2798 2565 2949 2631 sunt,
3001 2561 3207 2618 divisos
3240 2564 3311 2619 ab
3361 2565 3653 2621 alterutris
3701 2585 3835 2636 esse,

2198 2652 2255 2703 et
2277 2649 2520 2721 propriis
2544 2650 2991 2710 habitationibus
3020 2656 3122 2726 uti,
3154 2658 3253 2712 sed
3280 2660 3672 2716 communiter
3711 2663 3836 2734 qui-

2198 2741 2326 2797 dem
2352 2759 2447 2798 eos
2471 2746 2765 2802 comedere
2794 2748 3098 2817 sancimus,
3129 2751 3379 2807 dormire
3416 2753 3593 2809 etiam
3638 2772 3837 2812 omnes

2196 2834 2256 2890 in
2284 2838 2595 2907 communi,
2625 2855 2968 2914 unoquoque
2990 2844 3219 2915 quidem
3246 2845 3305 2900 in
3333 2847 3579 2918 quadam
3608 2850 3839 2922 pmpria

2196 2934 2408 2986 statura
2440 2932 2684 3005 jacente,
2713 2936 2773 2990 in
2800 2936 2968 2992 domo
2993 2954 3134 2993 uero
3160 2956 3278 2994 una
3306 2940 3623 3011 collocatos,
3657 2948 3762 2999 aut
3789 2945 3830 2998 si

2194 3023 2336 3079 forte
2359 3042 2475 3081 non
2502 3028 2709 3083 sufﬁcit
2730 3030 2802 3084 ad
2833 3030 3258 3089 multitudinem
3289 3036 3711 3091 monachorum
3738 3038 3835 3092 do-

2195 3134 2323 3172 mus
2364 3136 2495 3187 una,
2541 3121 2599 3176 in
2646 3122 2783 3178 duas
2827 3124 3037 3194 forsan,
3077 3131 3177 3182 aut
3217 3128 3430 3200 plures,
3478 3145 3599 3184 non
3643 3136 3836 3188 tamen

2199 3212 2455 3284 seorsim,
2494 3219 2549 3269 et
2573 3217 2723 3287 apud
2743 3219 3093 3291 semetipsos,
3113 3221 3209 3276 sed
3235 3221 3291 3276 in
3323 3226 3639 3294 communi,
3668 3231 3833 3282 testes

2197 3306 2451 3362 alterutri
2488 3309 2603 3363 sint
2635 3311 2943 3367 honestatis
2986 3316 3044 3369 et
3093 3315 3381 3371 castitatis.
3425 3318 3491 3372 Et
3525 3334 3720 3391 neque
3744 3337 3833 3375 so-

2198 3416 2398 3455 mnum
2427 3402 2764 3459 desidiosum
2806 3406 3070 3478 habeant,
3115 3409 3211 3464 sed
3238 3414 3294 3465 et
3332 3410 3391 3465 in
3418 3428 3624 3468 somno
3650 3414 3831 3469 medi-

2198 3496 2378 3549 tantes
2415 3494 2561 3552 bene
2603 3501 2913 3571 composito
2948 3518 3066 3558 esse
3101 3518 3335 3574 corpore
3374 3508 3613 3577 propter
3656 3508 3833 3564 incre-

2196 3587 2485 3658 pationem
2510 3591 2956 3663 respicientium.
2985 3596 3099 3651 Nisi
3126 3601 3319 3653 tamen
3358 3598 3597 3670 quidam
3636 3617 3833 3657 eorum

2195 3680 2256 3736 in
2283 3685 2756 3757 contemplatione
2781 3692 2837 3743 et
2881 3690 3223 3761 perfectione
3250 3692 3521 3763 degentes
3549 3694 3726 3750 vitam
3755 3712 3833 3751 re-

2195 3779 2408 3831 motam
2422 3778 2667 3834 habeant
2691 3779 2751 3835 in
2771 3798 3013 3852 secessu,
3041 3800 3183 3856 quos
3210 3801 3408 3840 vocare
3440 3787 3832 3859 anachoretas,

2196 3872 2253 3924 et
2278 3870 2635 3941 hesychastas
2662 3880 3076 3933 consueverunt
3092 3880 3365 3950 tanquam
3380 3896 3413 3933 a
3431 3883 3833 3939 communione

2194 3963 2265 4018 ad
2302 3963 2537 4020 meliora
2575 3973 2855 4040 exceptos.
2896 3970 3158 4043 Alioquin
3194 3973 3353 4043 alios,
3401 3974 3834 4049 quibuscunque

2194 4057 2343 4113 inter
2367 4060 2793 4118 multitudinem
2817 4066 3165 4121 conversatio
3190 4071 3295 4138 est,
3333 4068 3393 4122 in
3431 4067 3519 4123 his
3555 4086 3688 4140 qua:
3732 4087 3830 4125 vo-

2194 4155 2395 4207 cantur
2418 4155 2689 4227 cmnobia,
2723 4174 2841 4213 esse
2865 4160 3143 4215 volumus.
3176 4161 3262 4217 Sic
3288 4161 3442 4216 enim
3468 4162 3625 4217 zelus
3653 4163 3736 4218 eis
3761 4165 3831 4220 ad

2195 4243 2458 4302 virtutem
2483 4249 2699 4318 crescit,
2728 4255 2785 4307 et
2804 4252 3055 4308 maxime
3069 4254 3392 4324 juvenibus,
3421 4256 3469 4309 si
3495 4271 3627 4310 cum
3654 4257 3831 4313 senio-

2193 4338 2348 4393 ribus
2375 4342 2812 4427 constituantur.
2846 4346 2967 4402 Fiet
2991 4346 3145 4402 enim
3175 4348 3461 4403 seniorum
3482 4352 3829 4407 conversatio

456 4440 598 4496 lasse
626 4438 1131 4508 conversationem,
1160 4444 1258 4494 aut
1282 4439 1940 4511 pmpterturpitudinem
1964 4440 2094 4495 vitae
2185 4432 2499 4502 juventutis
2526 4437 2782 4494 educatio
2809 4441 3073 4511 perfecta.
3105 4443 3170 4496 Et
3196 4441 3273 4496 sic
3303 4442 3416 4497 sint
3456 4442 3517 4497 in
3563 4445 3829 4500 coenobiis

457 4535 601 4589 forte
629 4533 936 4605 diﬁ‘ugisse,
968 4537 1026 4588 et
1047 4549 1162 4588 non
1188 4550 1290 4604 pro
1315 4533 1549 4589 veritate
1574 4533 1960 4589 sanctimonia;
1986 4534 2088 4589 ha-
2110 4541 2170 4613 D
2192 4543 2293 4580 suo
2321 4529 2552 4601 proprio
2576 4531 2763 4586 abbati
2791 4534 3138 4601 obedientes,
3167 4540 3224 4590 et
3253 4536 3518 4591 traditam
3548 4537 3659 4593 sibi
3697 4555 3825 4594 con-

454 4628 643 4685 bitum
671 4625 1035 4699 concupiisse,
1054 4628 1205 4682 hunc
1230 4627 1391 4681 reddi
1421 4626 1670 4695 domino,
1706 4644 1838 4682 cum
1868 4627 1934 4682 iis
1962 4644 2091 4699 quas

456 4722 641 4777 forsan
678 4708 944 4793 abripuit,
974 4720 1021 4774 si
1051 4725 1245 4775 tamen
1272 4722 1392 4775 haec
1442 4720 1611 4777 etiam
1649 4722 1708 4776 in
1751 4722 2092 4777 monasterio

455 4816 685 4873 fuerint.
716 4817 860 4871 Eum
888 4831 1041 4884 vero,
1072 4814 1173 4886 qui
1200 4815 1462 4870 dominus
1482 4815 1846 4886 approbatur,
1881 4815 2013 4871 dare
2041 4815 2093 4870 ei

448 4894 869 4982 jusjurandum,
899 4908 1034 4981 quia
1061 4908 1204 4964 nihil
1233 4908 1365 4963 mali
1392 4908 1445 4964 ei
1470 4908 1655 4977 faciet,
1686 4913 1743 4964 et
1769 4913 2092 4981 susceptum

458 5024 588 5062 eum
620 5010 852 5064 reducet
881 5008 1139 5063 domum.
1172 5006 1229 5062 Si
1256 5023 1388 5061 vero
1413 5005 1460 5060 is
1489 5005 1715 5076 quidem
1745 5007 1843 5078 qui
1874 5007 2009 5062 dicit
2033 5024 2091 5063 se

460 5117 577 5156 esse
617 5102 935 5171 dominum,
983 5101 1127 5157 nihil
1155 5100 1266 5156 tale
1302 5099 1643 5172 probaverit,
1674 5104 1731 5155 et
1755 5104 2022 5172 appareat
2046 5101 2094 5155 is

456 5194 552 5267 qui
578 5194 638 5248 in
664 5195 871 5250 tatibus
899 5200 1208 5264 accusatur,
1237 5211 1306 5250 ex
1356 5194 1478 5266 ipsa
1521 5194 1941 5250 conversatione
1986 5194 2090 5249 ho-

457 5291 650 5343 nestus
677 5304 739 5341 ac
784 5288 955 5358 mitis,
1003 5294 1060 5344 et
1105 5290 1250 5345 forte
1286 5286 1675 5345 testimonium
1718 5288 1921 5345 habeat
1954 5288 2091 5343 alio-

459 5398 607 5449 rum,
641 5379 774 5453 quia
799 5380 969 5435 etiam
993 5382 1143 5452 apud
1174 5382 1470 5437 dominum
1504 5382 1810 5438 consistens
1844 5381 2093 5437 discendi

460 5475 699 5548 cupidus
726 5473 920 5544 fuerit,
951 5479 1007 5528 et
1034 5474 1344 5531 honestatis
1372 5480 1610 5546 amator,
1643 5480 1700 5531 et
1744 5476 1789 5531 si
1834 5476 2094 5531 nondum

456 5572 601 5625 forte
630 5568 979 5641 completum
1007 5570 1092 5623 est
1121 5568 1351 5623 triennii
1374 5574 1619 5642 tempus,
1647 5572 1898 5626 attamen
1923 5569 2094 5626 etiam

459 5664 537 5721 sic
566 5667 795 5720 maneat
818 5662 878 5718 in
909 5661 1216 5718 venerabili
1242 5662 1606 5730 monasterio,
1637 5664 1963 5721 abstrahere
2002 5680 2095 5719 cu-

461 5758 738 5829 pientium
768 5758 1067 5830 asperitate
1097 5756 1387 5812 liberatus.

531 5851 777 5907 Triennii
815 5869 948 5909 vero
987 5852 1164 5907 semel
1205 5849 1428 5922 expleto
1479 5852 1751 5921 tempore,
1786 5851 2091 5922 judicatus,

2190 4622 2569 4679 versationem
2594 4625 3010 4697 inculpabiliter
3037 4628 3414 4685 observantes.

2271 4716 2328 4775 Si
2357 4718 2483 4790 quis
2511 4723 2704 4775 autem
2744 4720 2889 4775 forte
2937 4723 3109 4776 semel
3154 4723 3463 4793 dedicatus,
3518 4724 3826 4797 habituque

2191 4815 2423 4888 potitus,
2452 4811 2655 4870 deinde
2698 4831 2731 4868 a
2760 4815 3105 4871 monasterio
3141 4816 3430 4872 discedere
3472 4818 3736 4889 voluerit,
3774 4821 3829 4873 et

2189 4910 2466 4982 privatam
2491 4908 2742 4963 fortassis
2769 4909 2977 4980 eligere
3022 4910 3218 4977 vitam,
3255 4911 3375 4982 ipse
3421 4912 3664 4982 quidem
3699 4915 3829 4968 sciet

2191 5020 2361 5076 quam
2391 5019 2495 5074 pro
2536 5002 2641 5057 hoc
2671 5001 2825 5057 dabit
2851 5003 2965 5057 Deo
3000 5003 3463 5074 satisfactionem;
3501 5022 3593 5060 res
3642 5011 3827 5063 autem

2193 5112 2558 5170 quascunque
2586 5095 2868 5165 habuerit,
2893 5097 3030 5152 dum
3045 5098 3105 5155 in
3130 5098 3541 5153 monasterium
3560 5098 3825 5169 intrabat,

2193 5208 2275 5246 ea?
2305 5188 2544 5245 dominii
2569 5189 2683 5243 sint
2706 5190 3055 5258 monasterii,
3077 5194 3133 5246 et
3157 5190 3303 5245 nihil
3330 5191 3461 5246 inde
3486 5192 3719 5263 penitus
3741 5193 3830 5247 eli-

2193 5284 2320 5339 ciat.
2350 5283 2495 5340 Illud
2524 5299 2751 5355 quoque
2778 5283 3134 5339 decernimus
3162 5300 3293 5339 eum
3319 5284 3419 5357 qui
3444 5285 3507 5340 in
3548 5290 3827 5341 monaste-

2194 5376 2594 5449 riumiintroire
2607 5377 2866 5446 voluerit,
2888 5381 3195 5450 antequam
3214 5379 3632 5434 monasterium
3653 5380 3831 5451 ingre-

2194 5472 2400 5541 diatur,
2430 5471 2715 5527 licentiam
2742 5471 2952 5527 habere
2981 5472 3096 5526 suis
3121 5473 3203 5527 uti
3230 5490 3342 5544 quo
3366 5472 3615 5528 voluerit
3640 5474 3823 5539 modo;

2194 5565 2609 5639 ingredientem
2639 5582 2885 5638 namque
2914 5566 3089 5621 simul
3112 5571 3432 5639 sequuntur
3459 5569 3697 5623 omnino
3727 5584 3828 5631 res,

2192 5661 2325 5716 licet
2349 5677 2464 5715 non
2493 5661 2823 5732 expressim,
2853 5677 2984 5715 cum
3010 5660 3397 5716 introduceret
3422 5678 3536 5731 eas,
3591 5662 3827 5726 dixerit;

2194 5758 2251 5811 et
2278 5771 2395 5810 non
2422 5754 2530 5810 erit
2553 5754 2816 5810 dominus
2858 5771 3055 5810 earum
3104 5755 3338 5811 ulterius
3377 5755 3494 5811 ullo
3540 5756 3730 5812 modo.
3775 5754 3826 5811 Si

2194 5865 2326 5906 vero
2352 5848 2495 5905 filios
2535 5848 2816 5916 habuerit,
2847 5848 2890 5904 si
2936 5849 3167 5923 quidem
3205 5849 3511 5922 contigerit
3542 5850 3665 5922 jam
3699 5865 3824 5905 cum
