3996 6188
477 283 572 340 931

1606 284 1860 342 ὃιΕΕυΙᾸ
1897 283 2088 342 SEXTI
2110 236 2678 344 .SUPPLEMENTUM.

3729 292 3833 350 932

475 399 756 466 petenter,
775 391 820 450 si
841 393 922 450 rei
940 390 1288 466 principium
1306 391 1403 448 ﬁat
1417 391 1621 448 decens
1639 398 1697 448 et
1710 394 1950 450 amabile
1970 396 2100 451 Deo.
2125 406 2185 480 Α
2205 395 2420 468 imponi
2442 414 2459 466 ;
2493 395 2541 450 si
2570 411 2702 450 vero
2721 395 2817 452 ille
2837 397 3145 470 susceperit
3170 401 3227 452 et
3250 397 3456 454 dixerit
3472 400 3631 471 quia,
3651 416 3832 472 quan-

399 500 408 504 '
479 489 592 544 Hoc
613 493 806 544 autem
828 488 1085 542 futurum
1101 503 1220 540 esse
1243 487 1548 558 credimus,
1569 486 1614 541 si
1639 505 1925 543 sacrarum
1940 505 2106 561 regu-

475 587 664 643 larum
707 584 1018 642 observatio
1063 584 1428 654 custodiatur,
1457 602 1631 657 quam
1666 586 1808 657 justi
1838 587 2102 644 laudandi

474 685 532 736 et
559 679 825 736 adorandi
872 679 1214 750 inspectores
1241 683 1298 734 et
1324 678 1569 734 ministri
1594 679 1696 734 Dei
1724 681 2099 750 tradiderunt,

473 773 710 846 apostoli
735 777 791 828 et
809 771 988 826 sancti
1006 773 1194 827 Patres
1208 773 1604 828 custodierunt
1626 779 1682 828 et
1701 774 2098 846 explanamnt.

478 868 770 926 Sancimus
798 865 973 938 igitur
998 882 1182 922 sacras
1201 883 1304 937 per
1319 867 1512 922 omnia
1529 873 1826 938 sequentes
1851 869 2096 941 regulas,

473 979 602 1017 cum
628 960 908 1033 quispiam
936 960 1092 1015 omni
1115 965 1246 1032 post
1268 965 1506 1016 venturo
1525 966 1779 1032 tempore
1799 963 1871 1018 ad
1891 963 2124 1036 episco--

471 1061 638 1128 patus
653 1054 1065 1110 ordinationem
1078 1054 1397 1124 adducitur,
1411 1055 1750 1110 considerari
1765 1055 1923 1128 prius
1939 1074 2102 1130 opor-

468 1153 588 1206 tere
609 1149 731 1221 ejus
761 1149 934 1204 vitam
954 1148 1266 1204 secundum
1293 1154 1552 1204 sanctum
1579 1149 1917 1221 apostolum,
1940 1151 1986 1206 si
2001 1152 2100 1206 ho-

468 1248 648 1312 nesta,
679 1247 736 1298 et
780 1241 1154 1314 inculpabilis,
1201 1247 1256 1296 et
1299 1241 1547 1314 undique
1589 1243 2099 1315 irreprehensibilis

464 1336 555 1406 sit,
573 1337 846 1392 etabonis
865 1335 1254 1391 testimonium
1273 1335 1479 1392 habeat
1494 1336 1844 1392 sacerdotem
1862 1337 2089 1394 decens.

467 1431 534 1486 Et
560 1445 746 1502 neque
773 1446 842 1484 ex
890 1428 1118 1484 ofﬁciali
1145 1434 1244 1484 aut
1271 1445 1340 1484 ex
1383 1428 1585 1484 curiali
1611 1430 1800 1484 veniat
1841 1431 2091 1498 fortuna,

467 1522 575 1578 nisi
601 1525 789 1578 forsan
818 1539 888 1578 ex
911 1521 1130 1578 novella
1159 1526 1324 1578 atate
1345 1522 1677 1594 (secundum
1707 1524 1857 1595 quod
1870 1525 1993 1594 jam
2014 1525 2096 1580 di-

468 1611 742 1689 spésitum
769 1618 868 1688 est)
898 1617 957 1670 in
995 1616 1338 1671 monasterio
1375 1617 1731 1687 constitutus,
1763 1617 1995 1673 fortuna
2021 1618 2092 1673 li-

465 1711 716 1779 beretur,
753 1714 1011 1782 quartam
1050 1715 1242 1765 tamen
1280 1710 1438 1781 prius
1477 1710 1806 1766 substantia
1855 1712 2096 1768 reddens

2204 493 2328 544 tum
2345 489 2565 544 homini
2584 496 2668 545 est
2686 490 2974 561 possibile,
2997 491 3305 563 complebit
3320 492 3442 548 hac
3454 509 3582 565 qua
3605 494 3696 548 his
3710 511 3832 550 con-

2202 582 2476 652 tinentur,
2505 588 2638 638 tunc
2667 601 2902 640 monere
2931 601 3085 654 eum,
3112 590 3168 641 et
3191 586 3376 642 dicere
3401 587 3536 658 quia
3563 587 3674 642 nisi
3711 589 3830 645 hac

2201 676 2594 744 observaverit,
2629 681 2685 732 et
2711 694 2745 732 a
2771 679 2886 733 Deo
2914 678 3132 733 alienus
3151 679 3281 748 erit,
3301 685 3356 735 et
3379 679 3542 736 cadet
3565 681 3690 751 jam
3707 683 3830 738 dato

2200 769 2434 840 honore,
2465 773 2522 826 et
2545 787 2730 843 neque
2755 771 2944 827 civiles
2973 773 3126 844 leges
3152 773 3425 828 dilectum
3456 773 3709 831 inultum
3751 795 3829 832 re-

2199 862 2482 934 linquent,
2533 879 2600 918 eo
2625 863 2778 936 quod
2807 881 2841 918 a
2871 865 3322 937 praecedentibus
3351 883 3456 921 nos
3483 867 3826 940 imperatori-

2198 955 2323 1026 bus,
2353 961 2410 1012 et
2427 973 2461 1011 a
2484 957 2646 1012 nobis
2671 957 2807 1029 ipsis
2833 964 2982 1014 recte
2999 959 3212 1014 dictum
3237 963 3324 1014 est
3350 965 3615 1032 oportere
3646 979 3828 1018 sacras

2198 1049 2425 1120 regulas
2449 1067 2553 1122 pro
2575 1051 2798 1123 legibus
2823 1053 3028 1107 valere.
3059 1051 3176 1108 Etsi
3198 1053 3372 1108 etiam
3402 1055 3481 1109 sic
3501 1071 3828 1126 permanse-

2197 1143 2274 1198 rit
2289 1159 2516 1198 causam
2536 1145 2903 1216 amplectens,
2931 1151 3065 1201 tunc
3093 1162 3264 1218 super
3277 1147 3365 1202 his
3379 1148 3828 1220 professionibus

2198 1253 2664 1310 unumquemque
2687 1255 2904 1294 sacram
2919 1239 3201 1311 suscipere
3227 1239 3580 1312 episcopatus
3602 1243 3831 1300 ordina-

2195 1329 2433 1386 tionem.
2473 1333 2541 1387 Et
2571 1331 2715 1389 hanc
2741 1348 2860 1388 non
2890 1332 3147 1405 pecuniis
3176 1333 3480 1404 redimere,
3512 1351 3704 1408 neque
3732 1355 3832 1408 per

2195 1439 2390 1480 rerum
2412 1425 2651 1480 aliarum
2678 1425 2965 1481 dationem
2983 1425 3282 1498 suscipere,
3299 1427 3394 1482 sed
3415 1444 3628 1500 puram
3648 1433 3834 1502 perci-

2194 1533 2348 1589 pere,
2379 1523 2436 1573 et
2452 1518 2570 1574 sine
2595 1518 2855 1574 mercede
2871 1523 3142 1592 tanquam
3167 1537 3200 1574 a
3227 1521 3339 1576 Deo
3365 1521 3578 1578 datam.
3600 1525 3830 1581 Tamet-

2194 1611 2241 1666 si
2271 1612 2423 1667 enim
2446 1611 2553 1667 alia
2579 1613 2771 1668 omnia
2805 1613 3013 1670 habeat
3031 1614 3216 1683 utilia,
3245 1632 3372 1687 qua
3409 1617 3573 1688 prius
3600 1635 3636 1673 a
3663 1619 3830 1674 nobis

2194 1705 2343 1761 dicta
2367 1711 2516 1776 sunt,
2536 1706 2793 1778 pecuniis
2827 1712 3021 1764 autem
3049 1709 3136 1764 vel
3167 1709 3335 1764 rebus
3363 1710 3537 1766 etiam
3569 1711 3832 1770 videatur

467 1805 655 1860 curia.
688 1777 878 1876 Neque
927 1803 1100 1858 etiam
1141 1819 1210 1857 ex
1253 1777 1429 1858 idiota
1471 1807 1526 1858 et
1557 1803 1645 1858 his
1685 1805 1784 1876 qui
1823 1777 2170 1862 vocanturB
2194 1777 2584 1872 episcopatum
2600 1801 2826 1870 emisse,
2848 1800 2984 1856 sciat
2996 1819 3056 1858 se
3071 1808 3126 1858 et
3146 1802 3218 1858 ab
3237 1803 3358 1874 ipso
3377 1805 3720 1877 episcopatu
3733 1825 3826 1862 ca-

465 1885 591 1954 laici
617 1898 878 1967 existens,
905 1902 962 1952 et
985 1897 1064 1952 ita
1087 1913 1218 1952 mox
1247 1897 1320 1952 ad
1348 1897 1738 1970 episcopatum
1763 1899 2090 1969 ascendens,

465 1992 625 2064 quasi
673 1991 1070 2064 imaginariam
1116 1990 1381 2062 suscipiat
1403 1991 1860 2060 ordinationem,
1889 1999 1953 2048 ut
1992 1993 2092 2066 qui

463 2087 634 2142 modo
661 2085 891 2158 quidem
911 2085 1083 2140 idiota
1103 2085 1196 2155 sit,
1228 2101 1358 2139 mox
1383 2089 1576 2140 autem
1603 2087 1859 2157 clericus,
1890 2087 2092 2143 deinde

460 2197 635 2254 parvo
653 2180 963 2236 admodum
991 2185 1246 2250 tempore
1275 2179 1562 2250 praterito
1591 2180 1884 2252 episcopus
1911 2198 2088 2254 appa-

461 2278 603 2330 reat.
636 2277 704 2330 Et
731 2290 916 2346 neque
942 2273 1104 2328 uxori
1125 2273 1288 2328 alteri
1311 2273 1624 2344 c0pulatus,
1651 2274 1749 2328 sed
1776 2278 1875 2328 aut
1898 2275 1958 2329 in
1985 2275 2092 2330 vir»

464 2368 701 2440 ginitate
730 2368 942 2440 degens
969 2367 1331 2439 a'principio,
1375 2371 1473 2421 aut
1504 2383 1739 2422 uxorem
1769 2367 1981 2423 habens
2020 2386 2090 2426 ex

461 2461 786 2532 virginitate
829 2460 900 2515 ad
925 2477 1056 2514 eum
1083 2461 1428 2528 venientem,
1469 2465 1526 2514 et
1563 2477 1676 2514 non
1707 2461 1957 2529 viduam,
1984 2479 2086 2520 ne-

460 2571 572 2628 que
601 2555 914 2626 seiunctam
941 2571 975 2608 a
1002 2554 1143 2622 viro,
1172 2569 1358 2625 neque
1384 2553 1780 2624 concubinam,
1801 2571 1984 2628 neque
2018 2557 2086 2612 ti-

458 2649 564 2705 lios
589 2653 688 2703 aut
712 2652 948 2720 nepotes
976 2647 1209 2718 habens,
1247 2663 1430 2720 neque
1459 2647 1713 2720 cognitos
1738 2649 1872 2722 legi,
1902 2667 2088 2722 neque

457 2743 542 2798 illi
568 2741 819 2798 odibiles.
851 2742 1113 2813 Alioquin
1139 2741 1236 2813 qui
1264 2745 1472 2813 prater
1496 2741 1604 2796 hoc
1631 2743 1845 2816 aliquid
1869 2745 2009 2816 agit,
2031 2749 2088 2802 et

455 2837 578 2910 ipse
601 2837 760 2892 cadet
773 2835 1103 2900 sacerdotio,
1121 2841 1178 2890 et
1196 2835 1294 2908 qui
1319 2851 1455 2890 eum
1482 2831 1724 2906 ordinat,
1753 2843 1915 2892 extra
1941 2839 2085 2910 epis-

455 2936 722 3002 copatum
765 2931 952 3002 deget,
986 2930 1135 2985 hanc
1178 2930 1366 3001 legem
1404 2929 1716 2986 offendens.
1750 2931 1856 2986 Sed
1901 2949 2085 3004 neque

455 3024 714 3096 pecuniis
731 3023 862 3078 ullis
882 3039 1072 3078 emere
1090 3023 1464 3078 sacerdotium
1490 3023 1542 3078 ei
1567 3023 1970 3095 permittimus.
1990 3027 2086 3082 So-

455 3117 580 3174 lum
610 3133 744 3172 vero
771 3133 905 3172 eum
937 3116 1214 3188 respicere
1245 3117 1466 3172 Domini
1500 3119 1601 3172 Dei
1621 3119 1898 3173 culturam
1921 3121 2079 3176 volu-

452 3228 604 3282 mus,
621 3216 677 3266 et
687 3227 804 3266 non
820 3209 1080 3282 plurimis
1091 3211 1356 3266 humanis
1368 3211 1802 3282 cogitationibus
1817 3213 2078 3272 distrahi.

453 3307 561 3362 Sed
587 3321 770 3378 neque
812 3304 1126 3360 ineruditus
1155 3305 1400 3360 existens
1427 3321 1715 3361 sacrorum
1745 3307 2078 3380 dogmatum

449 3400 522 3456 ad
541 3400 928 3472 episcOpatum
948 3399 1193 3466 accedat,
1207 3399 1315 3454 nisi
1328 3399 1487 3471 prius
1499 3404 1599 3456 aut
1611 3402 1983 3458 monasticam
2004 3405 2082 3459 vi-

448 3499 570 3550 tam
587 3493 890 3566 professus,
905 3496 1004 3548 aut
1015 3493 1074 3547 in
1085 3493 1232 3548 clero
1245 3493 1584 3548 constitutus
1594 3510 1710 3550 non
1721 3495 1912 3551 minus
1925 3514 2080 3554 men-

449 3589 603 3644 sibus
630 3605 746 3657 sex,
776 3587 940 3642 uxori
967 3590 1158 3642 tamen
1184 3603 1299 3642 non
1325 3587 1634 3657 coharens,
1664 3595 1764 3644 aut
1788 3590 1952 3660 filios,
1981 3597 2080 3648 aut

448 3686 682 3754 nepotes
706 3679 938 3736 habens.
964 3681 1076 3735 Hoc
1092 3681 1248 3736 enim
1269 3682 1598 3738 omnimodo
1623 3682 1681 3738 in
1699 3685 1814 3738 Deo
1825 3685 2079 3740 amabili-

448 3774 556 3830 bus
571 3774 847 3846 episcopis
863 3774 1225 3845 requirimus,
1239 3775 1384 3830 sicut
1401 3775 1574 3831 etiam
1589 3777 1746 3848 prius
1755 3779 1924 3834 sacris
1941 3780 2078 3836 dua-

447 3866 556 3922 bus
594 3867 804 3922 nostris
845 3867 1340 3922 constitutionibus
1383 3869 1494 3924 hoc
1535 3871 1811 3926 sancitum
1839 3877 1942 3944 est,
1975 3891 2078 3944 per

447 3976 588 4034 quas
602 3959 823 4015 dudum
840 3961 1187 4016 cohaerentes
1208 3961 1481 4018 uxoribus
1493 3980 1606 4018 non
1625 3971 2072 4036 perscrutamur,

446 4069 616 4111 omne
631 4053 983 4126 prateritum
1001 4053 1410 4126 relinquentes,
1427 4057 1496 4112 de
1513 4062 1718 4113 caetero
1737 4063 1930 4116 autem
1941 4062 2071 4117 nul-

443 4148 485 4205 li
507 4147 902 4222 permittentes
929 4165 964 4202 a
988 4148 1272 4219 positione
1299 4149 1440 4222 legis
1473 4167 1716 4206 uxorem
1743 4153 1972 4210 habenti
1995 4159 2074 4211 ta-

2193 1909 2410 1961 surum,
2435 1897 2492 1948 et
2517 1894 2623 1949 hoc
2655 1911 2866 1951 munus
2897 1895 3314 1952 retributurum
3342 1898 3658 1969 ordinanti,
3689 1904 3754 1956 ut
3776 1907 3830 1956 et

2191 1987 2286 2044 ille
2313 1987 2704 2060 episcopatum
2727 1989 2968 2060 amittat,
2995 1994 3053 2045 et
3079 1989 3277 2046 aclero
3303 1991 3484 2060 cadat,
3509 1999 3569 2048 et
3595 1995 3828 2067 utrique

2191 2097 2356 2136 causa
2375 2081 2548 2137 talem
2571 2085 2803 2155 prastet
2825 2083 3282 2155 retributionem,
3298 2091 3364 2141 ut
3383 2091 3441 2142 et
3461 2086 3558 2142 hic
3585 2089 3828 2160 quidem

2190 2191 2304 2230 non
2331 2175 2677 2247 adipiscatur
2701 2193 2828 2249 qua
2863 2177 3145 2249 sperabat,
3163 2178 3260 2235 ille
3280 2183 3473 2236 autem
3493 2182 3681 2238 etiam
3699 2199 3827 2254 quae

2190 2269 2434 2325 habebat
2457 2269 2698 2327 amittat.
2715 2271 3095 2327 Nihilominus
3113 2272 3283 2328 etiam
3297 2273 3558 2345 pecuniis
3571 2291 3639 2331 ac
3658 2277 3831 2332 rebus

2190 2363 2336 2418 datis
2363 2365 2652 2420 occasione
2677 2365 3045 2422 ordinationis
3073 2367 3438 2424 sanctissima
3457 2370 3829 2442 assignandis

2189 2457 2456 2527 ecclesia,
2483 2459 2601 2514 sive
2627 2459 2926 2532 episcopus
2951 2460 3026 2515 sit
3039 2461 3342 2533 accipiens,
3370 2465 3428 2518 et
3453 2470 3773 2536 propterea
3797 2483 3831 2521 a

2187 2552 2492 2608 sacerdotio
2535 2553 2714 2623 cadat,
2753 2553 2868 2609 sive
2911 2553 3083 2610 etiam
3111 2555 3350 2627 quilibet
3397 2556 3550 2612 alius
3575 2559 3640 2613 in
3680 2559 3832 2615 clem

2187 2647 2664 2702 constitutorum:
2693 2663 2829 2702 nam
2855 2653 2912 2704 et
2936 2647 3020 2702 illi
3035 2649 3312 2721 aqualem
3339 2650 3832 2725 imponimuspte-

2185 2756 2340 2808 nam,
2367 2745 2432 2796 ut
2457 2740 2655 2796 ordine
2681 2757 2852 2812 quem
2875 2741 3026 2798 inter
3071 2743 3389 2800 sacerdotes
3427 2745 3708 2803 habuerit
3733 2765 3828 2803 οδε

2185 2833 2302 2902 dat,
2333 2839 2391 2889 et
2419 2833 2618 2890 reddat
2657 2851 2883 2906 aurum,
2913 2839 3014 2892 aut
3038 2853 3128 2892 res
3155 2853 3285 2910 qua
3310 2838 3700 2896 ordinationis
3731 2859 3826 2897 oc-

2184 2927 2405 2983 casione
2431 2928 2578 2983 data
2603 2935 2757 2999 sunt,
2783 2915 3057 3000 injuriam
3082 2947 3262 3002 passa
3299 2933 3608 3004 (quantum
3634 2935 3710 2990 ad
3733 2937 3825 3008 ip~

2183 3019 2331 3093 sum)
2357 3020 2628 3077 ecclesia.
2657 3021 2712 3078 Si
2735 3021 2863 3094 quis
2877 3029 3069 3078 autem
3087 3027 3492 3080 extraneorum
3513 3027 3612 3096 sit,
3635 3033 3697 3084 et
3707 3045 3824 3084 non

2184 3113 2245 3168 in
2269 3114 2418 3170 clero
2437 3114 2790 3184 constitutus,
2813 3116 2912 3188 qui
2931 3133 3136 3173 aurum
3148 3124 3245 3173 aut
3269 3135 3394 3174 rem
3419 3119 3682 3192 aliquam
3698 3140 3828 3194 pro-

2184 3213 2311 3280 pter
2333 3209 2707 3280 patrocinium
2732 3209 3100 3266 ordinationis
3127 3213 3362 3284 accepit,
3387 3219 3445 3269 et
3481 3216 3743 3272 maxime
3779 3217 3824 3272 si

2180 3302 2725 3359 administrationem
2775 3304 3029 3377 aliquam
3069 3309 3248 3378 gerat,
3289 3307 3527 3364 habebit
3550 3309 3679 3381 ipse
3707 3327 3823 3367 non

2179 3401 2401 3452 tantum
2426 3413 2461 3452 a
2483 3399 2597 3452 Deo
2635 3414 2882 3470 poenam,
2911 3405 2968 3454 et
3008 3400 3310 3456 succedent
3331 3401 3386 3456 ei
3409 3402 3482 3457 de
3510 3404 3658 3458 calo
3693 3422 3824 3478 sup-

2177 3489 2363 3562 plicia,
2391 3507 2589 3547 verum
2631 3492 2803 3548 etiam
2831 3491 2972 3548 illud
2997 3494 3149 3565 quod
3185 3493 3386 3550 datum
3425 3501 3532 3567 est,
3561 3498 3818 3554 ablatum

2177 3584 2248 3639 ab
2273 3601 2358 3652 eo,
2386 3585 2752 3641 sanctissima
2779 3587 3024 3642 ecclesia
3044 3587 3307 3644 omnibus
3325 3589 3610 3646 reddatur
3635 3593 3819 3648 modis

2177 3678 2236 3733 in
2263 3679 2521 3750 duplum.
2537 3681 2772 3752 Insuper
2783 3679 2974 3750 etiam,
2999 3681 3044 3736 si
3060 3697 3232 3754 quam
3252 3682 3818 3742 administrationem

2177 3771 2368 3840 habet,
2400 3788 2468 3828 ea
2509 3773 2690 3842 cadat,
2724 3777 2781 3829 et
2818 3779 3090 3846 perpetuo
3133 3775 3328 3831 exsilio
3371 3777 3815 3836 condemnetur.

2174 3866 2317 3921 Illud
2341 3883 2566 3939 quoque
2591 3867 2730 3922 sciat
2755 3874 2950 3940 aperte
2974 3869 3074 3941 qui
3098 3871 3354 3942 pecuniis
3370 3877 3474 3926 aut
3495 3873 3672 3930 rebus
3688 3875 3817 3930 aliis

2175 3959 2376 4018 emerit
2403 3962 2795 4032 prasulatum,
2818 3963 2950 4034 quia
2968 3963 3014 4018 si
3039 3963 3199 4035 prius
3223 3963 3500 4021 diaconus
3523 3973 3628 4023 aut
3649 3985 3814 4040 prcs—

2173 4053 2338 4126 byter
2359 4054 2451 4125 sit,
2473 4055 2676 4111 deinde
2709 4071 2816 4128 per
2831 4055 3167 4128 suffragium
3181 4059 3261 4114 ad
3293 4060 3678 4116 sacerdotium
3709 4079 3814 4118 ve-

2172 4148 2314 4220 niat,
2343 4165 2459 4204 non
2472 4149 2660 4204 solum
2680 4149 2842 4205 cadet
2859 4151 3208 4224 episcopatu,
3232 4153 3328 4209 sed
3348 4171 3454 4209 nec
3474 4155 3641 4226 prior
3651 4156 3701 4211 ei
3723 4173 3818 4212 ne-

441 4244 558 4301 lem
587 4243 808 4315 imponi
838 4241 1275 4298 ordinationem.
1296 4244 1476 4308 Quam
1501 4243 1690 4318 legem
1717 4245 1894 4302 etiam
1918 4265 2071 4304 nunc
2171 4242 2467 4316 linquetur
2499 4243 2638 4299 ordo
2675 4243 3010 4316 presbyterii
3037 4245 3291 4315 forsitan,
3321 4253 3424 4303 aut
3449 4248 3810 4305 diaconatus.

443 4353 802 4406 renovamus,
831 4352 904 4392 ne
919 4335 1066 4392 forte
1090 4337 1136 4391 si
1155 4342 1365 4408 prater
1384 4337 1488 4392 hoc
1515 4339 1732 4411 aliquid
1753 4340 1852 4396 fiat
1877 4345 1932 4396 et
1955 4341 2072 4414 ipse
2170 4337 2407 4394 Amittet
2424 4336 2636 4393 etenim
2649 4339 2820 4394 etiam
2839 4338 3000 4409 illud,
3017 4344 3074 4395 et
3087 4341 3247 4395 omni
3265 4343 3602 4400 sacerdotali
3619 4345 3816 4401 exclu.

442 4434 606 4489 cadat
623 4431 954 4499 sacerdotio,
971 4437 1028 4486 et
1043 4431 1400 4486 ordinantem
1413 4432 1680 4488 similiter
1691 4435 1914 4491 excludi
1932 4453 2068 4508 pro-
2171 4431 2338 4486 detur
2365 4431 2585 4502 ordine,
2611 4435 2808 4504 utpote
2843 4432 3103 4489 decentia
3121 4433 3353 4506 indigne
3373 4437 3809 4510 concupiscens.

441 4530 620 4584 curet.
643 4525 820 4598 [gitur
835 4525 1182 4580 ordinandus
1197 4525 1511 4598 episcopus,
1533 4530 1633 4582 aut
1659 4544 1728 4583 ex
1753 4529 2064 4598 monachis,
2085 4525 2147 4598 D
2170 4525 2406 4596 Oportet
2419 4531 2612 4582 autem
2638 4527 2697 4582 in
2711 4527 2834 4598 ipso
2853 4527 3227 4584 ordinationis
3250 4534 3514 4603 tempore
3541 4549 3671 4588 eum
3691 4535 3808 4605 qui

441 4626 542 4676 aut
562 4637 633 4676 ex
657 4619 872 4675 clericis
891 4619 983 4675 sit.
1001 4619 1183 4674 Etiam
1199 4619 1260 4674 in
1279 4620 1377 4692 huj
1387 4621 1609 4676 usmodi
1623 4621 1735 4678 vita
1752 4623 2066 4680 testimonii
2165 4619 2314 4675 hanc
2331 4619 2592 4692 imponit,
2613 4619 2725 4676 illic
2739 4637 2933 4676 coram
2947 4622 3105 4678 omni
3118 4622 3268 4679 ﬁdeli
3286 4625 3507 4698 populo
3521 4627 3808 4683 sanctissi-

437 4714 594 4785 boni,
625 4714 739 4769 vita
765 4713 968 4785 bonus,
999 4719 1056 4769 et
1073 4713 1366 4781 honestus,
1394 4719 1452 4770 et
1479 4715 1655 4788 gloria
1674 4715 1869 4772 fruens
1893 4717 2062 4788 bona,

437 4813 494 4867 et
523 4811 628 4866 hoc
670 4807 1105 4864 fundamentum
1130 4807 1497 4880 pontiﬁcatus
1522 4809 1812 4881 deponens
1857 4811 2064 4867 anima

439 4921 577 4962 sua.
592 4904 698 4961 Sed
709 4903 880 4960 etiam
895 4901 976 4956 sic
989 4917 1120 4958 eum
1135 4901 1503 4957 constitutum
1518 4907 1576 4958 et
1591 4903 1664 4958 ad
1675 4903 2064 4978 episcopatum

435 5003 818 5072 praparatum
860 5001 1184 5068 competens
1217 5000 1303 5050 est
1337 4996 1682 5052 venerabiles
1720 5001 1780 5053 et
1807 4999 2062 5072 undique

435 5092 698 5166 probatas
707 5092 896 5164 legere
916 5090 1144 5162 regulas
1157 5093 1288 5144 ante
1301 5089 1737 5162 ordinationem,
1757 5109 1896 5164 quas
1909 5097 2064 5150 recta

437 5193 494 5244 et
537 5185 806 5242 inviolata
852 5190 1043 5240 nostra
1079 5183 1324 5255 suscepit
1366 5183 1524 5253 ﬁdes,
1555 5189 1612 5240 et
1655 5185 1926 5242 catholica
1960 5187 2060 5244 Dei

433 5279 848 5353 apostolicaque
897 5277 1172 5350 disposuit
1196 5281 1254 5333 et
1279 5277 1516 5334 tradidit
1553 5279 1806 5334 ecclesia.
1835 5281 1905 5335 Et
1927 5297 2060 5337 cum

431 5372 719 5447 frequenti
743 5387 836 5427 eas
859 5371 1096 5428 lectione
1123 5371 1487 5444 percurrerit,
1511 5372 1611 5444 qui
1648 5373 1719 5428 ad
1745 5373 2055 5429 ordinatio-

430 5484 567 5524 nem
585 5466 902 5535 deducitur,
921 5469 1056 5520 tunc
1075 5465 1122 5518 is
1137 5464 1236 5537 qui
1250 5465 1667 5522 ordinationem
1687 5466 2058 5538 impositurus

431 5567 517 5620 est
534 5563 850 5632 interroget
860 5575 1014 5626 eum,
1042 5558 1088 5612 si
1119 5558 1403 5614 sufficiens
1423 5558 1495 5614 sit
1517 5559 1799 5616 custodire
1815 5566 1871 5615 et
1889 5577 2056 5634 agere

432 5672 561 5730 qua
603 5671 776 5710 sacra
799 5653 1016 5724 regula
1063 5651 1410 5720 sancierunt,
1437 5657 1491 5708 et
1533 5653 1814 5724 siquidem
1843 5655 1936 5710 ille
1965 5656 2058 5711 de-

433 5749 728 5804 claraverit
751 5752 808 5802 et
845 5744 1052 5800 dixerit
1088 5747 1372 5816 pracepta
1414 5760 1700 5800 sacrarum
1726 5749 2052 5820 regularum

433 5856 548 5898 non
579 5855 636 5896 se
665 5840 851 5895 valere
894 5853 1135 5907 servare,
1163 5836 1322 5892 nullo
1353 5837 1526 5892 modo
1549 5838 1601 5892 ei
1641 5840 2054 5900 ordinationem

2166 4730 2278 4770 ma
2291 4714 2540 4770 ecclesia
2555 4714 2675 4770 hac
2690 4715 2884 4770 omnia
2901 4716 3229 4788 pradicere,
3249 4723 3316 4774 ut
3325 4735 3645 4792 agnoscens
3661 4738 3808 4778 eum

2163 4809 2356 4864 omnia
2370 4825 2500 4880 qua
2518 4808 2676 4880 prius
2697 4826 2732 4864 a
2746 4808 2909 4864 nobis
2929 4810 3077 4866 dicta
3091 4817 3224 4868 sunt
3241 4796 3475 4882 habere,
3496 4815 3570 4870 ad
3583 4832 3808 4872 sacram

2163 4919 2297 4958 eum
2319 4901 2558 4958 deducat
2586 4903 3026 4974 ordinationem,
3054 4909 3116 4960 ut
3133 4905 3306 4961 etiam
3334 4906 3428 4962 ille
3453 4925 3651 4964 coram
3668 4927 3807 4965 om-

2160 4995 2332 5052 nibus
2357 4996 2479 5052 hac
2503 4996 2757 5064 audiens,
2787 5013 2903 5052 non
2933 4997 3120 5054 solum
3149 4998 3354 5055 habeat
3376 5000 3478 5056 Dei
3509 5002 3804 5071 timorem,

2161 5091 2260 5146 sed
2286 5091 2456 5146 etiam
2487 5107 2675 5147 coram
2700 5090 2966 5146 omnibus
2995 5092 3485 5150 denuntiationem
3511 5102 3572 5152 et
3587 5099 3810 5170 profes-

2161 5184 2382 5240 sionem
2425 5185 2737 5241 erubescat.
2785 5185 2842 5242 Si
2869 5185 2995 5257 quis
3028 5190 3220 5243 autem
3255 5188 3381 5244 talis
3409 5189 3647 5261 quidem
3671 5207 3808 5249 esse

2157 5282 2412 5350 putetur,
2449 5285 2506 5334 et
2548 5279 2620 5334 ad
2657 5279 3016 5352 episcopatus
3059 5281 3478 5340 ordinationem
3523 5289 3808 5347 transeat.

2157 5372 2505 5428 contradicat
2541 5377 2732 5428 autem
2767 5373 2996 5445 aliquis,
3037 5379 3207 5446 atque
3233 5375 3382 5432 dicat
3415 5378 3714 5435 conscium
3742 5399 3812 5437 se

2157 5483 2278 5523 esse
2306 5465 2544 5537 alicujus
2566 5466 2721 5539 quod
2759 5467 2953 5524 illicito
2988 5468 3300 5536 admiserit,
3333 5487 3450 5526 non
3483 5473 3644 5544 prius
3663 5489 3810 5530 me-

2157 5565 2345 5616 reatur
2367 5559 2726 5633 episcopatus
2770 5560 3211 5632 ordinationem,
3243 5579 3418 5635 quam
3443 5567 3812 5625 examinatio

2155 5654 2641 5726 querimoniarum
2667 5654 2784 5724 ﬁat,
2817 5661 2874 5712 et
2905 5663 3175 5728 appareat
3216 5658 3476 5731 undique
3500 5661 3812 5723 innoxius.

2153 5747 2312 5814 Quod
2345 5749 2391 5803 si
2421 5749 2594 5805 etiam
2618 5755 2744 5822 post
2768 5749 3096 5822 huiusmodi
3137 5752 3645 5812 contradictionem
3673 5773 3820 5816 non

2151 5857 2346 5918 passus
2371 5843 2422 5900 is
2445 5843 2544 5918 qui
2567 5843 2982 5901 ordinationem
3005 5845 3137 5902 facit
3164 5845 3483 5919 legitimam
3509 5850 3824 5916 examina,-
