4054 6186
220 268 328 323 933

1086 260 1451 323 JUSTINIANI
1490 264 1819 321 NOVELLE
1857 263 2192 321 SELEC'I‘A‘I.
2234 262 2541 319 NOVELLA
2578 254 2664 317 VI.

3490 256 3592 320 934

215 374 434 431 tionem
466 373 684 447 imponi
710 389 912 442 causae,
943 378 1134 430 currat
1158 376 1229 430 ad
1256 374 1700 444 ordinationem;
1718 374 1854 429 sciat
1873 385 1932 460 Α
1952 373 2086 445 rios,
2118 376 2217 429 aut
2242 388 2558 429 oeconomos
2583 384 2811 427 movere
2835 368 3018 439 liceat,
3041 369 3099 425 et
3122 366 3488 441 petitionibus
3515 369 3587 426 ad

209 470 368 541 quod
386 469 456 523 ab
476 486 543 525 eo
568 469 633 524 ﬁt
659 485 762 541 pro
790 468 970 523 nihilo
990 486 1128 524 esse.
1158 468 1264 526 Sed
1293 472 1351 525 et
1373 469 1421 523 is
1440 468 1538 541 qui
1560 472 1755 524 contra
1777 469 1853 524 1e-

214 580 349 635 gcm
365 563 518 633 facit,
544 563 702 618 cadet
721 562 1052 632 sacerdotio,
1076 568 1134 618 et
1151 562 1248 635 qui
1269 563 1388 618 sine
1404 563 1733 635 probatione
1751 564 1853 618 im-

208 658 377 729 ponit
403 658 836 723 ordinationem,
869 662 925 713 et
950 657 1069 728 ipse
1113 657 1348 729 quidem
1389 657 1652 713 similiter
1694 659 1853 714 cadet

211 752 347 807 sede
362 751 712 820 sacerdotali,
728 767 857 806 reus
870 755 1061 806 autem
1071 750 1178 805 erit
1194 752 1303 805 Deo
1319 751 1418 821 qui
1437 751 1693 806 omnium
1711 768 1849 823 pra-

209 845 380 917 cipue
389 845 598 916 quarit
612 860 845 900 suorum
860 844 1217 900 sacerdotum
1235 844 1628 915 puritatem.Si
1640 850 1850 900 tamem

209 939 262 993 is
282 938 381 1011 qui
406 938 747 994 ordinationi
772 937 1127 1007 contradicit,
1147 942 1245 992 aut
1271 938 1689 994 examinatione
1708 938 1853 994 facta

208 1033 486 1106 probetur
524 1032 915 1101 calumniator,
947 1036 1048 1087 aut
1073 1031 1131 1086 in
1163 1031 1286 1103 ipso
1330 1031 1634 1104 principio,
1665 1049 1850 1105 neque

207 1127 274 1183 in
323 1126 740 1182 examinatione
768 1125 1067 1197 persistere
1096 1124 1359 1194 conﬁdat,
1391 1130 1654 1199 segreget
1678 1127 1848 1181 istum

210 1222 273 1277 in
297 1225 639 1293 perpetuum
663 1237 699 1274 a
722 1236 880 1275 sacra
906 1220 1303 1276 communione
1340 1220 1388 1274 is
1414 1220 1512 1292 qui
1537 1220 1846 1276 ordinatio-

206 1314 539 1371 nemfacere
552 1314 762 1383 vult,ut
783 1330 898 1368 non
922 1314 1043 1385 ipsa
1064 1314 1270 1369 falsitas
1287 1313 1565 1385 impunita
1584 1313 1674 1367 sit.
1695 1313 1845 1369 Sicut

208 1408 368 1465 enim
388 1409 595 1464 bonam
625 1406 861 1480 gloriam
888 1407 948 1462 in
980 1424 1066 1475 eo,
1088 1407 1186 1479 qui
1207 1407 1549 1485 ordinandus
1580 1412 1665 1461 est
1689 1423 1844 1478 qua-

206 1502 413 1570 rimus,
429 1502 508 1557 ita
526 1501 694 1557 etiam
719 1500 1068 1556 calumniam
1100 1501 1159 1555 in
1179 1516 1246 1556 eo
1274 1500 1374 1572 qui
1391 1500 1600 1555 frustra
1618 1517 1843 1555 accusa-

204 1597 311 1665 vit,
335 1596 623 1667 punimus.
651 1594 707 1651 Si
735 1610 869 1651 vero
895 1611 1064 1650 nemo
1094 1593 1439 1650 accusaverit
1471 1593 1723 1664 omnino,
1750 1599 1849 1650 aut

204 1692 268 1746 in
309 1694 427 1745 toto
462 1689 802 1745 denuntians
846 1688 1331 1744 examinationem
1367 1704 1485 1743 non
1522 1688 1709 1753 faciat,
1748 1691 1847 1744 aut

1952 468 2257 540 imperium
2294 467 2519 523 directis
2556 466 2860 538 impetrare
2898 463 3231 520 desiderata.
3284 465 3620 536 Propterea.

1952 562 2251 632 sancimus,
2293 561 2339 616 si
2376 561 2605 633 quando
2658 564 2895 633 propter
2951 557 3383 614 ecclesiasticam
3431 574 3586 614 occa-

1951 656 2167 712 sionem
2197 656 2460 712 inciderit
2484 654 2803 724 necessitas,
2832 654 2976 708 hanc
3004 656 3103 707 aut
3127 668 3229 723 per
3254 669 3351 709 eos
3379 652 3477 725 qui
3502 670 3591 709 res

1949 756 2132 823 agunt
2185 767 2471 806 sacrarum
2531 748 2892 804 ecclesiarum
2916 789 2930 817 ,
2996 763 3139 818 quos
3195 747 3586 817 apocrisiarios

1948 850 2168 915 vocant,
2198 847 2297 900 aut
2324 861 2429 916 per
2452 843 2671 915 aliquos
2708 841 2943 897 clericos
2979 841 3091 896 huc
3129 840 3457 909 destinatos,
3490 846 3589 896 aut

1949 955 2268 995 aconomos
2308 956 2437 993 suos
2476 940 2673 992 notam
2709 936 2949 1008 imperio
2986 935 3169 990 facere
3194 976 3209 1001 ,
3249 938 3349 988 aut
3385 934 3588 989 nostris

1948 1031 2521 1098 administratoribus,
2540 1035 2605 1086 ut
2629 1030 2938 1101 impetrent
2962 1029 3113 1100 quod
3141 1033 3464 1099 competens
3483 1033 3585 1097 est,

1947 1143 2135 1199 neque
2156 1127 2263 1181 hoc
2289 1127 2401 1181 Deo
2421 1124 2756 1180 amabilibus
2785 1122 3060 1194 cpisc0pis
3083 1122 3288 1177 erroris
3315 1126 3371 1177 et
3392 1121 3586 1177 absen-

1948 1221 2064 1291 tia,
2105 1224 2162 1277 et
2211 1218 2577 1275 sanctissimis
2634 1217 2884 1272 ecclesiis
2940 1215 3182 1271 lasionis
3239 1216 3586 1272 occasionem

1946 1313 2090 1382 ﬁeri,
2113 1314 2301 1369 tamin
2326 1312 2618 1385 provincia
2644 1310 3026 1366 ecclesiasticis
3054 1310 3221 1365 rebus
3250 1326 3354 1381 per
3379 1309 3575 1365 absen-

1947 1408 2083 1463 tiam
2108 1424 2310 1463 eorum
2334 1406 2628 1478 neglectis,
2651 1421 2827 1477 quam
2852 1404 3024 1459 etiam
3045 1403 3138 1458 hic
3163 1403 3421 1475 expensis
3441 1404 3586 1460 mul-

1948 1502 2019 1556 tis
2056 1503 2127 1557 ab
2175 1502 2312 1573 ipsis
2359 1501 2521 1556 factis
2549 1542 2563 1568 ,
2624 1506 2895 1571 pratcrea
2950 1513 3188 1569 peregre
3241 1498 3586 1554 habitatione

1944 1612 2065 1652 non
2092 1595 2266 1651 habili
2290 1595 2611 1662 constituta,
2634 1599 2691 1649 et
2706 1592 2959 1664 undique
2986 1608 3154 1647 causa
3177 1592 3395 1646 nullum
3418 1593 3584 1663 juva-

1952 1705 2107 1759 men,
2147 1688 2330 1761 magis
2366 1692 2559 1743 autem
2596 1687 2883 1742 lasionem
2934 1684 3297 1740 sanctissimis
3346 1686 3588 1741 ecclesiis

200 1783 351 1840 facta
390 1783 807 1839 examinatione
844 1783 1236 1839 demonstrare
1271 1782 1438 1853 (sicut
1464 1781 1847 1854 pradiximus)
1873 1764 1928 1837 Β
1953 1783 2246 1840 inferente.
2278 1783 2401 1837 Non
2425 1786 2615 1837 autem
2643 1780 2807 1835 aliter
2831 1778 3081 1851 aliquem
3112 1780 3223 1834 Deo
3248 1779 3582 1835 amabilium

203 1890 326 1931 non
353 1873 592 1929 valuerit
615 1872 1028 1929 accusationem
1057 1888 1270 1942 veram,
1299 1876 1434 1927 tunc
1464 1877 1687 1943 oportet
1709 1888 1840 1927 eum

199 1968 309 2041 qui
332 1984 437 2040 per
464 1970 547 2022 tot
569 1968 687 2022 vias
711 1966 1066 2038 inculpabilis
1101 1965 1451 2038 apparuerit,
1480 1966 1744 2021 accedere
1772 1967 1841 2022 ad

198 2061 460 2117 futuram
497 2060 935 2117 ordinationem.
975 2060 1080 2125 Qui
1119 2059 1274 2115 enim
1311 2059 1390 2115 ita
1427 2058 1739 2127 ordinatur,
1773 2076 1840 2114 ex

199 2155 316 2211 hoc
340 2155 520 2211 multa
548 2159 605 2209 et
627 2154 862 2210 meliora
890 2154 1177 2226 cognoscit
1202 2157 1503 2225 pracepta,
1533 2170 1717 2225 neque
1744 2154 1842 2225 qui

197 2248 400 2305 taliter
411 2249 622 2318 animo,
642 2248 831 2318 verbo,
853 2248 1107 2319 corporis
1127 2247 1528 2303 exercitatione
1549 2252 1605 2303 et
1625 2248 1842 2320 sapien-

199 2342 287 2397 tia
323 2342 578 2398 eruditus
614 2345 726 2409 est,
766 2341 1018 2397 incurret
1052 2342 1113 2396 in
1150 2341 1324 2396 vitam
1359 2340 1841 2398 animadversione

199 2437 462 2509 dignam.
492 2437 559 2491 Et
575 2435 718 2491 illud
742 2435 913 2490 etiam
935 2434 1258 2505 deﬁnimus,
1277 2438 1345 2489 ut
1362 2451 1534 2491 nemo
1556 2436 1672 2491 Deo
1692 2452 1841 2490 ama-

196 2529 407 2586 bilium
434 2530 829 2601 episcoporum
863 2528 999 2583 foris
1036 2545 1069 2581 a
1119 2544 1220 2583 sua
1255 2528 1504 2598 ecclesia,
1537 2529 1838 2601 plusquam

194 2639 309 2696 per
335 2628 518 2678 totum
545 2639 780 2692 annum,
809 2622 1002 2677 abesse
1027 2621 1249 2689 audeat,
1269 2620 1377 2676 nisi
1401 2621 1507 2675 hoc
1526 2638 1631 2692 per
1655 2622 1837 2693 impe-

194 2716 403 2773 rialem
420 2716 519 2772 ﬁat
533 2716 878 2788 jussionem;
912 2718 1047 2770 tunc
1072 2715 1226 2769 enim
1244 2716 1432 2770 solum
1459 2714 1567 2770 erit
1586 2715 1835 2786 inculpa-

196 2809 338 2865 bile.
380 2812 447 2864 Et
484 2812 547 2864 ut
595 2809 957 2865 sacratissimi
1006 2808 1341 2879 patriarcha
1394 2808 1838 2880 uniuscujusque

197 2903 505 2959 diaceseos
558 2904 894 2975 compellant
930 2903 1045 2958 Deo
1081 2901 1350 2957 amabiles
1385 2902 1675 2974 episcopos
1726 2902 1840 2957 suis

196 2997 485 3054 inharere
516 2996 878 3052 sanctissimis
909 2996 1173 3067 ecclesiis,
1204 3001 1258 3052 et
1284 3012 1400 3052 non
1425 2996 1598 3069 longo
1639 2996 1840 3055 itinere

192 3092 469 3164 separari,
495 3107 680 3163 neque
710 3090 769 3145 in
802 3090 1119 3163 peregrinis
1151 3090 1433 3147 demorari
1463 3090 1625 3162 velle,
1656 3108 1838 3164 neque

191 3185 578 3241 sanctissimas
607 3184 866 3240 ecclesias
907 3184 1218 3258 negligere,
1260 3200 1446 3256 neque
1487 3201 1703 3240 annum
1742 3204 1835 3241 ex-

193 3279 418 3347 cedere,
441 3295 614 3351 quem
656 3283 713 3334 et
748 3278 938 3350 ipsum
964 3283 1200 3350 propter
1227 3278 1677 3335 misericordiam
1701 3297 1836 3336 con-

192 3372 510 3428 stituimus.
549 3373 605 3428 Si
646 3389 778 3428 vero
814 3373 964 3429 ultra
998 3389 1214 3428 annum
1251 3375 1541 3444 erraverit,
1583 3379 1638 3429 et
1673 3374 1835 3430 dere-

188 3465 446 3538 liquerit,
470 3482 657 3539 neque
691 3467 762 3522 ad
806 3466 1102 3538 proprium
1128 3467 1518 3540 episcopatum
1548 3483 1834 3523 remeave-

189 3559 293 3629 rit,
326 3576 514 3631 neque
542 3560 849 3632 imperialis
876 3560 1068 3631 aliqua
1092 3576 1221 3615 eum
1257 3559 1422 3632 (sicut
1452 3560 1835 3633 pradiximus)

189 3652 451 3708 detineat
492 3653 690 3725 jussio,
729 3658 866 3709 tunc
912 3653 1194 3725 siquidem
1239 3654 1311 3709 sit
1347 3655 1833 3727 metropolitanus,

191 3751 400 3801 contra
452 3746 878 3803 ecclesiasticam
933 3746 1355 3818 dispositionem
1402 3748 1696 3803 absentem
1744 3764 1833 3803 re-

192 3839 389 3912 gionis
409 3840 560 3896 illius
580 3841 899 3913 patriarcha
917 3844 1139 3895 revocet
1158 3842 1390 3913 quidem
1415 3858 1549 3897 eum
1567 3841 1836 3913 legitimis

188 3934 755 4007 proclamationibus,
787 3952 1017 3991 servans
1051 3934 1262 4008 ubique
1291 3952 1577 3991 sacrarum
1606 3936 1833 4008 regula-

190 4044 332 4084 rum
363 4029 831 4085 observationem.
864 4029 919 4087 Si
945 4046 1077 4085 vero
1113 4035 1339 4086 maneat
1373 4047 1478 4102 per
1516 4031 1709 4085 omnia
1744 4030 1832 4084 in-

190 4122 485 4190 obediens,
519 4124 831 4195 expellatur
856 4141 890 4179 a
918 4141 1076 4179 sacro
1119 4124 1511 4196 episcOporum
1553 4125 1746 4194 choro,
1779 4128 1836 4179 et

189 4216 377 4273 alium
432 4216 753 4272 introducat
805 4218 1130 4290 hujusmodi
1166 4224 1223 4273 et
1261 4218 1603 4288 reverentia,
1644 4225 1701 4273 et
1737 4235 1830 4275 ve-

188 4310 490 4379 recundia,
520 4316 576 4367 et
601 4311 896 4367 honestate
925 4313 1182 4385 dignum.
1213 4313 1268 4368 Si
1306 4329 1437 4368 vero
1474 4329 1592 4367 non
1630 4316 1835 4368 metro-

187 4405 477 4477 politanus
498 4447 513 4473 ,
540 4406 638 4461 sed
665 4405 906 4461 aliorum
932 4406 1324 4478 episcoporum
1352 4406 1556 4478 aliquis
1579 4407 1685 4473 sit,
1736 4407 1835 4478 qui

1860 3139 1915 3212 C

1943 1877 2342 1949 episcoporum
2367 1890 2733 1947 prasumere,
2758 1873 3004 1943 dirigere
3034 1889 3090 1927 se
3112 1872 3181 1927 ad
3208 1872 3353 1927 hanc
3382 1873 3582 1927 felicis-

1943 1971 2145 2026 simam
2169 1969 2474 2039 civitatem,
2504 1969 2835 2040 priusquam
2859 1965 3136 2038 siquidem
3165 1967 3460 2037 cpiscopus
3489 1968 3579 2035 sit,

1942 2064 2157 2120 litteras
2174 2063 2451 2136 acceperit
2469 2061 2686 2134 proprii
2706 2060 3128 2132 metropolitani
3153 2060 3225 2114 ad
3251 2060 3577 2131 imperium,

1940 2176 2068 2231 qua
2080 2158 2391 2214 secimdum
2412 2157 2627 2212 divinas
2647 2154 2873 2226 regulas
2891 2153 3364 2209 commendatitia
3379 2171 3581 2209 vocan-

1941 2257 2055 2324 tur,
2084 2251 2474 2308 testimonium
2517 2248 2879 2321 perhibentes
2913 2246 3259 2303 necessitatis
3285 2248 3405 2319 ejus
3432 2264 3581 2319 pra-

1940 2345 2155 2402 sentia.
2179 2346 2234 2402 Si
2251 2361 2383 2399 vero
2409 2342 2882 2414 metropolitanus
2901 2342 2994 2411 sit,
3019 2340 3116 2412 qui
3140 2341 3414 2412 proﬁcisci
3438 2341 3577 2410 vult,

1939 2440 2157 2496 litteras
2194 2442 2380 2495 sumat
2416 2437 2671 2509 ejusdem
2731 2435 3032 2491 diaceseos
3086 2435 3419 2506 patriarcha
3460 2436 3582 2507 ejus

1941 2533 2304 2606 prasentiam
2343 2531 2713 2588 necessariam
2751 2546 2868 2585 esse
2906 2528 3176 2599 dicentes,
3217 2534 3274 2585 et
3309 2529 3387 2584 sic
3424 2546 3585 2602 opor-

1940 2632 2059 2684 tere
2086 2627 2486 2699 imperatorem
2505 2625 2709 2697 jubere
2735 2624 2889 2679 hunc
2913 2623 3265 2694 prasentari,
3283 2627 3339 2677 et
3369 2641 3483 2679 non
3508 2630 3585 2680 te-

1939 2738 2095 2777 mere
2106 2737 2169 2775 ac
2181 2721 2301 2776 sine
2313 2718 2653 2795 conscientia
2666 2717 3228 2788 metropolitanorum
3237 2723 3336 2772 aut
3349 2718 3585 2789 patriar-

1941 2815 2181 2870 charum
2220 2813 2668 2887 proﬁciscantur,
2710 2814 3009 2882 propterea
3047 2811 3193 2881 quod
3236 2811 3342 2865 hoc
3380 2812 3584 2869 divinis

1940 2909 2305 2964 interdictum
2330 2911 2414 2963 est
2451 2906 2679 2978 regulis.
2723 2903 2879 2960 Unde
2918 2904 3030 2958 huc
3066 2904 3427 2961 advenientes
3467 2923 3581 2963 non

1939 3008 2294 3077 prasumant
2331 3018 2434 3074 per
2470 2999 2805 3070 semetipsos
2834 3014 2892 3053 se
2920 2998 3078 3070 prius
3113 3000 3483 3069 pronuntiare
3511 3003 3583 3058 ad

1939 3097 2266 3170 imperium,
2283 3096 2381 3152 sed
2401 3094 2666 3167 primitus
2684 3096 2784 3147 aut
2800 3092 2869 3147 ad
2892 3092 3004 3147 Deo
3025 3091 3330 3147 amabilem
3350 3095 3583 3165 patriar-

1939 3191 2104 3247 cham
2143 3190 2598 3263 proficiscantur,
2638 3191 2736 3241 aut
2771 3186 2840 3241 ad
2878 3185 3327 3258 uniuscujusque
3378 3188 3578 3244 diace-

1938 3303 2080 3355 seos,
2120 3302 2189 3341 ex
2227 3302 2338 3357 qua
2376 3288 2527 3352 sunt,
2567 3280 2976 3354 apocrisiarios,
3017 3285 3073 3335 et
3111 3297 3241 3335 cum
3279 3280 3414 3352 ipsis
3450 3299 3580 3338 con-

1937 3380 2120 3435 ferant
2143 3395 2357 3447 causas,
2384 3380 2617 3448 propter
2640 3392 2783 3447 quas
2807 3377 3104 3444 venerunt,
3129 3377 3186 3428 et
3223 3391 3354 3429 cum
3383 3375 3462 3431 eis
3489 3376 3576 3431 in-

1939 3472 2271 3546 grediantur
2298 3470 2369 3526 ad
2397 3469 2722 3541 imperium,
2755 3472 2813 3522 et
2836 3466 3099 3537 deinceps
3138 3466 3420 3538 imperiali
3443 3486 3575 3540 per-

1936 3567 2197 3622 fruantur
2232 3568 2483 3636 aspectu.
2543 3564 2666 3617 Mox
2729 3577 2900 3632 quam
2938 3560 3239 3631 imperanti
3276 3561 3575 3630 astiterint,

1936 3659 2101 3715 liceat
2135 3658 2368 3731 quidem
2404 3656 2727 3728 petentibus
2764 3654 3036 3727 episcOpis
3071 3659 3170 3709 aut
3204 3671 3306 3726 per
3341 3672 3440 3711 eos
3477 3658 3581 3729 qui

1935 3757 2206 3809 vocantur
2230 3749 2595 3807 referendarii
2628 3748 2996 3804 sanctissima
3034 3748 3264 3819 majoris
3302 3750 3571 3822 ecclesia,

1934 3851 2033 3902 aut
2068 3862 2171 3919 per
2208 3845 2501 3917 religiosos
2537 3842 2923 3915 apocrisiarios
2960 3842 3236 3914 cujusque
3274 3843 3573 3901 dioeceseos

1935 3940 2414 3996 sanctissimorum
2434 3937 2884 4010 patriarcharum
2906 3952 3212 4009 suggerere
3237 3954 3295 3993 se
3313 3938 3572 4011 imperio,

1936 4038 1994 4091 et
2021 4034 2339 4107 promereri
2367 4048 2710 4106 responsum
2738 4031 3015 4099 celeriter,
3048 4031 3130 4085 ita
3160 4034 3223 4086 ut
3242 4032 3289 4087 si
3314 4038 3414 4087 aut
3427 4033 3581 4104 justa

1933 4129 2003 4184 ab
2030 4128 2274 4201 imperio
2299 4126 2586 4199 petierint,
2615 4128 2738 4182 hac
2756 4125 3054 4197 accipiant,
3086 4129 3185 4179 aut
3212 4125 3258 4179 si
3288 4142 3399 4180 non
3420 4126 3574 4195 justa

1933 4226 2217 4295 quarunt,
2256 4221 2521 4277 velociter
2555 4225 2912 4275 revertantur
2955 4218 3106 4272 unde
3144 4218 3381 4288 profecti
3418 4225 3569 4274 sunt.

1934 4319 2060 4373 Hac
2083 4322 2273 4372 autem
2311 4317 2380 4371 de
2432 4317 2540 4369 Deo
2578 4313 2913 4367 amabilibus
2951 4311 3223 4382 episcopis
3261 4312 3572 4367 secundum

1935 4410 2151 4465 divinas
2192 4409 2594 4464 constituentes
2641 4406 2883 4478 regulas,
2926 4409 2983 4461 ct
3018 4404 3580 4476 religiososclericos

192 4498 492 4568 erraverit,
534 4499 657 4555 hac
692 4500 884 4555 omnia
920 4516 953 4554 a
991 4496 1430 4572 metropolitano
1466 4499 1622 4555 ﬁant.
1666 4500 1839 4554 Nemo
1862 4512 1919 4584 D
1942 4520 2073 4558 cum
2102 4504 2281 4558 multa
2299 4502 2425 4556 ﬁeri
2454 4499 2813 4571 inquisitione
2841 4498 3153 4553 secundum
3177 4498 3395 4555 divinas
3414 4517 3579 4573 regu-

193 4592 356 4648 enim
386 4610 585 4649 eorum
614 4594 784 4651 talem
812 4594 1078 4667 suscipiat
1116 4598 1476 4665 pratextum,
1509 4594 1555 4648 si
1591 4592 1841 4648 dixerint

190 4692 497 4759 propterea
533 4705 593 4751 se
628 4688 886 4760 preprias
923 4687 1313 4760 derelinquere
1353 4688 1643 4756 ecclesias,
1684 4687 1839 4759 quod

191 4779 389 4836 litium
416 4798 627 4849 causas,
645 4787 745 4837 aut
770 4782 1013 4837 aliarum
1033 4798 1225 4837 rerum
1247 4781 1625 4853 propriarum,
1654 4783 1751 4836 aut
1770 4781 1838 4835 ad

193 4890 392 4930 sacras
420 4876 680 4931 ecclesias
703 4876 1127 4948 respicientium
1155 4875 1634 4945 circumlustrant,
1664 4878 1721 4931 et
1750 4874 1841 4930 hic

194 4969 487 5025 constituti
534 4970 771 5040 harent,
813 4976 910 5025 aut
966 4970 1025 5025 in
1070 4970 1191 5025 aliis
1227 4969 1493 5025 aberrant
1530 4969 1686 5025 locis.
1730 4970 1840 5024 Hoc

192 5062 356 5119 enim
371 5079 485 5118 non
496 5063 670 5119 habet
683 5063 979 5120 decentem
997 5064 1277 5119 rationem
1288 5070 1372 5133 ,ut
1386 5080 1517 5118 cum
1530 5062 1843 5119 multitudi-

192 5173 273 5213 ne
294 5157 567 5213 famulicii
584 5158 737 5230 quod
755 5174 981 5214 necesse
1003 5162 1087 5213 est
1101 5158 1427 5229 episcopum
1447 5157 1654 5212 habere
1676 5156 1843 5228 proﬁ-

192 5251 499 5322 ciscantur,
532 5257 587 5308 et
616 5270 854 5325 peregre
877 5256 1139 5325 sumptus
1160 5251 1386 5321 faciant,
1409 5268 1540 5307 cum
1559 5267 1747 5322 neque
1765 5253 1843 5307 ul-

191 5346 324 5402 lum
366 5345 730 5401 sanctissimis
769 5344 1015 5402 ecclesiis
1052 5346 1277 5401 lucrum
1313 5345 1447 5401 inde
1487 5350 1542 5400 et
1572 5346 1842 5416 juvamen

192 5439 445 5506 accedat,
482 5456 665 5512 neque
717 5440 1048 5511 (secundum
1084 5440 1237 5512 quod
1275 5439 1435 5495 decet
1471 5439 1832 5507 sacerdotem)

193 5533 497 5606 proprium
510 5534 721 5591 habere
735 5534 950 5607 possint
962 5534 1220 5589 habitum
1229 5537 1305 5600 ,et
1318 5537 1384 5588 ut
1396 5533 1661 5588 maxima
1682 5549 1810 5604 qua
1819 5564 1839 5572 —

194 5628 330 5684 dam
388 5628 503 5683 sint
552 5628 681 5685 lites
717 5629 866 5685 forte
905 5628 1270 5684 sanctissimis
1306 5626 1574 5697 ecclesiis,
1614 5630 1846 5699 propter

193 5738 340 5794 quas
375 5723 520 5778 tales
556 5726 867 5795 pratextus
913 5722 1177 5792 atterunt,
1211 5721 1415 5777 rectius
1453 5737 1546 5775 eas
1582 5738 1685 5794 per
1722 5719 1844 5777 illos

195 5817 300 5893 qui
337 5816 444 5872 sub
474 5817 595 5891 ipso
622 5820 756 5872 sunt
797 5818 1085 5891 religiosos
1110 5818 1362 5888 clericos,
1402 5820 1502 5871 aut
1536 5816 1840 5890 apocrisia-

1939 4599 2041 4668 las,
2074 4602 2130 4652 et
2157 4596 2289 4652 boni
2318 4593 2626 4651 testimonii
2644 4592 2793 4648 viros
2823 4592 3068 4649 ordinari
3093 4592 3397 4665 sancimus,
3426 4595 3577 4651 litte-

1941 4709 2032 4748 ras
2060 4690 2292 4747 omnino
2322 4689 2581 4756 scientes,
2614 4691 2672 4744 et
2703 4686 2955 4743 eruditos
2978 4687 3312 4744 constitutos
3351 4688 3582 4752 (litteras

1942 4786 2091 4842 enim
2124 4785 2411 4857 igorantes
2436 4783 2672 4838 omnino
2697 4782 2985 4849 nolumus,
3011 4798 3195 4854 neque
3218 4799 3399 4838 unum
3426 4784 3578 4840 ordi-

1944 4897 2076 4936 nem
2113 4880 2397 4951 suscipere
2436 4876 2788 4948 clericorum,
2828 4876 3085 4932 videlicet
3121 4876 3580 4948 presbyterorum

1943 4979 2001 5030 et
2020 4974 2411 5043 diaconorum,
2429 4976 2546 5028 tam
2568 4988 2753 5027 sacras
2778 4970 3057 5026 orationes
3078 4969 3384 5026 dicentium
3407 4988 3580 5044 quam

1942 5068 2309 5124 ecclesiarum
2330 5071 2386 5122 et
2405 5083 2688 5123 canonum
2708 5063 3025 5137 legentium
3048 5063 3260 5136 libros),
3283 5070 3338 5121 et
3362 5067 3583 5124 ordina-

1942 5163 2157 5218 tionem
2186 5163 2308 5218 sine
2334 5161 2587 5234 querela,
2618 5165 2674 5215 et
2699 5157 3119 5229 inculpabilem,
3150 5164 3206 5214 et
3247 5158 3367 5216 sine
3393 5160 3583 5234 aliqua

1942 5256 2405 5323 contradictione,
2446 5260 2503 5311 et
2540 5254 2661 5309 sine
2701 5252 2929 5308 datione
2964 5253 3336 5324 pecuniarum
3364 5260 3462 5312 aut
3488 5271 3578 5312 res

1944 5368 2074 5406 rum
2093 5351 2477 5422 suscipientes.
2496 5349 2685 5420 Neque
2708 5351 2897 5402 autem
2920 5363 3017 5402 eos
3043 5348 3300 5404 volumus
3325 5350 3577 5419 omnino,

1946 5444 2043 5515 qui
2082 5443 2348 5498 officiales
2384 5446 2483 5496 aut
2519 5441 2756 5497 curiales
2795 5441 3080 5497 constituti
3116 5447 3267 5512 sunt,
3302 5444 3581 5513 suscipere

1944 5534 2383 5604 ordinationem,
2412 5534 2525 5590 nisi
2561 5536 2873 5591 secundum
2910 5535 3081 5609 leges,
3111 5552 3252 5608 quas
3291 5550 3462 5605 super
3491 5534 3580 5589 his

1945 5631 2204 5703 superius
2233 5629 2528 5701 posuimus
2558 5629 2801 5702 pridem,
2834 5647 2973 5703 quas
2998 5635 3054 5686 et
3079 5630 3171 5685 hic
3196 5644 3347 5684 nunc
3372 5627 3575 5684 contir-

1944 5741 2184 5781 mamus.
2220 5725 2286 5779 Et
2315 5723 2562 5797 episcopi
2587 5725 2911 5782 auctoritrte
2940 5723 3223 5778 ordinatos
3248 5739 3401 5778 sacra
3432 5740 3580 5795 pra-

1944 5823 2106 5892 cepta
2140 5819 2201 5875 in
2239 5821 2544 5893 conspectu
2582 5820 2755 5876 totius
2802 5815 2993 5889 populi
3033 5815 3315 5889 suscipere
3353 5821 3586 5891 propter
