4054 6186
459 257 562 308 935

1599 259 1852 316 SECULI
1891 259 2081 316 SEXTI
2119 261 2672 319 SUPPLEMENTUM.

3737 264 3844 317 936

461 363 684 459 easdem
723 377 946 459 causas,
987 367 1218 459 propter
1257 380 1396 459 quas
1435 365 1538 420 hoc
1577 365 1764 438 ipsum
1800 369 1896 440 agi
1932 371 2100 424 etiam
2121 387 2182 459 Α
2273 373 2340 426 Et
2377 371 2422 426 si
2459 371 2682 426 dicatur
2710 370 2820 426 tale
2843 370 3058 442 aliquid
3083 370 3154 426 de
3181 369 3370 442 aliqua
3395 385 3596 424 eorum
3621 385 3751 440 quas
3781 371 3844 424 in

461 473 632 528 supra
668 455 728 510 in
766 456 880 510 Deo
915 455 1254 512 amabilibus
1283 457 1556 530 episcopis
1587 461 1944 518 sancivimus.
1987 465 2096 519 Sed

461 571 646 628 neque
685 571 816 610 eum
863 555 960 626 qui
1007 557 1276 611 secundas
1305 557 1476 612 habet
1503 563 1601 613 aut
1636 561 1836 616 habuit
1869 563 2096 634 nuptias

465 649 713 704 ordinari
745 651 804 704 in
843 649 1142 704 diaconum
1191 657 1290 706 aut
1337 651 1726 724 presbyterum
1755 699 1769 724 ,
1809 673 1996 728 neque
2051 657 2096 711 si

461 741 690 795 mulieri
709 739 1086 810 conjungatur
1106 740 1372 810 sejunctas
1399 747 1454 795 et
1476 743 1772 814 pmprium
1793 745 1976 800 virum
1999 746 2092 800 de-

461 837 822 909 relinquenti,
845 853 1030 908 neque
1059 838 1104 892 si
1133 839 1506 894 concubinam
1533 841 1754 908 habeat,
1777 843 1874 897 sed
1899 844 2096 898 saltem

463 932 739 1003 ejusmodi
764 947 1000 986 uxorem
1031 948 1160 1003 quas
1184 949 1313 987 cum
1341 934 1592 989 castitate
1613 941 1670 989 et
1687 951 1754 990 ex
1775 935 2097 1008 virginitate

463 1025 553 1080 sit.
577 1026 722 1080 Nihil
753 1025 905 1079 enim
931 1025 1006 1079 sic
1027 1025 1084 1079 in
1111 1027 1280 1080 sacris
1303 1027 1754 1084 ordinationibus
1784 1029 2094 1100 diligimus,

462 1141 634 1197 quam
661 1141 792 1178 cum
821 1123 1071 1178 castitate
1099 1124 1369 1194 viventes,
1395 1131 1493 1180 aut
1519 1143 1650 1181 cum
1679 1127 1954 1182 uxoribus
1983 1145 2099 1183 non

461 1219 872 1286 cohabitantes,
889 1222 986 1272 aut
1003 1217 1172 1272 unius
1205 1219 1392 1272 uxoris
1408 1219 1614 1286 virum,
1643 1221 1742 1292 qui
1769 1221 1882 1276 sive
1905 1222 2096 1292 fuerit,

462 1316 577 1370 sive
615 1314 801 1368 adhuc
838 1313 926 1380 sit,
969 1316 1022 1365 et
1059 1312 1180 1383 ipse
1218 1313 1526 1368 castitatem
1563 1315 1756 1386 eligat,
1789 1316 2100 1370 secundum

462 1409 682 1464 divinas
707 1407 932 1478 regulas
967 1405 1218 1476 primum
1256 1407 1600 1478 principium
1639 1413 1696 1462 et
1737 1410 2100 1464 manifestum

463 1503 898 1558 fundamentum
919 1499 1157 1554 residuae
1175 1500 1400 1554 virtutis
1425 1501 1805 1558 constitutam.
1828 1503 1886 1558 Si
1911 1507 2100 1558 autem

466 1601 522 1652 et
547 1595 748 1666 aliquis
773 1595 1088 1666 presbyter,
1131 1597 1230 1648 aut
1269 1593 1558 1664 diaconus,
1587 1599 1686 1650 aut
1723 1596 2102 1651 subdiaconus

467 1693 658 1761 postea
678 1689 844 1742 ducat
861 1703 1094 1742 uxorem
1121 1689 1221 1740 aut
1243 1687 1637 1758 concubinam,
1661 1693 1758 1744 aut
1777 1691 1981 1760 palam,
2005 1695 2104 1744 aut

2201 465 2648 520 diaconissarum
2679 464 3096 522 ordinationem
3123 463 3348 536 ingredi
3385 463 3524 528 vult,
3555 464 3708 535 quod
3737 463 3840 518 ali-

2195 560 2286 614 cui
2314 559 2616 615 adhzeserit
2640 559 2744 614 sub
2771 559 3027 631 imagine
3057 558 3286 630 quidem
3311 557 3479 613 bonae
3507 557 3836 628 appellatio-

2193 654 2302 720 nis,
2338 671 2468 708 cum
2499 654 2748 724 maligna
2771 671 2905 708 vero
2935 653 3270 724 suspicione,
3311 670 3428 706 non
3465 657 3692 723 oportet
3729 653 3834 706 hu-

2190 747 2444 817 jusmodi
2471 748 2770 803 mulierem
2795 747 3028 819 perduci
3069 747 3300 801 omnino
3327 747 3400 800 ad
3427 746 3834 800 ordinationem

2196 841 2488 895 diaconiae.
2513 842 2652 895 Nam
2681 846 2738 896 et
2761 841 2806 895 si
2831 841 3144 910 ordinetur,
3171 845 3228 894 et
3256 840 3366 894 tale
3389 839 3608 910 aliquid
3639 839 3834 910 egerit,

2197 941 2255 990 et
2263 935 2556 989 cohaeserit
2567 935 2732 989 alicui
2743 951 2810 989 cu
2819 952 2874 989 m
2885 935 3154 1006 praedicto
3167 933 3398 988 nomine
3407 937 3524 1001 ,aut
3536 933 3834 998 schemate,

2197 1032 2360 1086 cadat
2394 1030 2623 1102 quidem
2651 1029 2772 1100 ipsa
2805 1047 2838 1083 a
2865 1027 3145 1094 diaconia,
3179 1031 3234 1082 et
3259 1033 3378 1082 tam
3403 1027 3524 1098 ipsa
3550 1043 3730 1098 quam
3755 1026 3838 1080 ille

2197 1125 2436 1197 subjecti
2465 1129 2632 1180 erunt
2655 1124 2786 1178 huic
2815 1123 2947 1194 legi,
2985 1126 3043 1176 et
3065 1121 3296 1192 reliquis
3325 1137 3454 1192 quae
3483 1125 3840 1192 corruptores

2198 1219 2465 1292 puniunt.
2495 1218 2726 1289 Oportet
2753 1218 2908 1271 enim
2937 1231 3137 1270 omnes
3165 1231 3292 1286 quae
3317 1215 3656 1270 ordinantur
3675 1230 3840 1269 vene-

2199 1313 2406 1368 rabiles
2443 1312 2780 1366 diaconissas
2819 1313 3078 1382 tempore
3117 1309 3488 1364 ordinationis
3515 1309 3690 1364 etiam
3719 1324 3845 1362 mo-

2199 1407 2344 1477 neri,
2373 1411 2428 1461 et
2453 1421 2643 1460 coram
2670 1404 2902 1476 reliquis
2927 1421 3054 1476 quae
3082 1404 3298 1458 dudum
3329 1407 3464 1458 sunt
3491 1402 3844 1458 venerabiles

2201 1501 2530 1556 diaconissas
2565 1515 2852 1554 sacrorum
2877 1499 3072 1554 audire
3097 1498 3498 1552 mandatorum
3537 1501 3844 1568 praecepta,

2199 1599 2266 1650 ut
2293 1599 2348 1650 et
2373 1595 2508 1665 ipsae.
2538 1594 2638 1648 Dei
2669 1593 2934 1648 timorem
2971 1592 3224 1646 habeant
3251 1595 3308 1646 et
3335 1591 3730 1646 adhaerentem
3759 1607 3842 1644 sa-

2205 1689 2314 1744 cris
2341 1687 2620 1743 mandatis
2643 1686 2930 1754 fiduciam,
2961 1686 3200 1742 timeant
3243 1689 3434 1740 autem
3462 1690 3520 1740 et
3547 1683 3840 1750 confundi,

467 1784 700 1849 occulte,
733 1798 887 1836 sacro
917 1779 1104 1834 statim
1133 1781 1294 1835 cadat
1320 1781 1540 1850 ordine,
1570 1787 1625 1837 et
1653 1783 1914 1854 deinceps
1935 1769 2178 1840 idiotaB
2203 1787 2258 1838 et
2299 1799 2455 1836 sacro
2499 1782 2694 1836 cadere
2741 1781 2938 1836 ordine
2971 1797 2984 1835 :
3019 1780 3242 1835 scituris
3277 1779 3430 1852 quod
3471 1779 3516 1832 si
3561 1795 3841 1849 prmsum-

465 1877 556 1932 sit.
591 1875 746 1940 Quod
779 1874 824 1927 si
855 1877 910 1928 et
934 1874 1110 1928 lector
1139 1875 1446 1928 secundam
1473 1876 1644 1930 ducat
1673 1893 1907 1930 uxorem
1937 1878 2103 1931 certis

465 1971 534 2026 de
565 1970 745 2025 causis
771 1973 826 2022 et
855 1985 922 2022 ex
957 1967 1306 2022 irrecusabili
1335 1969 1576 2039 quadam
1621 1971 1970 2038 necessitate,
1999 1987 2100 2025 ne—

463 2081 574 2137 que
601 2063 834 2118 omnino
859 2061 928 2116 ad
953 2061 1204 2116 altiorem
1233 2063 1461 2118 accedat
1491 2063 1749 2134 gradum,
1765 2081 1949 2135 neque
1969 2081 2100 2136 per-

463 2160 687 2214 fruatur
713 2157 892 2228 gradu
935 2155 1144 2226 majore
1185 2155 1242 2210 in
1283 2157 1615 2222 sacerdotio,
1655 2159 1755 2212 sed
1783 2165 2010 2213 maneat
2045 2159 2104 2213 in

463 2253 663 2308 eodem
685 2251 864 2321 gradu
893 2253 1185 2320 perpetuo.
1217 2249 1323 2304 Sed
1355 2266 1468 2303 non
1495 2255 1551 2304 et
1588 2251 1660 2304 ad
1691 2252 1880 2306 tertias
1921 2252 2104 2306 veniat

467 2346 710 2416 nuptias,
743 2344 872 2398 satis
901 2348 983 2397 est
1009 2343 1163 2397 enim
1203 2344 1250 2397 si
1289 2343 1360 2397 ad
1399 2343 1624 2415 nuptias
1653 2345 1856 2400 veniat.
1887 2346 1944 2400 Si
1971 2362 2102 2400 vero

464 2439 674 2510 aliquid
702 2438 811 2492 tale
843 2436 1042 2508 egerit,
1085 2440 1140 2490 et
1178 2438 1248 2491 ad
1287 2437 1563 2492 secundas
1599 2439 1830 2494 veniens
1855 2441 2099 2511 nuptias,

463 2533 532 2588 ad
563 2533 834 2602 majorem
865 2531 1102 2601 gradum
1127 2531 1319 2584 venire
1345 2531 1712 2600 festinaverit,
1737 2533 1940 2588 exinde
1959 2533 2100 2588 idio-

463 2631 520 2682 ta
557 2625 681 2692 erit,
721 2629 778 2678 et
813 2623 1018 2694 laicus,
1057 2623 1286 2678 omnino
1327 2641 1484 2678 sacro
1523 2625 1836 2680 ministerio
1875 2627 2098 2681 cadens.

463 2720 670 2775 Pudice
697 2719 850 2772 enim
887 2734 989 2772 nos
1027 2735 1133 2788 per
1169 2719 1360 2772 omnia
1400 2718 1560 2773 decet
1597 2719 1804 2774 vivere.
1855 2721 1910 2776 Si
1951 2721 2102 2774 enim

463 2815 608 2870 tales
625 2811 910 2868 constituti
933 2811 992 2866 hi
1013 2812 1108 2883 qui
1127 2811 1184 2866 in
1203 2813 1350 2866 clero
1369 2813 1727 2870 adducuntur
1745 2815 2098 2884 ordinentur,

463 2907 638 2962 facilis
663 2907 744 2961 eis
769 2905 840 2958 ad
873 2905 1259 2977 episcopatum
1289 2923 1552 2961 ascensus
1584 2909 1708 2976 erit,
1733 2913 1787 2962 et
1819 2925 1884 2962 ex
1910 2909 2103 2962 multis

461 3001 625 3058 bonis
651 3001 783 3054 viris
812 2999 1028 3052 facilius
1061 2999 1425 3054 invenientur
1450 3001 1548 3072 qui
1568 3001 1726 3070 digni
1753 3002 2104 3056 adducantur

463 3095 536 3148 ad
563 3093 814 3164 primum
844 3092 1082 3163 gradum
1119 3093 1433 3148 sacerdotii.
1465 3094 1688 3158 Quanta.
1727 3094 1902 3166 igitur
1930 3112 2100 3166 super

470 3147 490 3148 η
565 3147 589 3164 ε
844 3147 876 3163 υ
1424 3147 1431 3148 ,
1932 3147 2090 3166 ηπ--

464 3186 810 3242 venerabiles
858 3185 1091 3240 clericos
1127 3201 1160 3238 a
1197 3186 1360 3239 nobis
1391 3185 1538 3242 dicta
1577 3193 1726 3258 sunt,
1768 3189 1890 3243 haec
1929 3189 2098 3244 etiam
2121 3147 2174 3220 Ο

465 3297 638 3352 super
661 3282 776 3335 Deo
809 3279 1140 3334 amabilibus
1180 3279 1503 3334 diaconissis
1541 3281 1782 3352 intelligi
1815 3283 2096 3346 volumus,

463 3381 528 3432 ut
542 3391 726 3446 neque
743 3375 878 3444 ipsa}
899 3373 1038 3428 citra
1057 3373 1502 3428 observationem
1523 3375 1678 3429 (iant.
1704 3376 1812 3430 Sed
1843 3377 2096 3448 primum

461 3471 694 3544 quidem
719 3468 800 3524 eis
825 3472 1068 3538 aetatem,
1097 3484 1280 3540 neque
1307 3469 1582 3522 novellam
1607 3486 1746 3538 esse,
1769 3487 1952 3542 neque
1985 3487 2100 3525 cre-

465 3569 737 3632 scentem,
763 3581 834 3618 ne
859 3563 964 3617 hac
991 3563 1282 3618 occasione
1304 3563 1752 3634 delinquendum
1783 3565 2095 3634 prosiliant,

463 3661 562 3716 sed
587 3675 757 3729 super
778 3657 1024 3712 mediam
1047 3657 1380 3712 constitutas
1410 3663 1654 3728 aetatem,
1681 3663 1736 3714 et
1759 3659 1905 3712 circa
1928 3659 2095 3730 quin-

462 3753 738 3825 quaginta
767 3767 944 3805 annos
981 3751 1292 3805 secundum
1331 3751 1544 3805 divinas
1583 3753 1810 3822 regulas
1847 3757 2095 3824 agentes.

465 3846 664 3916 Sicque
691 3861 905 3899 sacram
941 3845 1258 3915 promereri
1285 3844 1700 3900 ordinationem
1729 3849 1828 3900 aut
1853 3846 2098 3918 virgines

465 3939 812 4006 constitutas,
851 3941 950 3990 aut
985 3954 1112 4008 quze
1145 3937 1309 3992 unius
1335 3939 1440 3992 viri
1469 3939 1694 3994 fuerant
1727 3957 1951 3995 uxores.
1980 3943 2100 3995 Non

467 4033 620 4088 enim
655 4030 1038 4103 permittimus
1063 4047 1272 4102 .neque
1319 4033 1594 4087 secundas
1643 4035 2101 4089 contrahentibus

465 4127 712 4199 nuptias,
751 4141 938 4197 neque
973 4124 1148 4179 vitam
1185 4141 1298 4179 non
1339 4125 1676 4181 habentibus
1718 4131 1796 4192 (ut
1833 4128 2098 4200 diximus)

463 4219 1038 4293 irreprehensibilem,
1080 4218 1351 4290 omnique
1399 4219 1714 4291 suspicione
1751 4221 1991 4276 liberam
2028 4222 2100 4276 ad

459 4331 682 4372 sacrum
721 4314 910 4369 venire
946 4313 1302 4384 mysterium,
1345 4316 1400 4367 et
1437 4313 1739 4370 aderandis
1777 4315 2099 4372 ministrare

461 4409 914 4483 baptismatibus,
947 4411 1004 4462 et
1031 4407 1156 4462 aliis
1185 4407 1374 4463 adesse
1413 4409 1638 4464 secretis
1667 4425 1794 4481 quae
1833 4409 1890 4464 in
1927 4427 2097 4465 vene-

2201 1876 2436 1948 pserint,
2467 1881 2566 1930 aut
2587 1876 2982 1930 erubescentes
3011 1874 3440 1940 ordinationem,
3473 1877 3574 1926 aut
3597 1872 3840 1927 derelin-

2203 1975 2442 2042 quentes
2467 1985 2692 2023 sacrum
2719 1968 3118 2038 ministerium,
3150 1968 3222 2022 ad
3249 1967 3476 2039 nuptias
3499 1967 3720 2034 venire,
3747 1971 3842 2020 aut

2203 2065 2374 2118 aliam
2401 2065 2634 2118 omnino
2659 2063 2831 2118 vitam
2862 2061 3160 2134 elegerint,
3193 2061 3332 2132 ipsae
3357 2060 3594 2132 quidem
3619 2059 3838 2130 obliga-

2203 2162 2274 2212 tas
2301 2157 2626 2213 efﬁciuntur
2654 2156 2846 2226 morti,
2879 2161 2934 2212 et
2961 2155 3270 2210 substantia
3295 2171 3492 2209 earum
3533 2153 3840 2225 applicabi-

2203 2257 2298 2306 tur
2345 2251 2712 2306 sanctissimis
2759 2249 3022 2319 ecclesiis,
3061 2255 3160 2304 aut
3197 2247 3558 2304 monasteriis
3611 2247 3673 2301 in
3719 2247 3838 2318 qui-

2202 2345 2307 2400 bus
2333 2350 2484 2399 sunt.
2517 2344 2622 2408 Qui
2651 2359 2782 2398 vero
2817 2359 2908 2398 eas
2945 2347 3043 2398 aut
3089 2343 3150 2396 in
3201 2359 3400 2396 uxores
3441 2339 3724 2412 accipere,
3751 2345 3842 2394 aut

2203 2455 2566 2509 corrumpere
2593 2436 3082 2509 praesumpserint,
3115 2435 3342 2492 obnoxii
3368 2436 3604 2507 quidem
3641 2441 3698 2488 et
3741 2434 3840 2505 ipsi

2205 2533 2390 2604 gladio
2417 2535 2602 2598 erunt,
2631 2531 2942 2586 substantia
2988 2535 3176 2584 autem
3223 2545 3418 2584 eorum
3473 2529 3842 2599 applicabitur

2203 2626 2356 2680 fisco.
2391 2626 2448 2680 Si
2479 2625 2630 2679 enim
2659 2625 2716 2678 in
2743 2624 2988 2696 antiquis
3007 2623 3228 2694 legibus
3245 2622 3566 2694 virginibus
3583 2621 3698 2674 illis
3717 2637 3836 2692 quae

2203 2721 2262 2774 in
2307 2737 2506 2774 eorum
2551 2735 2804 2773 errorem
2843 2718 3184 2772 vocabantur
3233 2717 3430 2771 mortis
3477 2715 3836 2770 incumbebat

2201 2814 2540 2884 periculum,
2573 2813 2852 2883 corruptis
2871 2811 3157 2884 quomodo
3185 2828 3298 2866 non
3325 2811 3507 2882 magis
3535 2827 3642 2864 nos
3673 2809 3732 2864 in
3761 2809 3842 2862 his

2202 2925 2330 2980 qua:
2348 2925 2378 2962 a
2401 2910 2512 2964 Deo
2539 2907 2928 2979 glorificantur
2949 2907 3098 2961 idem
3128 2905 3450 2972 deﬁnimus,
3483 2903 3838 2975 pudicitiam,

2203 3019 2330 3074 quae
2360 3018 2531 3072 quam
2561 3000 2808 3056 maxime
2837 2999 3101 3060 mulieres
3127 3003 3382 3068 exornat,
3407 2997 3734 3052 conservari
3753 3013 3840 3050 vc-

2201 3096 2400 3166 lentes,
2441 3112 2570 3150 cum
2607 3094 2904 3150 conveniat
2943 3093 3352 3148 venerabilibus
3395 3091 3748 3160 diaconissis,
3793 3097 3842 3142 ut

2199 3195 2256 3244 et
2279 3189 2430 3260 quod
2461 3194 2722 3244 naturam
2751 3189 2910 3243 decet
2947 3187 3282 3252 custodiant,
3315 3189 3370 3240 et
3407 3185 3562 3256 quod
3603 3185 3844 3238 debetur

2198 3283 2508 3338 sacerdotio
2543 3287 2896 3338 conservent.
2911 3281 3230 3336 Secundum
3253 3279 3362 3334 hoc
3387 3285 3582 3333 autem
3603 3283 3660 3332 et
3679 3278 3844 3332 semel

2197 3378 2370 3433 factos
2403 3378 2669 3432 diaconos
2693 3381 2791 3430 aut
2815 3375 3171 3448 presbyteros
3203 3373 3362 3428 nullo
3397 3373 3570 3426 modo
3601 3372 3842 3426 derelin-

2199 3488 2372 3544 quere
2393 3471 2791 3526 sacerdotium.
2820 3469 2980 3533 Quod
3011 3485 3125 3522 non
3151 3467 3334 3521 solum
3357 3466 3414 3520 in
3435 3465 3768 3538 presbytero
3793 3473 3844 3520 et

2199 3566 2432 3620 diacono
2484 3564 2795 3632 sancimus,
2836 3562 2932 3617 sed
2983 3563 3152 3616 etiam
3191 3562 3239 3614 si
3291 3560 3708 3624 subdiaconus,
3755 3563 3846 3614 aut

2198 3661 2342 3714 forte
2367 3660 2541 3714 lector
2561 3658 2656 3713 fiat
2681 3657 2904 3728 aliquis,
2923 3673 3110 3727 neque
3132 3655 3284 3710 hunc
3311 3653 3634 3725 relinquere
3657 3655 3842 3726 pristio

2198 3769 2338 3809 num
2363 3753 2609 3818 schema,
2641 3755 2698 3806 et
2729 3751 2798 3806 ad
2831 3751 3068 3804 alteram
3099 3749 3344 3820 migrare
3375 3747 3548 3803 vitam
3591 3766 3604 3801 :
3643 3747 3780 3818 quia
3803 3747 3844 3800 si

2198 3849 2307 3902 tale
2327 3847 2542 3918 aliquid
2573 3845 2772 3918 egerit,
2803 3845 3112 3900 secundum
3143 3843 3294 3916 quod
3319 3860 3352 3896 a
3377 3841 3539 3897 nobis
3565 3841 3694 3912 jam
3723 3858 3842 3895 san-

2201 3941 2376 3996 citum
2403 3945 2507 4010 est,
2537 3945 2635 3994 aut
2661 3939 2720 3992 in
2749 3939 2962 3992 curiam
2987 3955 3120 3992 cum
3151 3937 3482 4002 substantia,
3515 3941 3616 3989 aut
3635 3935 3744 3988 sub
3773 3936 3848 3988 in.

2200 4035 2328 4106 opia
2353 4035 2564 4106 degens
2587 4033 2660 4088 ad
2689 4032 2988 4087 ofﬁcialem
3025 4032 3340 4102 deponetur
3375 4030 3692 4084 fortunam.
3735 4029 3846 4083 Sed

2201 4145 2386 4201 neque
2411 4128 2617 4182 effusas
2643 4127 2914 4199 competit
2949 4125 3072 4182 ﬁeri
3103 4125 3172 4181 de
3197 4129 3400 4179 caetero
3445 4123 3848 4178 reverendissi-

2201 4239 2428 4278 morum
2450 4222 2786 4276 clericorum
2803 4220 3198 4276 ordinationes.
3223 4218 3382 4282 Quod
3399 4218 3556 4272 enim
3577 4217 3850 4272 hactenus

2203 4321 2424 4388 gestum
2457 4321 2562 4387 est,
2595 4317 2726 4370 licet
2754 4315 2964 4386 corrigi
2989 4317 3293 4385 oporteret,
3327 4316 3576 4366 attamen
3617 4315 3852 4382 propter

2201 4415 2428 4482 tempus
2470 4410 2728 4464 sinimus.
2769 4410 2844 4464 De
2879 4412 3084 4463 caetero
3121 4411 3310 4462 autem
3339 4421 3452 4459 non
3481 4411 3722 4476 propter
3749 4404 3853 4460 hoc

463 4504 736 4560 rabilibus
783 4501 1109 4557 ministeriis
1147 4519 1250 4572 per
1287 4518 1378 4556 eas
1417 4502 1520 4557 rite
1569 4509 1836 4574 aguntur.
1877 4504 1934 4559 Si
1971 4505 2346 4590 veroDtieri,
2369 4521 2554 4576 neque
2573 4504 2642 4558 ad
2661 4504 2934 4558 damnum
2964 4500 3443 4556 sanctissimamm
3477 4499 3848 4554 ecclesiarum

463 4597 724 4670 quaedam
781 4597 1082 4652 necessitas
1119 4596 1236 4666 liat,
1280 4601 1336 4650 et
1371 4596 1650 4651 minorem
1688 4599 1757 4652 ab
1797 4599 1899 4652 hac
1938 4603 2102 4654 astate

465 4709 642 4765 quam
668 4691 912 4746 diximus
933 4691 1180 4746 ordinari
1203 4691 1572 4746 diaconissam
1603 4693 1925 4764 contigerit,
1943 4693 2106 4748 liceat

466 4803 590 4842 eam
627 4787 684 4840 in
713 4787 900 4858 aliquo
927 4785 1334 4839 venerabilium
1371 4785 1772 4840 asceteriorum
1812 4787 2102 4856 destinari,

463 4882 525 4936 in
555 4897 668 4953 quo
693 4880 948 4935 habitare
975 4879 1148 4950 possit
1175 4895 1536 4950 nequaquam
1566 4879 1804 4934 admista
1828 4880 1982 4950 viris,
2001 4897 2102 4935 ne-

466 4992 578 5046 que
606 4991 706 5030 suo
733 4975 990 5028 habitans
1015 4973 1270 5043 arbitrio,
1297 4973 1391 5028 sed
1421 4974 1550 5027 vitae
1588 4980 1856 5045 separatte
1901 4981 1956 5029 et
1981 4991 2104 5029 mo-

469 5069 660 5123 destia:
680 5087 712 5122 a
730 5069 1086 5124 convenienti
1107 5067 1470 5123 multitudine
1487 5067 1598 5122 bon
1606 5085 1700 5122 um
1720 5069 2106 5124 testimonium

469 5161 701 5216 habens.
733 5162 1000 5218 Volumus
1037 5169 1227 5218 autem
1253 5165 1309 5216 et
1333 5161 1478 5233 ipsas
1521 5177 1648 5233 quae
1686 5161 1758 5216 ad
1796 5163 2103 5218 ordinatio-

469 5273 604 5312 nem
633 5256 1022 5326 perducuntur
1046 5257 1404 5326 diaconissas,
1433 5256 1546 5310 sive
1575 5273 1644 5310 ex
1671 5257 1960 5324 viduitate,
1993 5257 2106 5312 sive

469 5367 540 5406 ex
565 5347 908 5420 virginitate,
937 5365 1050 5404 non
1077 5367 1206 5404 cum
1235 5351 1426 5422 aliquo
1445 5351 1750 5420 cohaerere,
1774 5355 1872 5405 aut
1895 5367 2102 5422 cogna-

465 5451 681 5512 torum,
724 5447 822 5496 aut
859 5457 1054 5496 eorum
1091 5459 1234 5514 quos
1273 5445 1565 5515 appellant
1611 5445 1840 5500 dilectos
1883 5445 2106 5514 (talibus

469 5541 622 5595 enim
662 5535 990 5592 nominibus
1030 5541 1268 5604 utentes,
1311 5539 1566 5609 maligna
1603 5539 1918 5610 suspicione
1945 5556 2104 5594 suam

467 5634 692 5705 replent
709 5631 922 5702 vitam),
937 5629 1034 5684 sed
1054 5635 1152 5683 aut
1173 5630 1308 5683 sola:
1329 5631 1605 5698 habitent,
1625 5639 1722 5687 aut
1746 5649 1876 5687 cum
1895 5651 2101 5705 paren-

469 5725 620 5777 tibus
645 5722 794 5786 solis,
819 5727 874 5776 et
903 5721 1052 5790 filiis,
1074 5723 1172 5774 aut
1199 5735 1328 5774 vere
1349 5719 1634 5790 fratribus,
1654 5725 1752 5776 aut
1774 5739 1903 5777 cum
1923 5723 2010 5776 his
2035 5723 2105 5778 de

471 5817 675 5886 quibus
696 5816 740 5869 si
775 5815 901 5886 quis
939 5815 1212 5887 suspicari
1249 5813 1464 5885 aliquid
1491 5817 1918 5886 praesumpserit
1941 5817 2100 5870 mali-

475 5923 678 5978 gnum,
689 5908 804 5978 ipse
825 5907 1096 5980 insipiens
1112 5907 1280 5964 simul
1297 5912 1354 5965 et
1367 5908 1577 5980 impius
1587 5909 1776 5964 forsan
1791 5909 2098 5980 putabitur.

2205 4599 2397 4654 venire
2423 4599 2730 4654 sancimus.
2753 4598 3118 4666 Quaecunque
3141 4593 3317 4666 igitur
3337 4593 3640 4664 Oportebat
3663 4591 3736 4647 de
3759 4591 3850 4648 tali

2205 4694 2374 4748 modo
2405 4695 2462 4746 in
2503 4690 2854 4746 sanctissima
2895 4689 3110 4760 majore
3146 4687 3376 4743 ecclesia
3425 4687 3604 4756 hujus
3647 4689 3852 4741 nostra

2205 4787 2377 4858 regia:
2406 4786 2665 4852 civitatis,
2691 4791 2748 4839 et
2773 4784 2876 4838 sub
2902 4799 2966 4838 ea
2993 4783 3312 4838 constitutis
3357 4781 3736 4836 sanctissimis
3761 4797 3848 4835 ec-

2206 4881 2407 4948 clesiis,
2439 4885 2495 4935 et
2519 4880 2660 4949 aliis,
2693 4895 2820 4950 quas
2845 4878 2936 4932 hic
2963 4883 3115 4947 sunt,
3143 4877 3289 4946 ﬁeri,
3313 4875 3436 4930 haec
3463 4875 3700 4946 speciali
3731 4875 3850 4946 lege

2211 4975 2494 5046 complexi
2521 4991 2736 5028 sumus.
2771 4975 2832 5027 In
2859 4971 3124 5028 omnibus
3149 4975 3338 5026 autem
3383 4987 3514 5041 quae
3555 4969 3698 5024 foris
3727 4973 3850 5022 sunt

2205 5069 2344 5124 locis
2372 5069 2674 5136 sancimus,
2708 5067 2752 5121 si
2781 5067 2908 5139 quis
2947 5083 3078 5121 cum
3110 5063 3396 5120 constituit
3423 5064 3493 5117 ab
3519 5063 3688 5118 initio
3715 5063 3846 5116 aedi.

2205 5165 2372 5218 ﬁcere
2401 5163 2711 5230 ecclesiam,
2745 5161 2998 5216 definivit
3019 5158 3462 5216 ordinandorum
3491 5173 3848 5220 mensuram,

2207 5260 2476 5330 tanquam
2504 5255 2816 5312 secundum
2843 5271 2966 5310 eam
3013 5271 3292 5326 expensas
3317 5252 3694 5318 constituens,
3737 5267 3850 5306 non

2205 5353 2364 5424 prius
2388 5351 2639 5406 ordinari
2667 5365 3010 5422 quemquam
3039 5349 3098 5402 in
3123 5347 3322 5404 eadem
3357 5346 3616 5410 ecclesia,
3643 5345 3756 5400 nisi
3781 5343 3850 5398 ad

2205 5463 2510 5502 numerum
2537 5463 2570 5500 a
2595 5444 2874 5516 principio
2921 5443 3216 5498 definitum
3261 5441 3384 5511 ejus
3425 5455 3700 5494 mensura
3761 5455 3846 5492 re-

2205 5540 2450 5611 digatur.
2481 5539 2536 5596 Si
2565 5554 2696 5593 vero
2728 5539 2838 5593 hoc
2863 5553 2978 5592 non
3015 5535 3228 5600 fecerit,
3275 5533 3396 5605 ipsa
3433 5549 3572 5587 vero
3615 5531 3848 5588 civitatis

2205 5634 2434 5688 ecclesia
2457 5633 2742 5687 ministrat
2769 5631 3176 5698 emolumenta,
3207 5633 3266 5682 et
3295 5628 3396 5682 sibi
3427 5631 3488 5681 et
3513 5627 3640 5681 aliis
3671 5625 3844 5680 eccle-

2203 5727 2320 5796 siis,
2349 5731 2484 5781 tunc
2513 5743 2626 5782 non
2653 5731 2986 5799 promptum
3011 5723 3084 5779 sit
3109 5739 3319 5795 augere
3345 5723 3430 5776 illi
3461 5721 3716 5788 clericos,
3747 5735 3844 5774 ne-

2203 5837 2314 5892 que
2339 5827 2574 5893 propter
2603 5821 2820 5893 aliquas
2842 5821 2986 5874 forte
3035 5817 3450 5889 compassiones
3493 5819 3594 5872 aut
3633 5811 3842 5870 beneﬁ-

2205 5916 2289 5968 cia
2314 5931 2384 5970 ex
2423 5916 2527 5970 hoc
2569 5931 2692 5970 eam
2745 5914 3064 5986 sumptibus
3111 5927 3488 5986 prmgravare.
3543 5911 3664 5966 Non
3715 5911 3842 5964 sunt
