3996 6188
200 310 294 360 937

1059 303 1420 360 JUSTINIANI
1462 305 1785 359 NUV'ELLJC
1825 305 2156 358 SELECT/E.
2201 302 2514 357 NOVEHA
2559 304 2665 357 νη.

3447 314 3547 365 638

195 413 336 466 enim
364 411 486 466 haec
511 413 622 483 pia,
652 428 834 483 neque
861 413 1239 468 sacerdotibus
1281 415 1473 485 digna,
1501 415 1597 468 sed
1625 431 1691 469 ex
1720 413 1808 468 his
1830 413 2013 496 Ahoc
2067 411 2351 482 adjectum
2407 415 2508 466 est.
2560 413 2624 464 Et
2674 416 2775 465 tua
2830 427 3056 483 quoque
3111 412 3376 470 celsitudo
3435 417 3554 472 haec

197 521 314 576 qua:
341 504 612 560 Dominus
638 506 781 559 Deus
807 507 1042 575 dederit,
1070 524 1197 577 quae
1222 507 1505 578 possibilia
1547 513 1696 574 sunt,
1726 509 1819 562 ad-

195 594 526 662 ministrare,
555 599 652 648 aut
676 594 967 664 antiquam
995 611 1322 649 conservare
1351 596 1817 651 consuetudinem

195 687 327 740 nihil
353 688 578 757 penitus
604 687 989 742 innovantem.
1019 688 1173 742 Unde
1202 689 1469 760 competit
1518 690 1628 743 Deo
1669 707 1819 744 ama-

193 779 321 833 biles
347 780 692 850 patriarchas
713 783 768 833 et
783 781 1244 851 metrOpolitanos
1265 782 1434 852 hujus
1459 782 1666 836 habere
1693 800 1819 853 pro—

195 871 509 942 videntiam,
539 876 595 925 et
621 890 713 926 eos
740 874 972 943 quidem
1011 875 1109 944 qui
1150 875 1420 929 hactenus
1463 880 1594 929 sunt
1634 877 1814 930 sinere

196 965 248 1018 in
277 966 554 1019 schemate
577 965 634 1019 in
666 983 780 1036 quo
811 971 942 1020 sunt
969 967 1216 1022 clericos.
1254 968 1431 1021 Metiri
1461 985 1592 1022 vero
1615 969 1813 1023 unius-

196 1059 454 1128 cujusque
485 1058 728 1112 ecclesia:
757 1059 1066 1128 facultates,
1090 1065 1145 1114 et
1171 1061 1249 1114 ita
1273 1061 1420 1130 ipsos
1441 1077 1664 1132 quoque
1695 1079 1816 1116 san-

195 1150 456 1205 ctissimos
477 1151 822 1222 patriarchas
852 1153 954 1205 sub
985 1169 1042 1207 se
1071 1153 1402 1207 constitutas
1428 1155 1687 1208 ecclesias
1719 1171 1812 1208 or-

195 1243 394 1308 dinare,
417 1247 474 1297 et
502 1245 970 1314 metropolitanos
1010 1246 1114 1299 hoc
1158 1247 1344 1316 ipsum
1388 1263 1421 1300 a
1456 1247 1815 1301 sanctissimis

194 1336 513 1407 patriarchis
540 1338 912 1392 commonitos
937 1339 1143 1407 facere,
1175 1339 1300 1392 illos
1326 1344 1516 1394 autem
1541 1340 1675 1394 alios
1701 1356 1816 1394 om-

195 1444 283 1482 nes
313 1429 416 1482 sub
445 1446 502 1483 se
529 1430 738 1500 positos
769 1431 1055 1501 episcopos
1083 1432 1152 1486 ad
1179 1449 1502 1486 mensuram
1543 1433 1687 1486 hanc
1715 1433 1812 1486 de-

194 1520 406 1586 ducere,
439 1527 494 1575 et
520 1523 743 1576 studere
770 1539 885 1576 non
910 1524 1059 1577 ultra
1077 1541 1351 1594 expensas
1381 1525 1567 1579 facere
1594 1525 1816 1578 clerico-

193 1630 310 1667 rum
339 1614 736 1668 ordinationes.
768 1616 982 1670 Scimus
1003 1617 1154 1670 enim
1175 1622 1313 1687 quot
1337 1618 1701 1672 sanctissima;
1722 1635 1814 1672 ec-

193 1705 368 1760 clesias
396 1711 625 1777 propter
649 1708 797 1762 hanc
824 1709 1233 1764 ordinationem
1272 1715 1328 1764 et
1362 1710 1496 1763 alias
1541 1726 1812 1781 expensa-

192 1813 311 1851 rum
339 1798 637 1854 effusiones
664 1800 856 1870 inopes
880 1801 1040 1855 factae
1058 1805 1210 1855 sunt.

256 1892 318 1944 Et
344 1892 479 1962 quia
495 1892 714 1962 aliquas
742 1909 938 1947 earum
962 1893 1050 1948 vix
1079 1894 1326 1964 quidem,
1344 1898 1537 1950 tamen
1562 1896 1818 1950 liberavi-

191 1999 328 2052 mus,
361 1984 616 2054 quzedam
648 2002 777 2040 vero
803 1987 984 2040 adhuc
1008 1992 1252 2040 onerata:
1271 1987 1461 2056 jaccnt
1485 2004 1552 2042 ex
1575 1989 1672 2042 tali
1701 1989 1816 2042 ele-

189 2077 297 2129 vari
321 2077 586 2147 angustia
614 2094 727 2131 non
761 2079 1022 2145 valentes,
1063 2079 1300 2149 ideoque
1338 2079 1443 2133 hoc
1491 2080 1818 2150 provideant

187 2169 518 2222 sanctissimi
553 2170 902 2239 patriarchae,
936 2176 992 2224 et
1037 2172 1482 2241 metropolitani,
1525 2178 1580 2226 et
1614 2174 1818 2244 reliqui

187 2261 289 2314 Deo
318 2262 589 2316 amabiles
620 2263 884 2333 episcopi,
914 2266 975 2316 ut
1000 2268 1055 2318 et
1083 2281 1186 2318 nos
1212 2281 1338 2334 quas
1364 2265 1434 2318 ab
1463 2265 1540 2318 eis
1567 2270 1817 2334 aguntur

189 2353 479 2421 discentes,
524 2355 900 2424 approbemus
959 2371 1053 2410 eos
1093 2356 1193 2426 qui
1236 2361 1484 2411 nostram
1527 2359 1715 2428 legem
1756 2358 1817 2412 in

187 2445 384 2500 litteris
403 2447 641 2516 positam
656 2449 805 2518 apud
824 2448 1154 2519 semetipsos
1174 2450 1538 2504 ostenderunt
1553 2451 1816 2521 operibus

187 2539 498 2608 adimpleri.
525 2539 660 2603 Quae
687 2540 909 2610 igitura
931 2541 1092 2594 nobis
1107 2542 1317 2595 sancita
1344 2547 1494 2609 sunt,
1513 2548 1570 2597 et
1598 2559 1817 2597 sacrum

187 2632 442 2685 ordinem
457 2637 772 2703 statumque
785 2633 1108 2688 custodiunt
1119 2635 1426 2688 secundum
1439 2652 1723 2689 sacrarum
1736 2653 1818 2690 re-

187 2725 452 2794 gularum
469 2725 909 2780 observationem
924 2729 978 2780 et
999 2730 1270 2795 tenorem,
1289 2728 1357 2781 de
1370 2733 1572 2782 caetero
1595 2745 1814 2782 conser-

184 2822 311 2871 vent
340 2823 610 2887 perpetua
627 2818 848 2889 integra
864 2825 919 2874 et
945 2820 1274 2873 sanctissimi
1296 2821 1632 2890 patriarcha
1653 2821 1819 2875 unius

185 2910 457 2980 cujusque
478 2910 792 2978 diteceseos,
824 2917 879 2966 et
895 2913 1004 2966 Deo
1019 2913 1284 2966 amabiles
1302 2913 1742 2983 metropolitani,
1763 2918 1819 2968 et

184 3003 389 3074 reliqui
415 3004 861 3058 reverendissimi
887 3005 1153 3075 episcopi,
1180 3010 1347 3076 atque
1375 3006 1582 3075 clerici,
1610 3006 1817 3077 ubique

181 3095 277 3149 Dei
302 3097 592 3150 culturam
617 3099 673 3150 et
703 3114 916 3151 sacram
948 3098 1299 3168 disciplinam
1327 3100 1704 3154 custodientes
1733 3102 1815 3154 in-

181 3188 465 3257 violatam,
505 3207 671 3260 pmna
706 3190 1042 3244 imminente
1086 3191 1192 3245 ista
1245 3192 1653 3261 praevaricanti,
1703 3209 1814 3264 quo

181 3281 406 3351 penitus
435 3282 650 3336 alienus
676 3283 748 3336 sit
773 3301 806 3337 a
833 3285 965 3351 Deo,
993 3287 1049 3337 et
1073 3284 1337 3353 imposito
1376 3285 1478 3338 sibi
1523 3285 1814 3340 sacerdotii

183 3373 547 3428 ordine.Nam
573 3376 727 3430 velut
751 3375 1018 3446 indignus
1038 3377 1143 3429 hoc
1165 3377 1813 3433 excluditur.Licentiam

182 3482 306 3520 vero
323 3467 599 3521 universis
611 3469 921 3539 damus,cuj
930 3485 1221 3540 uscunque
1240 3473 1372 3523 sunt
1389 3469 1672 3538 ofﬁcii,vel
1685 3487 1816 3525 con-

179 3559 528 3629 versationis,
545 3561 969 3631 respicientibus
989 3561 1203 3632 aliquid
1219 3562 1425 3615 horum
1439 3563 1812 3632 praevaricari,

177 3653 440 3707 nuntiare
467 3653 625 3706 nobis
652 3657 708 3706 et
734 3653 803 3707 ad
830 3653 1154 3724 imperium,
1177 3654 1329 3724 quod
1349 3671 1576 3725 semper
1598 3660 1700 3724 est,
1753 3660 1817 3710 ut

178 3760 298 3812 nos,
322 3745 425 3815 qui
451 3745 556 3800 hoc
577 3746 889 3800 secundum
917 3763 1203 3801 sacrarum
1243 3747 1572 3817 regularum
1621 3748 1812 3818 expla-

178 3839 470 3892 nationem
496 3838 973 3911 apostolicamqne
1004 3839 1374 3894 traditionem
1399 3840 1810 3906 constituimus,

179 3929 472 3986 decentem
503 3931 672 3986 etiam
711 3932 1162 4002 indignationem
1187 3933 1709 4002 prmvaricatoribus
1732 3933 1815 3987 in-

179 4022 447 4090 feramus,
498 4025 587 4078 his
615 4025 870 4078 videlicet
905 4025 1075 4078 etiam
1104 4041 1231 4095 quea
1258 4024 1465 4080 sancita
1487 4029 1618 4079 sunt
1645 4043 1676 4079 a
1719 4042 1816 4079 no-

179 4114 262 4169 bis
313 4117 386 4171 de
428 4117 849 4171 haereditatibus
892 4119 1005 4172 Deo
1047 4118 1377 4172 amabilium
1421 4119 1814 4190 episcoporum

182 4208 582 4263 custodiendis.
623 4209 966 4264 Sanctissimi
998 4227 1129 4264 sane
1167 4211 1498 4281 patriarchae
1543 4212 1811 4266 uniuscu-

170 4299 381 4373 jusque
409 4301 708 4356 dioeceseos
744 4302 867 4356 hasc
891 4306 1211 4373 proponant
1238 4303 1296 4357 in
1336 4305 1578 4358 ecclesiis
1616 4305 1719 4360 sub
1755 4321 1814 4359 se

179 4393 515 4462 constitutis,
543 4399 599 4448 et
624 4395 923 4449 manifesta
945 4395 1155 4450 faciant
1183 4397 1294 4450 Deo
1324 4397 1663 4450 amabilibus
1692 4413 1812 4451 me-

180 4486 556 4556 tropolitanis,
585 4503 711 4558 qua:
735 4505 768 4541 a
796 4488 958 4542 nobis
982 4489 1278 4544 constituta
1302 4494 1452 4543 sunt.
1482 4489 1560 4542 llli
1587 4506 1812 4560 quoque
1831 4505 1891 4577 D

182 4594 377 4633 rursus
409 4579 580 4634 etiam
616 4580 719 4650 ipsi
758 4584 1085 4651 proponant
1130 4581 1189 4635 in
1224 4580 1654 4652 metropolitana
1692 4599 1815 4636 san-

180 4671 429 4725 ctissima
454 4672 700 4741 ecclesia,
735 4677 790 4727 et
819 4673 1130 4728 constitutis
1157 4674 1258 4727 sub
1284 4690 1340 4728 se
1379 4673 1650 4745 episcopis
1690 4675 1814 4728 haec

179 4764 483 4818 manifesta
518 4764 744 4818 faciant.
797 4765 1027 4820 illorum
1069 4781 1201 4820 vero
1248 4766 1457 4837 singuli
1499 4766 1558 4820 in
1589 4767 1822 4849 propria,

181 4856 418 4910 ecclesia
447 4857 569 4910 haec
597 4863 936 4928 proponant,
962 4864 1028 4913 ut
1047 4859 1236 4912 nullus
1262 4859 1323 4913 in
1347 4864 1538 4914 nostra
1563 4861 1813 4931 republi-

179 4965 243 5003 ca
269 4949 514 5020 ignoret,
543 4966 669 5020 quae
697 4967 729 5003 a
747 4950 908 5004 nobis
935 4951 1003 5004 ad
1031 4952 1307 5006 honorem
1350 4958 1406 5007 et
1448 4953 1814 5023 magnificen-

180 5041 321 5096 tiam
342 5043 537 5113 magni
560 5043 656 5096 Dei
673 5047 729 5097 et
742 5043 1039 5098 Salvatoris
1056 5045 1232 5099 nostri
1249 5047 1378 5100 Jesu
1388 5046 1592 5100 Christi
1625 5047 1815 5117 dispo-

181 5134 291 5189 sita
312 5140 463 5189 sunt.
479 5137 714 5206 Insuper
733 5153 972 5207 sequens
992 5138 1114 5191 hasc
1136 5143 1232 5192 tua
1256 5139 1518 5193 sanctitas
1533 5139 1815 5209 omnibus,

182 5227 284 5298 qui
313 5227 419 5280 sub
445 5244 509 5282 ea
532 5233 681 5296 sunt,
711 5230 1073 5283 sanctissimis
1098 5231 1546 5302 metrOpolitanis
1577 5231 1696 5284 haec
1730 5232 1816 5286 fa-

184 5320 298 5373 ciat
327 5320 622 5375 manifesta
650 5321 907 5376 universo
941 5327 1194 5394 tempore
1231 5324 1495 5378 tenenda.
1538 5323 1818 5394 Scriptum

184 5413 480 5482 exemplar
511 5413 830 5484 Epiphanio
871 5415 1216 5470 sanctissimo
1252 5415 1667 5487 archiepiscopo
1697 5433 1818 5470 ma-

185 5521 319 5576 gna:
347 5505 518 5577 hujus
537 5511 593 5561 et
611 5507 779 5560 almae
802 5507 970 5562 urbis.
991 5508 1274 5579 Scriptum
1291 5510 1578 5579 exemplar
1596 5508 1824 5564 sanctis-

185 5598 338 5652 simo
380 5598 796 5670 archiepiscopo
835 5600 1364 5673 Hierosolymorum.
1408 5602 1690 5672 Scriptum
1732 5618 1824 5656 ex-

184 5691 414 5763 emplar
437 5691 636 5746 Joanni
669 5692 787 5746 viro
816 5693 1214 5763 gloriosissimo
1240 5695 1504 5765 prafecto
1536 5711 1823 5750 sacrorum

184 5785 590 5857 praetoriorum
617 5785 859 5840 secundo
879 5787 1174 5842 exconsule
1201 5791 1256 5841 et
1277 5787 1521 5857 patritio,
1543 5787 1632 5841 cui
1653 5789 1823 5843 etiam

529 5880 804 5948 PATROL.
850 5881 1085 5946 LXXII.

1837 1787 1894 1859 B

1916 506 2094 560 sciens
2119 521 2232 559 una
2261 521 2390 558 cum
2420 520 2648 574 semper
2674 504 3014 574 suscepturis
3035 506 3225 560 sedem
3246 511 3411 562 tuum
3430 509 3551 565 hazc

1916 614 2134 652 servare
2158 597 2405 652 festinet.
2430 599 2496 651 Et
2518 597 2564 650 si
2590 597 2981 651 denuntiatum
3001 597 3214 669 aliquid
3227 599 3416 670 fuerit,
3441 602 3550 657 tale

1915 691 2180 746 delictum
2208 690 2525 760 prohibeat,
2553 695 2608 744 et
2633 690 2881 744 maxime
2899 707 3250 762 quaecunque
3265 693 3547 749 inordina-

1914 788 2158 842 tionibus
2198 787 2492 842 curialium
2548 787 2636 840 vel
2686 787 3011 841 ofﬁcialium
3055 787 3352 844 interdicta
3392 796 3542 847 sunt.

1915 880 2142 935 Nuntiet
2166 885 2356 935 autem
2384 881 2554 934 etiam
2584 880 2764 949 nobis,
2808 885 2871 934 ut
2895 881 3096 935 decens
3124 897 3295 953 super
3319 883 3400 938 eis
3429 884 3538 938 im-

1913 978 2158 1043 ponatur
2177 973 2471 1041 correctio,
2510 978 2705 1027 utatur
2737 989 2961 1043 quoque
2997 974 3293 1045 praeceptis
3325 975 3395 1029 ad
3432 976 3544 1029 cla-

1914 1066 2162 1119 rissimos
2189 1066 2605 1136 provinciarum
2626 1065 2866 1135 judices,
2898 1071 2963 1119 ut
2989 1071 3045 1120 et
3084 1066 3209 1136 ipsi,
3249 1083 3377 1138 quin
3403 1068 3548 1123 fiunt

1913 1158 2272 1228 inspicientes
2297 1175 2411 1212 non
2447 1159 2780 1228 permittant
2803 1158 3012 1228 aliquid
3044 1163 3200 1213 extra
3224 1159 3350 1228 hoc,
3394 1161 3545 1231 quod

1913 1268 1945 1304 a
1973 1251 2132 1304 nobis
2160 1252 2526 1306 constitutum
2567 1254 2669 1318 est,
2707 1250 2828 1304 ﬁeri
2859 1267 2871 1304 :
2916 1250 3238 1305 imminebit
3278 1250 3431 1306 enim
3466 1253 3546 1308 eis

1914 1349 1970 1398 et
2007 1360 2172 1414 pcena
2215 1344 2466 1414 quinque
2513 1343 2786 1397 librarum
2825 1343 2969 1409 auri,
3019 1343 3294 1414 siquidem
3340 1350 3395 1398 et
3436 1345 3546 1416 ipsi

1912 1437 2266 1507 praevaricari
2307 1437 2559 1490 videntes
2600 1452 2714 1489 non
2762 1435 3234 1504 denuntiaverint,
3285 1441 3383 1491 aut
3425 1437 3544 1492 sedi

1914 1532 2046 1596 tuas,
2069 1533 2168 1584 aut
2192 1529 2456 1600 imperio,
2484 1533 2550 1583 ut
2577 1528 2826 1600 undique
2851 1529 3052 1582 decens
3072 1533 3301 1583 ornatus
3327 1530 3549 1583 ordina-

1913 1621 2080 1676 tionis
2110 1622 2308 1693 gradui
2352 1626 2732 1676 conservetur.
2791 1621 3009 1691 Scripta
3050 1637 3181 1675 cum
3231 1621 3541 1692 adjectione

1920 1715 2220 1769 dominica.
2235 1775 2248 1794 χ

2505 1846 2813 1900 NOVELLA
2845 1848 2957 1900 νη.

1919 1963 1990 2014 De
2006 1975 2113 2012 non
2144 1960 2448 2014 alienandis
2475 1965 2574 2014 aut
2595 1962 2972 2029 permutandis
2997 1961 3152 2016 rebus
3182 1963 3549 2020 ecclesiasticis

1988 2030 2366 2092 immobilibus,
2417 2037 2513 2084 aut
2550 2034 2609 2084 in
2645 2033 2930 2099 specialem
2965 2033 3313 2100 hypothecam
3348 2035 3548 2089 dandis

1987 2100 2356 2163 creditoribus,
2374 2102 2467 2155 sed
2491 2106 2550 2154 ut
2577 2105 2856 2170 sufﬁciant
2879 2103 3152 2170 generales
3179 2103 3499 2172 hypothecae.

1990 2243 2302 2313 Imperator
2335 2243 2680 2297 Justinianus
2705 2247 2993 2314 Augustus
3020 2244 3334 2315 Epiphanio
3360 2247 3545 2302 archi-

1916 2335 2197 2406 episcopo,
2231 2339 2287 2389 et
2307 2336 2641 2406 patriarchas
2667 2337 3303 2406 Constantinopolitano.

1987 2429 2163 2482 Unam
2185 2428 2558 2482 intentionem
2575 2429 2718 2482 hanc
2735 2445 2960 2499 semper
2975 2430 3360 2499 proponimus,
3379 2447 3548 2487 omne

1915 2520 2190 2590 quidquid
2217 2521 2373 2590 prius
2390 2521 2790 2592 imperfectum
2804 2526 2902 2574 aut
2919 2522 3213 2575 confusum
3233 2522 3546 2592 videbatur,

1916 2612 2021 2665 hoc
2050 2616 2105 2666 et
2133 2629 2470 2683 expurgare,
2504 2619 2558 2667 et
2581 2613 2892 2684 perfectum
2907 2631 2977 2667 ex
3006 2613 3332 2684 imperfecto
3360 2615 3544 2669 decla-

1916 2720 2063 2773 rare,
2093 2705 2243 2774 quod
2272 2705 2442 2758 etiam
2468 2706 2525 2758 in
2555 2706 2704 2759 omni
2738 2705 3092 2775 legislatione
3121 2706 3404 2777 facientes,
3433 2724 3549 2763 cre-

1917 2797 2101 2850 dimus
2127 2801 2389 2866 oportere
2419 2803 2474 2851 et
2498 2797 2558 2850 in
2582 2797 3034 2865 alienationibus,
3063 2814 3190 2868 quae
3211 2799 3354 2853 fiunt
3376 2816 3548 2870 super

1917 2889 2084 2942 sacris
2113 2889 2280 2942 rebus
2307 2905 2418 2942 una
2455 2889 2749 2959 complecti
2775 2890 2919 2958 lege,
2951 2905 3080 2959 quas
3106 2889 3321 2959 priores
3350 2907 3546 2946 omnes

1917 2987 1972 3035 et
2014 2985 2261 3048 renovet,
2295 2985 2352 3035 et
2402 2982 2685 3049 emendet,
2721 2985 2778 3034 et
2821 2981 2973 3050 quod
3013 2981 3168 3036 deest
3207 2983 3450 3054 adjiciat,
3491 2987 3549 3039 et

1917 3074 2067 3144 quod
2097 3073 2446 3144 superﬂuum
2479 3078 2581 3139 est,
2622 3072 2934 3128 abscindat.
2972 3077 3016 3127 A
3055 3075 3238 3130 Leone
3269 3075 3546 3146 siquidem

1835 3141 1888 3214 Ο
1913 3167 2076 3220 bonae
2106 3167 2416 3234 memoria,
2447 3166 2544 3237 qui
2572 3172 2697 3236 post
2721 3165 3151 3222 Constantiniun
3176 3168 3283 3238 piae
3323 3184 3543 3224 memo-

1913 3259 2013 3313 riae
2035 3259 2350 3313 Christiana
2370 3258 2480 3313 ﬁde
2503 3259 2649 3312 inter
2678 3264 2909 3313 caeteros
2933 3258 3298 3329 imperatores
3341 3262 3546 3331 princi-

1914 3355 2108 3422 patum
2139 3352 2314 3418 auxit,
2346 3356 2401 3405 et
2428 3351 2716 3405 constituit
2739 3367 3023 3404 sacrarum
3051 3352 3412 3406 ecclesiarum
3446 3354 3545 3408 ho-

1913 3460 2109 3497 norem
2140 3449 2194 3498 et
2219 3443 2569 3513 disciplinam
2594 3442 2816 3512 scripta,
2857 3442 2948 3495 lex
2977 3447 3059 3496 est
3087 3443 3154 3496 de
3194 3444 3544 3500 alienationi-

1912 3535 2018 3589 bus
2043 3535 2424 3590 ecclesiasticis
2451 3534 2711 3588 conclusa
2748 3534 2807 3587 in
2838 3533 2954 3587 sola
3001 3533 3170 3603 hujus
3205 3535 3541 3592 felicissima:

1913 3628 2147 3682 civitatis
2193 3626 2540 3681 sanctissima
2585 3625 2799 3696 majore
2835 3626 3082 3680 ecclesia.
3124 3628 3191 3682 Et
3245 3628 3539 3684 laudamus

1913 3721 2158 3792 plurima
2184 3720 2354 3790 hujus
2380 3719 2519 3790 legis
2547 3734 2680 3773 cum
2700 3718 2855 3772 omni
2873 3718 3226 3773 vehementia
3241 3725 3298 3774 et
3318 3721 3416 3776 Dei
3429 3722 3540 3777 cul-

1912 3815 2039 3867 tura
2067 3812 2266 3884 posita.
2298 3812 2404 3867 Sed
2430 3827 2496 3866 eo
2528 3811 2679 3882 quod
2707 3827 2823 3864 non
2865 3810 3208 3882 generaliter
3239 3813 3418 3882 posita
3444 3813 3534 3882 sit,

1913 3904 1974 3958 in
2001 3904 2281 3974 omnibus,
2311 3904 2565 3974 indigere
2585 3903 2754 3957 etiam
2775 3919 2902 3957 eam
2927 3903 3171 3974 quadam
3194 3905 3537 3962 correctione

1913 3996 2301 4051 credimus.Ab
2319 3995 2611 4050 Anastasio
2639 4011 2863 4066 quoque
2889 3995 2998 4066 pize
3018 3997 3312 4052 memoriae
3332 3998 3538 4070 scripta

1914 4090 2175 4160 quaedam
2199 4089 2268 4143 de
2305 4088 2508 4143 talibus
2532 4089 2622 4142 lex
2650 4094 2750 4156 est,
2792 4104 2977 4160 neque
3009 4087 3209 4143 similis
3243 4091 3439 4160 priori,
3481 4098 3538 4147 et

1913 4182 2144 4236 omnino
2181 4181 2367 4235 minus
2415 4180 2646 4247 habens,
2689 4179 2865 4234 effusa
2910 4196 3156 4250 namque
3192 4184 3248 4235 et
3275 4197 3378 4250 per
3413 4183 3535 4238 loca

1912 4275 2044 4328 foris
2071 4274 2272 4345 posita,
2303 4273 2670 4327 nihilominus
2695 4271 2901 4325 mansit
2924 4271 3269 4341 imperfecta,
3297 4288 3363 4327 eo
3382 4276 3533 4345 quod

1913 4368 1985 4422 ad
2009 4367 2190 4420 solum
2215 4365 2584 4420 sacerdotium
2611 4369 2668 4417 et
2709 4363 2972 4418 dioecesin
3009 4363 3288 4433 respiciat,
3334 4367 3535 4422 consti-

1915 4463 2094 4512 tutam
2119 4458 2221 4511 sub
2247 4455 2567 4510 beatissimo
2592 4454 2907 4525 patriarcha
2930 4454 3100 4524 huius
3126 4456 3298 4527 regis:
3326 4463 3382 4513 et
3407 4459 3534 4514 'feli-

1911 4549 2148 4605 cissimee
2176 4549 2434 4615 civitatis,
2455 4547 2592 4601 alias
2614 4549 2803 4600 autem
2829 4563 3024 4601 omnes
3045 4563 3160 4602 non
3186 4556 3535 4619 perscrutata

1911 4643 2087 4711 sedes,
2117 4657 2247 4696 cum
2275 4641 2469 4712 utique
2492 4639 2725 4711 dignam
2751 4639 3098 4695 correctione
3126 4656 3245 4696 esse
3271 4658 3398 4699 eam
3438 4661 3531 4700 ar-

1913 4735 2168 4802 bitratus,
2197 4738 2429 4805 propter
2459 4748 2630 4804 quam
2657 4732 3003 4788 occasionem
3022 4733 3130 4787 alia
3142 4733 3376 4805 quidem
3405 4753 3534 4792 cor-

1914 4828 2150 4899 rigebat,
2189 4826 2295 4881 alia
2335 4842 2471 4880 vero
2528 4826 2894 4896 incomposita
2920 4825 3290 4897 relinquebat.
3325 4830 3534 4893 Quam-

1915 4922 2111 4976 obrem
2131 4936 2255 4974 eam
2279 4935 2503 4990 quoque
2531 4935 2726 4973 vacare
2753 4919 2821 4974 de
2851 4923 3056 4974 caetero
3094 4920 3400 4988 sancimus,
3442 4927 3535 4978 ut-

1915 5018 2045 5086 pote
2073 5013 2481 5084 imperfectam,
2514 5016 2570 5067 et
2593 5013 2714 5067 loco
2739 5012 3183 5079 circumclusam,
3214 5018 3270 5068 et
3296 5030 3414 5070 non
3436 5032 3536 5088 ge-

1917 5107 2167 5161 neralem
2195 5107 2343 5160 inter
2366 5105 2519 5176 leges
2556 5105 2906 5172 existentem,
2944 5119 3130 5175 neque
3171 5105 3385 5178 aliquid
3426 5114 3540 5166 stu-

1918 5200 2140 5254 diosum
2165 5199 2633 5253 introducentem.

1989 5321 2114 5373 Haec
2142 5335 2276 5390 ergo
2301 5334 2402 5372 nos
2427 5316 2616 5370 omnia
2641 5315 3024 5386 emendantes,
3053 5332 3230 5374 unam
3256 5321 3541 5378 existima-

1920 5429 2047 5468 mus
2072 5411 2479 5482 legislationem
2504 5408 2765 5463 omnibus
2790 5410 3270 5470 sanctissimarum
3289 5417 3542 5471 ecclesia-

1921 5523 2070 5573 rum,
2126 5502 2621 5568 xenodochiorum,
2669 5503 3141 5576 nosocomiorum,
3184 5508 3543 5563 monasterio-

1921 5613 2071 5666 rum,
2089 5595 2682 5666 brephotrophiorum,
2706 5598 3276 5668 gerontocomiorum,
3299 5601 3356 5652 et
3375 5600 3543 5655 totius

1923 5695 2123 5751 sacrati
2166 5692 2392 5763 collegii
2417 5692 2584 5747 rebus
2618 5693 3038 5764 imponendam,
3079 5700 3136 5749 et
3172 5695 3316 5749 hanc
3358 5695 3544 5768 legem

1923 5783 2121 5839 Leonis
2150 5781 2260 5854 piae
2278 5783 2570 5837 memorias
2596 5781 2976 5837 constitutioni
2997 5781 3372 5852 adjiciendam
3393 5800 3542 5840 esse:

3155 5886 3232 5942 30
