3996 6188
434 293 536 346 993

1565 277 1820 333 SIECULI
1859 275 2050 330 SEXTI
2089 271 2640 330 SUPPLEMENTUM.

3681 261 3794 314 9-30

430 397 590 468 prius
642 393 872 466 quidem
923 389 1170 446 breviter
1220 385 1632 456 legislationem
1688 387 2057 455 exponentes,
2084 383 2268 467 Anit,
2301 386 2358 434 et
2383 380 2620 434 multam
2647 375 2906 446 imponit,
2939 379 2994 428 et
3008 389 3190 444 usque
3216 374 3284 426 ad
3313 387 3400 426 res
3425 369 3796 424 sanctissima:

433 489 624 561 sicque
649 503 816 542 omne
844 483 996 555 quod
1027 481 1314 551 reliquum
1339 483 1424 533 est
1453 479 1786 532 intexentes.

504 582 636 637 Vult
661 585 849 635 autem
875 577 970 630 illa
994 589 1180 645 neque
1207 575 1319 628 Deo
1349 572 1649 626 amabilem
1686 567 2056 639 archiepisco-

433 690 576 746 pum
600 677 656 727 et
692 669 1064 742 patriarcham
1089 666 1258 737 hujus
1283 665 1620 720 felicissima
1665 661 1917 729 civitatis,
1961 676 2060 714 seu

435 764 796 821 sanctissima
858 759 1086 832 majoris
1149 759 1412 826 ecclesia,
1469 773 1652 827 neque
1708 769 2062 810 aconomum

435 857 695 924 vendere,
733 859 830 908 aut
872 853 1100 920 donare,
1128 857 1226 906 aut
1250 851 1413 906 aliter
1439 850 1684 904 alienare
1711 865 1832 902 rem
1859 847 2059 901 immo-

434 950 628 1018 bilem,
659 947 894 1012 domum
919 945 1128 1014 forsan,
1155 949 1252 999 aut
1279 959 1502 1015 agrum,
1530 947 1626 997 aut
1653 940 1938 1008 colonum,
1967 944 2064 993 aut

437 1039 716 1112 mancipia
739 1040 966 1105 rustica,
999 1043 1095 1092 aut
1120 1038 1306 1092 civiles
1355 1052 1608 1090 annonas
1652 1036 1802 1104 (nam
1849 1038 1904 1088 et
1941 1033 2064 1086 hac

433 1135 585 1189 inter
621 1131 935 1188 immobilia
979 1129 1336 1186 numeranda
1379 1133 1510 1182 sunt
1561 1144 1688 1198 qua
1740 1127 2066 1196 competunt

435 1225 1064 1296 Constantinopolitana
1112 1221 1476 1276 sanctissima
1533 1219 1738 1289 majori
1793 1218 2062 1286 ecclesia),

435 1319 536 1374 sed
562 1334 747 1389 neque
780 1334 882 1388 pro
911 1318 1023 1371 ulla
1053 1314 1528 1386 compensatione,
1558 1318 1654 1366 aut
1681 1311 1931 1382 qualibet
1960 1311 2067 1363 alia

439 1410 912 1468 circumventione
963 1409 1076 1463 tale
1132 1406 1344 1478 aliquid
1389 1408 1500 1476 agi.
1552 1407 1619 1459 Et
1670 1405 2068 1458 interminatur

437 1504 680 1575 emptori
733 1502 963 1574 quidem
1011 1501 1092 1556 rei
1139 1498 1573 1564 restitutionem,
1623 1503 1685 1551 ut
1724 1497 1920 1551 reddat
1965 1511 2066 1566 pro

436 1601 691 1668 tempore
717 1611 1007 1650 aconomo
1036 1610 1228 1648 rerum
1253 1590 1617 1646 sanctissima
1645 1590 1888 1644 ecclesia
1923 1604 2064 1657 rem,

439 1705 612 1762 quam
653 1689 774 1759 ipse
820 1687 1154 1758 perceperit,
1200 1701 1329 1738 cum
1377 1683 1532 1736 omni
1569 1681 1742 1736 medii
1795 1681 2069 1752 temporis

2155 475 2388 547 majoris
2414 472 2659 528 ecclesia
2683 473 2791 523 stat
2809 467 3182 535 solummodo,
3213 471 3268 520 et
3311 479 3640 536 quanquam
3677 478 3798 516 om-

2156 587 2292 625 nem
2319 566 2554 648 perimit
2587 562 3144 630 circumventionem,
3194 575 3365 630 quam
3401 555 3792 628 praediximus,

2157 679 2273 718 non
2295 665 2488 716 tamen
2509 658 2756 713 retinere
2776 655 3135 709 calliditatem
3155 657 3352 724 postea
3373 649 3792 720 insurgentium

2159 756 2350 811 valuit.
2377 753 2618 818 Quidam
2649 750 2804 804 enim
2831 747 3048 802 dudum
3073 747 3183 800 hoc
3209 745 3360 816 quod
3385 748 3615 798 vocatur
3641 741 3790 794 colo-

2161 848 2384 903 narium
2397 847 2492 916 jus
2513 845 2614 914 (est
2631 847 2820 897 autem
2841 839 3184 895 colonariam
3195 839 3290 908 jus
3309 836 3482 892 veluti
3497 835 3540 888 si
3557 835 3792 888 domum

2161 942 2448 997 valentemâ€œ
2466 941 2694 993 centum
2719 935 2943 1004 solidos,
2973 936 3032 987 et
3065 933 3431 1003 prastantem
3462 927 3792 999 pensionem

2163 1035 2368 1091 solidos
2393 1033 2590 1088 decem
2614 1029 2848 1099 accipiat
2872 1027 2997 1098 quis
3023 1025 3092 1080 ab
3121 1023 3373 1090 ecclesia,
3405 1025 3462 1076 et
3486 1021 3584 1076 det
3605 1037 3718 1091 pro
3737 1035 3798 1074 ea

2165 1128 2370 1182 solidos
2412 1128 2661 1192 centum,
2703 1139 2799 1176 seu
2847 1119 3108 1190 amplius,
3140 1122 3238 1172 aut
3283 1115 3456 1170 etiam
3493 1115 3710 1179 minus,
3751 1117 3802 1165 et

2165 1221 2324 1292 quasi
2337 1219 2460 1290 jam
2487 1218 2554 1272 de
2583 1215 2812 1288 proprio
2831 1216 3102 1284 aggravet
3121 1227 3180 1264 se
3209 1210 3342 1264 dare
3367 1207 3608 1278 singulis
3631 1204 3798 1260 annis

2166 1313 2322 1385 quasi
2361 1309 2641 1382 pensionis
2663 1307 2897 1362 nomine
2925 1305 3130 1358 solidos
3157 1305 3302 1370 tres;
3335 1302 3440 1355 iste
3467 1305 3662 1354 autem
3691 1315 3796 1367 ap-

2165 1406 2406 1477 pellatur
2431 1417 2702 1475 paracus.
2735 1400 2840 1455 Sed
2871 1399 3051 1469 ipsam
3077 1396 3312 1450 domum
3345 1394 3448 1448 sub
3473 1399 3592 1447 tam
3625 1407 3804 1462 parva

2167 1499 2435 1570 pensione
2471 1496 2530 1550 in
2555 1498 2896 1566 perpetuum
2922 1493 2980 1544 et
3005 1491 3124 1560 ipse
3153 1493 3209 1542 et
3237 1487 3494 1542 haredes
3515 1486 3640 1555 ejus
3667 1501 3800 1556 pos-

2167 1589 2444 1660 sidebant)
2471 1587 2884 1643 adinvenientes
2911 1599 3095 1654 neque
3113 1581 3319 1636 nostris
3345 1579 3590 1650 legibus,
3611 1593 3802 1648 neque

2167 1685 2500 1754 cujusquam
2535 1679 2792 1735 omnium
2826 1679 3044 1742 notum,
3099 1672 3642 1728 circumventionem
3689 1687 3802 1724 non

437 1759 648 1850 fructu,
687 1783 744 1835 et
771 1780 890 1833 aliis
918 1779 1105 1846 lucris,
1137 1793 1269 1832 casu
1299 1775 1632 1830 imminente
1671 1775 1982 1845 pretiorum
2019 1773 2070 1827 ei
2089 1759 2144 1830 B
2168 1792 2400 1848 parvam
2427 1774 2680 1830 meditati
2709 1776 2840 1826 sunt
2867 1773 3060 1824 contra
3081 1768 3290 1838 legem,
3327 1769 3634 1837 perpetuas
3659 1779 3802 1834 pene

439 1874 540 1946 qui
565 1873 675 1928 tale
699 1870 908 1942 aliquid
930 1871 1183 1941 accipere
1197 1873 1294 1923 aut
1306 1883 1632 1939 comparare
1647 1865 2067 1938 prasumpserit

439 1981 572 2020 cum
596 1965 765 2020 etiam
789 1965 894 2018 hoc
918 1963 1169 2034 quidem,
1201 1962 1350 2034 quod
1369 1961 1729 2032 contraleges
1757 1964 1946 2014 actum
1960 1963 2062 2026 est,

437 2057 518 2113 ita
541 2061 735 2129 ponat,
765 2073 828 2111 ac
855 2057 902 2111 si
931 2072 1116 2127 neque
1141 2073 1176 2110 a
1203 2054 1481 2126 principio
1509 2057 1733 2124 gestum
1769 2054 1860 2108 sit.
1891 2051 2064 2106 (Eco-

436 2165 678 2206 nomum
703 2165 838 2204 vero
867 2149 988 2203 hac
1033 2147 1494 2218 pravaricantem
1548 2146 1678 2200 dare
1724 2144 1954 2215 quidem
1999 2145 2068 2198 de

437 2259 538 2300 suo
579 2242 945 2297 sanctissima
994 2240 1242 2295 ecclesia
1274 2239 1440 2309 jubet
1470 2255 1660 2308 omne,
1691 2237 1966 2308 quidquid
1998 2253 2069 2290 ex

440 2352 506 2390 ea
560 2351 724 2389 causa
767 2336 1016 2388 lucratus
1075 2337 1178 2400 est,
1232 2335 1331 2386 aut
1382 2331 1746 2386 sanctissima
1799 2329 2066 2399 ecclesia,

442 2426 636 2482 damni
664 2427 872 2480 intulit.
903 2427 1082 2496 Super
1103 2426 1207 2478 hoc
1228 2427 1418 2500 autem
1437 2425 1606 2478 etiam
1629 2423 1874 2476 excludit
1888 2421 2070 2476 ofï¬cio

443 2535 819 2587 oeconomum,
859 2523 914 2572 et
950 2519 1044 2572 dat
1082 2517 1362 2571 actionem
1404 2516 1772 2571 sanctissima
1802 2515 2068 2584 ecclesia,

440 2627 558 2668 non
587 2613 770 2666 solum
833 2615 1028 2665 contra
1085 2611 1198 2664 Deo
1251 2609 1522 2664 amabiles
1571 2625 1908 2675 aconomos,
1975 2608 2073 2662 sed

443 2705 612 2760 etiam
639 2709 837 2759 contra
875 2719 1222 2758 successores
1251 2719 1470 2772 eorum,
1518 2703 1630 2756 sive
1657 2702 1762 2772 ipsi
1791 2702 1910 2755 hac
1936 2701 2072 2755 alie-

441 2793 718 2864 naverint,
743 2799 858 2851 sive
883 2811 986 2867 pro
1001 2801 1256 2867 tempore
1283 2798 1394 2850 Deo
1409 2795 1708 2849 amabilem
1724 2795 2070 2865 episcopum,

441 2896 542 2946 aut
576 2891 750 2945 alium
794 2888 1120 2960 quempiam
1171 2888 1504 2942 clericorum
1545 2887 1794 2942 videntes
1830 2887 2078 2940 alienan-

442 2987 562 3037 tem
593 2981 862 3052 degeneri
893 2985 947 3034 et
973 2980 1234 3033 illiberali
1258 2979 1638 3034 taciturnitate
1670 2979 1816 3049 passi
1843 2983 1992 3044 sunt,
2023 2982 2078 3033 et

445 3074 628 3128 multo
653 3073 860 3144 potius,
890 3071 934 3125 si
966 3088 1094 3126 cum
1127 3071 1399 3136 viderent,
1430 3072 1863 3126 consentitentes
1887 3071 1994 3124 tale
2023 3087 2081 3124 a-

447 3165 632 3237 liquid
656 3164 1054 3236 permiserunt,
1080 3168 1134 3218 et
1153 3179 1264 3216 non
1287 3163 1720 3233 prohibuerunt.
1747 3165 1828 3218 Ad
1850 3164 1971 3218 hac
1986 3181 2082 3217 au-

449 3263 570 3314 tem
593 3257 763 3312 etiam
773 3256 1132 3311 tabellionem
1147 3297 1159 3324 ,
1175 3256 1272 3326 qui
1286 3255 1414 3308 talia
1429 3255 1668 3310 confecit
1684 3256 2077 3326 instrumenta,

451 3354 726 3422 perpetuo
767 3349 938 3402 tradit
966 3349 1162 3403 exsilio
1187 3349 1402 3402 nullam
1431 3349 1481 3402 ei
1509 3349 1866 3404 clementiam
1897 3365 2080 3421 neque

449 3459 554 3514 per
579 3442 956 3496 reversionem
984 3441 1347 3512 participans.
1383 3443 1528 3512 Ipsos
1555 3458 1778 3512 quoque
1808 3443 2082 3497 maximos

445 3535 684 3608 judices,
713 3535 810 3605 qui
837 3535 906 3588 ad
933 3534 1053 3587 hac
1090 3535 1380 3602 accedunt,
1424 3540 1480 3588 et
1519 3535 1722 3588 talibus
1761 3537 2084 3590 ministrant

451 3628 656 3696 causis,
689 3633 787 3681 aut
822 3626 1020 3681 confici
1049 3627 1200 3696 apud
1229 3628 1557 3698 semetipsos
1585 3633 1955 3683 monumenta
1979 3646 2082 3701 pro

450 3719 876 3776 conï¬rmatione
895 3719 1092 3773 talium
1108 3719 1476 3774 donationum
1489 3725 1588 3775 â€˜aut
1601 3721 1840 3776 aliorum
1853 3727 2082 3777 actuum

451 3813 766 3884 patiuntur,
791 3811 1040 3882 cingulo,
1069 3817 1126 3866 et
1150 3812 1444 3882 dignitate,
1479 3819 1535 3868 et
1559 3815 1868 3869 substantia
1907 3815 2083 3870 inter-

455 3904 706 3959 minatur
725 3903 1043 3956 excludere.
1063 3904 1190 3956 Haec
1201 3903 1376 3973 igitur
1389 3905 1688 3976 increpans
1701 3908 2082 3976 vehementer,

455 3995 734 4068 permittit
752 3996 834 4048 rei
855 3995 1236 4049 ecclesiastica
1257 4013 1437 4064 usum,
1457 4001 1553 4051 aut
1566 3999 1660 4068 qui
1675 4007 1904 4054 vocatur
1920 4017 2082 4055 usus-

455 4089 692 4156 fructus,
726 4087 828 4141 sub
853 4093 1004 4142 certo
1032 4088 1276 4158 quodam
1301 4093 1577 4160 tempore,
1602 4092 1882 4146 autetiam
1907 4111 2084 4164 usque

459 4181 530 4236 ad
568 4181 740 4234 vitam
791 4181 1154 4252 percipientis
1191 4181 1326 4235 dare
1365 4183 1768 4238 sanctissimam
1814 4187 2086 4256 majorem

461 4273 768 4340 ecclesiam,
820 4273 920 4326 sub
949 4273 1052 4326 hac
1071 4278 1260 4328 tamen
1287 4275 1630 4345 deï¬nitione,
1661 4279 1726 4330 ut
1750 4277 1794 4330 is
1820 4280 1917 4349 qui
1943 4279 2087 4335 hanc

461 4362 676 4433 accepit
719 4361 1188 4431 munificentiam,
1273 4363 1526 4433 ejusdem
1584 4366 1908 4436 quantitatis
1964 4385 2084 4423 rem

2102 3115 2156 3189 C

2165 1869 2541 1940 excogitantes
2581 1865 2961 1920 alienationes.
3005 1860 3164 1924 Quod
3197 1876 3302 1913 nos
3331 1859 3398 1912 de
3459 1861 3673 1912 catero
3711 1857 3802 1926 agi

2165 1962 2550 2034 prohibemus,
2577 1963 2630 2012 et
2654 1973 2758 2028 pro
2785 1972 2850 2010 eo
2868 1956 2990 2026 ipso
3011 1952 3444 2023 conscripsimus
3463 1951 3682 2021 legem.

2235 2056 2460 2109 Dudum
2483 2056 2670 2106 autem
2699 2053 2756 2104 et
2779 2049 2851 2102 ad
2878 2047 3277 2119 emphyteusin
3314 2047 3714 2114 respexerunt,
3749 2047 3804 2096 et

2166 2147 2579 2202 imminuerunt
2597 2143 2900 2215 plurimam
2916 2140 3299 2212 quantitatem
3327 2137 3444 2191 veri
3459 2137 3680 2191 reditus
3701 2135 3808 2188 illis

2167 2241 2268 2313 qui
2295 2237 2692 2310 emphyteusin
2716 2235 3017 2305 accipiunt,
3056 2235 3393 2303 prastantes
3423 2230 3484 2284 hi
3516 2229 3616 2299 qui
3639 2229 3806 2282 rebus

2169 2334 2398 2406 quidem
2425 2329 2788 2386 sanctissima
2815 2327 3045 2398 majoris
3075 2325 3328 2380 ecclesia
3353 2322 3756 2394 prasidebant.

2243 2428 2484 2496 Ideoque
2514 2440 2615 2478 nos
2634 2423 2694 2477 in
2719 2422 2966 2494 quadam
2986 2417 3452 2474 constitutionum
3478 2419 3810 2470 nostrarum

2171 2520 2471 2576 deï¬nimus
2499 2517 2730 2589 quidem
2757 2530 2934 2586 usque
2953 2513 3024 2568 ad
3049 2527 3315 2582 personas
3337 2514 3453 2564 tres
3475 2508 3814 2578 emphyteu-

2173 2614 2258 2668 sin
2297 2612 2442 2680 fieri,
2489 2609 2828 2681 accipientis,
2875 2611 2931 2661 et
2970 2607 3213 2660 duorum
3249 2603 3490 2658 aliorum
3535 2618 3812 2656 successo-

2171 2723 2332 2762 rum:
2367 2705 2472 2760 hoc
2501 2704 2672 2758 etiam
2697 2717 2867 2772 super
2877 2699 3047 2755 rebus
3075 2696 3440 2752 sanctissima
3467 2695 3710 2765 majoris
3731 2711 3810 2748 ec-

2174 2799 2358 2853 clesia
2385 2795 2508 2852 fieri
2537 2795 2944 2866 permittentes,
2993 2807 3108 2845 non
3153 2793 3345 2844 autem
3393 2785 3546 2842 ultra
3595 2793 3808 2842 sextam

2174 2897 2393 2964 partem
2429 2893 2664 2961 propter
2698 2887 2958 2941 fortuitos
3010 2899 3171 2938 casus
3216 2881 3622 2952 emphyteusin
3669 2881 3810 2935 acci-

2173 2985 2394 3057 pientes
2436 2980 2670 3037 relevari
2697 2979 3028 3034 sancientes.
3065 2976 3202 3041 Quia
3229 2991 3364 3030 vero
3406 2974 3718 3029 didicimus
3741 2974 3812 3027 sic

2181 3077 2353 3134 effuse
2399 3080 2454 3131 et
2476 3074 2652 3146 impie
2670 3073 2739 3127 ab
2762 3071 3042 3142 aliquibus
3067 3069 3190 3123 ï¬eri
3227 3069 3588 3134 documenta,
3617 3073 3688 3121 ut
3719 3083 3809 3121 ne-

2181 3187 2290 3243 que
2318 3173 2474 3225 sexta
2503 3167 2855 3237 relinquatur
2873 3162 3242 3218 sanctissima
3262 3161 3510 3216 ecclesia
3537 3177 3694 3231 pars,
3727 3177 3810 3214 re-

2177 3263 2348 3335 liquis
2376 3261 2640 3317 omnibus
2663 3257 3062 3329 emphyteusin
3103 3255 3510 3326 accipientibus
3551 3253 3772 3307 donatis
3799 3269 3811 3306 :

2177 3373 2347 3428 porro
2385 3359 2577 3410 autem
2615 3351 2934 3407 Anastasius
2961 3348 3070 3420 pia
3117 3347 3406 3403 memoria
3437 3351 3597 3418 gesta
3619 3363 3816 3400 monu-

2181 3455 2505 3505 mentorum
2533 3445 2876 3501 constituens
2903 3443 3028 3497 ï¬eri
3057 3458 3228 3512 super
3257 3439 3721 3504 alienationibus,
3739 3439 3814 3492 sic

2180 3547 2246 3598 ut
2273 3541 2442 3598 etiam
2467 3541 2636 3611 hujus
2663 3539 2745 3594 rei
2767 3543 2988 3607 tempus
3013 3535 3370 3605 adjiceretur,
3403 3541 3462 3588 et
3485 3533 3816 3604 emphyteu-

2183 3636 2269 3691 sin
2297 3638 2565 3699 statuens,
2601 3633 2720 3687 sine
2749 3631 2917 3702 gestis
2942 3629 3171 3701 quidem
3195 3644 3376 3698 usque
3417 3627 3490 3682 ad
3527 3627 3708 3682 solam
3735 3625 3812 3677 vi-

2179 3733 2298 3784 tam
2323 3726 2642 3798 accipientis
2669 3724 3086 3795 emphyteusin,
3120 3737 3252 3776 cum
3299 3721 3472 3792 gestis
3511 3727 3710 3774 autem
3759 3719 3812 3772 in

2183 3824 2525 3893 perpetuum
2550 3835 2679 3874 eam
2721 3817 3052 3884 extendens,
3083 3831 3271 3886 neque
3311 3813 3630 3885 perfectam
3667 3812 3812 3874 fecit,

2183 3929 2370 3985 neque
2391 3913 2586 3967 utilem
2611 3913 2816 3982 legem,
2851 3915 2906 3965 et
2927 3909 3176 3979 undique
3204 3907 3624 3978 imperfectam,
3641 3921 3814 3976 usque

2184 4007 2257 4062 ad
2281 4007 2458 4061 solam
2485 4005 2750 4060 dioecesin
2773 3999 3164 4074 patriarchica
3191 4000 3337 4054 sedis
3367 4000 3542 4070 hujus
3569 3997 3814 4053 felicissi-

2185 4116 2296 4154 ma
2341 4098 2575 4154 civitatis
2619 4097 2782 4160 (sicut
2811 4095 3194 4166 praediximus)
3238 4093 3658 4164 legislationem
3701 4095 3810 4144 sta-

2185 4198 2372 4248 tuens.

2255 4285 2365 4339 Nos
2407 4283 2584 4355 igitur
2628 4281 2764 4353 (jam
2801 4281 2954 4335 enim
2995 4279 3066 4335 ad
3091 4281 3280 4352 legem
3319 4277 3666 4334 veniendum
3713 4277 3808 4341 est)

2186 4377 2484 4444 sancimus,
2514 4391 2698 4446 neque
2731 4373 3140 4428 sanctissimam
3167 4373 3338 4444 hujus
3371 4371 3708 4426 felicissima
3738 4369 3808 4422 ci-

458 4457 850 4524 recompenset
888 4455 1256 4510 sanctissima
1295 4457 1496 4526 majori
1534 4459 1781 4512 ecclesia
1801 4461 1930 4530 jure
1959 4479 2084 4532 pro-
2107 4473 2166 4545 D
2187 4471 2371 4526 vitatis
2399 4470 2674 4540 majorem
2699 4467 3011 4535 ecclesiam,
3041 4481 3224 4536 neque
3251 4465 3354 4518 sub
3393 4481 3460 4520 ea
3493 4459 3812 4518 constitutas

458 4547 732 4619 prietatis,
761 4563 830 4601 ex
858 4563 969 4617 qua
993 4548 1170 4618 possit
1206 4549 1472 4604 eumdem
1511 4551 1759 4606 reditum
1805 4555 2088 4610 sanctissi-

461 4655 559 4695 ma
584 4639 811 4694 ecclesia
829 4639 1053 4709 habere,
1076 4645 1354 4710 quantum
1375 4641 1464 4696 ille
1491 4659 1556 4696 ex
1583 4661 1689 4698 usu
1713 4649 1947 4717 accepit,
1969 4654 2093 4720 post

461 4731 821 4805 percipientis
849 4731 1046 4803 utique
1083 4737 1346 4804 mortem,
1389 4739 1487 4790 aut
1521 4737 1817 4793 deï¬nitum
1845 4743 2087 4812 tempus,

461 4837 568 4882 usu
597 4824 854 4880 videlicet
879 4829 935 4880 et
971 4826 1266 4880 usufructu
1287 4827 1431 4882 data
1475 4831 1857 4887 ecclesiastica
1900 4835 1983 4888 rei
2019 4837 2090 4891 ad

464 4918 868 4974 sanctissimam
907 4918 1180 4989 majorem
1220 4920 1510 4975 ecclesiam
1541 4923 1838 4993 redeunte,
1874 4932 1929 4981 et
1953 4928 2090 4984 item

463 5023 570 5066 usu
607 5011 826 5064 donata
873 5011 955 5065 rei
999 5027 1130 5065 cum
1155 5013 1500 5083 proprietate
1525 5016 1890 5074 sanctissima
1921 5021 2090 5077 eccle-

465 5102 564 5158 sia
585 5103 948 5172 vindicando;
979 5103 1148 5158 talem
1177 5121 1423 5176 namque
1455 5111 1802 5164 contractum
1837 5113 1954 5167 sine
1997 5131 2090 5185 pe-

465 5195 644 5250 riculo
675 5211 794 5249 esse
832 5195 992 5266 ponit
1029 5197 1140 5251 lex.
1187 5197 1242 5252 Si
1279 5214 1411 5253 vero
1449 5201 1682 5256 minoris
1721 5204 1892 5258 fuerit
1918 5223 2088 5276 quam

465 5287 618 5360 quod
644 5287 808 5341 datur
825 5304 858 5340 a
881 5289 1230 5344 sanctissima
1242 5291 1472 5346 ecclesia
1489 5293 1632 5348 illud
1650 5297 1802 5366 quod
1825 5313 2089 5370 compen-

464 5383 621 5436 satur
645 5379 698 5434 ei
721 5379 879 5450 cujus
903 5396 1040 5435 mox
1079 5381 1308 5452 quidem
1351 5385 1622 5456 percipiet
1664 5389 2084 5460 proprietatem,

465 5477 652 5546 sperat
668 5477 858 5527 autem
875 5479 928 5528 et
951 5491 1116 5528 usum
1135 5475 1407 5546 accipere,
1423 5478 1714 5534 infirmum
1736 5487 2086 5538 contractum

465 5569 524 5622 et
564 5581 668 5637 pro
693 5581 806 5620 non
831 5565 976 5620 facto
1001 5567 1180 5636 ponit,
1209 5569 1412 5638 datque
1437 5571 1724 5627 licentiam
1753 5575 2084 5631 vindicatio-

463 5659 574 5725 nis,
619 5661 814 5727 utpote
863 5657 1334 5714 circumventione
1359 5667 1553 5717 contra
1587 5664 1684 5734 jus
1719 5669 2086 5724 sanctissima

469 5748 718 5806 ecclesia
755 5748 918 5804 facta.
957 5749 1070 5804 Lex
1096 5750 1285 5819 itaque
1309 5752 1438 5806 talia
1464 5755 1566 5808 sub
1593 5756 1863 5814 brevitate
1891 5762 2084 5817 decer-

2191 4563 2468 4630 ecclesias,
2519 4577 2764 4632 quarum
2807 4559 2927 4630 ipsa
2975 4558 3365 4629 erogationem
3395 4557 3644 4626 suscepit
3665 4555 3814 4620 (sicut

2191 4671 2316 4711 eam
2341 4654 2657 4710 Anastasius
2683 4653 2790 4723 pia
2817 4651 3106 4706 memoria
3131 4651 3540 4720 interpretatus
3567 4649 3692 4716 est),
3728 4661 3816 4698 ne-

2189 4765 2302 4820 que
2326 4749 2460 4802 alias
2469 4763 2667 4803 omnes
2688 4745 2946 4801 ecclesias
2971 4745 3030 4798 in
3051 4745 3154 4798 hac
3179 4741 3502 4798 felicissima
3521 4743 3819 4798 existentes

2190 4841 2428 4911 civitate,
2457 4845 2554 4896 aut
2579 4839 2728 4894 circa
2753 4839 2873 4909 ejus
2899 4837 3162 4904 conï¬nia,
3209 4852 3398 4906 neque
3447 4835 3552 4889 sub
3594 4835 3822 4906 patriar-

2189 4934 2345 4989 chica
2389 4933 2520 4988 sede
2573 4933 2744 5002 hujus
2793 4929 3132 4986 felicissima
3178 4927 3414 4983 civitatis
3477 4927 3818 4988 constitutas,

2188 5041 2432 5098 quarum
2475 5025 2934 5096 metr0politanos
2977 5023 3097 5094 ipse
3139 5021 3380 5089 ordinat,
3427 5037 3618 5092 neque
3655 5021 3822 5076 alium

2187 5119 2370 5174 ullum
2395 5118 2737 5188 ubicunque,
2769 5117 2884 5171 sive
2911 5115 3309 5187 patriarcham,
3343 5112 3460 5167 sive
3489 5113 3820 5184 episcopum

2190 5211 2444 5280 (dicimus
2473 5216 2666 5266 autem
2697 5213 2756 5264 et
2780 5227 2875 5265 eos
2895 5207 2993 5280 qui
3021 5209 3078 5262 in
3106 5205 3350 5272 Osiente,
3368 5209 3427 5258 et
3445 5203 3542 5276 qui
3569 5205 3628 5258 in
3657 5203 3826 5274 Illyri-

2188 5319 2272 5374 co,
2323 5305 2555 5376 insuper
2599 5309 2655 5358 et
2697 5304 2758 5357 in
2793 5303 3056 5374 Egypto,
3104 5303 3160 5354 et
3200 5299 3494 5369 Lycaonia,
3539 5303 3716 5366 atque
3768 5295 3822 5348 in

2187 5397 2370 5468 Lycia,
2414 5403 2470 5452 et
2519 5413 2611 5451 eos
2652 5397 2748 5467 qui
2786 5396 2846 5450 in
2884 5395 3138 5449 Africana
3175 5391 3482 5462 provincia,
3527 5395 3722 5460 atque,
3771 5391 3826 5440 ut

2187 5488 2424 5544 strictim
2465 5489 2735 5556 dicamus,
2783 5501 2888 5559 per
2911 5503 3105 5542 omnes
3131 5488 3338 5539 nostra
3369 5483 3603 5538 ditionis
3627 5487 3822 5542 terras,

2185 5597 2424 5650 necnon,
2457 5583 2554 5652 qui
2579 5583 2638 5636 in
2669 5581 2966 5658 Occidente
2993 5583 3140 5645 sunt,
3169 5579 3282 5632 Deo
3306 5575 3581 5631 amabiles
3609 5573 3822 5644 episco-

2183 5689 2285 5745 pos
2312 5675 2382 5730 ab
2409 5675 2531 5746 ipsa
2563 5675 2780 5730 seniore
2807 5675 2983 5728 Roma
3007 5687 3187 5743 usque
3211 5669 3286 5725 ad
3311 5671 3602 5724 Oceanum
3643 5665 3822 5721 consi-

2185 5767 2452 5822 stentium
2475 5767 2954 5824 sanctissimarum
2970 5765 3416 5821 orthodoxarum
3433 5760 3820 5824 ecclesiarum)
