4054 6186
210 339 308 389 9-H

1085 335 1443 389 JL’STINIANI
1482 335 1808 388 NUVI‘JLIA‘L
1855 333 2185 386 SELI‘IUTA'J.
2227 333 2534 387 NUVELLA
2574 334 2681 387 ΥΠ.

3457 340 3558 392 942

205 458 399 512 neque
446 440 694 510 aliquem
732 441 1148 510 xenodochum,
1188 448 1286 496 aut
1327 441 1829 512 ptochotrophum,
1853 453 2022 524 Ares
2059 455 2092 492 a
2130 440 2527 494 communibus
2567 456 2630 493 ac
2664 438 2916 509 publicis,
2949 439 3406 511 quandoquidem
3435 460 3555 496 om-

199 540 305 588 aut
330 551 718 603 nosocomum,
746 540 843 588 aut
880 535 1430 604 orphanotrophum,
1459 537 1557 587 aut
1583 533 1829 603 brepho-

203 628 373 698 troph
384 645 499 693 um,
518 634 615 681 aut
637 632 1121 698 gerontocomum,
1138 633 1234 681 aut
1253 627 1724 680 monasteriorum
1742 626 1835 694 (vi-

201 737 408 774 rorum
449 721 534 774 vel
579 720 899 788 mulierum)
929 720 1190 774 abbatem
1221 737 1322 774 seu
1351 719 1714 786 abbatissam,
1737 724 1835 773 aut

199 813 518 883 quemlibet
544 813 779 866 omnino
807 813 1203 882 praesidentem
1231 812 1644 866 venerabilibus
1671 812 1832 866 colle-

204 905 339 975 giis,
371 905 655 959 licentiam
683 906 888 960 habere
914 906 1156 960 alienare
1187 921 1308 959 rem
1333 905 1704 971 immobilem,
1737 909 1834 958 aut

198 998 265 1051 in
294 998 570 1066 domibus,
601 1002 700 1052 aut
734 999 794 1051 in
821 999 992 1068 agris,
1026 1001 1122 1051 aut
1146 999 1204 1051 in
1237 998 1440 1066 hortis,
1471 1003 1570 1052 aut
1594 998 1830 1052 omnino

200 1091 266 1144 in
297 1091 618 1161 hujusmodi
638 1091 1063 1159 consistentem,
1097 1108 1282 1161 neque
1322 1091 1594 1145 rusticum
1614 1091 1828 1144 manci-

203 1183 389 1254 pium,
419 1200 600 1255 neque
618 1184 840 1238 civilem
857 1201 1160 1252 annonam,
1187 1200 1290 1238 nec
1311 1200 1413 1254 per
1437 1183 1691 1254 specialis
1711 1183 1832 1255 pig-

203 1273 362 1326 noris
383 1272 735 1326 occasionem
759 1273 975 1326 tradere
1011 1273 1400 1326 creditoribus.

278 1365 646 1419 Alienationis
673 1370 862 1419 autem
895 1381 1106 1419 nomen
1135 1365 1452 1436 generalius
1481 1364 1608 1419 ideo
1634 1364 1826 1435 posui-

198 1474 351 1526 mus,
382 1463 439 1511 ut
467 1458 864 1527 prohibeamus
891 1463 948 1512 et
973 1457 1354 1512 venditionem
1381 1463 1438 1511 et
1463 1457 1829 1511 donationem

198 1556 258 1604 et
287 1551 785 1620 computationem,
816 1556 871 1605 et
899 1551 957 1604 in
999 1555 1334 1620 perpetuum
1362 1555 1656 1604 extensam
1703 1567 1825 1604 em-

199 1644 528 1714 phyteusin,
558 1660 685 1712 qua:
710 1660 825 1697 non
856 1645 1050 1712 procul
1077 1643 1146 1696 ab
1171 1643 1514 1697 alienatione
1551 1643 1823 1711 consistit,

201 1736 302 1789 sed
330 1752 526 1789 omnes
571 1735 780 1806 ubique
815 1736 1123 1790 sacerdotes
1158 1735 1228 1788 ab
1262 1735 1586 1805 hujusmodi
1613 1736 1824 1790 aliena-

1933 531 2092 585 nium
2111 548 2305 585 rerum
2319 532 2680 586 sanctissimis
2693 532 2938 586 ecclesiis
2950 531 3298 588 abundantia
3313 538 3369 589 et
3383 538 3558 590 status

1934 640 2002 679 ex
2033 624 2425 695 imperialibus
2453 624 2853 680 muniﬁcentiis
2899 631 3172 696 perpetuo
3207 627 3552 698 praebeatur.

1931 718 2232 772 Alterutris
2257 718 2452 788 itaque
2477 723 2921 788 compensantes,
2952 735 3079 789 quae
3100 720 3318 787 decent,
3350 737 3465 776 non
3486 721 3556 776 ab

1933 809 2213 880 aliquibus
2231 810 2364 880 jure
2388 810 2791 882 culpabuntur.
2811 810 2990 864 Aliam
3015 827 3146 866 vero
3163 828 3410 881 omnem,
3439 815 3554 869 sive

1931 902 2001 956 ad
2027 902 2217 973 ipsum
2243 903 2568 974 imperium,
2599 903 2711 958 sive
2727 903 2798 958 ad
2827 904 2996 958 aliam
3016 920 3413 975 quamcunque
3431 922 3554 976 per-

1933 1011 2134 1049 sonam
2163 997 2387 1065 fectam,
2422 997 2535 1050 sive
2572 996 2952 1051 venditionem
2999 997 3114 1052 sive
3157 998 3555 1069 emphyteusin

1930 1091 2263 1158 perpetuam
2293 1089 2525 1144 omnino
2563 1089 2917 1161 perimimus.
2959 1089 3064 1145 Sed
3098 1106 3282 1161 neque
3308 1091 3554 1146 donatio-

1930 1195 2084 1248 nem,
2115 1180 2227 1235 sive
2254 1183 2750 1251 permutationem,
2780 1182 2894 1236 sive
2928 1180 3215 1236 dationem
3259 1183 3553 1254 cujusdam

1929 1272 2185 1343 pignoris
2208 1274 2268 1327 in
2292 1290 2353 1328 re
2377 1274 2657 1328 immobili
2674 1275 2880 1329 factam
2907 1275 3197 1330 occasione
3218 1281 3550 1331 mutuorum

1928 1365 2050 1419 ﬁeri
2074 1365 2329 1420 sinimus.
2359 1367 2426 1420 Et
2452 1367 2573 1422 hac
2598 1368 2782 1422 valere
2808 1367 3066 1422 volumus
3095 1367 3154 1422 in
3185 1369 3341 1422 omni
3371 1370 3545 1424 eccle-

1928 1458 2028 1527 sia,
2059 1459 2329 1530 omnique
2361 1461 2727 1527 monasterio,
2761 1465 2816 1514 et
2844 1460 3188 1529 nosocomio,
3219 1465 3274 1515 et
3297 1463 3548 1516 xenodo-

1928 1551 2074 1618 chio,
2092 1553 2149 1606 et
2165 1551 2614 1622 brephotrophio
2641 1556 2698 1608 et
2715 1553 2999 1623 asceterio,
3016 1556 3072 1607 et
3103 1555 3546 1624 gerontocomio,

1927 1646 1984 1697 et
2005 1643 2160 1697 omni
2185 1643 2437 1697 absolute
2471 1645 2728 1715 collegio,
2761 1645 2914 1715 quod
2939 1644 3084 1699 actio
3109 1645 3205 1716 pia
3233 1646 3542 1711 constituit,

1925 1736 2082 1790 nullo
2108 1736 2332 1806 penitus
2358 1736 2568 1791 horum
2593 1737 2842 1807 accipere
2862 1737 3076 1808 aliquid
3106 1737 3176 1791 ab
3205 1737 3283 1791 eis
3303 1738 3545 1794 valente.

200 1828 362 1882 tione
391 1829 774 1898 prohibemus,
804 1829 1121 1884 subdendos
1154 1829 1354 1898 poenis,
1391 1828 1596 1898 quibus
1629 1829 1828 1882 Leonis
1847 1821 1904 1892 B
1929 1829 2084 1882 Unde
2128 1845 2310 1899 neque
2353 1830 2749 1885 constitutione
2776 1829 3052 1884 Anastasii
3081 1829 3222 1883 divae
3251 1830 3547 1886 memoriae

200 1919 314 1990 piae
336 1921 624 1974 memoriae
648 1938 743 1975 usa
768 1925 851 1975 est
869 1921 1190 1976 constitutio
1220 1938 1233 1974 :
1264 1921 1420 1974 illam
1446 1938 1692 1991 namque
1725 1938 1828 1991 per

201 2013 395 2067 omnia
421 2015 604 2069 valere
632 2021 686 2068 et
717 2020 896 2069 ratam
921 2032 1040 2068 esse
1067 2015 1370 2069 sancimus.
1413 2016 1691 2068 Praeterea
1721 2031 1824 2067 au-

200 2108 319 2160 tem
363 2107 757 2176 proposuimus
799 2111 855 2161 et
893 2107 1248 2176 protulimus,
1292 2112 1347 2161 et
1391 2107 1824 2177 conscripsimus

196 2198 348 2252 hanc
373 2199 557 2269 legem
585 2216 698 2252 non
729 2206 967 2270 paterna
995 2216 1150 2267 voce,
1187 2199 1284 2252 sed
1315 2199 1418 2253 hac
1449 2200 1740 2254 communi
1770 2203 1826 2252 et

197 2292 412 2360 Graeca,
441 2295 505 2345 ut
527 2293 789 2346 omnibus
807 2292 880 2346 sit
908 2298 1040 2346 nota
1058 2294 1290 2363 propter
1307 2293 1528 2346 facilem
1548 2293 1827 2363 interpre-

199 2384 492 2438 tationem.

274 2476 434 2539 Quod
464 2476 651 2547 itaque
664 2477 782 2547 jam
812 2477 1102 2547 praeteriit,
1121 2477 1516 2547 relinquimus.
1551 2478 1693 2531 Nam
1718 2478 1821 2532 do-

199 2575 462 2622 cumenta
501 2573 619 2622 tam
662 2568 830 2639 longo
877 2569 946 2621 ab
993 2569 1123 2623 hinc
1154 2573 1408 2640 tempore
1449 2570 1594 2625 facta
1636 2571 1823 2626 denuo

195 2677 582 2730 commovere,
603 2663 798 2715 multae
818 2662 925 2716 erit
941 2662 1430 2733 tergiversationis.
1448 2664 1820 2734 Quapropter,

199 2770 333 2824 quae
356 2771 529 2825 usque
559 2755 666 2808 huc
692 2756 961 2809 hactenus
988 2760 1228 2824 exstant,
1256 2756 1548 2826 proprium
1579 2757 1825 2810 habeant

196 2847 479 2916 vigorem,
512 2848 580 2902 de
607 2852 808 2901 caetero
835 2852 1024 2902 autem
1053 2865 1281 2902 omnem
1308 2849 1710 2902 alienationem
1730 2847 1818 2902 in-

196 2938 547 3008 terdicimus,
576 2940 873 3010 praedictas
905 2940 982 2994 eis
1009 2957 1201 3010 poenas
1230 2941 1608 3011 imponentes.

274 3033 343 3086 Ut
369 3038 558 3087 autem
583 3033 674 3087 lex
703 3033 772 3087 ad
802 3033 1067 3087 humanae
1097 3039 1314 3088 naturae
1343 3034 1670 3089 varietatem
1700 3050 1823 3104 per-

193 3130 449 3193 maneat,
490 3131 545 3179 et
573 3126 645 3179 ad
673 3125 728 3180 id
763 3127 913 3196 quod
955 3143 1176 3196 semper
1203 3127 1358 3180 venit
1383 3127 1816 3196 accommodata,

192 3233 303 3288 per
333 3217 525 3271 omnia
563 3218 796 3273 immota
837 3223 1176 3289 permaneat
1201 3219 1354 3289 (quid
1383 3219 1534 3273 enim
1564 3235 1682 3274 esse
1716 3237 1818 3290 po-

118 3331 120 3333 ‘
192 3311 308 3364 test
349 3311 546 3365 stabile
589 3311 740 3366 inter
781 3311 1038 3365 homines
1069 3317 1126 3365 et
1165 3312 1474 3379 immobile,
1515 3318 1575 3368 ut
1603 3313 1818 3366 nullam

191 3403 444 3474 patiatur
472 3405 860 3473 mutationem,
887 3422 1014 3458 cum
1056 3405 1236 3458 omnis
1275 3409 1467 3460 noster
1506 3410 1682 3460 status
1716 3405 1818 3458 sub

192 3501 474 3567 perpetuo
501 3503 658 3552 motu
687 3498 954 3552 consistat
977 3499 1036 3566 Τ)
1069 3497 1448 3553 necessarium
1473 3497 1817 3552 existimavi-

192 3604 348 3657 mus,
371 3591 637 3660 quasdam
655 3592 1014 3662 exceptiones
1041 3591 1176 3645 dare
1202 3591 1337 3661 legi,
1368 3607 1495 3644 cum
1522 3591 1716 3645 multis
1742 3590 1820 3644 vi-

195 3680 351 3752 giliis
379 3687 435 3735 et
461 3682 768 3738 subtilitate
797 3684 1146 3752 adinventas,
1174 3688 1239 3737 ut
1263 3699 1354 3737 eas
1383 3683 1596 3738 habens
1625 3684 1685 3738 in
1712 3701 1814 3738 au-

192 3774 336 3830 xilio
359 3774 469 3844 lex,
500 3793 862 3847 nequaquam
883 3784 1190 3832 moveatur.

270 3868 516 3923 Sinimus
541 3887 676 3941 ergo
711 3871 971 3942 imperio,
1003 3871 1049 3924 si
1079 3888 1188 3942 qua
1213 3871 1528 3926 communis
1568 3887 1818 3927 commo-

195 3960 343 4016 ditas
363 3967 462 4030 est,
478 3967 536 4017 et
548 3979 715 4017 causa
733 3965 802 4018 ad
818 3964 1116 4018 utilitatem
1142 3964 1462 4034 reipublicae
1482 3964 1814 4036 respiciens,

195 4060 254 4108 et
292 4054 463 4109 talem
509 4057 740 4127 exigens
784 4058 1189 4127 possessionem
1225 4057 1464 4127 alicujus
1513 4058 1816 4114 immobilis

192 4146 301 4216 rei,
333 4149 556 4217 qualem
583 4149 1005 4219 proposuimus,
1028 4151 1172 4204 hanc
1205 4149 1256 4204 ei
1284 4166 1316 4204 a
1345 4133 1711 4205 sanctissimis
1731 4167 1817 4206 ec-

191 4239 399 4308 clesiis,
428 4245 482 4294 et
498 4241 729 4312 reliquis
747 4243 1157 4298 venerabilibus
1177 4243 1444 4298 domibus
1465 4249 1522 4299 et
1541 4245 1811 4316 collegiis,

188 4331 483 4402 percipere
507 4333 692 4403 licere,
719 4335 968 4406 undique
997 4336 1164 4391 sacris
1185 4335 1446 4391 domibus
1473 4336 1813 4391 indemnita-

185 4428 244 4478 te
272 4430 509 4495 servata,
541 4429 1018 4498 recompensanda
1043 4446 1106 4483 re
1125 4429 1204 4484 eis
1229 4430 1298 4483 ab
1320 4445 1389 4483 eo
1411 4429 1510 4500 qui
1536 4428 1807 4500 percepit,

1928 1921 2160 1975 ulterius
2187 1939 2328 1992 opus
2362 1923 2486 1991 erit,
2518 1939 2702 1993 neque
2755 1922 3062 1977 secundum
3098 1923 3251 1977 illam
3287 1923 3548 1978 facienda

1927 2013 2147 2068 decreta
2172 2019 2500 2070 memoratas
2525 2013 2948 2070 observationis.
2973 2017 3097 2086 Ipsa
3113 2015 3269 2070 enim
3293 2016 3377 2070 rei
3397 2015 3549 2086 prin-

1926 2105 2072 2176 cipia
2086 2108 2448 2176 perimentes,
2473 2112 2527 2162 et
2541 2108 2903 2178 prohibentes
2919 2109 3069 2179 quod
3083 2107 3164 2175 ﬁt,
3189 2125 3548 2180 nequaquam

1923 2201 2367 2268 perscrutatione
2395 2201 2659 2270 deinceps
2688 2199 3091 2271 indigebimus.

1995 2292 2654 2362 Emphyteusinxautem,
2688 2293 2801 2347 sive
2841 2293 2900 2346 in
2944 2293 3291 2348 sanctissima
3331 2293 3546 2364 majore

1925 2385 2169 2454 ecclesia,
2198 2386 2311 2440 sive
2331 2386 2389 2440 in
2406 2387 2670 2440 omnibus
2685 2386 2916 2456 reliquis
2935 2387 3238 2440 adorandis
3259 2387 3543 2457 domibus,

1922 2477 2045 2531 ﬁeri
2071 2478 2328 2547 sinimus,
2357 2483 2411 2532 et
2439 2479 2498 2532 in
2519 2495 2762 2549 persona
2787 2478 3129 2548 accipientis,
3150 2484 3206 2532 et
3234 2479 3294 2532 in
3323 2478 3546 2533 duobus

1923 2569 2175 2639 ejusdem
2217 2587 2472 2641 personae
2513 2571 2840 2625 haai'edibus
2867 2570 3150 2640 deinceps,
3178 2570 3308 2624 ﬁliis
3333 2571 3542 2626 dunta-

1923 2667 2018 2715 xat
2045 2663 2176 2716 solis
2204 2664 2469 2718 masculis
2493 2667 2592 2718 aut
2613 2663 2856 2731 feminis,
2885 2669 2982 2717 aut
3005 2663 3302 2733 nepotibus
3330 2664 3543 2718 utrius-

1922 2770 2032 2824 que
2081 2771 2266 2822 sexus,
2305 2761 2403 2810 aut
2427 2772 2622 2824 uxore,
2663 2760 2760 2809 aut
2789 2756 2925 2823 viro,
2959 2755 3005 2808 si
3042 2756 3149 2809 hoc
3186 2755 3442 2810 videlicet
3473 2757 3542 2810 de

1922 2863 2098 2900 uxore
2124 2850 2222 2900 aut
2248 2847 2386 2916 viro,
2414 2848 2724 2918 expressim
2761 2847 3120 2915 nominetur;
3150 2847 3401 2918 alioquin
3428 2864 3544 2902 non

1921 2939 2158 2994 transire
2186 2940 2259 2993 ad
2283 2940 2527 3011 aliquem
2553 2941 2794 2994 alterum
2822 2939 3130 3006 haeredem,
3157 2940 3253 2995 sed
3281 2957 3455 3011 usque
3474 2941 3544 2995 ad

1921 3033 2096 3085 solam
2125 3033 2295 3086 vitam
2327 3032 2758 3104 percipientium
2802 3033 3089 3099 standum,
3118 3032 3227 3086 nisi
3268 3033 3410 3086 ﬁlios
3447 3039 3546 3088 aut

1920 3129 2151 3194 nepotes
2177 3125 2500 3179 habuerint.
2529 3125 2705 3179 Aliter
2728 3128 2921 3179 autem
2946 3125 3170 3194 penitus
3197 3125 3540 3196 emphyteu-

1919 3217 2006 3271 sin
2031 3217 2123 3288 agi
2143 3217 2530 3272 ecclesiasticae
2559 3218 2872 3288 cujusdam,
2905 3221 3003 3271 aut
3022 3216 3295 3287 ptochicaa
3316 3217 3400 3271 rei
3428 3218 3537 3272 im-

1917 3310 2159 3376 mobilis,
2198 3315 2295 3364 aut
2335 3311 2607 3381 mancipii
2657 3310 2871 3379 rustici,
2916 3315 3016 3364 aut
3056 3309 3230 3363 civilis
3279 3326 3539 3377 annonae,

1917 3404 2072 3456 nullo
2086 3404 2255 3458 modo
2283 3403 2681 3473 permittimus,
2710 3418 2892 3472 neque
2919 3401 3068 3472 quod
3089 3401 3171 3468 ﬁt,
3191 3401 3417 3472 aliquod
3442 3419 3540 3474 pe-

1916 3495 2070 3550 nitus
2099 3496 2272 3550 robur
2300 3495 2509 3550 habere
2536 3494 2794 3549 sinimus.

1987 3588 2129 3651 Quia
2157 3604 2287 3643 vero
2316 3587 2512 3642 Leonis
2532 3587 2762 3657 quidem
2789 3586 2896 3657 pias
2925 3585 3234 3654 memoriae,
3262 3585 3535 3642 constitu-

1916 3683 1995 3737 tio
2019 3683 2122 3736 sub
2147 3682 2300 3736 nulla
2323 3680 2550 3753 penitus
2569 3679 2956 3734 deminutione
2971 3679 3092 3734 dari
3120 3696 3238 3734 rem
3256 3681 3540 3736 ecclesias-

1914 3776 2085 3831 ticam
2115 3775 2366 3843 sancivit,
2398 3790 2502 3828 nos
2528 3778 2718 3828 autem
2743 3773 2802 3826 in
2817 3773 2924 3826 alia
2953 3773 3351 3829 constitutione
3377 3791 3412 3828 a
3440 3791 3539 3828 no-

1914 3869 2000 3924 bis
2026 3869 2255 3939 scripta,
2291 3871 2505 3921 sextam
2547 3855 2727 3920 solum
2757 3865 2936 3936 excipi
2981 3883 3149 3937 super
3171 3867 3534 3939 emphyteusi

1917 3961 2272 4030 sancivimus,
2314 3959 2639 4030 hujusmodi
2683 3959 2987 4029 quemdam
3018 3957 3424 4016 deminutionis
3447 3961 3535 4016 rei

1915 4055 2172 4110 ordinem
2209 4054 2426 4127 damus,
2459 4057 2525 4107 ut
2553 4057 2843 4123 quaeratur
2884 4068 3014 4106 cum
3038 4053 3192 4107 omni
3224 4054 3454 4110 veritate
3479 4061 3534 4110 et

1914 4148 2220 4203 subtilitate
2260 4147 2460 4218 pensio
2498 4162 2696 4200 eorum
2745 4162 2874 4215 quae
2915 4145 3140 4214 dantur,
3170 4162 3242 4199 an
3265 4150 3420 4200 tanta
3463 4145 3536 4201 sit

1913 4241 2216 4313 quantatab
2243 4241 2401 4295 initio
2428 4239 2618 4307 fuerit,
2645 4237 2874 4309 quando
2913 4238 2982 4291 ad
3008 4228 3417 4293 sanctissimam
3442 4255 3529 4293 ve-

1910 4335 1996 4389 nit
2018 4333 2326 4398 ecclesiam,
2362 4338 2418 4386 et
2435 4333 2599 4386 detur
2618 4329 3002 4400 emphyteusis
3027 4329 3231 4383 talibus
3248 4330 3525 4400 personis,

1909 4429 2100 4500 quales
2125 4428 2341 4481 dudum
2369 4424 2632 4479 diximus.
2659 4423 2813 4476 Tunc
2859 4421 3015 4474 enim
3054 4426 3271 4476 sextam
3307 4427 3528 4493 partem

187 4532 356 4587 aqua
382 4523 480 4572 aut
507 4519 676 4573 etiam
712 4522 946 4590 majore,
979 4538 1146 4592 quam
1175 4522 1303 4577 data
1329 4527 1430 4577 est.
1469 4521 1616 4585 Quid
1655 4521 1806 4576 enim
1827 4543 1884 4614 D
1906 4534 2037 4572 cum
2065 4512 2492 4586 scrupulositate
2522 4509 2914 4614 imputandam
2943 4509 3324 4614 concedimus.
3354 4510 3411 4564 Si
3437 4527 3528 4566 ve-

186 4614 454 4664 censetur
476 4612 804 4683 imperator,
832 4630 903 4668 ne
933 4616 1162 4669 meliora
1192 4616 1305 4682 det,
1335 4613 1423 4669 cui
1447 4615 1691 4685 plurima
1719 4615 1809 4670 de-

184 4701 273 4756 dit
299 4703 506 4759 habere
535 4707 696 4776 Deus,
728 4710 786 4761 et
814 4708 1124 4763 multorum
1149 4708 1447 4763 dominum
1479 4723 1622 4775 esse,
1655 4713 1712 4763 et
1741 4713 1807 4762 ut

184 4795 349 4849 facile
389 4797 519 4853 dare
549 4802 751 4868 potest,
781 4805 838 4854 et
861 4801 1105 4856 maxime
1134 4800 1192 4855 in
1228 4800 1594 4856 sanctissimis
1638 4801 1808 4856 eccle-

184 4888 306 4957 siis,
331 4889 388 4943 in
409 4891 612 4960 quibus
639 4893 820 4947 omnis
846 4894 1178 4949 donatarum
1199 4895 1278 4950 eis
1298 4911 1490 4950 rerum
1517 4895 1804 4951 immensi-

184 4985 272 5035 tas
312 4983 522 5052 optima
551 5001 814 5041 mensura
840 4992 924 5043 est
958 4988 985 5042 ?
1019 4988 1175 5042 Unde
1203 4982 1248 5042 si
1281 4985 1413 5058 quid
1463 4989 1575 5043 tale
1600 4988 1716 5055 ﬁat,
1748 4992 1806 5042 et

181 5077 536 5146 pragmatica
582 5081 914 5148 processerit
956 5081 1152 5150 forma,
1193 5082 1521 5153 praecipiens
1559 5080 1801 5152 imperio

183 5167 322 5222 dare
346 5170 559 5240 aliquid
587 5173 786 5227 talium
816 5191 1025 5244 rerum,
1055 5179 1111 5229 et
1135 5175 1644 5246 recompensaverit
1668 5190 1801 5228 mox

179 5277 309 5316 rem
327 5263 636 5334 meliorem,
659 5270 717 5321 et
737 5267 1076 5337 uberiorem,
1101 5273 1156 5323 et
1178 5269 1480 5335 utiliorem,
1504 5267 1575 5322 sit
1597 5284 1659 5322 ea
1681 5283 1803 5338 per-

177 5353 424 5408 mutatio
453 5355 634 5426 ﬁrma,
656 5363 711 5413 et
737 5359 795 5413 hi
814 5360 912 5429 qui
935 5359 1235 5431 praesident
1255 5360 1536 5427 domibus,
1561 5375 1801 5430 quarum

179 5450 269 5501 est
292 5448 442 5517 quod
477 5450 773 5521 alienatur,
795 5455 853 5506 et
887 5453 983 5524 qui
1008 5453 1209 5508 talibus
1232 5453 1629 5508 administrant
1656 5453 1802 5507 litte-

177 5539 281 5607 ris,
304 5540 423 5596 sine
441 5545 670 5614 querela
689 5544 932 5616 undique
950 5547 1080 5614 sint,
1103 5547 1318 5601 nullam
1351 5548 1669 5601 metuentes
1690 5561 1802 5616 pa:-

177 5655 407 5707 narum,
437 5657 565 5712 quae
592 5659 625 5697 a
653 5643 836 5698 Leone
869 5645 975 5716 piae
1005 5644 1293 5700 memoriae
1327 5643 1795 5711 interminantur,

179 5737 240 5788 et
255 5750 290 5786 a
309 5733 473 5788 nobis
499 5734 734 5791 ﬁrmatae
751 5743 897 5792 sunt.
922 5739 1119 5810 Utique
1156 5754 1287 5793 cum
1307 5754 1414 5792 nec
1433 5737 1678 5792 multum
1699 5736 1803 5791 dif-

176 5825 370 5882 ferant
382 5827 452 5882 ab
467 5828 741 5885 alterutro
755 5833 1125 5888 sacerdotium
1141 5836 1198 5888 et
1215 5831 1538 5902 imperium,
1559 5834 1615 5887 et
1627 5847 1802 5886 sacrae

1907 4628 1971 4667 ro
1998 4609 2178 4664 minui
2208 4604 2511 4676 contigerit
2532 4619 2634 4674 per
2661 4601 2966 4672 quamdam
2995 4601 3367 4657 calamitatem
3391 4620 3526 4674 pen-

1905 4705 2142 4771 sionem,
2171 4699 2340 4754 autin
2361 4703 2545 4753 totum
2563 4701 2698 4751 tunc
2719 4697 3073 4749 constantem
3089 4694 3418 4765 pensionem
3438 4713 3525 4752 ac-

1905 4798 2092 4869 cipiat,
2105 4795 2205 4866 qui
2225 4789 2617 4863 emphyteusin
2635 4788 2824 4843 subire
2846 4788 2985 4856 vult,
3003 4791 3100 4842 aut
3118 4787 3345 4858 penitus
3356 4789 3526 4845 abstio

1905 4896 2053 4959 neat,
2075 4904 2206 4944 cum
2220 4887 2384 4941 liceat
2398 4885 2614 4939 elocare
2629 4881 2815 4953 potius
2835 4897 3008 4952 quam
3023 4880 3163 4934 tales
3180 4880 3521 4937 deminutio-

1905 5001 2004 5041 nes
2023 4984 2082 5038 in
2110 4977 2464 5052 emphyteusi
2485 4976 2786 5032 celebrare.
2810 4973 2866 5029 Si
2886 4989 3018 5027 vero
3037 4972 3273 5042 alicuius
3291 4975 3519 5030 ecclesi.

1901 5077 2054 5132 astici
2068 5071 2373 5129 suburbani
2384 5069 2586 5141 praedii
2601 5065 2982 5138 emphyteusis
2993 5065 3177 5131 detur,
3196 5065 3386 5136 qualia
3400 5068 3523 5138 plu-

1901 5171 2068 5240 rima,
2096 5167 2341 5223 maxime
2366 5164 2425 5218 in
2452 5163 2557 5217 hac
2583 5159 2847 5215 novimus
2867 5156 3187 5212 felicissima
3206 5158 3517 5217 consistere

1902 5264 2148 5325 civitate,
2166 5261 2344 5315 multo
2361 5256 2591 5328 quidem
2607 5253 2779 5322 digna
2797 5249 2999 5321 pretio,
3016 5265 3213 5319 parvas
3237 5266 3371 5307 vero
3392 5253 3518 5308 red-

1901 5357 2091 5412 dentia
2116 5354 2434 5427 pensiones,
2456 5352 2554 5402 aut
2582 5344 2726 5399 nihil
2762 5341 3102 5414 pensionum
3138 5344 3371 5399 omnino
3401 5362 3516 5400 non

1901 5470 1970 5509 ex
1994 5449 2265 5506 reditibus
2289 5441 2478 5499 metiri
2499 5435 2914 5510 emphyteusin,
2951 5435 3048 5490 sed
3073 5437 3352 5492 aestimare
3378 5438 3511 5492 sub-

1898 5545 2183 5602 urbanum
2224 5535 2520 5601 subtiliter,
2567 5537 2625 5586 et
2662 5529 2908 5602 reputari
2950 5545 3016 5584 ex
3049 5530 3234 5600 pretio
3285 5530 3514 5584 redacto

1901 5637 2114 5694 reditus
2157 5628 2450 5704 possibiles
2476 5627 2535 5680 in
2570 5623 2771 5697 viginti
2804 5622 2965 5676 annis
3006 5620 3340 5691 computari,
3374 5623 3432 5674 et
3454 5619 3517 5675 in

1899 5729 2173 5787 reditibus
2183 5721 2496 5780 secundum
2514 5720 2622 5774 hoc
2635 5715 2969 5788 computatis
2985 5713 3077 5782 agi
3093 5712 3514 5782 emphyteusin,

1899 5841 2016 5881 non
2042 5824 2335 5895 perpetuo,
2357 5815 2454 5872 sed
2476 5814 2538 5870 in
2568 5829 2701 5870 eum
2724 5810 2822 5881 qui
2845 5804 3104 5880 percipit,
3127 5805 3184 5859 et
3202 5804 3340 5860 duas
3361 5819 3432 5861 ex
3449 5820 3520 5863 eo
