4054 6186
473 330 573 385 943

1599 323 1850 379 ὃᾹΞΟυΙΛ
1889 321 2079 378 SEXTl
2117 315 2672 378 SUPPLEMENTUM.

3719 317 3826 372 944

471 435 866 505 successiones,
899 437 956 490 et
977 431 1098 488 viro
1125 437 1181 487 et
1204 431 1367 487 uxori
1395 430 1558 501 (sicut
1598 431 1980 502 praediximus)
2009 431 2094 485 fa-
2117 443 2176 516 Α
2195 431 2406 486 factum
2435 434 2518 485 est
2541 428 2672 497 tale,
2717 426 2932 481 nullam
2968 423 3362 480 necessitatem
3407 440 3528 479 esse
3555 440 3822 478 reveren-

475 529 751 584 ciendam.

545 622 698 678 Scire
717 625 906 675 autem
927 619 1324 690 emphyteutas
1343 618 1622 685 convenit,
1649 617 1782 687 quia
1799 617 1844 671 si
1865 616 1923 671 in
1943 617 2100 672 bien-

475 715 570 769 nio
596 713 862 767 continuo
889 727 1004 765 non
1034 711 1368 765 exsolverint
1411 711 1898 782 emphyteuticum
1929 727 2096 764 cano-

474 822 607 861 nem
635 805 758 870 (hoc
782 802 934 857 enim
969 809 1192 874 tempus
1223 821 1326 873 pro
1353 803 1600 857 triennio
1629 803 1870 856 aliorum
1909 803 2095 856 homi-

471 913 610 952 num
621 895 875 950 suflicere
891 895 960 949 ad
977 912 1174 950 casum
1185 895 1692 950 ecclesiasticarum
1708 901 1807 949 aut
1821 895 2100 965 ptochica-

471 1005 600 1042 rum
623 988 1068 1058 emphyteuseon
1095 1005 1196 1058 pro
1223 1005 1336 1042 non
1354 989 1534 1041 soluto
1559 1003 1774 1041 canone
1791 987 2094 1058 ponimus),

471 1081 610 1134 ﬁent
637 1079 870 1134 omnino
918 1081 1173 1135 extranei
1202 1081 1724 1151 emphyteumatos,
1765 1086 1821 1134 et
1857 1080 2096 1135 volenti-

471 1174 577 1228 bus
621 1173 936 1244 praepositis
977 1177 1300 1227 sanctarum
1343 1174 1618 1227 domuum
1661 1174 1854 1228 licebit
1883 1174 2098 1243 praedia

471 1271 570 1322 aut
598 1267 802 1321 domus
848 1266 1148 1334 vindicare,
1183 1267 1394 1319 nullam
1425 1267 1806 1320 metuentibus
1835 1267 2096 1320 meliora-

473 1359 695 1413 tionum
719 1357 1128 1428 repetitionem.
1177 1359 1285 1413 Sed
1311 1359 1592 1428 siquidem
1631 1359 1877 1413 deterius
1902 1357 2100 1414 fecerit

473 1451 776 1522 praedium,
806 1453 904 1503 aut
917 1449 1326 1518 suburbanum,
1347 1455 1444 1504 aut
1462 1451 1718 1518 domum,
1751 1452 1848 1522 qui
1868 1452 2100 1521 emphy-

475 1543 660 1598 teusin
689 1541 958 1613 percepit,
999 1541 1122 1612 cogi
1153 1559 1286 1596 eum
1315 1543 1384 1598 de
1411 1560 1512 1596 suo
1537 1544 1888 1614 diligentiam
1913 1561 1976 1597 ac
2005 1561 2096 1598 re-

478 1636 826 1690 stitutionem
851 1635 1018 1705 prisci
1037 1639 1212 1688 status
1231 1635 1438 1704 facere,
1459 1636 1886 1706 obligatumque
1904 1636 1975 1690 ad
1995 1637 2099 1690 hoc

476 1743 596 1783 esse
626 1733 682 1782 et
705 1729 910 1799 ipsum,
943 1731 1000 1782 et
1025 1727 1274 1782 haeredes
1307 1728 1449 1798 ejus,
1479 1735 1536 1783 et
1557 1745 1921 1797 successores,
1947 1729 2096 1799 ejus-

477 1837 588 1892 que
615 1837 724 1890 res,
747 1821 978 1890 insuper
1003 1823 1060 1875 et
1096 1819 1314 1875 debitos
1344 1837 1542 1876 omnes
1569 1821 1782 1876 reditus
1811 1821 1932 1876 sine
1955 1821 2096 1876 dila-
2117 1803 2174 1875 B

477 1912 628 1968 tione
657 1913 830 1984 exigi.

546 2006 704 2070 Quod
726 2010 918 2060 autem
939 2005 1152 2060 dictum
1178 2009 1262 2059 est
1287 2021 1320 2058 a
1352 2005 1534 2076 nobis,
1561 2009 1622 2060 ut
1649 2006 1858 2060 nullius
1887 2008 2096 2062 immo-

473 2097 601 2154 bilis
625 2098 707 2152 rei
737 2097 1126 2153 ecclesiasticae
1151 2103 1249 2152 aut
1276 2098 1553 2168 ptochicae
1579 2099 1840 2154 alienatio
1870 2101 1942 2154 sit
1967 2117 2096 2170 per-

474 2191 664 2260 missa,
693 2190 766 2244 ad
794 2190 1010 2244 nullam
1037 2195 1244 2244 nostrae
1279 2189 1605 2260 reipublicae
1635 2208 1930 2262 personam
1963 2207 2096 2246 san-

474 2283 653 2338 cimus
677 2283 881 2350 valere,
909 2299 1024 2336 non
1068 2284 1254 2336 solum
1282 2299 1452 2354 super
1489 2284 1882 2338 constantibus
1915 2285 2098 2338 domi-

475 2374 602 2440 bus,
630 2381 686 2429 et
711 2375 1066 2444 suburbanis,
1092 2380 1148 2428 et
1173 2375 1372 2444 hortis,
1404 2379 1461 2430 et
1480 2377 1651 2447 agris,
1675 2377 1772 2430 sed
1803 2378 1970 2432 etiam
2001 2394 2098 2430 su-

475 2482 580 2538 per
607 2467 784 2521 ruinis
818 2467 947 2535 (sive
975 2483 1045 2521 ex
1071 2467 1225 2538 igne,
1261 2468 1375 2521 sivo
1414 2485 1484 2523 ex
1508 2473 1856 2539 terraemotu,
1891 2469 2004 2525 sive
2029 2485 2098 2525 ex

475 2559 726 2630 qualibet
750 2575 918 2613 eausa
949 2559 1112 2613 ruina
1141 2558 1224 2628 sit)
1257 2563 1312 2613 et
1343 2560 1402 2614 in
1431 2560 1518 2614 his
1545 2577 1674 2631 quae
1717 2561 1948 2616 omnino
1975 2563 2096 2618 des-

473 2658 660 2708 tructa
677 2657 829 2723 sunt,
849 2659 905 2708 et
934 2654 992 2707 in
1017 2655 1338 2724 pavimento
1357 2655 1567 2724 jacent,
1593 2657 1705 2710 sive
1733 2657 1973 2712 etiamin
2001 2673 2101 2728 pu-

476 2745 552 2800 ris
579 2747 757 2800 ruinis
782 2747 1008 2801 nullum
1038 2746 1338 2801 aediﬁcium
1385 2749 1744 2818 habentibus,
1773 2767 1962 2821 neque
1987 2767 2100 2805 ma-

473 2843 674 2897 teriam
683 2843 988 2912 jacentem.
1015 2844 1133 2897 Non
1159 2844 1314 2898 enim
1337 2844 1394 2898 in
1421 2846 1528 2899 illis
1552 2847 1953 2902 alienationem
1975 2847 2098 2903 fieri

475 2935 872 3006 permittimus,
911 2936 1018 2989 nisi
1046 2937 1106 2990 in
1133 2936 1246 2990 sola
1274 2938 1632 3008 emphyteusi
1663 2940 1977 3009 temporali,
2019 2957 2101 2995 se-

479 3028 728 3082 cundum
755 3029 905 3098 quod
935 3029 1152 3083 dudum
1173 3048 1204 3083 a
1229 3031 1392 3084 nobis
1413 3031 1627 3085 dictum
1643 3037 1747 3096 est,
1765 3037 1820 3086 et
1845 3033 1902 3086 in
1923 3033 2101 3088 tribus

477 3119 732 3190 personis
755 3121 974 3187 talibus,
1001 3122 1194 3191 quales
1217 3123 1601 3192 praediximus.

549 3213 616 3266 Et
641 3217 706 3266 ut
733 3229 916 3282 neque
945 3214 1058 3267 ulla
1085 3214 1524 3286 circumscriptio
1549 3216 1608 3269 in
1630 3233 1749 3271 rem
1774 3217 2098 3272 ecclesiasti-

480 3320 604 3359 cam
631 3305 690 3359 in
717 3305 926 3359 talibus
951 3305 1066 3372 ﬁat,
1099 3306 1316 3361 duobus
1355 3323 1457 3378 per
1483 3313 1736 3378 tempora
1769 3310 2102 3379 primatibus

477 3398 842 3466 mechanicis,
872 3402 970 3452 aut
996 3399 1334 3469 architectis,
1364 3401 1478 3454 sive
1507 3400 1566 3454 in
1584 3401 1686 3454 hac
1712 3403 1868 3472 regia
1897 3407 1952 3457 et
1975 3419 2099 3457 ma-

479 3489 632 3545 xima
658 3490 873 3544 civitate
915 3507 1026 3544 una
1061 3507 1190 3545 cum
1237 3493 1348 3546 Deo
1397 3493 1734 3547 amabilibus
1777 3495 2098 3564 ceconomis,

479 3593 536 3642 et
575 3589 828 3659 quinque
873 3589 1350 3644 reverendissimis
1397 3591 1756 3660 presbyteris,
1798 3597 1852 3647 et
1884 3593 2102 3648 duobus

482 3680 748 3748 diaconis,
805 3687 1082 3752 praesente
1119 3699 1348 3753 quoque
1389 3685 1500 3737 Deo
1542 3684 1771 3738 amabili
1817 3685 2100 3756 episcopo,

483 3773 595 3826 sive
616 3775 786 3828 etiam
819 3775 878 3828 in
908 3775 1197 3844 provincia
1223 3776 1438 3830 duobus
1465 3777 1782 3848 insignibus
1811 3779 2102 3833 mechani-

484 3865 563 3918 cis
586 3869 683 3918 aut
705 3866 1042 3932 architectis,
1068 3873 1165 3920 aut
1191 3869 1358 3922 etiam
1387 3885 1502 3923 uno
1537 3870 1596 3939 (si
1625 3887 1802 3924 unum
1831 3873 2012 3926 solum
2035 3871 2106 3926 ci-

484 3957 628 4010 vitas
647 3957 872 4026 habeat)
893 3958 1394 4014 intervenientibus
1412 3962 1470 4014 in
1495 3962 1604 4014 illis
1633 3963 1786 4027 locis,
1812 3981 2102 4019 sacrosann

487 4049 590 4103 ctis
611 4049 925 4119 Evangeliis
953 4051 1274 4120 propositis,
1322 4053 1620 4107 definiatur
1665 4055 1734 4108 ab
1764 4057 2102 4128 architectis,

484 4149 760 4214 quantum
804 4147 1082 4212 competat
1107 4159 1208 4214 pro
1229 4144 1335 4197 hoc
1366 4145 1502 4198 solvi
1529 4147 1897 4202 sanctissimae
1925 4150 2104 4203 eccle-

485 4236 580 4290 sia
609 4235 920 4290 secundum
946 4235 1178 4290 modum
1197 4237 1644 4308 emphyteuseos,
1668 4244 1722 4293 et
1752 4241 1854 4294 sub
1885 4241 1972 4294 his
1993 4258 2108 4296 em-

486 4328 812 4400 phyteutica
831 4329 1164 4400 conscriptio
1193 4329 1254 4384 in
1285 4346 1350 4384 eo
1377 4331 1689 4386 celebretur
1713 4334 2022 4388 secundum
2047 4334 2106 4388 fi-

489 4437 690 4493 guram
715 4421 872 4492 prius
899 4422 1102 4476 dictam
1133 4439 1146 4476 :
1179 4423 1275 4477 ille
1297 4439 1430 4478 vero
1460 4429 1518 4479 et
1547 4425 1804 4494 aediﬁcet,
1832 4431 1888 4482 et
1919 4433 2108 4482 utatur

2121 3161 2176 3236 C

2197 523 2438 579 dissimis
2464 519 2791 590 oeconomis,
2822 519 3043 574 duobus
3090 518 3412 574 haeredibus
3451 517 3822 586 cessantibus,

2196 617 2410 673 caeteris
2440 616 2681 670 tradere.

2267 711 2322 766 Si
2353 711 2480 781 quis
2503 713 2696 763 autem
2720 705 2959 761 voluerit
2991 705 3244 777 accipere
3285 705 3600 760 secundum
3649 705 3820 758 ratio-

2197 819 2328 858 nem
2356 819 2510 872 usus,
2553 806 2656 854 aut
2680 801 2778 872 qui
2815 804 3053 854 vocatur
3079 800 3450 867 ususfructus,
3479 815 3606 853 rem
3652 798 3823 852 eccle-

2198 895 2474 951 siasticam
2507 899 2605 949 aut
2632 893 2999 948 sanctissimae
3040 893 3274 962 majoris
3309 891 3577 959 ecclesiae,
3609 895 3716 944 aut
3743 892 3820 944 al-

2197 990 2370 1044 terius
2413 987 2735 1058 cujuslibet,
2765 1003 2894 1057 quaz
2923 985 2982 1039 in
3011 985 3165 1039 omni
3207 989 3398 1039 nostra
3443 985 3658 1038 ditione
3695 989 3828 1037 sunt

2201 1082 2412 1153 positae,
2445 1084 2544 1135 aut
2589 1079 2964 1151 ptochiorum,
3013 1079 3245 1133 omnino
3291 1076 3568 1148 percipiat
3595 1077 3730 1142 hoc,
3779 1085 3832 1130 et

2197 1173 2511 1230 secundum
2555 1173 2882 1244 praedictam
2924 1171 3396 1237 observationem,
3425 1175 3484 1224 et
3511 1169 3834 1224 secundum

2197 1269 2438 1322 formam
2473 1266 2886 1320 constitutionis
2912 1265 3110 1319 Leonis
3146 1265 3258 1335 pia:
3291 1263 3604 1330 memoriae,
3633 1267 3702 1316 ut
3727 1263 3836 1316 iste

2197 1361 2445 1430 locuples
2486 1360 2749 1425 existens,
2777 1362 2832 1412 et
2856 1357 3186 1412 substantiae
3217 1357 3520 1410 immobilis
3559 1355 3836 1410 dominus

2197 1453 2366 1507 aliam
2390 1469 2522 1506 mox
2549 1469 2671 1506 rem
2715 1452 3028 1506 secundum
3059 1450 3416 1521 proprietatis
3439 1451 3532 1519 jus
3565 1464 3838 1519 compen-

2198 1550 2281 1601 set
2325 1545 2690 1600 sanctissima:
2734 1545 3001 1613 ecclesiae,
3043 1549 3140 1598 aut
3165 1543 3470 1598 venerabili
3503 1542 3725 1609 domui,
3763 1557 3832 1594 ex

2197 1655 2309 1709 qua
2336 1639 2442 1692 hoc
2465 1638 2736 1710 percepit,
2763 1640 2947 1691 tantos
2976 1639 3034 1692 et
3063 1637 3202 1691 tales
3231 1636 3538 1690 inferentes
3587 1633 3829 1702 reditus,

2197 1735 2435 1802 quantos
2461 1736 2561 1785 aut
2587 1731 2780 1802 quales
2802 1730 2974 1784 habet
2996 1730 3077 1798 id,
3109 1730 3262 1800 quod
3287 1729 3474 1798 datur,
3505 1732 3574 1782 ut
3613 1727 3690 1782 ita
3711 1733 3834 1797 post

2198 1824 2319 1894 ejus
2345 1823 2562 1878 obitum
2589 1823 2959 1878 ecclesiastica
2984 1827 3080 1877 aut
3105 1821 3363 1893 ptochica
3394 1839 3484 1875 res
3511 1825 3834 1876 revertatur

2198 1917 2268 1972 ad
2297 1917 2674 1972 venerabilem
2700 1917 2936 1970 domum
2956 1933 3088 1970 cum
3115 1932 3240 1982 usu,
3272 1914 3368 1985 qui
3394 1915 3558 1968 datus
3579 1916 3692 1982 est,
3721 1929 3828 1966 non

2198 2011 2625 2064 transcendente
2652 2014 2877 2080 tempus
2909 2009 3038 2064 vita:
3065 2007 3446 2080 percipientis,
3481 2006 3726 2077 accipiat
3741 2022 3834 2058 au-

2197 2107 2314 2157 tem
2339 2103 2599 2156 similiter
2625 2107 2682 2157 et
2706 2103 2788 2158 rei
2814 2101 2874 2156 in
2905 2101 3424 2172 compensationem
3455 2100 3606 2154 data:
3637 2115 3828 2165 usum,

2199 2198 2480 2267 quatenus
2517 2201 2644 2266 post
2689 2195 3050 2266 percipientis
3091 2194 3312 2248 obitum
3349 2197 3446 2246 aut
3475 2197 3730 2262 tempus,
3775 2192 3830 2244 in

2199 2305 2310 2360 quo
2340 2289 2565 2342 donatio
2591 2303 2728 2343 usus
2754 2287 3034 2355 convenit,
3067 2303 3182 2341 non
3207 2285 3618 2340 transcendens
3643 2285 3832 2338 videli-

2199 2384 2288 2436 cet
2327 2381 2690 2453 percipientis
2732 2380 2926 2450 vitam,
2967 2386 3274 2451 utrumque
3304 2395 3373 2433 ex
3403 2383 3526 2432 toto
3555 2383 3614 2432 et
3643 2393 3832 2432 secun-

2199 2475 2337 2529 dum
2363 2474 2773 2546 proprietatem
2804 2479 2860 2528 et
2888 2473 3200 2528 secundum
3236 2488 3404 2527 usum
3430 2471 3586 2542 apud
3609 2471 3834 2524 sanctis-

2200 2568 2402 2622 simam
2431 2567 2720 2621 ecclesiam
2751 2581 3146 2622 remansurum
3176 2565 3264 2619 sit.

2270 2659 2410 2724 Quia
2435 2675 2566 2714 vero
2597 2660 2799 2714 Leonis
2825 2660 2934 2730 piae
2959 2657 3251 2713 memorias
3279 2655 3610 2712 constitutio
3641 2671 3836 2727 poenas

2199 2769 2344 2824 pene
2371 2752 2724 2807 solummodo
2753 2752 2812 2806 in
2843 2751 3190 2806 venditiones
3218 2751 3480 2819 decrevit,
3507 2765 3612 2804 nos
3643 2753 3839 2803 autem

2201 2837 2598 2901 interdiximus
2643 2863 2759 2899 non
2783 2845 3131 2900 venditiones
3161 2844 3364 2912 solum,
3395 2843 3494 2898 sed
3542 2843 3722 2897 etiam
3747 2842 3841 2896 do-

2201 2939 2476 3008 nationes,
2509 2941 2566 2992 et
2593 2939 3059 3009 permutationes,
3093 2942 3150 2992 et
3173 2940 3473 3008 perpetuas
3499 2936 3842 3006 emphyteu-

2202 3049 2308 3101 ses,
2338 3036 2394 3086 et
2423 3030 2731 3102 pignorum
2761 3032 3015 3086 dationes
3041 3030 3100 3084 in
3119 3030 3288 3084 rebus
3319 3027 3738 3094 immobilibus,
3763 3028 3842 3080 vi-

2201 3127 2399 3181 demus
2426 3125 2617 3180 antem
2640 3124 2914 3195 quosdam
2942 3123 3021 3177 sic
3047 3125 3330 3177 amatores
3359 3121 3603 3192 periculi
3641 3121 3844 3174 consti-

2200 3225 2369 3290 tutos,
2401 3225 2466 3273 ut
2489 3221 2840 3290 praesumant
2866 3217 2937 3271 ad
2967 3233 3031 3271 ea
3053 3232 3180 3286 qua:
3205 3214 3504 3268 interdicta
3524 3217 3662 3267 sunt
3689 3228 3841 3266 acce—

2201 3313 2354 3382 dere,
2384 3317 2440 3367 et
2463 3309 3012 3366 circumventionem
3039 3309 3222 3362 facere
3247 3306 3467 3378 legibus
3490 3322 3558 3360 ex
3587 3307 3842 3360 volunta-

2203 3411 2256 3459 te
2288 3409 2344 3459 et
2365 3405 2808 3476 praesumptione
2839 3417 3010 3473 quam
3055 3401 3285 3468 habent,
3319 3405 3377 3454 et
3405 3415 3534 3470 quae
3575 3398 3838 3452 omnibus

2203 3497 2388 3552 modis
2415 3497 2715 3552 interdicta
2743 3501 2894 3564 sunt,
2927 3500 2983 3549 et
3011 3510 3137 3566 qua:
3163 3493 3397 3546 forsitan
3428 3491 3716 3546 deducunt
3739 3491 3840 3544 ho-

2203 3591 2384 3645 mines
2410 3591 2481 3644 ad
2519 3594 2782 3655 mortem,
2813 3589 2910 3659 qui
2941 3588 2998 3642 id
3026 3591 3222 3657 agunt,
3253 3589 3558 3657 propterea
3589 3599 3840 3638 necessa-

2204 3683 2353 3737 rium
2379 3682 2824 3738 existimavimus
2849 3681 2910 3734 in
2951 3694 3292 3750 unoquoque
3339 3679 3630 3731 contractu
3667 3677 3840 3730 etiam

2205 3781 2416 3830 certam
2433 3779 2678 3830 statuere
2691 3789 2916 3845 poenam
2925 3814 2939 3826 .
2953 3773 3047 3826 His
3059 3771 3265 3826 scilicet
3277 3770 3478 3841 poenis,
3493 3785 3624 3840 quae
3639 3769 3838 3839 posite

2205 3873 2336 3922 sunt
2381 3867 2643 3922 adversus
2672 3881 2990 3922 asconomos
3017 3881 3086 3918 ex
3125 3861 3522 3918 constitutione
3561 3861 3840 3932 praedicta

2206 3960 2318 4031 piae
2332 3960 2622 4014 memoriae
2643 3960 2865 4024 Leonis,
2887 3957 3153 4012 similiter
3167 3961 3223 4010 et
3235 3971 3386 4010 nunc
3409 3953 3842 4008 imminentibus

2207 4065 2522 4108 oeconomo.
2545 4057 2644 4107 aut
2663 4051 3015 4117 xenodocho,
3032 4052 3132 4104 aut
3144 4064 3465 4116 nosocomo,
3487 4052 3586 4100 aut
3599 4046 3842 4116 brepho—

2207 4146 2433 4216 trOpho,
2479 4151 2577 4200 aut
2622 4144 2828 4214 abbati,
2867 4148 2968 4197 aut
3006 4141 3300 4196 abbatissae
3340 4139 3688 4204 monasterii,
3741 4143 3844 4191 aut

2207 4237 2462 4292 asceterii
2489 4238 2800 4293 secundum
2827 4236 2978 4308 quod
3007 4235 3168 4306 prius
3197 4233 3532 4304 dispositum
3561 4237 3664 4286 est.

2279 4331 2335 4385 Si
2361 4331 2486 4402 quis
2511 4330 2688 4402 igitur
2714 4345 2901 4385 emere
2931 4326 3365 4400 praesumpserit
3399 4341 3522 4380 rem
3558 4324 3846 4378 ecclesias-

2207 4423 2395 4492 ticam,
2415 4427 2515 4478 aut
2533 4423 2875 4494 ptochicam,
2903 4422 3068 4476 cadat
3085 4421 3318 4492 quidem
3345 4433 3476 4473 mox
3499 4417 3706 4488 pretio,
3729 4417 3848 4470 exi-

487 4513 826 4569 materiebus
875 4515 939 4584 (si
971 4515 1238 4570 materias
1284 4517 1505 4588 habeat)
1537 4523 1593 4573 et
1623 4520 1971 4574 transmittat
1995 4535 2110 4575 em-
2128 4523 2188 4595 Ι)
2213 4520 2378 4586 gatur
2399 4521 2590 4572 autem
2615 4533 2706 4572 res
2730 4532 2904 4588 quam
2925 4514 3158 4584 accepit,
3177 4529 3310 4567 cum
3327 4511 3484 4566 omni
3507 4509 3678 4564 medii
3707 4515 3850 4563 tem-

488 4607 795 4678 phyteusin
819 4623 998 4678 usque
1027 4608 1097 4662 ad
1127 4607 1268 4662 duas
1293 4610 1672 4666 successiones
1699 4611 1861 4682 (sicut
1899 4613 2113 4668 dictum

491 4699 594 4770 est)
625 4705 680 4754 et
698 4699 776 4753 sic
796 4704 1108 4754 revertatur
1125 4706 1250 4770 post
1267 4702 1440 4756 trium
1469 4719 1842 4774 personarum
1869 4711 2114 4762 mortem

491 4791 565 4847 ad
613 4791 1022 4846 sanctissimam
1081 4792 1370 4848 ecclesiam
1429 4801 1527 4850 aut
1586 4797 1961 4852 venerabilem
2017 4801 2116 4854 do-

489 4901 672 4955 mum,
702 4901 772 4939 ex
800 4901 915 4956 qua
939 4883 1084 4940 facta
1113 4888 1198 4939 est
1222 4887 1628 4958 emphyteusis,
1660 4893 1714 4944 et
1739 4890 1918 4946 valeat
1943 4891 2112 4946 etiam

491 4977 616 5032 talis
666 4981 1007 5046 contractus,
1058 4979 1256 5048 utpote
1311 4980 1576 5048 praesenti
1619 4997 1733 5035 non
1787 4999 2114 5054 repugnans

491 5068 626 5138 legi.

563 5163 753 5232 Neque
779 5163 918 5217 illud
946 5165 1097 5235 quod
1125 5165 1395 5220 hactenus
1417 5171 1611 5221 contra
1639 5168 1774 5222 tales
1798 5174 2114 5226 contractus

493 5253 786 5325 agebatur,
817 5257 996 5310 valere
1017 5258 1461 5327 permittendum
1483 5265 1566 5314 est
1590 5259 1658 5314 de
1691 5261 2025 5331 adjectione,
2053 5268 2116 5318 ut

494 5347 542 5401 si
569 5345 816 5400 duorum
863 5347 1152 5403 haeredum
1194 5353 1548 5424 compleatur
1600 5357 1843 5424 tempus,
1891 5355 2116 5410 licentia

493 5441 564 5496 sit
587 5439 686 5508 eis,
715 5437 812 5508 qui
833 5443 957 5508 post
993 5440 1155 5495 illum
1181 5451 1330 5512 sunt,
1355 5445 1413 5499 in
1445 5447 1842 5518 emphyteusin
1868 5447 2002 5502 dare
2029 5447 2110 5518 id,

493 5534 562 5589 de
584 5547 696 5604 quo
721 5531 929 5603 agitur,
952 5535 1006 5586 et
1030 5548 1252 5603 semper
1277 5553 1370 5591 eos
1388 5540 1642 5610 praaponi
1665 5541 1808 5594 aliis.
1828 5541 1937 5594 Hoc
1959 5540 2113 5594 enim

491 5625 635 5681 nihil
659 5625 812 5682 aliud
841 5631 925 5680 est
953 5641 1126 5697 quam
1168 5643 1270 5696 per
1307 5629 1715 5687 revolutionem
1747 5637 1804 5688 et
1828 5633 2113 5688 machina.

491 5718 672 5773 tiones
695 5723 994 5790 perpetuas
1020 5717 1100 5774 eis
1124 5719 1540 5792 emphyteuses,
1573 5725 1756 5795 magis
1781 5730 1970 5780 autem
1999 5726 2115 5798 pri-

491 5811 742 5894 yationes
767 5811 1266 5870 ecclesiasticarum
1299 5813 1394 5885 agi
1441 5831 1655 5870 rerum.
1687 5817 1797 5872 Sed
1821 5823 1878 5872 et
1902 5819 1948 5874 si
1974 5819 2113 5890 quid

2214 4609 2366 4680 poris
2393 4610 2761 4678 incremento,
2796 4613 2853 4663 et
2881 4612 3078 4662 contra
3107 4605 3518 4660 sanctissimam
3557 4601 3852 4656 ecclesiam

2215 4701 2467 4772 quidem,
2497 4708 2593 4757 aut
2636 4701 3022 4757 venerabilem
3061 4699 3296 4754 domum
3342 4697 3560 4752 nullam
3609 4695 3852 4748 omnino

2215 4793 2421 4848 habeat
2444 4794 2744 4865 actionem,
2763 4799 2958 4849 contra
2979 4792 3326 4848 venerabiles
3345 4806 3481 4844 vero
3501 4803 3850 4852 (economos,

2214 4888 2312 4940 aut
2329 4887 2426 4956 qui
2451 4887 2685 4942 omnino
2709 4887 3111 4952 vendiderunt,
3142 4885 3202 4938 in
3228 4882 3474 4955 propriis
3501 4895 3698 4935 eorum
3713 4879 3856 4932 sub-

2215 4979 2432 5033 stantiis
2461 4997 2529 5035 ex
2558 4985 2848 5036 contractu
2891 4979 3139 5035 habeant
3175 4977 3478 5040 actionem,
3507 4978 3575 5028 ut
3603 4973 3706 5027 etsi
3739 4989 3856 5026 non

2213 5075 2444 5143 propter
2469 5073 2567 5128 Dei
2591 5073 2876 5142 timorem,
2915 5077 3117 5126 tamen
3162 5074 3318 5124 metu
3356 5083 3474 5121 suae
3519 5065 3854 5120 substantia

2215 5165 2504 5236 segniores
2528 5166 2676 5220 circa
2688 5166 3080 5221 venditionem
3105 5163 3264 5216 ﬁant.
3295 5161 3352 5216 Si
3377 5159 3504 5230 quis
3527 5163 3718 5212 autem
3751 5173 3855 5227 per

2213 5257 2575 5313 donationem
2601 5259 2852 5330 accipere
2881 5254 3316 5330 praesumpserit
3354 5269 3478 5307 rem
3508 5249 3856 5306 ecclesiasti-

2213 5367 2359 5420 cam,
2381 5355 2479 5406 aut
2497 5352 2836 5422 ptochicam,
2865 5356 2921 5406 et
2949 5351 3100 5422 ipso,
3132 5347 3282 5418 quod
3313 5345 3511 5401 datum
3541 5349 3645 5412 est,
3673 5343 3862 5397 omni-

2213 5443 2350 5498 nino
2370 5445 2550 5511 cadat,
2573 5450 2628 5498 et
2653 5444 2806 5499 aliud
2829 5447 3049 5498 tantum
3063 5441 3194 5497 dem
3215 5455 3284 5494 ex
3308 5455 3409 5492 sua
3419 5435 3740 5492 substantia
3767 5451 3858 5490 re-

2212 5543 2410 5608 penset
2435 5537 2799 5591 sanctissima:
2827 5537 3100 5604 ecclesiae,
3139 5539 3238 5589 aut
3267 5531 3582 5588 venerabili
3629 5531 3856 5594 domui,

2214 5645 2282 5684 ex
2326 5646 2438 5700 qua
2479 5630 2586 5684 hoc
2634 5629 2896 5700 suscepit,
2926 5633 2992 5683 ut
3035 5642 3218 5700 quam
3259 5625 3418 5679 nisus
3461 5627 3546 5678 est
3589 5623 3862 5694 ingerere

2213 5725 2409 5777 contra
2426 5739 2552 5778 eam
2573 5723 2902 5790 novitatem,
2921 5737 3084 5777 suam
3109 5733 3388 5776 exercens
3401 5715 3860 5787 malignitatem,

2211 5831 2338 5871 eam
2357 5815 2596 5886 ipsemet
2630 5817 2691 5872 in
2715 5814 2957 5887 propriis
2987 5813 3159 5870 bonis
3177 5810 3408 5870 sentiat.
3425 5809 3482 5866 Si
3505 5812 3706 5864 autem
3733 5824 3866 5882 per-
