3996 6188
166 281 259 333 945

1033 280 1394 334 JUSTINIANI
1432 281 1756 334 N()VELL:E
1797 277 2126 334 SEIECTAS.
2170 283 2476 336 NOVELLA
2519 281 2623 335 ΥΠ.

3408 286 3509 342 946

165 393 389 447 mutatio
429 391 487 446 in
525 392 863 462 quibusdam
907 395 1158 465 personis
1207 397 1321 464 ﬁat,
1354 399 1563 466 praeter
1604 397 1782 450 solum
1805 405 1862 478 Α
1883 401 2068 451 torum
2099 397 2416 452 venditione
2442 413 2722 451 vasorum.
2757 397 2941 452 Simili
2967 398 3223 454 videlicet
3251 376 3508 456 observa-

163 486 474 557 imperium,
503 486 643 540 sicut
673 487 1059 557 praediximus,
1084 494 1141 543 et
1170 489 1265 560 qui
1297 490 1775 560 permutationem

163 579 388 650 accepit,
421 579 703 649 subjaceat
729 597 909 652 poene
939 586 995 636 et
1020 581 1206 636 datam
1235 582 1340 636 sibi
1366 599 1486 637 rem
1530 583 1774 652 amittat,

162 677 210 728 et
236 677 483 727 recurrat
508 689 701 727 rursus
722 674 840 728 haec
866 675 934 728 ad
955 675 1332 730 venerabilem
1348 676 1605 743 domum,
1627 677 1779 732 unde

161 781 447 837 progressa
491 769 592 833 est,
641 770 697 820 et
743 768 893 838 quod
947 785 1053 840 pro
1099 769 1561 840 compensatione
1603 770 1776 838 dedit,

161 863 376 913 maneat
403 859 550 930 apud
578 861 959 916 venerabilem
984 862 1240 931 domum,
1272 866 1328 916 et
1353 862 1451 934 qui
1483 864 1781 918 accesserit

160 953 227 1006 ad
255 969 480 1006 causam
510 953 622 1024 legi
655 954 1016 1025 contrariam,
1050 957 1209 1010 cadat
1237 960 1477 1027 utroque
1521 957 1692 1026 juste,
1726 962 1782 1012 et

164 1046 470 1100 secundum
510 1046 616 1100 hoc
646 1063 829 1118 poenas
858 1048 1147 1117 subdatur,
1181 1048 1488 1102 secundum
1523 1065 1694 1120 quam
1727 1054 1783 1104 et

162 1134 399 1206 propriis
427 1135 608 1204 cadat,
632 1140 688 1190 et
713 1137 864 1207 quod
887 1136 1147 1208 speravit,
1178 1153 1291 1190 non
1322 1137 1592 1208 acquirat,
1614 1137 1782 1192 etiam

163 1228 246 1282 hic
277 1228 492 1283 actione
521 1228 572 1283 ei
603 1233 817 1284 servata
849 1229 906 1284 in
937 1229 1166 1301 propria
1210 1230 1521 1285 substantia
1563 1246 1779 1302 eorum,

166 1322 256 1392 qui
286 1325 632 1376 contractum
659 1339 788 1376 cum
809 1338 875 1377 eo
901 1323 1346 1378 celebraverunt.

229 1415 280 1469 Si
302 1418 492 1468 autem
513 1415 756 1468 creditor
785 1415 841 1468 in
872 1416 1112 1486 pignore
1134 1416 1409 1486 corporali
1437 1416 1783 1495 elegerit'ac-

164 1508 341 1578 cipere
368 1523 486 1562 rem
521 1507 869 1563 immobilem
893 1509 1342 1577 ecclesiasticam,
1359 1513 1456 1563 aut
1472 1510 1786 1580 ptochicam

165 1601 216 1654 in
256 1601 514 1654 domibus
559 1601 764 1667 forsan,
798 1607 896 1656 aut
937 1602 1293 1670 suburbanis,
1340 1607 1438 1656 aut
1487 1602 1657 1673 agris,
1691 1605 1789 1656 aut

162 1693 352 1762 hortis,
380 1697 477 1748 aut
505 1694 762 1749 civilibus
791 1695 1048 1766 panibus,
1083 1700 1181 1750 aut
1208 1695 1433 1750 rusticis
1470 1695 1786 1766 mancipiis,

1878 491 2029 546 tione
2077 495 2132 545 et
2184 506 2354 560 super
2381 490 2714 544 alienatione
2760 491 3003 544 civilium
3059 509 3271 562 panum
3317 499 3505 550 custo-

1879 584 2104 649 dienda,
2138 584 2281 637 sicut
2310 599 2455 654 saepe
2486 583 2751 652 diximus,
2780 599 2844 637 eo
2865 584 3013 654 quod
3036 586 3172 640 tales
3191 603 3308 641 esse
3335 604 3508 658 panes

1880 694 1996 731 non
2026 677 2206 730 solum
2241 677 2296 730 in
2341 677 2445 730 hac
2492 675 2809 730 felicissima
2856 677 3100 746 civitate,
3133 680 3228 733 sed
3255 680 3506 736 etiamin

1877 787 2089 842 magna
2134 769 2484 824 Alexandria.
2532 773 2588 823 et
2625 769 2681 822 in
2711 770 2974 840 Theopoli
3025 787 3142 825 esse
3189 772 3506 843 didicimus,

1877 863 2108 918 forsitan
2141 867 2332 917 autem
2361 863 2470 916 tale
2500 862 2714 934 aliquid
2747 862 2914 916 etiam
2957 863 3015 916 in
3046 863 3167 917 aliis
3207 865 3509 935 provinciis

1881 956 2217 1029 quibusdam
2245 959 2347 1010 est.
2371 956 2525 1009 Unde
2545 955 2767 1009 tametsi
2785 955 2918 1009 alibi
2938 971 3161 1026 quoque
3186 957 3510 1028 hujusmodi

1880 1050 2145 1122 quaedam
2176 1054 2259 1104 est
2287 1049 2584 1119 possessio,
2604 1053 2659 1104 et
2679 1049 2736 1102 in
2756 1047 2850 1102 illa
2870 1048 2961 1102 lex
2985 1053 3254 1119 servetur,
3274 1054 3330 1106 et
3348 1067 3508 1108 suam

1882 1142 2324 1197 observationem
2356 1141 2646 1196 extendat.

1953 1234 2094 1298 Quia
2122 1251 2253 1288 vero
2282 1234 2580 1288 verisimile
2627 1238 2710 1288 est
2752 1233 3076 1305 quempiam
3114 1236 3282 1291 etiam
3314 1237 3372 1292 in
3401 1238 3509 1293 cir-

1884 1327 2342 1382 cumventionem
2373 1327 2542 1397 hujus
2581 1328 2721 1398 legis
2748 1331 2966 1382 tentare
3014 1330 3385 1398 pragmaticas
3432 1348 3514 1386 sa-

1885 1437 2005 1475 cras
2030 1421 2237 1474 formas
2268 1421 2538 1491 accipere,
2573 1421 2681 1474 tale
2714 1421 2926 1492 aliquid
2956 1421 3033 1474 eis
3065 1437 3233 1491 agere
3277 1425 3511 1494 permit-

1885 1518 2086 1580 tentes,
2115 1518 2170 1567 et
2195 1514 2301 1567 hoc
2331 1513 2699 1584 prohibemus
2729 1513 2784 1567 in
2815 1513 2969 1566 omni
2998 1530 3233 1584 persona
3275 1517 3512 1585 majore,

1887 1607 1976 1659 vel
2009 1606 2245 1672 minore,
2277 1606 2389 1660 sive
2443 1606 2500 1659 in
2547 1606 2775 1676 cingulo
2803 1606 3128 1672 constituta,
3163 1607 3276 1660 sive
3306 1608 3515 1664 horum

1889 1701 1987 1771 qui
2021 1702 2165 1753 circa
2194 1715 2297 1752 nos
2335 1702 2486 1765 sunt,
2514 1698 2627 1751 sive
2653 1698 2892 1752 aliorum
2922 1699 3201 1770 quispiam
3246 1701 3396 1754 inter
3423 1717 3519 1771 po-

164 1791 214 1840 et
237 1786 460 1840 dederit
475 1803 698 1856 aurum,
723 1763 924 1842 ab—hoc
957 1788 1115 1843 cadat
1147 1789 1408 1856 creditor,
1433 1792 1488 1842 et
1507 1804 1634 1859 qua:
1659 1763 1787 1841 mu-
1809 1763 1866 1835 Β
1891 1763 2051 1864 pulos
2081 1763 2480 1846 habitantium.
2510 1792 2577 1845 Et
2601 1791 2902 1857 sancimus,
2928 1763 3067 1844 nulli
3098 1792 3323 1862 penitus
3353 1763 3521 1849 licen-

165 1883 316 1934 tuum
352 1880 632 1950 acceperit
666 1881 1014 1935 sanctissima
1044 1881 1275 1935 ecclesia
1322 1885 1420 1935 aut
1459 1880 1792 1934 venerabilis

161 1973 378 2038 domus,
411 1973 562 2044 quod
604 1977 928 2028 mutuatum
977 1978 1062 2028 est
1108 1990 1336 2040 aurum,
1367 1974 1525 2027 lucro
1567 1973 1769 2028 habeat

163 2066 329 2119 etiam
362 2065 452 2118 hic
482 2071 679 2120 contra
707 2066 1085 2121 celebrantem
1112 2071 1379 2121 mutuum
1405 2082 1788 2133 ceconomum,

163 2164 252 2212 aut
277 2159 700 2224 xenodochum,
721 2164 820 2213 aut
837 2159 1351 2230 brephotrophum,
1373 2164 1470 2213 aut
1489 2160 1789 2230 prmsulem

161 2252 501 2319 monasterii,
536 2256 635 2306 aut
662 2253 936 2320 asceterii,
972 2257 1070 2307 aut
1109 2253 1349 2307 aliorum
1379 2252 1789 2306 venerabilium

161 2346 524 2415 collegiorum
553 2345 813 2400 creditori
841 2345 1059 2400 actione
1097 2350 1383 2408 manente,
1417 2345 1505 2400 his
1533 2345 1793 2399 omnibus

163 2438 324 2492 etiam
348 2438 406 2492 in
423 2437 716 2492 abbatissis
734 2439 1100 2493 muliebrium
1129 2439 1526 2492 asceteriorum
1549 2441 1647 2491 aut
1665 2454 1789 2491 mo-

163 2531 531 2584 nasteriorum
558 2531 892 2586 valentibus.
915 2531 970 2585 Si
991 2531 1143 2586 enim
1164 2531 1398 2585 omnino
1428 2530 1792 2584 sanctissimis

164 2624 407 2677 ecclesiis
435 2628 532 2676 aut
555 2623 679 2676 aliis
703 2624 1116 2678 venerabilibus
1137 2623 1398 2678 domibus
1419 2623 1632 2677 credito
1652 2638 1793 2693 opus

164 2715 248 2780 sit,
281 2716 456 2786 idque
485 2716 626 2772 forte
655 2723 754 2771 aut
781 2717 838 2770 in
867 2717 1238 2771 necessariam
1264 2716 1569 2788 quamdam
1589 2719 1645 2769 et
1671 2715 1790 2769 ine-

162 2808 444 2862 vitabilem
474 2811 838 2875 occasionem,
872 2814 930 2863 et
969 2814 1176 2880 przeter
1215 2825 1388 2880 quam
1419 2825 1534 2862 non
1565 2807 1790 2878 poterit,

163 2902 306 2972 quod
339 2901 602 2956 imminet
630 2902 942 2973 adimpleri,
975 2908 1072 2957 aut
1117 2904 1176 2956 in
1226 2903 1395 2956 aliam
1423 2918 1648 2956 causam
1676 2901 1790 2955 uti-

161 2995 430 3049 lissimam
469 2995 832 3050 sanctissimae
864 2995 1113 3050 ecclesias
1156 2995 1574 3060 consistentem,
1604 2993 1796 3048 licebit

161 3088 474 3158 praepositis
508 3104 703 3142 earum
731 3105 909 3159 usque
939 3089 1007 3142 ad
1043 3089 1368 3159 generalem
1410 3088 1788 3159 hypothecam

162 3186 325 3248 stare,
357 3185 415 3235 et
459 3181 678 3236 nullum
721 3181 958 3252 speciale
1001 3182 1210 3252 pignus
1250 3180 1617 3236 creditoribus
1646 3198 1790 3252 prae-

162 3272 311 3329 bere.

227 3367 280 3422 Si
314 3383 454 3421 vero
483 3367 652 3421 etiam
692 3371 1026 3440 perpetuam
1069 3367 1349 3438 quispiam
1395 3365 1796 3438 emphyteusin

161 3461 412 3532 accipere
434 3461 877 3532 praesumpserit,
898 3461 1047 3532 quod
1067 3477 1184 3515 non
1206 3461 1354 3527 licet,
1389 3465 1486 3513 aut
1509 3464 1793 3530 tempora-

163 3555 266 3608 lem
294 3554 552 3626 quidem,
579 3571 695 3608 non
726 3559 916 3608 tamen
947 3554 1258 3609 secundum
1285 3553 1457 3623 hujus
1486 3557 1691 3606 nostrae
1711 3552 1794 3606 1e-

166 3647 244 3714 gis
293 3647 767 3715 observationem,
795 3647 964 3702 etiam
1012 3647 1084 3700 sit
1125 3646 1288 3700 cadat
1313 3645 1544 3716 quidem
1575 3645 1643 3699 de
1673 3660 1795 3698 em-

163 3740 446 3810 phyteusi,
479 3742 536 3794 et
560 3740 707 3810 quod
733 3740 930 3793 datum
959 3742 1043 3792 est
1073 3742 1305 3793 maneat
1329 3739 1477 3808 apud
1506 3735 1796 3791 venerabi-

166 3832 272 3886 lem
301 3833 562 3887 domum.
595 3832 832 3886 Debebit
862 3835 1051 3886 autem
1077 3831 1342 3885 continuo
1368 3833 1426 3885 et
1451 3834 1578 3901 post
1609 3845 1799 3883 casum

165 3927 657 3996 emphyteumatos
687 3926 920 3990 solvere,
955 3929 1228 3995 quantum
1269 3925 1557 3977 soluturus
1585 3926 1722 3990 erat,
1754 3922 1800 3975 si

167 4019 479 4072 secundum
509 4019 692 4090 legem
729 4017 1126 4089 emphyteusin
1169 4015 1449 4080 subiisset,
1482 4014 1624 4069 nihil
1651 4015 1800 4084 apud

167 4128 294 4165 eum
332 4117 592 4166 manente
622 4128 689 4166 ex
717 4112 886 4165 rebus
917 4126 1230 4182 pauperum
1265 4125 1393 4180 qua:
1445 4108 1654 4162 frustra
1700 4123 1802 4178 per

170 4204 565 4274 omphyteusin
596 4205 741 4259 data:
771 4207 922 4258 sunt.

237 4299 367 4351 Haec
392 4297 567 4368 igitur
593 4297 782 4351 omnia
813 4296 1200 4351 custodiantur
1237 4294 1521 4365 praedictis
1551 4293 1804 4363 subjecta

170 4391 584 4460 pmnis,41eque
624 4389 1018 4445 tabellionibUs
1071 4387 1546 4460 praesumentibus
1593 4386 1801 4439 instru-

1890 1887 2025 1941 tiam
2055 1903 2172 1940 esse
2210 1885 2376 1938 talem
2427 1884 2754 1954 quempiam
2801 1883 3216 1954 pragmaticum
3262 1886 3518 1956 proferre

1891 1985 2109 2050 typum,
2136 1994 2320 2048 neque
2344 1994 2410 2030 ex
2438 1977 2543 2030 hoc
2584 1977 2834 2046 accipere
2871 1975 3098 2047 aliquod
3131 1977 3199 2030 de
3245 1979 3520 2032 sanctissi-

1892 2073 2000 2126 mis
2031 2071 2273 2126 ecclesiis
2313 2069 2737 2140 compendium,
2770 2073 2867 2123 aut
2909 2071 2976 2124 de
3022 2071 3374 2124 monasteriis
3419 2076 3520 2127 aut

1890 2165 2150 2237 ptochiis,
2167 2169 2264 2217 aut
2284 2163 2409 2216 aliis
2435 2162 2844 2216 venerabilibus
2867 2162 3114 2232 collegiis
3141 2163 3517 2218 immobilium

1889 2275 2102 2314 rerum.
2141 2257 2250 2311 Sed
2281 2261 2336 2310 et
2367 2254 2758 2326 gloriosissimo
2785 2255 3048 2327 quaestori
3072 2272 3294 2326 poenam
3327 2256 3518 2311 immi-

1891 2367 2025 2406 nere
2070 2355 2297 2405 centum
2347 2348 2621 2402 librarum
2665 2348 2807 2414 auri,
2836 2348 2880 2401 si
2907 2348 3041 2419 quid
3069 2349 3176 2403 tale
3206 2349 3517 2419 dictaverit,

1891 2445 2062 2499 simul
2112 2448 2168 2497 et
2211 2441 2644 2512 suscipientibus
2690 2440 3126 2495 insinuationem
3173 2441 3296 2496 talis
3327 2443 3518 2512 cujus-

1890 2538 2041 2610 piam
2071 2551 2241 2590 sacrae
2268 2534 2464 2588 formae
2496 2533 2910 2605 gloriosissimis
2934 2533 3242 2602 judicibus,
3271 2537 3369 2588 aut
3398 2534 3522 2589 aliis

1891 2630 2226 2703 quibusdam
2249 2627 2504 2682 eamdem
2531 2626 2828 2680 imminere
2856 2643 3098 2696 poenam,
3115 2629 3171 2680 et
3190 2626 3521 2682 tabelliones

1891 2721 2258 2777 succumbere
2304 2719 2500 2774 Leonis
2547 2719 2653 2789 piae
2699 2719 2987 2772 memorias
3032 2718 3438 2787 constitutioni,
3475 2719 3521 2773 si

1891 2813 2234 2871 confecerint
2261 2812 2372 2866 tale
2397 2811 2624 2883 aliquod
2654 2811 3114 2877 instrumentum,
3138 2814 3192 2864 et
3222 2811 3333 2864 Deo
3360 2827 3518 2865 ama-

1891 2909 2033 2964 biles
2073 2907 2376 2979 episcopos,
2405 2910 2501 2958 aut
2529 2903 2874 2958 venerabiles
2915 2919 3236 2958 ceconomos
3265 2903 3382 2958 sine
3421 2920 3519 2975 pe-

1890 3001 2067 3056 riculo
2087 3000 2328 3054 refutare
2350 2997 2445 3068 huj
2458 2995 2678 3050 usmodi
2699 3012 2881 3050 sacras
2898 2996 3271 3066 pragmaticas
3288 2995 3519 3063 formas,

1891 3095 2072 3165 magis
2097 3095 2289 3146 autem
2319 3107 2444 3144 cum
2477 3089 2730 3161 periculo
2761 3089 3042 3160 suscipere
3097 3093 3152 3142 et
3196 3105 3519 3160 agnoscere,

1893 3189 2023 3260 quia
2040 3187 2184 3240 circa
2204 3186 2388 3256 ipsum
2411 3181 2786 3237 sacerdotium
2810 3182 3127 3252 perieulum
3143 3182 3520 3249 sustinebunt,

1893 3281 1936 3335 si
1968 3280 2322 3351 negligentes
2354 3277 2455 3332 has
2478 3276 2653 3346 leges,
2685 3291 2810 3346 qua:
2842 3275 2922 3328 ita
2951 3275 3116 3341 fiunt,
3148 3274 3523 3345 pragmaticas

1893 3374 2205 3443 sequantur
2229 3371 2458 3424 formas.
2482 3369 2713 3438 Oportet
2741 3367 2892 3420 enim
2912 3382 2976 3420 ea
2995 3382 3120 3436 quas
3147 3366 3526 3421 communiter

1894 3469 1952 3520 et
1982 3463 2320 3536 generaliter
2343 3461 2412 3514 ad
2439 3460 2694 3513 omnium
2715 3459 3019 3512 utilitatem
3046 3459 3394 3527 sanciuntur,
3418 3474 3521 3528 po-

1894 3559 2006 3614 tius
2031 3556 2236 3623 valere,
2265 3569 2436 3625 quam
2457 3568 2522 3606 ea
2550 3567 2677 3622 quae
2703 3551 2850 3605 circa
2875 3551 3089 3621 aliquos
3110 3551 3408 3604 studentur
3429 3550 3522 3622 agi

1897 3651 1969 3706 ad
1999 3647 2413 3718 corruptionem
2442 3643 2836 3699 communium
2864 3643 3076 3714 legum.
3103 3641 3195 3696 His
3223 3643 3352 3696 solis
3376 3643 3524 3698 vide-

1896 3743 2028 3798 licet
2053 3738 2426 3796 couducendis
2461 3741 2514 3792 et
2557 3738 2613 3790 in
2652 3735 3048 3807 emphyteusin
3090 3735 3288 3789 dandis
3331 3735 3520 3806 rebus,

1897 3849 2256 3908 quascunque
2306 3834 2507 3902 putant
2551 3829 2647 3883 tali
2681 3829 2872 3899 aliquo
2918 3843 3105 3899 egere.
3138 3827 3191 3883 Si
3219 3833 3408 3882 tamen
3432 3844 3526 3882 vo-

1897 3928 2106 3983 luerint
2151 3925 2410 3997 quaedam
2455 3923 2560 3976 sub
2604 3923 2837 3993 propria
2869 3919 3273 3991 gubernatione
3321 3920 3527 3976 habere

1899 4022 2010 4075 Deo
2041 4018 2309 4072 amabiles
2339 4014 2636 4083 oeconomi,
2667 4017 2765 4068 aut
2791 4013 3029 4068 aliorum
3059 4015 3324 4083 praesules
3358 4013 3526 4067 colle-

1902 4113 2149 4184 giorum,
2177 4111 2316 4165 nulli
2347 4110 2575 4174 horum,
2605 4108 2703 4178 qui
2735 4107 2793 4161 in
2830 4109 3126 4176 potentatu
3164 4109 3315 4172 sunt,
3344 4120 3530 4175 neque

1901 4205 2211 4261 secundum
2242 4218 2454 4256 sacram
2498 4200 2900 4272 pragmaticam
2948 4198 3212 4261 formam,
3247 4196 3530 4250 licentiam

1902 4315 2020 4352 esse
2048 4313 2252 4368 cogere
2283 4312 2396 4362 eos,
2431 4298 2528 4348 aut
2557 4309 2659 4362 per
2688 4290 3136 4356 conductionem,
3169 4291 3268 4342 aut
3290 4303 3394 4359 per
3419 4305 3533 4343 em-

1901 4390 2204 4462 phyteusin
2237 4388 2357 4440 hmc
2382 4385 2605 4438 tradere
2632 4383 2702 4448 ei,
2733 4382 2828 4452 qui
2861 4383 2965 4435 hoc
2993 4381 3127 4451 agit,
3162 4385 3218 4434 et
3257 4380 3533 4452 sacrilegii

172 4483 379 4538 mentis
428 4483 628 4537 talibus
681 4482 1020 4550 ministrare,
1054 4481 1151 4536 sed
1195 4495 1374 4550 usque
1423 4477 1804 4532 metuentibus
1823 4483 1882 4554 Ι)
1905 4483 2190 4552 subjacere
2217 4494 2398 4550 pcenae
2428 4482 2484 4530 et
2513 4475 2775 4530 omnibus
2805 4473 3047 4541 mulctis,
3071 4489 3197 4543 qua:
3217 4472 3320 4526 hac
3346 4476 3536 4527 nostra

171 4577 455 4641 exsilium,
479 4592 544 4629 ex
576 4593 689 4647 quo
721 4591 1014 4646 nunquam
1044 4576 1418 4636 revertantur,
1440 4587 1545 4624 nec
1576 4570 1619 4622 si
1647 4585 1804 4622 sacra

173 4670 280 4724 hoc
309 4669 560 4740 praebeat
587 4670 790 4736 forma,
817 4684 1003 4740 neque
1027 4665 1312 4738 judicibus
1333 4663 1655 4718 veldictare
1672 4661 1805 4716 talia

171 4768 551 4821 instrumenta
589 4766 1078 4837 prmsumentibus,
1111 4764 1196 4817 vel
1237 4762 1382 4816 facta
1425 4761 1704 4832 suscipere
1751 4762 1807 4814 et

174 4861 351 4930 gestis
399 4864 904 4914 monumentorum
941 4875 1007 4913 ea
1043 4859 1287 4924 firmare,
1316 4871 1387 4909 ne
1418 4854 1586 4909 etiam
1617 4852 1720 4924 ipsi
1751 4856 1809 4907 et

171 4953 390 5024 cinguli
420 4969 481 5006 ac
509 4952 796 5023 dignitatis
823 4956 878 5007 et
903 4950 1232 5006 substantim
1263 4965 1454 5002 casum
1496 4946 1807 5001 secundum

173 5047 379 5101 Leonis
405 5046 866 5100 constitutionem
894 5045 1222 5099 sustineant.
1258 5042 1458 5096 Iisdem
1487 5040 1662 5111 poenis
1689 5055 1807 5093 ser-

173 5139 376 5194 vandis
406 5139 577 5193 etiam
603 5140 868 5193 adversus
915 5155 1007 5193 eos
1052 5137 1148 5208 qui
1194 5140 1406 5190 sacrata
1449 5151 1571 5187 vasa
1619 5135 1812 5185 contra

174 5238 432 5287 nostram
472 5232 658 5303 legem
705 5235 804 5285 aut
845 5229 1073 5302 pignori
1104 5230 1258 5298 dant,
1289 5231 1387 5282 aut
1411 5226 1682 5289 vendunt,
1715 5227 1814 5278 aut

176 5325 686 5400 conflant‘propter
715 5324 1132 5379 alienationem.
1164 5324 1299 5376 Nam
1341 5324 1397 5375 et
1436 5320 1558 5374 illos
1589 5315 1810 5388 requali,

179 5424 281 5473 aut
337 5418 553 5488 majore
607 5434 770 5488 paena
823 5417 1024 5488 dignos
1075 5431 1193 5470 esse
1244 5413 1545 5480 sancimus,
1591 5409 1814 5482 quando

179 5513 352 5566 etiam
381 5510 526 5564 circa
556 5527 736 5564 sacras
762 5527 852 5565 res
884 5515 940 5564 et
986 5510 1097 5563 Deo
1132 5507 1410 5562 dedicatas
1440 5518 1813 5575 praesumpse-

179 5608 322 5659 runt
352 5603 524 5675 impie
549 5619 737 5675 agere,
764 5603 867 5658 nisi
899 5607 1089 5657 tamen
1119 5599 1343 5671 aliquod
1377 5597 1484 5652 tale
1515 5597 1632 5665 ﬂat,
1663 5593 1816 5666 quod

180 5696 452 5764 diximus,
475 5696 623 5750 circa
643 5694 1095 5766 redemptionem
1112 5691 1479 5764 captivorum,
1494 5688 1592 5742 ubi
1611 5687 1817 5741 animas

181 5789 486 5846 hominum
516 5789 830 5844 liberantur
849 5805 880 5842 a
901 5787 1179 5842 mortibus
1203 5789 1257 5838 et
1281 5781 1517 5839 vinculis
1544 5780 1818 5836 inanima-

1902 4577 2026 4646 lege
2055 4589 2208 4627 sacra
2243 4570 2601 4625 continentur
2630 4572 2685 4621 et
2714 4565 3023 4637 suppliciis.
3071 4565 3209 4629 Quia
3257 4581 3390 4619 vero
3440 4582 3534 4619 co-

1907 4667 2200 4740 gnovimus
2219 4662 2444 4735 aliquod
2465 4660 2775 4734 pessimum
2797 4659 3061 4713 delictum
3081 4658 3289 4712 factum
3313 4663 3370 4712 et
3387 4660 3536 4730 apud

1905 4758 2310 4816 Alexandrinos
2339 4761 2393 4810 et
2413 4754 2718 4826 )Egyptios,
2744 4754 2862 4824 jam
2890 4755 3079 4806 autem
3107 4755 3161 4805 et
3187 4751 3245 4804 in
3273 4750 3394 4804 aliis
3419 4751 3540 4822 qui-

1905 4853 2143 4908 busdam
2181 4848 2404 4921 imperii
2446 4847 2580 4902 locis
2627 4847 2901 4918 quosdam
2931 4860 3277 4917 praesumere
3305 4845 3389 4898 vel
3421 4843 3540 4914 ipsa

1907 4945 2249 5001 venerabilia
2293 4940 2632 4996 monasteria
2667 4939 2936 5004 vendere,
2961 4941 3058 4991 aut
3085 4941 3427 5007 permutare,
3450 4940 3546 4991 aut

1909 5040 2138 5106 donare,
2185 5037 2243 5090 in
2289 5035 2495 5107 quibus
2545 5038 2601 5087 et
2649 5032 2823 5086 altare
2865 5030 3193 5084 collocatum
3219 5033 3322 5097 est,
3364 5034 3421 5084 et
3451 5046 3542 5084 sa-

1911 5147 2071 5186 crum
2125 5129 2440 5184 exhibitum
2497 5124 2903 5188 ministerium,
2935 5123 3098 5193 quale
3145 5123 3316 5176 moris
3364 5127 3447 5176 est
3485 5123 3543 5176 in

1913 5223 2280 5279 sanctissimis
2335 5218 2583 5274 ecclesiis
2635 5215 2927 5284 celebrari,
2961 5214 3169 5286 quippe
3196 5215 3369 5269 sacris
3393 5215 3548 5269 lectis

1915 5316 2232 5386 Scripturis,
2269 5316 2323 5368 et
2348 5315 2693 5366 sacrosancta
2732 5313 2789 5364 et
2836 5307 3102 5362 ineffabili
3145 5307 3547 5363 communione

1913 5410 2139 5474 tradita,
2162 5411 2220 5462 et
2244 5405 2604 5460 monarchica
2647 5401 2760 5456 illic
2805 5402 2951 5456 facta
2992 5401 3355 5467 habitatione,
3383 5401 3461 5453 ita
3489 5403 3550 5451 ut.

1916 5503 2039 5557 haec
2065 5501 2422 5554 mutarentur
2451 5513 2520 5552 ex
2551 5512 2704 5551 sacra
2736 5500 2791 5549 et
2823 5497 2932 5549 Deo
2978 5494 3204 5548 amabili
3253 5493 3433 5562 ﬁgura
3480 5489 3551 5542 ad

1915 5595 2191 5667 privatam
2243 5591 2590 5645 mansionem
2643 5595 2698 5643 et
2744 5592 2987 5653 statum,
3037 5588 3158 5640 haec
3205 5583 3437 5637 omnino
3486 5581 3554 5634 de

1919 5694 2122 5741 ceetero
2140 5685 2262 5738 ﬁeri
2281 5683 2666 5756 prohibemus,
2683 5682 2820 5736 nulli
2841 5681 3138 5734 hominum
3163 5673 3555 5747 permittentes

1919 5777 2041 5832 haac
2062 5774 2410 5846 delinquere,
2433 5772 2528 5827 sed
2547 5771 2717 5827 etiam
2737 5770 2949 5824 factum
2976 5765 3270 5820 inﬁmum
3291 5761 3554 5818 omnibus
