3996 6188
428 289 529 344 947

1553 281 1809 336 δεΕϐΠΙΛΙ
1849 281 2042 335 SEXTl
2089 281 2644 336 SUPPLEMENTUM.

3601 239 3610 248 ’
3675 279 3772 332 948

425 393 776 449 declaramus
798 389 998 455 modis,
1029 393 1084 443 et
1111 386 1420 457 pretiorum
1464 403 1654 440 casum
1708 387 2052 458 imponimus
2073 410 2132 482 Α
2152 387 2484 457 simpliciter
2509 402 2677 440 omne
2707 385 2885 453 civile,
2921 385 3184 453 militare,
3215 389 3270 439 et
3297 385 3584 454 publicum
3619 385 3770 437 auxi-

425 484 842 557 accipientibus,
875 486 932 536 et
960 481 1310 534 venditorem
1337 495 1563 550 quoque
1601 479 2049 548 damniﬁcamus,

427 585 484 636 et
503 579 583 634 rei
615 594 744 634 casu
770 581 824 631 et
853 574 1020 646 pretii
1043 573 1366 638 amissione,
1403 573 1768 627 sanctissimae
1807 573 2052 628 ecclesiae

424 674 546 746 ejus
563 673 671 726 loci
695 675 752 725 et
768 667 1182 724 venerabilibus
1210 666 1568 720 monasteriis
1593 667 1697 720 hoc
1716 666 2048 737 tribuentes,

425 770 698 838 quatenus
723 761 827 832 ipsi
857 759 1192 830 provideant
1217 763 1278 812 ut
1304 759 1453 830 quod
1479 758 1628 812 male
1645 759 1950 813 alienatum
1969 763 2054 814 est

425 873 620 914 rursus
646 855 716 910 ad
741 853 1130 908 monachicam
1155 857 1423 907 revocent
1449 853 1712 922 ﬁguram,
1735 867 1917 922 neque
1943 853 2048 923 hy-

423 951 658 1024 potheca
677 964 847 1018 super
871 947 959 1001 his
977 947 1216 1012 valente,
1243 946 1340 1000 sed
1359 945 1529 999 etiam
1549 946 1672 1015 ipsa
1691 945 2048 1015 inﬁrmanda,

425 1049 482 1099 et
508 1059 704 1098 rursus
729 1057 888 1096 sacro
917 1039 1256 1094 monasterio
1282 1038 1634 1110 assignanda.

493 1136 646 1192 Sicut
687 1139 878 1188 autem
921 1133 1214 1187 damnosas
1259 1131 1620 1186 alienationes
1663 1131 2045 1200 prohibemus,

423 1231 500 1286 sic
543 1233 600 1284 et
644 1229 939 1282 damnosas
989 1225 1367 1296 possessiones
1409 1224 1816 1278 interdicimus.
1865 1224 2048 1279 Multae

423 1324 576 1380 enim
599 1321 750 1393 apud
781 1337 882 1376 nos
925 1325 1096 1375 motas
1141 1323 1272 1372 sunt
1300 1317 1656 1389 quaestiones,
1690 1317 1788 1372 ubi
1819 1317 2048 1388 quidam

417 1417 609 1472 minus
637 1415 836 1470 idonea
858 1413 1073 1485 praedia
1105 1413 1455 1466 donaverunt
1482 1410 1844 1464 sanctissimis
1870 1412 2046 1466 eccle-

419 1511 532 1580 siis,
561 1513 661 1563 aut
684 1506 1094 1563 venerabilibus
1119 1505 1401 1572 domibus,
1435 1507 1534 1558 aut
1579 1505 1748 1558 etiam
1775 1505 2044 1559 vendide-

421 1607 556 1659 runt
572 1607 844 1672 tanquam
869 1599 1090 1666 idonea,
1113 1614 1244 1652 cum
1263 1598 1463 1667 utique
1489 1597 1700 1650 sterilia
1719 1614 1751 1650 a
1771 1597 2048 1667 principio

418 1698 626 1761 essent,
649 1698 704 1748 et
729 1710 799 1747 ex
827 1693 936 1747 hoc
961 1689 1373 1746 venerabilibus
1401 1689 1665 1743 domibus
1703 1693 2042 1743 nocuerunt.

2151 480 2292 534 lium
2319 481 2462 534 hanc
2491 484 2738 534 nostram
2765 479 2952 550 legem
2983 485 3256 549 tanquam
3299 478 3370 534 ad
3415 493 3772 532 communem

2150 573 2450 628 utilitatem
2479 577 2534 628 et
2571 590 2672 643 pro
2711 573 2881 628 totius
2909 577 3076 626 terra:
3109 572 3314 642 pietate
3369 572 3614 642 positam
3669 587 3770 624 ser-

2150 669 2259 733 vet,
2292 670 2347 720 et
2389 665 2842 736 praavaricatores
2887 665 3090 722 subdat
3135 665 3318 736 poenis
3346 681 3487 736 quas
3515 663 3773 735 primitus

2151 759 2414 813 diximus.
2443 759 2498 812 Si
2543 759 2680 830 quid
2721 762 2914 813 autem
2963 759 3031 814 de
3079 757 3548 813 conductionibus
3601 757 3768 811 eccle-

2151 852 2498 906 siasticarum
2547 868 2758 920 rerum,
2809 857 2906 906 aut
2953 853 3014 906 in
3061 851 3183 905 aliis
3225 851 3484 921 capitulis
3539 849 3768 904 sanciri-

2151 962 2298 1012 mus,
2332 949 2429 999 aut
2473 962 2506 998 a
2551 945 2834 1016 prioribus
2862 945 3070 1000 nostris
3111 945 3388 999 sancitum
3415 949 3519 1012 est,
3555 948 3772 997 maneat

2150 1039 2344 1092 hocin
2374 1039 2600 1109 prOpria
2643 1037 2926 1106 ﬁrmitate,
2960 1055 3143 1109 neque
3191 1055 3258 1092 ex
3305 1039 3580 1108 praesenti
3625 1054 3776 1092 sacra

2149 1137 2338 1186 nostra
2391 1131 2787 1186 constitutione
2831 1132 3194 1198 novandum;
3235 1132 3342 1185 alia
3389 1132 3544 1186 enim
3591 1131 3780 1185 omnia

2149 1241 2380 1280 manere
2405 1225 2466 1278 in
2495 1225 2739 1295 propriis
2765 1224 3022 1280 terminis
3048 1224 3308 1291 sinimus,
3339 1225 3444 1278 nisi
3467 1227 3658 1278 tamen
3689 1225 3780 1281 ali-

2149 1320 2286 1391 quid
2316 1320 2383 1373 de
2413 1319 2499 1372 his
2527 1319 2748 1384 habeat,
2781 1335 2906 1388 quae
2932 1318 3024 1372 hic
3053 1318 3464 1386 constituimus,
3493 1337 3626 1374 cum
3661 1320 3778 1374 suf-

2147 1413 2298 1466 ﬁciat
2324 1429 2427 1482 pro
2451 1412 2714 1466 omnibus
2755 1412 2876 1465 haec
2915 1411 3006 1464 lex
3036 1427 3208 1481 super
3237 1412 3292 1466 id
3319 1413 3469 1482 quod
3513 1431 3546 1466 a
3595 1414 3776 1468 Leone

2148 1507 2258 1576 piae
2283 1507 2569 1560 memoriae
2593 1505 2804 1559 factum
2827 1509 2930 1572 est,
2955 1521 3187 1558 omnem
3205 1505 3470 1560 adversus
3493 1507 3778 1576 ptochicas

2148 1615 2239 1653 res
2268 1599 2490 1653 auferre
2524 1598 2875 1652 alienationis
2907 1597 3274 1652 occasionem.
3311 1600 3428 1652 Tua
3455 1599 3634 1669 igitur
3657 1599 3780 1652 bea-

2151 1692 2350 1758 titudo,
2379 1694 2436 1744 et
2465 1691 2561 1762 qui
2597 1695 2722 1761 post
2775 1691 2930 1744 illam
2987 1691 3048 1744 in
3095 1690 3503 1761 pontiﬁcalibus
3555 1692 3780 1746 sedibus

419 1785 994 1856 lnterdicimusigitur
1009 1782 1738 1838 rectoribusvenerabilium
1754 1769 2127 1840 domorumB
2149 1783 2379 1853 fuerint,
2420 1801 2547 1855 quin
2579 1801 2612 1838 a
2642 1784 2804 1838 nobis
2836 1784 3106 1855 disposita
3143 1791 3291 1853 sunt,
3323 1786 3482 1854 operi
3527 1785 3776 1839 effectui-

417 1881 528 1936 tale
553 1879 768 1950 aliquid
797 1894 990 1949 agere,
1023 1881 1122 1931 aut
1148 1880 1298 1930 certe
1322 1891 1681 1947 cognoscere,
1705 1876 1842 1947 quia
1859 1875 1906 1930 si
1935 1892 2051 1930 non

373 1961 380 1972 ’
417 1991 548 2028 cum
586 1972 740 2027 omni
771 1971 1076 2025 subtilitate
1119 1969 1358 2024 fecerint
1397 1972 1732 2038 contractus,
1765 1969 1863 2022 sed
1889 1969 2052 2024 fenea

413 2066 676 2138 quaedam
705 2063 978 2136 possessio
1020 2067 1117 2118 aut
1164 2062 1436 2116 damnosa
1466 2061 1631 2116 detur
1658 2061 1923 2130 ecclesiis,
1955 2067 2053 2117 aut

417 2157 776 2214 monasteriis
827 2160 924 2210 aut
974 2155 1356 2222 xenodochiis,
1401 2159 1500 2208 aut
1547 2155 1901 2220 nosocomiis,
1952 2159 2052 2209 aut

415 2253 535 2308 aliis
563 2250 974 2306 venerabilibus
1017 2248 1288 2318 collegiis,
1319 2251 1634 2302 contractus
1677 2247 1909 2318 quidem
1948 2264 2050 2318 pro

415 2362 536 2400 non
563 2345 712 2398 facto
743 2343 868 2409 erit,
915 2345 972 2396 et
1015 2341 1252 2412 recipiet
1293 2341 1543 2406 omnino,
1587 2339 1682 2410 qui
1736 2340 1849 2406 dat,
1901 2341 2050 2411 quod

413 2454 522 2510 per
550 2435 1088 2492 circumventionem
1129 2439 1186 2488 et
1213 2433 1487 2488 fallaciam
1517 2433 1710 2487 datum
1737 2437 1840 2488 est.
1871 2433 2048 2488 OEco-

413 2547 619 2586 nomus
645 2533 836 2584 autem
859 2529 958 2600 qui
993 2528 1108 2587 tale
1133 2527 1347 2598 aliquid
1374 2526 1571 2597 egerit,
1606 2531 1703 2580 aut
1727 2526 1917 2596 abbas,
1952 2531 2052 2582 aut

2150 1893 2260 1948 que
2283 1877 2504 1932 tradere
2541 1877 2782 1932 festinet.
2829 1879 2949 1932 Dat.
2994 1893 3128 1932 xvm
3181 1878 3302 1933 Kal.
3337 1879 3480 1934 Maii.
3519 1879 3778 1933 Belisario

2149 1987 2204 2024 Υ.
2237 1987 2288 2026 C.
2323 1986 2434 2024 COS.

2715 2065 3024 2118 NOVELLA
3073 2065 3206 2118 Vlll.

2156 2157 2223 2210 Ut
2247 2157 2505 2226 prasides
2535 2159 2733 2226 absque
2779 2159 2896 2210 ulla
2943 2159 3157 2212 (latione
3199 2160 3438 2228 pecunia
3481 2158 3558 2212 ad
3601 2160 3782 2226 ofﬁcia

2807 2230 3119 2282 mittantur.

2223 2343 2531 2412 Imperator
2567 2342 2914 2396 Justinianus
2937 2345 3226 2414 Augustus
3268 2344 3468 2397 Joanni
3517 2344 3782 2414 praefecto

2145 2434 2403 2506 praetorii
2431 2435 2638 2490 iterum
2665 2435 2965 2490 exconsule
2991 2441 3047 2490 et
3075 2435 3327 2506 patricio.

2219 2527 2386 2582 Nobis
2428 2529 2712 2599 equidem,
2741 2529 2878 2584 dum
2915 2529 3109 2584 sedulo
3137 2531 3540 2597 consultamus,
3575 2530 3780 2600 quibus

415 2623 795 2689 xenodochus,
823 2625 921 2676 aut
950 2637 1304 2688 nosocomus,
1332 2625 1428 2674 aut
1457 2619 1921 2690 ptochotrophus,
1953 2623 2052 2674 aut
2149 2621 2329 2676 modis
2357 2622 2496 2676 boni
2525 2622 2760 2692 aliquid,
2803 2627 2858 2677 et
2900 2623 3052 2693 quod
3101 2625 3216 2677 Deo
3269 2623 3504 2692 placeat,
3539 2623 3778 2676 subditis

417 2715 930 2788 orphanotropbus,
981 2719 1078 2768 aut
1125 2717 1578 2785 gerontocomus,
1611 2713 1680 2766 de
1727 2729 1826 2766 suo
1866 2712 1918 2767 ei
1949 2713 2050 2783 qui
2149 2730 2251 2785 per
2273 2731 2378 2770 nos
2407 2715 2699 2784 inferatur,
2730 2732 2836 2770 usu
2863 2716 3016 2770 venit
3035 2715 3376 2786 planissime,
3405 2721 3468 2770 ut
3489 2715 3588 2769 diu
3612 2715 3782 2770 simul

413 2810 569 2865 dedit
597 2807 831 2863 salvabit
875 2823 944 2862 ex
987 2808 1094 2861 hoc
1123 2807 1416 2861 damnum.
1464 2805 1520 2860 Si
1572 2821 1704 2860 vero
1755 2805 1832 2860 sic
1881 2822 2052 2860 causa
2148 2811 2433 2878 noctuque
2475 2809 2536 2862 in
2579 2808 2729 2862 curis
2757 2813 2812 2863 et
2853 2809 3059 2879 vigiliis
3089 2825 3396 2862 versemur.
3431 2809 3624 2879 Neque
3657 2825 3780 2863 eam

413 2902 743 2974 fingeretur,
773 2905 838 2955 ut
879 2900 1050 2956 etiam
1080 2900 1306 2971 aliquod
1347 2915 1552 2953 aurum
1591 2915 1696 2970 pro
1727 2898 1832 2953 hoc
1863 2899 2046 2968 detur,
2147 2900 2324 2955 animi
2352 2901 2706 2972 vigilantiam
2731 2917 3072 2972 supervacue
3095 2906 3192 2956 aut
3219 2907 3428 2972 praeter
3449 2917 3572 2955 rem
3605 2903 3780 2956 susci-

414 2997 600 3050 ethoc
625 2993 935 3048 lucrabitur
955 2994 1188 3064 quidem
1207 2992 1542 3047 venerabilis
1569 2991 1776 3046 domus
1805 3009 1936 3062 quae
1961 2993 2047 3046 fe-
2146 2993 2356 3063 pimus,
2387 2993 2486 3048 sed
2513 2993 2626 3050 sive
2665 2994 2912 3048 interdiu
2941 2995 3080 3064 quid
3113 3009 3394 3064 geramus,
3429 2993 3548 3048 sive
3591 2995 3778 3049 nocti-

412 3104 588 3144 neum
622 3086 846 3156 aliquod
871 3085 1164 3156 acceperit.
1195 3085 1299 3148 Qui
1331 3101 1461 3139 vero
1490 3101 1694 3138 aurum
1738 3084 1910 3153 dedit,
1942 3086 2044 3138 ha-
2067 3123 2120 3198 Ο
2146 3085 2252 3140 bus
2281 3103 2350 3140 ex
2376 3103 2538 3157 inquo
2565 3091 2789 3141 utamur
2815 3104 2945 3141 cum
2975 3087 3064 3142 die
3085 3088 3142 3140 in
3171 3093 3286 3141 tam
3319 3103 3626 3141 numerosa
3655 3105 3780 3142 eam

413 3179 565 3198 1-1!L
608 3181 785 3198 ..ΔιηΔ
828 3193 946 3198 -_-__..
992 3177 1078 3198 __:
1119 3181 1457 3198 -__L___L--_A
1509 3176 1797 3198 __‘I-L____:L
1842 3193 1900 3198 -_
1940 3178 2040 3198 ἱ---
2150 3175 2368 3198 ,λη-312-
2421 3174 2796 3198 ζ-Α-Αωλῖμ---
2849 3181 2906 3198 --ι
2936 3176 3092 3198 ..-ι-ξ..
3123 3193 3220 3198 ___
3272 3175 3532 3198 -_._:L___
3586 3193 3773 3198 ---μμ-μ.

412 3179 569 3234 bebit
599 3181 794 3233 contra
821 3193 954 3232 eum
985 3177 1084 3248 qui
1113 3181 1464 3231 contractum
1502 3176 1800 3231 celebravit
1835 3193 1902 3231 ex
1940 3178 2046 3232 hoc
2069 3174 2120 3198 “‘
2145 3175 2374 3230 consilia
2421 3174 2819 3246 impendimus,
2849 3181 2911 3230 ut
2935 3176 3096 3230 nobis
3123 3193 3226 3246 pro
3267 3175 3536 3230 omnibus
3579 3193 3778 3230 curam

412 3272 712 3340 actionem,
760 3271 906 3325 sicut
947 3269 1329 3341 praediximus.
1379 3271 1509 3323 Haec
1553 3269 1784 3323 omnino
1821 3287 1856 3324 ει
1883 3271 2046 3325 nobis
2148 3267 2490 3338 gerentibus,
2519 3268 2726 3322 subditi
2751 3269 2932 3322 nostri
2953 3269 3108 3322 omni
3135 3268 3510 3322 sollicitudine
3538 3270 3702 3322 vacui
3719 3270 3782 3323 in

413 3381 582 3436 super
607 3363 1112 3420 ecclesiasticarum
1141 3365 1239 3416 aut
1267 3362 1657 3432 ptochicarum
1691 3379 1884 3417 rerum
1909 3363 2044 3418 alie-

409 3458 636 3513 natione
661 3457 845 3530 posita
872 3456 944 3510 sit
972 3457 1084 3524 lex,
1115 3455 1316 3510 Leonis
1343 3455 1578 3527 quidem
1617 3455 1728 3527 pia;
1754 3456 2046 3512 memoriae

411 3566 650 3623 sequens
677 3549 1160 3618 constitutionem,
1178 3553 1234 3603 et
1257 3565 1373 3604 non
1397 3548 1550 3602 aliud
1570 3549 1802 3620 quidem
1823 3566 2042 3618 curans,

410 3644 562 3698 aliud
583 3647 773 3698 autem
800 3642 1124 3698 incuratum
1150 3642 1492 3714 relinquens,
1512 3642 1612 3696 sed
1635 3643 1694 3696 in
1719 3644 1876 3697 omni
1895 3649 2048 3700 terra

411 3753 586 3808 quam
615 3737 1001 3791 Romanorum
1043 3735 1295 3790 continet
1329 3735 1442 3804 lex,
1469 3739 1525 3790 et
1553 3735 1842 3790 catholicas
1869 3738 2045 3794 eccle-

412 3828 510 3882 size
534 3827 765 3894 sanatio,
797 3828 919 3882 haec
945 3827 1304 3896 extendatur,
1336 3831 1392 3882 et
1421 3827 1762 3882 determinet
1789 3845 1916 3899 quae
1947 3847 2048 3886 sua

411 3923 566 3988 sunt,
597 3923 653 3974 et
677 3919 858 3973 valeat
882 3924 1176 3990 perpetuo,
1211 3919 1485 3974 custodita
1505 3937 1536 3973 a
1563 3919 1922 3976 sanctissimis
1952 3939 2049 3993 pa-

409 4010 674 4066 triarchis
697 4010 1144 4081 uniuscujusque
1177 4012 1497 4081 dioeceseos,
1526 4015 1582 4066 et
1613 4029 1646 4066 a
1681 4015 1792 4067 Deo
1829 4015 2044 4069 amabi-

411 4104 558 4160 libus
609 4103 1078 4175 metropolitanis,
1109 4107 1165 4158 et
1193 4103 1263 4157 ab
1292 4103 1415 4157 aliis
1459 4104 1748 4175 episcopis,
1783 4111 1840 4160 et
1879 4107 2046 4161 cleri-

411 4197 510 4265 cis,
559 4201 614 4252 et
663 4196 990 4266 (nconomis,
1039 4201 1094 4251 et
1148 4195 1444 4250 abbatibus
1492 4202 1548 4251 et
1599 4198 1960 4268 xenodochis,
1993 4205 2050 4256 et

409 4289 746 4358 nosocomis,
799 4294 856 4344 et
907 4288 1366 4360 brephotrophis,
1419 4294 1476 4344 et
1529 4291 1960 4360 gerontocomis,
1992 4296 2048 4347 et

409 4377 910 4450 orphanotrophis,
938 4381 994 4432 et
1018 4377 1283 4432 omnibus
1309 4376 1570 4432 similiter
1608 4379 1915 4434 rectoribus
1951 4380 2049 4434 ali-

2143 3366 2267 3416 tuto
2299 3365 2355 3415 et
2375 3376 2599 3415 summa
2618 3361 3022 3432 tranquillitate
3045 3361 3404 3416 collocentur.
3435 3361 3610 3416 Omni
3629 3363 3780 3416 enim

2145 3470 2276 3508 cum
2300 3454 2772 3524 pervestigatione
2797 3459 2854 3508 et
2877 3461 3138 3509 accurata
3157 3453 3524 3525 inquisitione
3543 3471 3780 3526 progre-

2145 3546 2354 3616 dimur,
2383 3562 2447 3600 ea
2472 3546 2692 3601 efﬁcere
2721 3547 3033 3617 cupientes,
3053 3564 3178 3618 qua:
3207 3547 3518 3600 utilitatem
3547 3547 3786 3602 subditis

2145 3639 2350 3694 nostris
2370 3639 2643 3708 adferant,
2671 3640 2951 3710 simulque
2971 3641 3122 3694 omni
3146 3657 3240 3694 eos
3260 3655 3436 3694 onere
3461 3656 3528 3694 ac
3551 3641 3786 3708 damno,

2147 3731 2301 3803 quod
2343 3736 2549 3802 praeter
2587 3731 3020 3802 descriptionem
3050 3732 3332 3803 publicam
3381 3737 3438 3786 et
3475 3734 3698 3802 justam
3725 3751 3790 3786 ac

2147 3825 2369 3878 solitam
2416 3824 2768 3878 collationem
2813 3825 3073 3879 alicunde
3117 3826 3412 3880 inductum
3461 3831 3566 3892 est,
3601 3827 3788 3880 exsol-

2146 3923 2295 3971 vant.
2321 3918 2640 3972 Invenimus
2665 3934 2914 3988 namque
2935 3917 3248 3988 plurimum
3277 3919 3335 3972 in
3367 3919 3788 3989 rempublicam

2143 4009 2458 4081 iniquitatis
2485 4010 2791 4080 irrepsisse,
2821 4027 2948 4081 quae
2977 4027 3091 4064 non
3117 4011 3277 4066 initio
3313 4011 3408 4065 sed
3441 4012 3637 4082 paucis
3683 4013 3788 4066 ab-

2146 4102 2278 4156 hinc
2301 4103 2462 4157 annis
2491 4103 2726 4172 intrusa,
2760 4103 3010 4158 subditos
3035 4109 3256 4158 nostros
3285 4103 3352 4156 ad
3385 4111 3788 4174 paupertatem

2147 4195 2356 4266 adigat,
2391 4199 2456 4248 ut
2485 4196 2799 4266 periculum
2840 4196 2930 4264 sit,
2964 4212 3036 4250 ne
3079 4197 3148 4250 ad
3193 4211 3476 4250 summam
3523 4199 3788 4252 omnium

2145 4303 2340 4342 rerum
2363 4287 2612 4359 inopiam
2644 4288 2992 4357 delabantur,
3021 4293 3077 4343 et
3103 4288 3414 4343 secundum
3446 4289 3788 4361 descriptio-

2146 4396 2282 4436 nem
2307 4381 2615 4452 publicam,
2643 4397 2716 4436 ne
2762 4385 3026 4436 consueta
3066 4381 3294 4452 quidem
3325 4386 3383 4436 et
3411 4383 3598 4452 solita,
3635 4401 3796 4439 vere-

409 4487 654 4541 quorum
683 4474 1007 4524 sanctorum
1033 4470 1424 4540 collegiorum,
1460 4468 1724 4524 omnibus
1751 4470 2048 4542 imponens
2065 4488 2126 4560 D
2149 4489 2260 4544 que
2287 4473 2380 4544 pia
2409 4473 2622 4528 tributa
2651 4473 2874 4544 publica
2909 4473 3029 4528 sine
3063 4473 3220 4544 gravi
3251 4473 3548 4544 dispendio
3595 4481 3652 4530 et
3697 4493 3798 4531 ne—

410 4563 707 4634 proprium
737 4563 912 4618 robur
931 4565 988 4618 et
1003 4563 1293 4618 licentiam
1318 4561 1576 4633 praebens
1596 4563 1804 4618 volenti
1831 4563 2047 4620 denun-

407 4655 549 4710 tiare
580 4672 710 4727 quae
739 4655 1166 4726 delinquuntur.
1194 4655 1509 4712 Laudabilis
1538 4656 1692 4711 enim
1721 4657 2046 4728 hujusmodi

407 4751 511 4814 est,
560 4751 617 4802 et
658 4747 1075 4802 calumniatoris
1121 4747 1354 4818 effugiet
1399 4764 1628 4816 nomen,
1676 4749 1774 4821 qui
1820 4765 2044 4805 causam

406 4845 602 4896 contra
651 4841 807 4912 leges
857 4841 1062 4895 factam
1111 4840 1433 4911 redarguit,
1479 4845 1675 4896 auctor
1727 4841 1947 4912 pietatis
1989 4847 2046 4898 et

403 4933 660 4989 utilitatis
709 4933 880 4989 sacris
931 4933 1194 4988 domibus
1241 4933 1438 4988 factus.
1490 4934 1801 4990 Servabunt
1854 4940 2044 4990 autem

404 5041 530 5080 eam
561 5026 932 5081 nihilominus
969 5029 1027 5080 et
1051 5029 1260 5080 nostra:
1297 5025 1626 5098 reipublicae
1647 5027 1868 5098 judices
1915 5045 2040 5082 ma-

396 5118 552 5187 jores
597 5123 654 5174 et
683 5119 951 5189 minores,
981 5119 1167 5174 civiles
1216 5124 1272 5174 et
1311 5118 1607 5186 militares,
1653 5124 1710 5174 et
1757 5121 2042 5192 praecipue

403 5225 508 5282 per
535 5227 734 5266 omnes
759 5211 1024 5267 diaeceses
1055 5211 1344 5272 constituti
1378 5211 1760 5282 gloriosissimi
1790 5213 2041 5283 praefecti

405 5319 699 5360 sacrorum
745 5304 1166 5376 praetoriorum,
1193 5309 1250 5360 et
1286 5304 1498 5360 medias
1542 5305 1814 5362 habentes
1853 5306 2038 5362 admi-

401 5397 778 5467 nistrationes,
833 5415 972 5470 quas
1019 5398 1350 5470 spectabiles
1400 5403 1602 5454 vocant
1653 5399 1908 5469 (dicimus
1945 5416 2042 5454 au-

399 5493 516 5544 tem
570 5491 941 5563 Augustalem
987 5497 1046 5547 et
1084 5492 1532 5564 proconsulares,
1565 5495 1624 5548 et
1669 5491 2036 5564 spectabilem

401 5582 666 5639 comitem
713 5585 975 5656 Orientis)
1024 5589 1081 5640 et
1131 5584 1288 5654 alios,
1321 5591 1378 5640 et
1427 5586 1524 5657 qui
1571 5589 1697 5657 post
1735 5585 1858 5640 illos
1905 5590 2038 5642 sunt

399 5677 782 5748 magistratus,
813 5678 921 5733 hoc
959 5681 1046 5732 est
1089 5677 1504 5748 provinciarum
1552 5679 1874 5735 consulares
1921 5679 2036 5736 sive

397 5768 669 5836 praesides
704 5771 1017 5842 constituti,
1047 5775 1214 5844 atque
1261 5768 1585 5826 defensores
1631 5771 1940 5842 civitatum,
1977 5777 2034 5830 et

2147 4565 2398 4621 cessitate
2419 4571 2632 4637 queant
2650 4565 2988 4636 persolvere.
3021 4567 3098 4620 Ac
3125 4583 3256 4620 cum
3277 4569 3334 4622 et
3351 4568 3450 4638 qui
3475 4567 3792 4638 imperium

2144 4657 2374 4729 aliquod
2403 4663 2552 4714 retro
2581 4659 2744 4713 annis
2785 4675 2994 4730 parum
3021 4659 3193 4730 probe
3227 4663 3530 4730 gesserunt
3557 4678 3796 4732 semper

2142 4751 2356 4823 aliquid
2383 4754 2654 4822 cuperent
2683 4752 2852 4806 rebus
2882 4752 2996 4806 suis
3016 4752 3161 4806 lucri
3191 4769 3295 4824 per
3323 4753 3654 4808 ofﬁciorum
3685 4755 3792 4810 de—

2141 4843 2412 4898 lationem
2429 4843 2712 4912 accedere,
2733 4843 3052 4916 meritoque
3069 4845 3195 4898 illos
3213 4851 3592 4914 sequerentur
3613 4847 3792 4902 etiam

2145 4935 2531 5008 gloriosissimi
2549 4936 2945 5007 praetoriorum
2968 4937 3238 5008 praefecti,
3257 4938 3356 5009 qui
3375 4955 3638 5009 unquam
3663 4941 3788 4994 ﬁeri

2140 5029 2326 5100 potuit
2351 5034 2417 5084 ut
2451 5029 2739 5084 collatores
2779 5031 3232 5085 extraordinariis
3271 5031 3582 5101 dispendiis
3615 5033 3790 5086 simul

2140 5126 2196 5176 et
2229 5121 2406 5176 solitis
2441 5139 2506 5176 ac
2533 5121 2895 5192 pientissimis
2923 5123 3160 5193 publicis
3185 5124 3656 5194 prtestationibus
3685 5141 3790 5195 per

2140 5214 2201 5268 id
2231 5231 2410 5286 genus
2439 5215 2754 5286 iniquitatis
2782 5215 3148 5271 sufﬁcerent?
3199 5216 3386 5271 Subiit
3433 5218 3614 5288 igitur
3655 5219 3788 5272 ani-

2138 5324 2298 5362 mum
2327 5308 2608 5380 cogitatio,
2635 5325 2750 5379 quo
2779 5309 3012 5364 tandem
3041 5309 3208 5376 facto,
3239 5309 3518 5380 quidquid
3553 5312 3788 5382 uspiam

2137 5401 2198 5456 in
2226 5400 2524 5471 provinciis
2565 5401 2770 5456 nostris
2819 5402 3054 5456 noxium
3083 5401 3292 5472 existit,
3325 5419 3631 5472 possemus
3661 5421 3784 5458 uno

2140 5493 2394 5565 generali
2437 5498 2565 5548 actu
2609 5494 2682 5548 ad
2723 5493 2957 5548 meliora
2988 5495 3297 5550 traducere.
3330 5495 3398 5549 Et
3437 5497 3630 5567 reipsa
3675 5497 3786 5551 hoc

2137 5591 2473 5642 eventurum
2526 5587 3034 5657 deprehendimus,
3084 5588 3130 5641 si
3179 5588 3380 5642 demus
3421 5603 3656 5659 operam
3713 5597 3786 5644 ut

2136 5680 2396 5752 gentium
2441 5679 2728 5752 praesides,
2761 5681 2860 5753 qui
2901 5680 3084 5736 civilia
3131 5681 3190 5734 in
3241 5681 3546 5751 provinciis
3589 5683 3784 5738 ofﬁcia

2133 5772 2550 5845 administrant,
2569 5775 2728 5848 puris
2746 5777 2982 5832 utantur
3007 5773 3290 5842 manibus,
3305 5777 3362 5828 et
3387 5775 3548 5830 omni
3581 5775 3784 5848 prada
