3996 6188
177 271 267 322 (lii)

973 264 1333 318 Jt'STlNlA-Nl
1373 267 1697 321 NUVELLJ‘L
1737 267 2068 321 SELEC'I'JL‘.
2111 267 2418 324 NOVELIA
2461 272 2588 325 ΗΠ.

3414 281 3520 336 950

172 372 494 435 abstineant,
521 370 608 424 his
636 369 766 423 solis
793 371 1061 437 contenti,
1092 387 1216 440 qua:
1246 373 1572 441 praebentur
1597 388 1665 427 ex
1692 390 1794 443 pu-
1814 386 1873 459 Α
1894 377 1997 442 est,
2053 392 2260 446 nempe
2304 378 2593 432 avaritiam
2638 379 2895 434 omnium
2945 381 3227 436 malorum
3276 390 3519 441 matrem

172 467 326 520 blico.
362 464 518 529 Quod
560 463 792 534 quidem
816 462 978 516 aliter
1002 478 1115 516 non
1144 463 1260 531 ﬁet,
1292 465 1401 518 nisi
1433 481 1656 536 quoque
1688 466 1792 537 ipsi

171 558 345 613 ofﬁcia
383 557 626 628 gratuita
669 556 1037 626 susceperint,
1066 572 1250 627 neque
1278 560 1558 628 preetextu
1588 559 1668 626 (ut
1696 575 1790 614 vo-

171 652 309 722 cant)
349 650 774 720 suffragiorum,
827 665 1010 719 neque
1053 649 1141 716 iis,
1173 650 1271 720 qui
1297 650 1658 720 magistratus
1689 669 1788 723 ge-

173 750 316 811 rimt,
344 759 526 814 neque
557 743 820 813 cuiquam
853 742 946 796 alii
975 742 1287 813 quidquam
1315 743 1531 798 dantes.
1549 746 1791 800 Tametsi

171 839 316 892 enim
367 854 482 891 non
525 836 765 906 exiguus
818 835 1056 906 imperio
1099 836 1312 890 reditus
1348 853 1411 890 ea
1453 853 1512 891 re
1551 837 1789 907 decedit,

169 929 662 986 animadvertimus
683 934 871 983 tamen
891 929 1247 983 collatoribus
1267 929 1491 996 nostris,
1521 930 1565 984 si
1583 931 1794 985 indem-

169 1041 263 1079 nes
300 1028 469 1095 atque
508 1023 670 1078 illaesi
697 1040 728 1076 a
774 1023 1061 1092 judicibus
1116 1027 1536 1092 conserventur,
1595 1023 1794 1095 ingens

171 1117 572 1172 incrementum
591 1115 1012 1186 accipientibus,
1035 1119 1151 1169 tam
1175 1115 1479 1186 imperium
1495 1132 1666 1187 quam
1695 1134 1796 1186 pu-

168 1212 374 1265 blicum
402 1210 667 1264 aerarium
696 1214 843 1263 recte
875 1225 933 1263 se
961 1209 1314 1275 habiturum,
1339 1225 1566 1279 semper
1601 1209 1794 1264 usibus

174 1304 280 1357 suis
302 1305 527 1374 paratos
549 1302 763 1356 habens
787 1301 1036 1356 subditos
1060 1302 1382 1372 locupletes,
1415 1305 1472 1355 et
1497 1301 1659 1356 unico
1689 1303 1794 1357 hoc

171 1397 359 1450 ordine
401 1396 738 1464 introducto,
777 1395 1026 1465 amplam
1063 1400 1120 1448 et
1159 1393 1504 1448 ineffabilem
1535 1395 1793 1449 omnium

172 1506 358 1543 rerum
385 1489 602 1560 copiam
629 1487 980 1542 exstituram.
1023 1490 1109 1541 An
1142 1503 1274 1541 vero
1308 1487 1570 1541 omnibus
1607 1488 1792 1541 mani-

170 1585 372 1638 festum
411 1598 524 1635 non
575 1585 677 1646 est,
737 1581 885 1651 quod
935 1580 1030 1651 qui
1081 1596 1284 1634 aurum
1333 1580 1446 1649 dat,
1491 1580 1703 1651 quique
1729 1597 1795 1634 eo

1896 467 2152 537 existere,
2182 472 2237 523 et
2266 470 2534 538 maxime,
2563 488 2694 526 cum
2719 473 2777 526 in
2804 473 3008 527 animis
3027 491 3140 529 non
3169 476 3521 546 privatorum

1893 561 1988 615 sed
2037 562 2474 632 magistratuum
2515 564 2858 620 innascatur.
2910 566 3044 630 Quis
3097 568 3252 622 enim
3307 569 3520 641 absque

1891 658 2046 708 metu
2068 655 2300 725 periculi
2328 672 2440 710 non
2460 657 2699 726 furetur,
2719 658 2842 729 quis
2874 675 2986 712 non
3013 675 3206 714 secure
3233 661 3524 719 latrocine-

1892 750 2003 814 tur,
2037 748 2317 802 conversis
2341 749 2410 802 ad
2448 751 2842 820 magistratum
2869 751 3043 807 oculis
3087 753 3390 824 vidensque
3447 755 3518 809 il-

1892 837 2014 891 lum
2040 840 2231 894 omnia
2263 857 2400 894 auro
2433 841 2644 896 habere
2669 844 2902 912 venalia,
2945 843 3231 899 conﬁdens
3277 845 3416 913 fore,
3460 851 3522 902 ut

1892 931 2036 986 nihil
2063 936 2176 986 tam
2198 938 2360 1004 turpe
2383 935 2664 1004 admittat,
2693 935 2843 1006 quod
2862 953 2978 991 non
2995 938 3122 991 data
3142 938 3378 1008 pecunia
3399 955 3522 1010 pos-

1896 1026 1967 1078 sit
1996 1025 2271 1080 redimere
2291 1027 2317 1081 ?
2357 1027 2490 1082 Inde
2519 1028 2843 1097 homicidia,
2886 1031 3181 1099 adulteria,
3231 1033 3518 1087 latronum

1893 1134 2265 1188 aggressum,
2295 1120 2551 1189 vulnera,
2579 1126 2774 1192 raptus
2804 1122 3109 1192 virginum,
3135 1124 3520 1180 nundinarum

1895 1214 1950 1263 et
1978 1211 2334 1280 publicorum
2356 1217 2734 1271 couventuum
2764 1215 3037 1284 confusio,
3065 1221 3421 1288 contemptus
3445 1217 3523 1272 le-

1896 1319 2032 1374 gum
2053 1308 2106 1358 et
2123 1304 2575 1375 magistratuum,
2595 1307 2857 1362 omnibus
2878 1312 3148 1379 tanquam
3163 1310 3272 1363 vile
3293 1310 3522 1380 aliquod

1894 1396 2240 1466 mancipium
2319 1414 2520 1450 venum
2589 1416 2680 1452 eas
2735 1401 2973 1470 proponi
3047 1402 3520 1459 existimantibus.

1893 1488 2157 1560 Adeoque
2185 1506 2299 1543 non
2329 1490 2655 1557 sufﬁcimus,
2699 1497 2760 1545 ut
2796 1493 2879 1546 vel
2919 1493 3257 1563 cogitatione
3287 1496 3525 1565 comple-

1895 1586 2132 1648 ctamur,
2176 1583 2260 1635 vel
2303 1600 2714 1654 prosequamur
2754 1585 3016 1652 dieendo,
3045 1603 3218 1656 quam
3249 1587 3427 1640 multa
3453 1604 3524 1642 ex

171 1682 326 1746 pacto
360 1675 609 1728 ofﬁcium
635 1674 880 1742 redimit,
913 1689 1027 1727 non
1075 1673 1182 1727 hoc
1227 1678 1449 1727 tantum
1487 1675 1600 1742 dat,
1646 1674 1796 1744 quod
1897 1675 2328 1743 provincialium
2349 1677 2778 1746 magistratuum
2826 1678 2988 1731 furtis
3013 1678 3219 1732 atrocia
3245 1679 3522 1747 eveniant,

173 1772 447 1840 praetextu
487 1768 568 1836 (ut
611 1767 912 1838 appellant)
972 1767 1375 1838 suffragiorum
1413 1768 1794 1837 excogitatum
1816 1747 1873 1818 B
1900 1767 2126 1821 nemine
2155 1769 2396 1822 audente
2437 1785 2531 1822 eos
2563 1770 2737 1824 libere
2779 1770 3089 1840 increpare,
3123 1771 3389 1825 continuo
3416 1771 3527 1826 illis

172 1869 265 1930 est,
295 1862 394 1917 sed
422 1861 591 1915 etiam
613 1861 766 1914 aliud
795 1859 1141 1914 extrinsecus
1161 1860 1340 1915 multo
1359 1860 1603 1932 amplius
1631 1877 1796 1914 accu-

172 1955 455 2023 mulat,ut
497 1954 652 2025 prius
680 1953 749 2007 ab
794 1953 859 2006 iis
908 1953 1144 2023 gratiam
1187 1953 1355 2018 ineat,
1395 1953 1491 2023 qui
1530 1953 1616 2007 vel
1661 1970 1796 2008 con-

171 2050 310 2102 ferre
358 2047 628 2115 ofﬁcium,
670 2047 757 2100 vel
808 2046 1025 2100 ambire
1069 2046 1292 2100 solent?
1337 2047 1404 2099 Et
1437 2046 1514 2099 sic
1545 2062 1657 2099 uno
1686 2047 1786 2100 ab-

168 2141 334 2195 surdo
363 2139 642 2212 principio
667 2139 930 2205 admisso,
951 2140 1159 2192 multas
1180 2138 1382 2193 deinde
1411 2155 1612 2193 manus
1634 2139 1801 2194 obeat

173 2251 394 2288 necesse
443 2238 544 2302 est,
596 2233 692 2304 qui
736 2232 908 2286 semel
955 2231 1152 2302 largiri
1205 2231 1389 2301 coepit,
1432 2236 1488 2286 et
1524 2231 1799 2303 quidquid

171 2327 221 2381 id
261 2327 389 2381 auri
437 2331 540 2395 est,
590 2342 704 2380 non
750 2326 818 2380 de
843 2341 944 2378 suo
973 2324 1117 2378 forte
1155 2323 1421 2394 praebeat,
1468 2325 1562 2378 sed
1599 2329 1800 2379 mutuo

171 2426 480 2491 sumptum,
511 2423 569 2474 et
597 2425 662 2474 ut
692 2422 958 2473 mutuum
980 2417 1233 2488 accipere
1263 2417 1456 2488 possit,
1478 2417 1683 2471 damno
1710 2417 1802 2470 ob-

176 2514 377 2567 noxius
406 2528 711 2583 secumque
738 2512 1120 2578 ratiocinetur,
1157 2511 1308 2580 quod
1337 2509 1673 2564 conveniens
1709 2511 1800 2576 sit,

173 2612 391 2660 tantum
433 2623 500 2658 ex
537 2605 821 2676 provincia
864 2604 1132 2674 recipere,
1165 2607 1442 2673 quantum
1471 2603 1553 2656 vel
1587 2603 1656 2656 ad
1687 2603 1801 2656 dis-

171 2699 503 2753 solvendum
528 2715 604 2752 ass
625 2699 869 2752 alienum
886 2713 1053 2750 suum
1074 2701 1190 2750 tam
1219 2695 1277 2748 in
1303 2701 1450 2749 sorte
1476 2711 1650 2766 quam
1675 2711 1806 2749 usu-

173 2793 263 2859 ris,
294 2808 470 2862 quam
501 2791 669 2845 etiam
697 2791 922 2857 damno,
952 2790 1098 2860 quod
1129 2794 1192 2843 ut
1226 2792 1490 2842 mutuum
1507 2788 1802 2858 acciperet,

169 2885 458 2948 sustinuit,
513 2884 644 2936 satis
688 2883 776 2950 sit,
835 2883 917 2935 vel
981 2880 1484 2935 administrationis
1549 2883 1806 2950 tempore

172 2987 285 3034 tam
305 2976 510 3048 judici,
541 2992 712 3047 quam
742 2975 887 3028 circa
911 2975 1096 3044 ipsum
1130 2973 1503 3039 versantibus,
1531 2973 1808 3043 largiores

171 3076 437 3142 sumptus
473 3074 642 3141 atque
681 3071 810 3122 ante
855 3068 1130 3134 fecerunt,
1177 3066 1516 3137 suppeditet,
1557 3067 1644 3120 vel
1681 3070 1810 3137 post

170 3165 424 3220 officium
466 3161 808 3233 depositum,
859 3176 972 3230 quo
1004 3160 1146 3213 forte
1186 3165 1441 3230 tempore
1477 3175 1609 3214 cum
1650 3165 1807 3230 pote-

173 3262 312 3313 state
346 3273 463 3310 non
492 3255 620 3322 erit,
649 3255 706 3308 in
725 3253 1008 3324 longiores
1034 3253 1140 3305 sibi
1163 3269 1298 3306 usus
1344 3251 1518 3306 veluti
1563 3252 1809 3307 reditum

175 3354 436 3421 reponat,
464 3352 530 3402 ut
554 3347 706 3418 quod
735 3363 767 3399 a
796 3346 1152 3400 collatoribus
1200 3345 1404 3398 nostris
1448 3344 1710 3415 exigitur,
1751 3346 1809 3400 in

173 3445 344 3514 triplo
369 3446 469 3495 aut
495 3441 680 3511 potius
702 3439 764 3508 (si
789 3455 920 3493 vera
961 3439 1120 3492 decet
1163 3438 1439 3507 proloqui)
1476 3438 1535 3490 in
1577 3438 1810 3506 decuplo

173 3539 408 3607 superet
437 3535 511 3602 id,
544 3533 696 3605 quod
733 3532 801 3586 ab
830 3531 966 3601 ipsis
1003 3531 1259 3598 dabatur,
1301 3547 1412 3601 qua
1452 3547 1514 3583 re
1557 3533 1614 3582 et
1647 3530 1812 3583 fiscus

173 3630 590 3684 detrimentum
618 3625 837 3679 sentiet.
867 3625 1003 3677 Nam
1033 3640 1159 3693 quae
1187 3623 1246 3676 in
1274 3623 1469 3676 fiscum
1495 3621 1689 3676 inferri
1709 3622 1809 3675 de-

172 3728 408 3794 bebant,
436 3725 480 3778 si
508 3723 664 3794 puris
691 3722 951 3775 manibus
982 3725 1234 3774 uteretur
1279 3719 1374 3773 ille
1420 3719 1517 3790 qui
1562 3718 1812 3772 ofﬁcium

174 3821 416 3885 obtinet,
449 3834 511 3872 ea
540 3820 839 3887 postquam
863 3814 961 3884 qui
990 3813 1238 3868 ofﬁcium
1273 3812 1418 3883 gerit
1445 3812 1501 3865 in
1532 3827 1661 3864 usus
1687 3828 1815 3865 suos

173 3911 473 3978 convertit,
514 3909 736 3979 penitus
771 3907 841 3960 ad
867 3906 1116 3976 inopiam
1143 3905 1366 3958 redacto
1395 3904 1672 3971 collatore,
1704 3903 1812 3956 hu-

167 4007 262 4076 jus
290 4003 496 4058 deinde
537 4000 785 4071 inopiam
811 3999 881 4052 ab
913 3999 1033 4068 ipso
1061 3998 1355 4052 inductam
1377 3996 1537 4050 nobis
1566 3999 1814 4067 reputat.

177 4099 259 4152 Ad
301 4098 429 4150 hmo
465 4109 817 4166 quascunque
858 4091 1032 4162 impie
1077 4094 1372 4161 geruntur,
1425 4105 1488 4143 ea
1532 4089 1735 4143 merito
1758 4088 1818 4142 in

179 4188 510 4261 hujusmodi
539 4188 864 4242 futurorum
881 4183 1227 4238 occasionem
1257 4182 1600 4237 referuntur.
1630 4181 1814 4252 Siqui-

178 4285 314 4338 dem
365 4280 780 4352 provinciarum
824 4277 1208 4332 moderatores
1245 4276 1291 4329 si
1344 4277 1498 4329 lucro
1528 4279 1586 4328 et
1616 4274 1820 4344 praedas

181 4375 388 4430 intenti
419 4374 549 4440 sint,
579 4374 785 4426 multos
828 4387 952 4425 reos
983 4374 1168 4423 sontes
1206 4372 1434 4438 accepta
1470 4383 1572 4436 pro
1621 4366 1820 4421 delicto

1897 1860 2391 1914 administrationis
2417 1861 2766 1932 emptionem
2783 1863 3275 1932 praetendentibus.
3299 1863 3390 1917 His
3413 1880 3532 1918 om-

1898 1953 2063 2006 nibus
2101 1953 2250 2023 apud
2289 1970 2390 2006 nos
2433 1954 2583 2024 ipsos
2623 1954 2680 2007 in
2710 1954 3179 2008 consultationem
3209 1955 3526 2026 propositis,

1897 2051 2294 2116 assumptaque
2345 2046 2711 2117 postmodum
2747 2047 2804 2100 in
2849 2046 3268 2102 consultationis
3303 2047 3529 2102 societa-

1899 2141 2018 2191 tem
2044 2138 2392 2208 pientissima
2421 2157 2453 2192 a
2482 2140 2589 2193 Deo
2613 2140 2776 2194 nobis
2807 2139 2936 2194 data
2979 2139 3238 2210 conjuge,
3279 2155 3532 2195 commu-

1900 2230 2083 2284 nicato
2113 2237 2389 2301 prasterea
2419 2249 2549 2286 cum
2571 2232 2903 2287 excellentia
2926 2235 3024 2286 tua
3053 2232 3300 2303 negotio,
3325 2243 3521 2303 ‘quan-

1901 2339 2072 2393 quam
2102 2339 2168 2377 ex
2199 2324 2556 2395 suggestione
2586 2325 2804 2379 consilii
2839 2325 3229 2395 tui-suscepto,
3275 2325 3345 2378 ad
3388 2325 3528 2379 divi-

1903 2431 2035 2469 nam
2063 2417 2209 2470 hanc
2226 2418 2413 2487 legem
2429 2418 2816 2488 pervenimus,
2841 2433 3127 2489 perquam
3152 2417 3453 2487 sancimus,
3468 2422 3536 2473 ut

1902 2525 2086 2579 neque
2110 2509 2219 2563 ulla
2248 2511 2682 2580 proconsularis,
2713 2527 2902 2581 neque
2933 2510 3017 2581 (ut
3043 2511 3315 2564 hactenus
3342 2511 3536 2582 appel-

1903 2600 2112 2672 larunt)
2155 2602 2380 2668 vicaria,
2428 2620 2614 2674 neque
2651 2620 2842 2658 comes
2883 2602 3144 2669 Orientis,
3175 2619 3359 2674 neque
3384 2620 3537 2674 quaa-

1904 2711 2127 2765 cunque
2155 2695 2262 2748 alia
2291 2695 2724 2764 administratio,
2754 2696 2867 2749 sive
2893 2696 3221 2763 consularis,
3261 2697 3375 2751 sive
3419 2712 3537 2750 cor-

1905 2788 2139 2840 rectoria
2194 2787 2453 2858 (quarum
2486 2804 2745 2859 expresse
2780 2788 3129 2842 mentionem
3165 2788 3366 2842 divina:
3405 2787 3539 2843 huic

1905 2885 2112 2933 nostrae
2143 2880 2252 2950 legi
2277 2881 2527 2951 subjecta
2572 2881 2762 2934 tabula
2805 2881 2955 2947 facit,
3006 2897 3144 2951 quas
3191 2880 3360 2934 etiam
3392 2881 3538 2936 solas

1908 2973 2010 3026 sub
2042 2973 2184 3026 hanc
2213 2974 2402 3043 legem
2428 2973 2778 3043 deducimus)
2807 2973 3168 3044 suffragium,
3200 2977 3298 3028 aut
3323 2990 3427 3044 pro
3450 2974 3537 3028 of-

1907 3066 2034 3120 ﬁcio
2061 3065 2273 3137 aliquid
2302 3067 2402 3122 ulli
2444 3065 2818 3138 magistratui,
2847 3066 2932 3120 vel
2965 3065 3034 3119 iis
3069 3065 3167 3136 qui
3195 3065 3340 3120 circa
3363 3065 3540 3138 magi-

1910 3163 2118 3214 stratus
2157 3164 2306 3224 sunt,
2334 3160 2495 3214 aliive
2521 3175 2778 3230 personae
2801 3158 3101 3229 patrocinii
3131 3159 3360 3212 nomine
3395 3175 3540 3230 pra:-

1909 3257 2078 3320 stent,
2125 3251 2223 3305 sed
2268 3268 2394 3305 cum
2436 3251 2608 3322 gratis
2657 3251 2841 3304 ofﬁcia
2883 3251 3280 3321 adipiscantur,
3321 3251 3541 3304 modica

1907 3350 2126 3399 tantum
2156 3345 2418 3415 quaedam
2446 3343 2677 3397 nomine
2705 3343 3087 3397 codicillorum
3113 3342 3536 3411 etchartarum,

1909 3455 2037 3509 quas
2075 3454 2246 3508 super
2273 3451 2609 3506 unoquoque
2637 3435 2760 3488 dari
2791 3434 2993 3501 solent,
3025 3434 3333 3503 praebeant.
3363 3433 3544 3504 Siqui-

1911 3531 2041 3584 dem
2072 3530 2323 3583 tabulam
2358 3529 2488 3581 huic
2525 3527 2728 3581 divinae
2772 3525 2888 3596 legi
2939 3531 3144 3579 nostra:
3179 3525 3538 3594 subjecimus,

1911 3639 2040 3693 qua;
2070 3622 2313 3676 declaret
2336 3620 2470 3691 quid
2497 3623 2950 3689 unumquodque
2981 3616 3233 3672 ofﬁcium
3260 3619 3346 3672 vel
3375 3618 3434 3671 in
3461 3635 3542 3672 sa-

1913 3732 2007 3769 cro
2039 3719 2224 3768 nostro
2243 3713 2528 3780 laterculo,
2569 3712 2658 3766 vel
2689 3712 2750 3765 in
2777 3710 2990 3782 judicio
3035 3710 3382 3764 excellentiae
3429 3715 3543 3765 tua:

1914 3807 2316 3872 codicillorum,
2361 3805 2475 3859 sive
2520 3804 3053 3869 instrumentorum,
3103 3804 3192 3856 vel
3223 3803 3543 3873 jussionum

1916 3899 2152 3954 nomine
2181 3899 2437 3969 praebere
2468 3896 2780 3965 conveniat,
2809 3899 2874 3948 ut
2901 3895 2956 3949 id
2974 3900 3168 3950 tamen
3193 3895 3264 3950 ad
3290 3895 3547 3949 modera-

1917 3992 2138 4046 tionem
2163 3991 2476 4057 redactum,
2504 4006 2621 4044 non
2648 4005 2924 4060 magnum
2940 3988 3019 4042 illi
3043 4004 3274 4042 sensum
3305 3993 3360 4042 et
3378 3987 3548 4042 detri-

1917 4090 2177 4139 mentum
2205 4083 2443 4138 adferat.

1989 4177 2128 4231 Illud
2161 4193 2292 4232 sane
2318 4176 2692 4244 decernimus,
2723 4191 2792 4229 ne
2820 4175 3036 4229 Asiana:
3061 4171 3364 4243 provincias
3393 4171 3541 4225 vica-

1917 4271 2055 4336 rius,
2093 4270 2189 4341 qui
2237 4273 2294 4323 et
2320 4269 2580 4340 Phrygia:
2608 4268 2919 4322 Pacatianie
2947 4281 3152 4337 prmses
3179 4267 3280 4332 est,
3304 4262 3548 4333 amplius

1921 4380 1985 4417 eo
2011 4362 2324 4433 appelletur
2345 4361 2596 4427 nomine,
2631 4359 2725 4412 sed
2752 4360 2820 4413 de
2851 4361 3056 4412 caetero
3101 4372 3311 4410 nomen
3350 4355 3550 4410 habeat

177 4467 424 4540 pecunia
452 4466 766 4530 absolvunt,
793 4463 998 4517 multos
1039 4478 1235 4515 rursus
1275 4461 1544 4524 insontes,
1579 4463 1645 4512 ut
1686 4475 1814 4512 son-
1837 4456 1896 4528 Ι)
1917 4455 2150 4511 Comitis
2175 4453 2484 4508 Pacatianze
2512 4451 2792 4522 Phrygias,
2824 4451 3133 4520 eademque
3159 4465 3227 4503 ex
3267 4447 3398 4500 ﬁsco
3442 4464 3545 4500 an-

175 4563 332 4616 tibus
363 4559 605 4631 gratiam
645 4557 868 4623 faciant,
898 4555 1302 4610 condemnant.
1333 4554 1527 4621 Neque
1554 4551 1615 4604 in
1640 4567 1814 4621 pecu-

173 4653 380 4708 niariis
409 4656 635 4706 tantum
667 4651 772 4704 hoc
799 4649 978 4703 causis
1009 4652 1208 4718 agunt,
1241 4646 1338 4700 sed
1384 4643 1558 4698 etiam
1612 4643 1671 4698 in
1710 4643 1816 4698 cri-

174 4747 435 4802 minibus
477 4743 740 4816 publicis,
792 4742 889 4796 ubi
941 4741 1009 4796 de
1057 4740 1169 4794 vita
1199 4738 1516 4809 periculum
1543 4739 1817 4792 versatur.

175 4841 326 4896 Ilinc
350 4856 418 4893 ex
447 4836 744 4909 provinciis
772 4836 924 4907 fugae
956 4834 1223 4898 existunt,
1272 4831 1405 4885 hinc
1455 4847 1524 4885 ex
1560 4830 1822 4884 omnibus

177 4933 394 5005 passim
425 4931 556 4986 locis
586 4932 877 5000 gementes
909 4929 1021 4982 huc
1047 4926 1340 4979 conﬂuunt
1357 4923 1689 4992 sacerdotes,
1722 4923 1820 4978 de-

177 5027 469 5092 curiones,
501 5023 838 5089 cohortales,
864 5026 1050 5092 patres
1075 5019 1415 5073 familiarum
1454 5016 1680 5088 plebeii,
1725 5032 1821 5070 ru-

179 5121 332 5188 stici,
363 5119 575 5188 optimo
596 5117 726 5187 jure
743 5115 1004 5186 judicum
1032 5117 1353 5168 nostrorum
1390 5110 1600 5180 rapinis
1639 5113 1696 5163 et
1737 5109 1823 5162 in-

172 5212 353 5284 juriis
405 5213 814 5265 succensentes.
868 5208 1057 5278 Neque
1101 5222 1166 5260 ea
1192 5221 1326 5260 sane
1366 5203 1479 5257 sola
1527 5202 1691 5267 ﬁunt,
1731 5201 1826 5256 sed

181 5307 367 5361 etiam
410 5305 466 5358 in
507 5303 821 5358 civitatibus
865 5301 1168 5355 seditiones
1215 5303 1271 5352 et
1313 5296 1615 5368 populares
1642 5299 1828 5349 motus

181 5398 446 5470 pecunite
476 5401 556 5462 (ut
579 5395 908 5468 plurimum)
942 5409 1106 5448 causa
1126 5397 1182 5446 et
1207 5390 1522 5444 excitantur
1552 5392 1607 5441 et
1647 5387 1827 5457 repri-

184 5496 449 5546 muntur.
483 5493 543 5544 In
575 5505 802 5543 summa
831 5489 952 5556 hinc
971 5489 1055 5540 est
1079 5483 1335 5539 omnium
1360 5481 1642 5536 malorum
1669 5495 1833 5533 causa

185 5589 246 5640 et
268 5583 542 5655 pecunias
570 5599 639 5638 ex
651 5579 1186 5650 ofﬁciisconquirere
1201 5575 1460 5630 omnium
1486 5572 1832 5643 ﬂagitiorum

186 5676 547 5750 principium
577 5680 632 5730 et
657 5674 801 5730 ﬁnis.
833 5675 897 5728 Et
925 5673 1192 5744 profecto,
1241 5667 1394 5739 quod
1437 5682 1592 5720 sacra
1634 5665 1837 5720 docent

190 5770 452 5842 eloquia,
490 5767 856 5824 admiratione
901 5765 1138 5839 dignum
1190 5760 1449 5822 simulet
1478 5758 1835 5813 verissimum

1919 4563 2194 4602 nonarum
2211 4551 2268 4599 et
2293 4544 2542 4615 capitum
2580 4543 2742 4597 titulo
2773 4543 2936 4609 ferat,
2989 4559 3118 4613 qua;
3155 4558 3256 4611 pro
3301 4544 3546 4610 utroque

1919 4640 2100 4696 ofﬁcio
2117 4655 2288 4710 usque
2307 4637 2490 4691 adhuc
2514 4635 2785 4707 percepit,
2816 4635 2968 4689 nullo
2993 4651 3061 4688 ex
3096 4634 3200 4687 hoc
3227 4633 3541 4688 deminuto.

1920 4735 2111 4804 Neque
2137 4732 2352 4786 duabus
2372 4729 2694 4784 cohortibus
2721 4732 2930 4796 utatur,
2965 4727 3061 4782 sed
3083 4743 3150 4780 ex
3173 4729 3408 4797 utraque
3436 4731 3551 4780 tam

1922 4825 2197 4899 prtesidis,
2224 4839 2395 4895 quam
2409 4822 2599 4876 vicarii
2613 4821 2781 4876 simul
2808 4820 3098 4892 permista,
3120 4835 3233 4873 una
3243 4818 3554 4872 Comitiana

1924 4936 1985 4975 re
2029 4923 2086 4973 et
2125 4917 2350 4972 nomine
2397 4916 2772 4970 constituatur
2811 4913 3167 4984 publicorum
3208 4911 3554 4966 tributorum

1923 5011 2173 5084 periculo
2198 5009 2303 5081 ipsi
2333 5009 2501 5064 simul
2534 5013 2590 5063 et
2619 5007 2880 5061 omnibus
2901 5005 3252 5072 imminente,
3284 5003 3556 5058 nimirum

1925 5121 2041 5160 una
2066 5104 2295 5158 cohorte
2322 5101 2638 5168 constituta,
2661 5105 2716 5155 et
2735 5099 2793 5153 in
2818 5099 2976 5153 nullo
3002 5097 3224 5168 penitus
3245 5096 3436 5164 divisa,
3460 5096 3558 5151 sed

1929 5197 2198 5253 universis
2219 5197 2276 5250 in
2294 5213 2408 5250 uno
2437 5195 2613 5250 veluti
2635 5192 2873 5264 collegio
2893 5190 3237 5262 conjunctim
3265 5189 3555 5244 militanti-

1928 5292 2033 5345 bus
2060 5307 2073 5344 :
2105 5290 2290 5344 ferens
2318 5289 2453 5342 item
2480 5304 2548 5342 ex
2573 5285 2796 5358 publico
2821 5301 3072 5338 annonas
3103 5289 3158 5338 et
3197 5283 3376 5354 capita
3416 5300 3554 5353 pro-

1930 5388 2057 5455 pter
2083 5381 2542 5453 congeminatum
2572 5378 2908 5451 periculum,
2949 5394 3076 5449 qua:
3116 5381 3354 5446 utraque
3394 5379 3559 5428 antea

1933 5477 2130 5530 cohors
2165 5474 2405 5529 ferebat.
2435 5473 2553 5526 Non
2579 5476 2770 5526 tamen
2797 5476 2861 5524 ut
2879 5473 3010 5523 ante
3039 5469 3270 5540 quidem
3297 5464 3555 5530 vicarius,

1933 5585 2084 5622 nunc
2138 5583 2268 5621 vero
2320 5564 2631 5636 spectabilis
2679 5563 2986 5618 Pacatiante
3031 5559 3293 5629 Phrygia:
3345 5571 3556 5619 comes,

1935 5661 2106 5715 ullam
2135 5658 2362 5713 omnino
2405 5658 2464 5712 in
2501 5660 2728 5711 czeteras
2772 5653 2960 5709 Asiani
3001 5655 3208 5707 tractus
3248 5646 3562 5718 provincias

1936 5757 2271 5828 potestatem
2302 5752 2405 5808 sibi
2445 5756 2502 5807 et
2525 5749 2834 5823 imperium
2867 5747 3120 5816 usurpet,
3167 5740 3261 5796 sed
3299 5738 3566 5812 quemad-
