  <div class='ocr_page' id='page_1' title='image "/cluster/home/n/w/nwhite01/storage/ocr_20150623/72/hvd.32044054758768/481.png"; bbox 0 0 4054 6186; ppageno 0'>
   <div class='ocr_carea' id='block_1_1' title="bbox 445 273 3816 336">
    <p class='ocr_par' dir='ltr' id='par_1_1' title="bbox 445 273 3816 336">
     <span class='ocr_line' id='line_1_1' title="bbox 445 273 3816 336; baseline 0 -1"><span class='ocrx_word' id='word_1_1' title='bbox 445 284 547 336; x_wconf 79' lang='grc'><strong>951</strong></span> <span class='ocrx_word' id='word_1_2' title='bbox 1591 277 1842 332; x_wconf 64' lang='lat' dir='ltr'><strong>SzECULI</strong></span> <span class='ocrx_word' id='word_1_3' title='bbox 1883 274 2074 330; x_wconf 79' lang='lat' dir='ltr'><strong>SEXTI</strong></span> <span class='ocrx_word' id='word_1_4' title='bbox 2113 273 2666 330; x_wconf 80' lang='lat' dir='ltr'><strong>SUPPLEMENTUM.</strong></span> <span class='ocrx_word' id='word_1_5' title='bbox 3393 331 3400 336; x_wconf 94' lang='lat'><strong>_</strong></span> <span class='ocrx_word' id='word_1_6' title='bbox 3701 286 3816 336; x_wconf 81' lang='lat'><strong>952</strong></span> 
     </span>
    </p>
   </div>
   <div class='ocr_carea' id='block_1_2' title="bbox 437 381 3817 466">
    <p class='ocr_par' dir='ltr' id='par_1_2' title="bbox 437 381 3817 466">
     <span class='ocr_line' id='line_1_2' title="bbox 437 381 3817 466; baseline -0.001 -23"><span class='ocrx_word' id='word_1_7' title='bbox 437 387 674 443; x_wconf 89' lang='lat' dir='ltr'><strong>modum</strong></span> <span class='ocrx_word' id='word_1_8' title='bbox 693 387 1012 458; x_wconf 84' lang='lat' dir='ltr'><strong>spectabilis</strong></span> <span class='ocrx_word' id='word_1_9' title='bbox 1031 385 1338 440; x_wconf 70' lang='lat' dir='ltr'><strong>Pacatianze</strong></span> <span class='ocrx_word' id='word_1_10' title='bbox 1355 385 1616 456; x_wconf 69' lang='lat' dir='ltr'><strong>Phrygiae</strong></span> <span class='ocrx_word' id='word_1_11' title='bbox 1637 383 1861 438; x_wconf 91' lang='lat' dir='ltr'><strong>comitis</strong></span> <span class='ocrx_word' id='word_1_12' title='bbox 1881 383 2070 453; x_wconf 83' lang='lat' dir='ltr'><strong>appel-</strong></span> <span class='ocrx_word' id='word_1_13' title='bbox 2091 394 2148 466; x_wconf 79' lang='grc' dir='ltr'>Α</span> <span class='ocrx_word' id='word_1_14' title='bbox 2171 382 2250 436; x_wconf 90' lang='lat' dir='ltr'><strong>ita</strong></span> <span class='ocrx_word' id='word_1_15' title='bbox 2275 381 2557 436; x_wconf 86' lang='lat' dir='ltr'><strong>sancimus</strong></span> <span class='ocrx_word' id='word_1_16' title='bbox 2577 386 2642 435; x_wconf 90' lang='lat' dir='ltr'><strong>ut</strong></span> <span class='ocrx_word' id='word_1_17' title='bbox 2661 382 2760 453; x_wconf 89' lang='lat' dir='ltr'><strong>qui</strong></span> <span class='ocrx_word' id='word_1_18' title='bbox 2779 381 3000 453; x_wconf 84' lang='lat' dir='ltr'><strong>integre</strong></span> <span class='ocrx_word' id='word_1_19' title='bbox 3023 399 3080 438; x_wconf 88' lang='lat' dir='ltr'><strong>se</strong></span> <span class='ocrx_word' id='word_1_20' title='bbox 3105 383 3162 437; x_wconf 89' lang='lat' dir='ltr'><strong>in</strong></span> <span class='ocrx_word' id='word_1_21' title='bbox 3181 383 3376 438; x_wconf 84' lang='lat' dir='ltr'><strong>ofﬁciis</strong></span> <span class='ocrx_word' id='word_1_22' title='bbox 3401 389 3626 455; x_wconf 85' lang='lat' dir='ltr'><strong>gerunt,</strong></span> <span class='ocrx_word' id='word_1_23' title='bbox 3651 389 3817 442; x_wconf 86' lang='lat' dir='ltr'><strong>omni</strong></span> 
     </span>
    </p>
   </div>
   <div class='ocr_carea' id='block_1_3' title="bbox 441 475 3469 548">
    <p class='ocr_par' dir='ltr' id='par_1_3' title="bbox 441 475 3469 548">
     <span class='ocr_line' id='line_1_3' title="bbox 441 475 3469 548; baseline -0.001 -13"><span class='ocrx_word' id='word_1_24' title='bbox 441 481 714 536; x_wconf 82' lang='lat' dir='ltr'><strong>lationem</strong></span> <span class='ocrx_word' id='word_1_25' title='bbox 741 481 974 547; x_wconf 76' lang='lat' dir='ltr'><strong>obtinet,</strong></span> <span class='ocrx_word' id='word_1_26' title='bbox 1005 479 1080 532; x_wconf 89' lang='lat' dir='ltr'><strong>ita</strong></span> <span class='ocrx_word' id='word_1_27' title='bbox 1098 479 1270 531; x_wconf 87' lang='lat' dir='ltr'><strong>etiam</strong></span> <span class='ocrx_word' id='word_1_28' title='bbox 1297 478 1416 531; x_wconf 91' lang='lat' dir='ltr'><strong>sola</strong></span> <span class='ocrx_word' id='word_1_29' title='bbox 1442 477 1524 548; x_wconf 85' lang='lat' dir='ltr'><strong>(ut</strong></span> <span class='ocrx_word' id='word_1_30' title='bbox 1551 477 1934 548; x_wconf 80' lang='lat' dir='ltr'><strong>praediximus)</strong></span> <span class='ocrx_word' id='word_1_31' title='bbox 1961 479 2063 530; x_wconf 85' lang='lat' dir='ltr'><strong>Pa-</strong></span> <span class='ocrx_word' id='word_1_32' title='bbox 2169 475 2405 542; x_wconf 86' lang='lat' dir='ltr'><strong>honore,</strong></span> <span class='ocrx_word' id='word_1_33' title='bbox 2439 476 2775 542; x_wconf 87' lang='lat' dir='ltr'><strong>reverentia,</strong></span> <span class='ocrx_word' id='word_1_34' title='bbox 2802 477 3132 531; x_wconf 76' lang='lat' dir='ltr'><strong>auctoritate</strong></span> <span class='ocrx_word' id='word_1_35' title='bbox 3163 478 3469 548; x_wconf 89' lang='lat' dir='ltr'><strong>potiantur.</strong></span> 
     </span>
    </p>
   </div>
   <div class='ocr_carea' id='block_1_4' title="bbox 437 569 3814 643">
    <p class='ocr_par' dir='ltr' id='par_1_4' title="bbox 437 569 3814 643">
     <span class='ocr_line' id='line_1_4' title="bbox 437 569 3814 643; baseline -0.001 -14"><span class='ocrx_word' id='word_1_36' title='bbox 437 575 654 629; x_wconf 87' lang='lat' dir='ltr'><strong>catiana</strong></span> <span class='ocrx_word' id='word_1_37' title='bbox 680 573 925 643; x_wconf 86' lang='lat' dir='ltr'><strong>Phrygia</strong></span> <span class='ocrx_word' id='word_1_38' title='bbox 949 575 1246 625; x_wconf 88' lang='lat' dir='ltr'><strong>contentus</strong></span> <span class='ocrx_word' id='word_1_39' title='bbox 1275 571 1366 626; x_wconf 90' lang='lat' dir='ltr'><strong>sit.</strong></span> <span class='ocrx_word' id='word_1_40' title='bbox 1395 572 1507 625; x_wconf 83' lang='lat' dir='ltr'><strong>Hoc</strong></span> <span class='ocrx_word' id='word_1_41' title='bbox 1537 571 1723 642; x_wconf 90' lang='lat' dir='ltr'><strong>ipsum</strong></span> <span class='ocrx_word' id='word_1_42' title='bbox 1753 589 1882 626; x_wconf 89' lang='lat' dir='ltr'><strong>vero</strong></span> <span class='ocrx_word' id='word_1_43' title='bbox 1927 579 1984 626; x_wconf 90' lang='lat' dir='ltr'><strong>et</strong></span> <span class='ocrx_word' id='word_1_44' title='bbox 2007 571 2068 625; x_wconf 91' lang='lat' dir='ltr'><strong>in</strong></span> <span class='ocrx_word' id='word_1_45' title='bbox 2237 569 2320 622; x_wconf 84' lang='lat' dir='ltr'><strong>Ad</strong></span> <span class='ocrx_word' id='word_1_46' title='bbox 2349 584 2482 622; x_wconf 91' lang='lat' dir='ltr'><strong>eum</strong></span> <span class='ocrx_word' id='word_1_47' title='bbox 2511 569 2699 639; x_wconf 86' lang='lat' dir='ltr'><strong>itaque</strong></span> <span class='ocrx_word' id='word_1_48' title='bbox 2727 569 2964 622; x_wconf 89' lang='lat' dir='ltr'><strong>modum</strong></span> <span class='ocrx_word' id='word_1_49' title='bbox 2979 569 3230 625; x_wconf 83' lang='lat' dir='ltr'><strong>discretis</strong></span> <span class='ocrx_word' id='word_1_50' title='bbox 3259 586 3290 622; x_wconf 90' lang='lat' dir='ltr'><strong>a</strong></span> <span class='ocrx_word' id='word_1_51' title='bbox 3317 571 3480 624; x_wconf 90' lang='lat' dir='ltr'><strong>nobis</strong></span> <span class='ocrx_word' id='word_1_52' title='bbox 3509 572 3814 642; x_wconf 87' lang='lat' dir='ltr'><strong>magistra-</strong></span> 
     </span>
    </p>
   </div>
   <div class='ocr_carea' id='block_1_5' title="bbox 438 661 3808 734">
    <p class='ocr_par' dir='ltr' id='par_1_5' title="bbox 438 661 3808 734">
     <span class='ocr_line' id='line_1_5' title="bbox 438 661 3808 734; baseline 0.001 -16"><span class='ocrx_word' id='word_1_53' title='bbox 438 669 615 723; x_wconf 82' lang='lat' dir='ltr'><strong>altero</strong></span> <span class='ocrx_word' id='word_1_54' title='bbox 648 665 998 731; x_wconf 81' lang='lat' dir='ltr'><strong>vicariorum,</strong></span> <span class='ocrx_word' id='word_1_55' title='bbox 1031 665 1131 734; x_wconf 87' lang='lat' dir='ltr'><strong>qui</strong></span> <span class='ocrx_word' id='word_1_56' title='bbox 1167 669 1298 718; x_wconf 84' lang='lat' dir='ltr'><strong>ante</strong></span> <span class='ocrx_word' id='word_1_57' title='bbox 1345 681 1450 734; x_wconf 89' lang='lat' dir='ltr'><strong>per</strong></span> <span class='ocrx_word' id='word_1_58' title='bbox 1486 665 1779 719; x_wconf 89' lang='lat' dir='ltr'><strong>Ponticum</strong></span> <span class='ocrx_word' id='word_1_59' title='bbox 1823 671 2068 720; x_wconf 88' lang='lat' dir='ltr'><strong>tractum</strong></span> <span class='ocrx_word' id='word_1_60' title='bbox 2170 661 2340 730; x_wconf 86' lang='lat' dir='ltr'><strong>tibus,</strong></span> <span class='ocrx_word' id='word_1_61' title='bbox 2375 662 2640 716; x_wconf 80' lang='lat' dir='ltr'><strong>convenit</strong></span> <span class='ocrx_word' id='word_1_62' title='bbox 2665 667 2729 714; x_wconf 90' lang='lat' dir='ltr'><strong>ut</strong></span> <span class='ocrx_word' id='word_1_63' title='bbox 2755 663 2846 716; x_wconf 89' lang='lat' dir='ltr'><strong>hic</strong></span> <span class='ocrx_word' id='word_1_64' title='bbox 2871 663 3018 716; x_wconf 90' lang='lat' dir='ltr'><strong>facta</strong></span> <span class='ocrx_word' id='word_1_65' title='bbox 3051 663 3120 716; x_wconf 90' lang='lat' dir='ltr'><strong>de</strong></span> <span class='ocrx_word' id='word_1_66' title='bbox 3151 664 3262 717; x_wconf 87' lang='lat' dir='ltr'><strong>Deo</strong></span> <span class='ocrx_word' id='word_1_67' title='bbox 3289 665 3578 720; x_wconf 84' lang='lat' dir='ltr'><strong>mentione</strong></span> <span class='ocrx_word' id='word_1_68' title='bbox 3609 683 3808 720; x_wconf 88' lang='lat' dir='ltr'><strong>coram</strong></span> 
     </span>
    </p>
   </div>
   <div class='ocr_carea' id='block_1_6' title="bbox 443 755 3804 830">
    <p class='ocr_par' dir='ltr' id='par_1_6' title="bbox 443 755 3804 830">
     <span class='ocr_line' id='line_1_6' title="bbox 443 755 3804 830; baseline -0.001 -13"><span class='ocrx_word' id='word_1_69' title='bbox 443 765 606 818; x_wconf 88' lang='lat' dir='ltr'><strong>erant</strong></span> <span class='ocrx_word' id='word_1_70' title='bbox 625 757 932 825; x_wconf 85' lang='lat' dir='ltr'><strong>constituti,</strong></span> <span class='ocrx_word' id='word_1_71' title='bbox 964 757 1286 826; x_wconf 86' lang='lat' dir='ltr'><strong>deﬁnimus,</strong></span> <span class='ocrx_word' id='word_1_72' title='bbox 1317 761 1381 812; x_wconf 89' lang='lat' dir='ltr'><strong>ut</strong></span> <span class='ocrx_word' id='word_1_73' title='bbox 1407 774 1525 812; x_wconf 92' lang='lat' dir='ltr'><strong>non</strong></span> <span class='ocrx_word' id='word_1_74' title='bbox 1549 758 1660 812; x_wconf 91' lang='lat' dir='ltr'><strong>duo</strong></span> <span class='ocrx_word' id='word_1_75' title='bbox 1685 759 1746 813; x_wconf 92' lang='lat' dir='ltr'><strong>in</strong></span> <span class='ocrx_word' id='word_1_76' title='bbox 1771 763 2062 830; x_wconf 90' lang='lat' dir='ltr'><strong>posterum</strong></span> <span class='ocrx_word' id='word_1_77' title='bbox 2167 755 2347 822; x_wconf 88' lang='lat' dir='ltr'><strong>nobis,</strong></span> <span class='ocrx_word' id='word_1_78' title='bbox 2377 759 2473 809; x_wconf 88' lang='lat' dir='ltr'><strong>aut</strong></span> <span class='ocrx_word' id='word_1_79' title='bbox 2503 755 2566 824; x_wconf 89' lang='lat' dir='ltr'><strong>(si</strong></span> <span class='ocrx_word' id='word_1_80' title='bbox 2593 759 2814 809; x_wconf 86' lang='lat' dir='ltr'><strong>tantum</strong></span> <span class='ocrx_word' id='word_1_81' title='bbox 2841 755 3002 810; x_wconf 91' lang='lat' dir='ltr'><strong>nobis</strong></span> <span class='ocrx_word' id='word_1_82' title='bbox 3031 755 3128 809; x_wconf 88' lang='lat' dir='ltr'><strong>otii</strong></span> <span class='ocrx_word' id='word_1_83' title='bbox 3159 773 3276 810; x_wconf 89' lang='lat' dir='ltr'><strong>non</strong></span> <span class='ocrx_word' id='word_1_84' title='bbox 3303 759 3584 828; x_wconf 80' lang='lat' dir='ltr'><strong>suppetat)</strong></span> <span class='ocrx_word' id='word_1_85' title='bbox 3609 775 3804 814; x_wconf 86' lang='lat' dir='ltr'><strong>coram</strong></span> 
     </span>
    </p>
   </div>
   <div class='ocr_carea' id='block_1_7' title="bbox 440 847 3810 924">
    <p class='ocr_par' dir='ltr' id='par_1_7' title="bbox 440 847 3810 924">
     <span class='ocr_line' id='line_1_7' title="bbox 440 847 3810 924; baseline -0.001 -15"><span class='ocrx_word' id='word_1_86' title='bbox 440 855 698 920; x_wconf 76' lang='lat' dir='ltr'><strong>existant,</strong></span> <span class='ocrx_word' id='word_1_87' title='bbox 729 851 826 906; x_wconf 90' lang='lat' dir='ltr'><strong>sed</strong></span> <span class='ocrx_word' id='word_1_88' title='bbox 853 867 1000 904; x_wconf 90' lang='lat' dir='ltr'><strong>unus</strong></span> <span class='ocrx_word' id='word_1_89' title='bbox 1027 854 1252 906; x_wconf 88' lang='lat' dir='ltr'><strong>tantum</strong></span> <span class='ocrx_word' id='word_1_90' title='bbox 1275 851 1372 922; x_wconf 88' lang='lat' dir='ltr'><strong>qui</strong></span> <span class='ocrx_word' id='word_1_91' title='bbox 1405 851 1632 921; x_wconf 85' lang='lat' dir='ltr'><strong>quidem</strong></span> <span class='ocrx_word' id='word_1_92' title='bbox 1664 869 1852 906; x_wconf 88' lang='lat' dir='ltr'><strong>comes</strong></span> <span class='ocrx_word' id='word_1_93' title='bbox 1878 853 2068 924; x_wconf 89' lang='lat' dir='ltr'><strong>appel-</strong></span> <span class='ocrx_word' id='word_1_94' title='bbox 2171 847 2498 902; x_wconf 86' lang='lat' dir='ltr'><strong>celsitudine</strong></span> <span class='ocrx_word' id='word_1_95' title='bbox 2525 853 2622 902; x_wconf 90' lang='lat' dir='ltr'><strong>tua</strong></span> <span class='ocrx_word' id='word_1_96' title='bbox 2643 851 2700 902; x_wconf 87' lang='lat' dir='ltr'><strong>et</strong></span> <span class='ocrx_word' id='word_1_97' title='bbox 2725 849 2794 902; x_wconf 91' lang='lat' dir='ltr'><strong>iis</strong></span> <span class='ocrx_word' id='word_1_98' title='bbox 2815 849 2910 919; x_wconf 87' lang='lat' dir='ltr'><strong>qui</strong></span> <span class='ocrx_word' id='word_1_99' title='bbox 2935 865 3190 920; x_wconf 85' lang='lat' dir='ltr'><strong>unquam</strong></span> <span class='ocrx_word' id='word_1_100' title='bbox 3210 850 3402 904; x_wconf 90' lang='lat' dir='ltr'><strong>sedem</strong></span> <span class='ocrx_word' id='word_1_101' title='bbox 3421 857 3578 905; x_wconf 89' lang='lat' dir='ltr'><strong>tuam</strong></span> <span class='ocrx_word' id='word_1_102' title='bbox 3603 853 3810 908; x_wconf 85' lang='lat' dir='ltr'><strong>conde-</strong></span> 
     </span>
    </p>
   </div>
   <div class='ocr_carea' id='block_1_8' title="bbox 439 941 3808 1017">
    <p class='ocr_par' dir='ltr' id='par_1_8' title="bbox 439 941 3808 1017">
     <span class='ocr_line' id='line_1_8' title="bbox 439 941 3808 1017; baseline 0 -17"><span class='ocrx_word' id='word_1_103' title='bbox 439 947 591 1000; x_wconf 91' lang='lat' dir='ltr'><strong>letur</strong></span> <span class='ocrx_word' id='word_1_104' title='bbox 613 943 840 998; x_wconf 59' lang='lat' dir='ltr'><strong>Galatia</strong></span> <span class='ocrx_word' id='word_1_105' title='bbox 855 943 1073 1014; x_wconf 82' lang='lat' dir='ltr'><strong>primae,</strong></span> <span class='ocrx_word' id='word_1_106' title='bbox 1097 943 1304 998; x_wconf 86' lang='lat' dir='ltr'><strong>habeat</strong></span> <span class='ocrx_word' id='word_1_107' title='bbox 1329 949 1518 1000; x_wconf 86' lang='lat' dir='ltr'><strong>autem</strong></span> <span class='ocrx_word' id='word_1_108' title='bbox 1549 945 1628 1012; x_wconf 90' lang='lat' dir='ltr'><strong>(ut</strong></span> <span class='ocrx_word' id='word_1_109' title='bbox 1653 946 1822 1000; x_wconf 87' lang='lat' dir='ltr'><strong>hodie</strong></span> <span class='ocrx_word' id='word_1_110' title='bbox 1841 963 2068 1017; x_wconf 89' lang='lat' dir='ltr'><strong>quoque</strong></span> <span class='ocrx_word' id='word_1_111' title='bbox 2171 941 2504 1010; x_wconf 85' lang='lat' dir='ltr'><strong>coraverint,</strong></span> <span class='ocrx_word' id='word_1_112' title='bbox 2545 957 2846 1012; x_wconf 89' lang='lat' dir='ltr'><strong>coramque</strong></span> <span class='ocrx_word' id='word_1_113' title='bbox 2877 959 2942 996; x_wconf 83' lang='lat' dir='ltr'><strong>eo</strong></span> <span class='ocrx_word' id='word_1_114' title='bbox 2975 943 3072 1012; x_wconf 91' lang='lat' dir='ltr'><strong>qui</strong></span> <span class='ocrx_word' id='word_1_115' title='bbox 3097 959 3350 1014; x_wconf 85' lang='lat' dir='ltr'><strong>unquam</strong></span> <span class='ocrx_word' id='word_1_116' title='bbox 3375 961 3668 1000; x_wconf 88' lang='lat' dir='ltr'><strong>sacrarum</strong></span> <span class='ocrx_word' id='word_1_117' title='bbox 3701 965 3808 1000; x_wconf 88' lang='lat' dir='ltr'><strong>no-</strong></span> 
     </span>
    </p>
   </div>
   <div class='ocr_carea' id='block_1_9' title="bbox 436 1034 3810 1110">
    <p class='ocr_par' dir='ltr' id='par_1_9' title="bbox 436 1034 3810 1110">
     <span class='ocr_line' id='line_1_9' title="bbox 436 1034 3810 1110; baseline 0.001 -18"><span class='ocrx_word' id='word_1_118' title='bbox 436 1038 594 1108; x_wconf 88' lang='lat' dir='ltr'><strong>solet)</strong></span> <span class='ocrx_word' id='word_1_119' title='bbox 622 1036 795 1092; x_wconf 87' lang='lat' dir='ltr'><strong>etiam</strong></span> <span class='ocrx_word' id='word_1_120' title='bbox 821 1037 880 1090; x_wconf 90' lang='lat' dir='ltr'><strong>in</strong></span> <span class='ocrx_word' id='word_1_121' title='bbox 905 1035 1114 1092; x_wconf 87' lang='lat' dir='ltr'><strong>milites</strong></span> <span class='ocrx_word' id='word_1_122' title='bbox 1135 1040 1490 1109; x_wconf 86' lang='lat' dir='ltr'><strong>potestatem,</strong></span> <span class='ocrx_word' id='word_1_123' title='bbox 1521 1037 1572 1092; x_wconf 91' lang='lat' dir='ltr'><strong>ei</strong></span> <span class='ocrx_word' id='word_1_124' title='bbox 1613 1037 1910 1110; x_wconf 88' lang='lat' dir='ltr'><strong>utriusque</strong></span> <span class='ocrx_word' id='word_1_125' title='bbox 1941 1038 2066 1092; x_wconf 82' lang='lat' dir='ltr'><strong>ofﬁ-</strong></span> <span class='ocrx_word' id='word_1_126' title='bbox 2168 1034 2790 1104; x_wconf 86' lang='lat' dir='ltr'><strong>strarumlargitionum</strong></span> <span class='ocrx_word' id='word_1_127' title='bbox 2809 1035 3249 1106; x_wconf 86' lang='lat' dir='ltr'><strong>gloriosissimus</strong></span> <span class='ocrx_word' id='word_1_128' title='bbox 3268 1039 3689 1093; x_wconf 85' lang='lat' dir='ltr'><strong>comesfuturus</strong></span> <span class='ocrx_word' id='word_1_129' title='bbox 3701 1045 3810 1109; x_wconf 86' lang='lat' dir='ltr'><strong>est,</strong></span> 
     </span>
    </p>
   </div>
   <div class='ocr_carea' id='block_1_10' title="bbox 438 1125 3810 1204">
    <p class='ocr_par' dir='ltr' id='par_1_10' title="bbox 438 1125 3810 1204">
     <span class='ocr_line' id='line_1_10' title="bbox 438 1125 3810 1204; baseline 0.001 -19"><span class='ocrx_word' id='word_1_130' title='bbox 438 1131 510 1186; x_wconf 92' lang='lat' dir='ltr'><strong>cii</strong></span> <span class='ocrx_word' id='word_1_131' title='bbox 545 1145 800 1185; x_wconf 87' lang='lat' dir='ltr'><strong>annonas</strong></span> <span class='ocrx_word' id='word_1_132' title='bbox 827 1130 990 1185; x_wconf 90' lang='lat' dir='ltr'><strong>ferat.</strong></span> <span class='ocrx_word' id='word_1_133' title='bbox 1033 1131 1102 1184; x_wconf 89' lang='lat' dir='ltr'><strong>Ut</strong></span> <span class='ocrx_word' id='word_1_134' title='bbox 1125 1135 1317 1184; x_wconf 88' lang='lat' dir='ltr'><strong>tamen</strong></span> <span class='ocrx_word' id='word_1_135' title='bbox 1343 1136 1500 1186; x_wconf 83' lang='lat' dir='ltr'><strong>extra</strong></span> <span class='ocrx_word' id='word_1_136' title='bbox 1527 1130 1795 1186; x_wconf 89' lang='lat' dir='ltr'><strong>Galatiam</strong></span> <span class='ocrx_word' id='word_1_137' title='bbox 1827 1131 2068 1202; x_wconf 87' lang='lat' dir='ltr'><strong>primam</strong></span> <span class='ocrx_word' id='word_1_138' title='bbox 2169 1131 2224 1181; x_wconf 91' lang='lat' dir='ltr'><strong>et</strong></span> <span class='ocrx_word' id='word_1_139' title='bbox 2253 1125 2653 1197; x_wconf 88' lang='lat' dir='ltr'><strong>gloriosissimo</strong></span> <span class='ocrx_word' id='word_1_140' title='bbox 2671 1131 2952 1198; x_wconf 71' lang='lat' dir='ltr'><strong>quaestore</strong></span> <span class='ocrx_word' id='word_1_141' title='bbox 2983 1129 3126 1182; x_wconf 89' lang='lat' dir='ltr'><strong>sacri</strong></span> <span class='ocrx_word' id='word_1_142' title='bbox 3155 1130 3336 1184; x_wconf 88' lang='lat' dir='ltr'><strong>nostri</strong></span> <span class='ocrx_word' id='word_1_143' title='bbox 3363 1132 3570 1201; x_wconf 89' lang='lat' dir='ltr'><strong>palatii,</strong></span> <span class='ocrx_word' id='word_1_144' title='bbox 3595 1138 3652 1186; x_wconf 85' lang='lat' dir='ltr'><strong>et</strong></span> <span class='ocrx_word' id='word_1_145' title='bbox 3679 1133 3810 1204; x_wconf 86' lang='lat' dir='ltr'><strong>glo-</strong></span> 
     </span>
    </p>
   </div>
   <div class='ocr_carea' id='block_1_11' title="bbox 443 1219 3812 1296">
    <p class='ocr_par' dir='ltr' id='par_1_11' title="bbox 443 1219 3812 1296">
     <span class='ocr_line' id='line_1_11' title="bbox 443 1219 3812 1296; baseline 0 -15"><span class='ocrx_word' id='word_1_146' title='bbox 443 1223 674 1283; x_wconf 75' lang='lat' dir='ltr'><strong>(nullam</strong></span> <span class='ocrx_word' id='word_1_147' title='bbox 717 1223 870 1278; x_wconf 90' lang='lat' dir='ltr'><strong>enim</strong></span> <span class='ocrx_word' id='word_1_148' title='bbox 918 1224 1149 1278; x_wconf 89' lang='lat' dir='ltr'><strong>omnino</strong></span> <span class='ocrx_word' id='word_1_149' title='bbox 1182 1223 1350 1277; x_wconf 90' lang='lat' dir='ltr'><strong>aliam</strong></span> <span class='ocrx_word' id='word_1_150' title='bbox 1395 1223 1448 1278; x_wconf 89' lang='lat' dir='ltr'><strong>ei</strong></span> <span class='ocrx_word' id='word_1_151' title='bbox 1487 1224 1888 1296; x_wconf 89' lang='lat' dir='ltr'><strong>permittimus)</strong></span> <span class='ocrx_word' id='word_1_152' title='bbox 1927 1225 2068 1280; x_wconf 82' lang='lat' dir='ltr'><strong>nihil</strong></span> <span class='ocrx_word' id='word_1_153' title='bbox 2167 1219 2474 1274; x_wconf 90' lang='lat' dir='ltr'><strong>riosissimo</strong></span> <span class='ocrx_word' id='word_1_154' title='bbox 2495 1220 2702 1274; x_wconf 88' lang='lat' dir='ltr'><strong>comite</strong></span> <span class='ocrx_word' id='word_1_155' title='bbox 2727 1221 3050 1292; x_wconf 87' lang='lat' dir='ltr'><strong>ubicunque</strong></span> <span class='ocrx_word' id='word_1_156' title='bbox 3071 1223 3501 1279; x_wconf 86' lang='lat' dir='ltr'><strong>constitutarum</strong></span> <span class='ocrx_word' id='word_1_157' title='bbox 3517 1242 3812 1280; x_wconf 84' lang='lat' dir='ltr'><strong>sacrarum</strong></span> 
     </span>
    </p>
   </div>
   <div class='ocr_carea' id='block_1_12' title="bbox 437 1314 3810 1390">
    <p class='ocr_par' dir='ltr' id='par_1_12' title="bbox 437 1314 3810 1390">
     <span class='ocr_line' id='line_1_12' title="bbox 437 1314 3810 1390; baseline 0 -18"><span class='ocrx_word' id='word_1_158' title='bbox 437 1316 690 1372; x_wconf 89' lang='lat' dir='ltr'><strong>obtineat</strong></span> <span class='ocrx_word' id='word_1_159' title='bbox 714 1315 939 1388; x_wconf 89' lang='lat' dir='ltr'><strong>imperii</strong></span> <span class='ocrx_word' id='word_1_160' title='bbox 965 1317 1024 1372; x_wconf 92' lang='lat' dir='ltr'><strong>in</strong></span> <span class='ocrx_word' id='word_1_161' title='bbox 1052 1315 1228 1370; x_wconf 90' lang='lat' dir='ltr'><strong>ullam</strong></span> <span class='ocrx_word' id='word_1_162' title='bbox 1255 1317 1542 1372; x_wconf 89' lang='lat' dir='ltr'><strong>Ponticam</strong></span> <span class='ocrx_word' id='word_1_163' title='bbox 1569 1317 1938 1388; x_wconf 88' lang='lat' dir='ltr'><strong>provinciam,</strong></span> <span class='ocrx_word' id='word_1_164' title='bbox 1970 1319 2067 1373; x_wconf 89' lang='lat' dir='ltr'><strong>sed</strong></span> <span class='ocrx_word' id='word_1_165' title='bbox 2167 1317 2487 1366; x_wconf 83' lang='lat' dir='ltr'><strong>nostrarum</strong></span> <span class='ocrx_word' id='word_1_166' title='bbox 2525 1329 2714 1366; x_wconf 84' lang='lat' dir='ltr'><strong>rerum</strong></span> <span class='ocrx_word' id='word_1_167' title='bbox 2765 1314 3141 1384; x_wconf 81' lang='lat' dir='ltr'><strong>privatarum,</strong></span> <span class='ocrx_word' id='word_1_168' title='bbox 3187 1321 3466 1386; x_wconf 65' lang='lat' dir='ltr'><strong>praesente</strong></span> <span class='ocrx_word' id='word_1_169' title='bbox 3519 1319 3656 1372; x_wconf 87' lang='lat' dir='ltr'><strong>item</strong></span> <span class='ocrx_word' id='word_1_170' title='bbox 3701 1337 3810 1390; x_wconf 88' lang='lat' dir='ltr'><strong>pro</strong></span> 
     </span>
    </p>
   </div>
   <div class='ocr_carea' id='block_1_13' title="bbox 435 1406 3810 1482">
    <p class='ocr_par' dir='ltr' id='par_1_13' title="bbox 435 1406 3810 1482">
     <span class='ocr_line' id='line_1_13' title="bbox 435 1406 3810 1482; baseline 0 -17"><span class='ocrx_word' id='word_1_171' title='bbox 435 1425 540 1482; x_wconf 89' lang='lat' dir='ltr'><strong>per</strong></span> <span class='ocrx_word' id='word_1_172' title='bbox 567 1409 741 1463; x_wconf 91' lang='lat' dir='ltr'><strong>solam</strong></span> <span class='ocrx_word' id='word_1_173' title='bbox 781 1408 1054 1464; x_wconf 84' lang='lat' dir='ltr'><strong>Galatiam</strong></span> <span class='ocrx_word' id='word_1_174' title='bbox 1083 1409 1326 1479; x_wconf 87' lang='lat' dir='ltr'><strong>primam</strong></span> <span class='ocrx_word' id='word_1_175' title='bbox 1357 1409 1726 1464; x_wconf 88' lang='lat' dir='ltr'><strong>consimiliter</strong></span> <span class='ocrx_word' id='word_1_176' title='bbox 1755 1415 1812 1464; x_wconf 92' lang='lat' dir='ltr'><strong>et</strong></span> <span class='ocrx_word' id='word_1_177' title='bbox 1839 1411 2068 1466; x_wconf 86' lang='lat' dir='ltr'><strong>cohorte</strong></span> <span class='ocrx_word' id='word_1_178' title='bbox 2167 1410 2422 1476; x_wconf 87' lang='lat' dir='ltr'><strong>tempore</strong></span> <span class='ocrx_word' id='word_1_179' title='bbox 2443 1406 3002 1476; x_wconf 77' lang='lat' dir='ltr'><strong>magniﬁcentissimo</strong></span> <span class='ocrx_word' id='word_1_180' title='bbox 3047 1409 3389 1464; x_wconf 88' lang='lat' dir='ltr'><strong>chartulario</strong></span> <span class='ocrx_word' id='word_1_181' title='bbox 3435 1413 3572 1465; x_wconf 89' lang='lat' dir='ltr'><strong>sacri</strong></span> <span class='ocrx_word' id='word_1_182' title='bbox 3621 1412 3810 1466; x_wconf 88' lang='lat' dir='ltr'><strong>nostri</strong></span> 
     </span>
    </p>
   </div>
   <div class='ocr_carea' id='block_1_14' title="bbox 435 1499 3808 1576">
    <p class='ocr_par' dir='ltr' id='par_1_14' title="bbox 435 1499 3808 1576">
     <span class='ocr_line' id='line_1_14' title="bbox 435 1499 3808 1576; baseline 0 -18"><span class='ocrx_word' id='word_1_183' title='bbox 435 1503 724 1574; x_wconf 89' lang='lat' dir='ltr'><strong>permista,</strong></span> <span class='ocrx_word' id='word_1_184' title='bbox 755 1507 810 1556; x_wconf 90' lang='lat' dir='ltr'><strong>et</strong></span> <span class='ocrx_word' id='word_1_185' title='bbox 836 1519 939 1573; x_wconf 91' lang='lat' dir='ltr'><strong>pro</strong></span> <span class='ocrx_word' id='word_1_186' title='bbox 966 1519 1078 1556; x_wconf 89' lang='lat' dir='ltr'><strong>uno</strong></span> <span class='ocrx_word' id='word_1_187' title='bbox 1101 1503 1184 1573; x_wconf 87' lang='lat' dir='ltr'><strong>(ut</strong></span> <span class='ocrx_word' id='word_1_188' title='bbox 1209 1502 1472 1572; x_wconf 86' lang='lat' dir='ltr'><strong>diximus)</strong></span> <span class='ocrx_word' id='word_1_189' title='bbox 1503 1503 1814 1559; x_wconf 91' lang='lat' dir='ltr'><strong>Comitiano</strong></span> <span class='ocrx_word' id='word_1_190' title='bbox 1835 1505 2067 1575; x_wconf 85' lang='lat' dir='ltr'><strong>collegio</strong></span> <span class='ocrx_word' id='word_1_191' title='bbox 2169 1499 2430 1566; x_wconf 90' lang='lat' dir='ltr'><strong>cubiculi,</strong></span> <span class='ocrx_word' id='word_1_192' title='bbox 2457 1499 2556 1570; x_wconf 90' lang='lat' dir='ltr'><strong>qui</strong></span> <span class='ocrx_word' id='word_1_193' title='bbox 2583 1499 2743 1553; x_wconf 85' lang='lat' dir='ltr'><strong>nobis</strong></span> <span class='ocrx_word' id='word_1_194' title='bbox 2771 1517 2803 1552; x_wconf 90' lang='lat' dir='ltr'><strong>a</strong></span> <span class='ocrx_word' id='word_1_195' title='bbox 2833 1500 3104 1554; x_wconf 89' lang='lat' dir='ltr'><strong>codicillis</strong></span> <span class='ocrx_word' id='word_1_196' title='bbox 3129 1507 3244 1568; x_wconf 90' lang='lat' dir='ltr'><strong>est;</strong></span> <span class='ocrx_word' id='word_1_197' title='bbox 3279 1503 3326 1556; x_wconf 93' lang='lat' dir='ltr'><strong>is</strong></span> <span class='ocrx_word' id='word_1_198' title='bbox 3361 1503 3454 1574; x_wconf 91' lang='lat' dir='ltr'><strong>qui</strong></span> <span class='ocrx_word' id='word_1_199' title='bbox 3501 1505 3808 1576; x_wconf 82' lang='lat' dir='ltr'><strong>magistra-</strong></span> 
     </span>
    </p>
   </div>
   <div class='ocr_carea' id='block_1_15' title="bbox 434 1593 3814 1668">
    <p class='ocr_par' dir='ltr' id='par_1_15' title="bbox 434 1593 3814 1668">
     <span class='ocr_line' id='line_1_15' title="bbox 434 1593 3814 1668; baseline 0 -18"><span class='ocrx_word' id='word_1_200' title='bbox 434 1611 497 1650; x_wconf 89' lang='lat' dir='ltr'><strong>re</strong></span> <span class='ocrx_word' id='word_1_201' title='bbox 527 1599 582 1650; x_wconf 89' lang='lat' dir='ltr'><strong>et</strong></span> <span class='ocrx_word' id='word_1_202' title='bbox 607 1595 838 1650; x_wconf 88' lang='lat' dir='ltr'><strong>nomine</strong></span> <span class='ocrx_word' id='word_1_203' title='bbox 857 1595 1140 1650; x_wconf 88' lang='lat' dir='ltr'><strong>intellecta</strong></span> <span class='ocrx_word' id='word_1_204' title='bbox 1167 1601 1224 1652; x_wconf 93' lang='lat' dir='ltr'><strong>et</strong></span> <span class='ocrx_word' id='word_1_205' title='bbox 1251 1601 1563 1664; x_wconf 86' lang='lat' dir='ltr'><strong>numerata,</strong></span> <span class='ocrx_word' id='word_1_206' title='bbox 1587 1597 1816 1652; x_wconf 88' lang='lat' dir='ltr'><strong>nemine</strong></span> <span class='ocrx_word' id='word_1_207' title='bbox 1841 1613 1910 1652; x_wconf 84' lang='lat' dir='ltr'><strong>ex</strong></span> <span class='ocrx_word' id='word_1_208' title='bbox 1935 1598 2068 1668; x_wconf 84' lang='lat' dir='ltr'><strong>ipsis</strong></span> <span class='ocrx_word' id='word_1_209' title='bbox 2167 1596 2290 1646; x_wconf 89' lang='lat' dir='ltr'><strong>tum</strong></span> <span class='ocrx_word' id='word_1_210' title='bbox 2319 1593 2583 1662; x_wconf 85' lang='lat' dir='ltr'><strong>suscepit,</strong></span> <span class='ocrx_word' id='word_1_211' title='bbox 2609 1593 3012 1662; x_wconf 87' lang='lat' dir='ltr'><strong>jusjurandum</strong></span> <span class='ocrx_word' id='word_1_212' title='bbox 3045 1599 3288 1664; x_wconf 69' lang='lat' dir='ltr'><strong>praestet,</strong></span> <span class='ocrx_word' id='word_1_213' title='bbox 3311 1597 3530 1650; x_wconf 89' lang='lat' dir='ltr'><strong>nemini</strong></span> <span class='ocrx_word' id='word_1_214' title='bbox 3557 1613 3614 1652; x_wconf 91' lang='lat' dir='ltr'><strong>se</strong></span> <span class='ocrx_word' id='word_1_215' title='bbox 3647 1599 3814 1668; x_wconf 88' lang='lat' dir='ltr'><strong>quid-</strong></span> 
     </span>
    </p>
   </div>
   <div class='ocr_carea' id='block_1_16' title="bbox 436 1685 3812 1760">
    <p class='ocr_par' dir='ltr' id='par_1_16' title="bbox 436 1685 3812 1760">
     <span class='ocr_line' id='line_1_16' title="bbox 436 1685 3812 1760; baseline 0.002 -22"><span class='ocrx_word' id='word_1_216' title='bbox 436 1687 612 1742; x_wconf 86' lang='lat' dir='ltr'><strong>ullam</strong></span> <span class='ocrx_word' id='word_1_217' title='bbox 639 1703 774 1758; x_wconf 82' lang='lat' dir='ltr'><strong>erga</strong></span> <span class='ocrx_word' id='word_1_218' title='bbox 809 1688 946 1742; x_wconf 85' lang='lat' dir='ltr'><strong>alios</strong></span> <span class='ocrx_word' id='word_1_219' title='bbox 974 1689 1204 1743; x_wconf 88' lang='lat' dir='ltr'><strong>omnino</strong></span> <span class='ocrx_word' id='word_1_220' title='bbox 1235 1689 1608 1744; x_wconf 71' lang='lat' dir='ltr'><strong>differentiam</strong></span> <span class='ocrx_word' id='word_1_221' title='bbox 1635 1690 1942 1759; x_wconf 68' lang='lat' dir='ltr'><strong>obtinente,</strong></span> <span class='ocrx_word' id='word_1_222' title='bbox 1969 1692 2067 1745; x_wconf 84' lang='lat' dir='ltr'><strong>sed</strong></span> <span class='ocrx_word' id='word_1_223' title='bbox 2088 1759 2122 1760; x_wconf 23' lang='grc' dir='ltr'><em>κ</em></span> <span class='ocrx_word' id='word_1_224' title='bbox 2168 1702 2338 1756; x_wconf 89' lang='lat' dir='ltr'><strong>quam</strong></span> <span class='ocrx_word' id='word_1_225' title='bbox 2353 1685 2588 1738; x_wconf 85' lang='lat' dir='ltr'><strong>omnino</strong></span> <span class='ocrx_word' id='word_1_226' title='bbox 2607 1687 2693 1740; x_wconf 83' lang='lat' dir='ltr'><strong>vel</strong></span> <span class='ocrx_word' id='word_1_227' title='bbox 2713 1687 2964 1740; x_wconf 80' lang='lat' dir='ltr'><strong>muneris</strong></span> <span class='ocrx_word' id='word_1_228' title='bbox 2989 1688 3073 1740; x_wconf 85' lang='lat' dir='ltr'><strong>vel</strong></span> <span class='ocrx_word' id='word_1_229' title='bbox 3101 1688 3398 1758; x_wconf 82' lang='lat' dir='ltr'><strong>patrocinii</strong></span> <span class='ocrx_word' id='word_1_230' title='bbox 3419 1689 3542 1743; x_wconf 85' lang='lat' dir='ltr'><strong>loco</strong></span> <span class='ocrx_word' id='word_1_231' title='bbox 3563 1691 3812 1760; x_wconf 78' lang='lat' dir='ltr'><strong>dedisse,</strong></span> 
     </span>
    </p>
   </div>
   <div class='ocr_carea' id='block_1_17' title="bbox 435 1759 3811 1854">
    <p class='ocr_par' dir='ltr' id='par_1_17' title="bbox 435 1759 3811 1854">
     <span class='ocr_line' id='line_1_17' title="bbox 435 1759 3811 1854; baseline 0.001 -18"><span class='ocrx_word' id='word_1_232' title='bbox 435 1797 551 1836; x_wconf 90' lang='lat' dir='ltr'><strong>una</strong></span> <span class='ocrx_word' id='word_1_233' title='bbox 581 1781 779 1836; x_wconf 87' lang='lat' dir='ltr'><strong>cohors</strong></span> <span class='ocrx_word' id='word_1_234' title='bbox 804 1782 876 1835; x_wconf 90' lang='lat' dir='ltr'><strong>sit</strong></span> <span class='ocrx_word' id='word_1_235' title='bbox 899 1781 968 1835; x_wconf 91' lang='lat' dir='ltr'><strong>iis</strong></span> <span class='ocrx_word' id='word_1_236' title='bbox 1009 1782 1107 1853; x_wconf 90' lang='lat' dir='ltr'><strong>qui</strong></span> <span class='ocrx_word' id='word_1_237' title='bbox 1141 1783 1242 1836; x_wconf 89' lang='lat' dir='ltr'><strong>uni</strong></span> <span class='ocrx_word' id='word_1_238' title='bbox 1278 1781 1506 1852; x_wconf 77' lang='lat' dir='ltr'><strong>praesidi</strong></span> <span class='ocrx_word' id='word_1_239' title='bbox 1555 1783 1724 1837; x_wconf 84' lang='lat' dir='ltr'><strong>unius</strong></span> <span class='ocrx_word' id='word_1_240' title='bbox 1764 1783 2066 1854; x_wconf 64' lang='lat' dir='ltr'><strong>provinciae</strong></span> <span class='ocrx_word' id='word_1_241' title='bbox 2087 1759 2142 1830; x_wconf 87' lang='grc' dir='ltr'>Β</span> <span class='ocrx_word' id='word_1_242' title='bbox 2165 1777 2562 1850; x_wconf 87' lang='lat' dir='ltr'><strong>promisissive,</strong></span> <span class='ocrx_word' id='word_1_243' title='bbox 2597 1783 2698 1834; x_wconf 90' lang='lat' dir='ltr'><strong>aut</strong></span> <span class='ocrx_word' id='word_1_244' title='bbox 2723 1795 2790 1834; x_wconf 81' lang='lat' dir='ltr'><strong>ex</strong></span> <span class='ocrx_word' id='word_1_245' title='bbox 2821 1780 3108 1849; x_wconf 83' lang='lat' dir='ltr'><strong>provincia</strong></span> <span class='ocrx_word' id='word_1_246' title='bbox 3149 1781 3376 1838; x_wconf 88' lang='lat' dir='ltr'><strong>mittere</strong></span> <span class='ocrx_word' id='word_1_247' title='bbox 3407 1789 3638 1852; x_wconf 89' lang='lat' dir='ltr'><strong>pactum</strong></span> <span class='ocrx_word' id='word_1_248' title='bbox 3665 1801 3811 1851; x_wconf 84' lang='lat' dir='ltr'><strong>esse,</strong></span> 
     </span>
    </p>
   </div>
   <div class='ocr_carea' id='block_1_18' title="bbox 435 1870 3814 1946">
    <p class='ocr_par' dir='ltr' id='par_1_18' title="bbox 435 1870 3814 1946">
     <span class='ocr_line' id='line_1_18' title="bbox 435 1870 3814 1946; baseline 0.001 -18"><span class='ocrx_word' id='word_1_249' title='bbox 435 1874 638 1929; x_wconf 91' lang='lat' dir='ltr'><strong>rectori</strong></span> <span class='ocrx_word' id='word_1_250' title='bbox 667 1874 902 1944; x_wconf 87' lang='lat' dir='ltr'><strong>subjecti</strong></span> <span class='ocrx_word' id='word_1_251' title='bbox 927 1879 1078 1940; x_wconf 89' lang='lat' dir='ltr'><strong>sunt,</strong></span> <span class='ocrx_word' id='word_1_252' title='bbox 1109 1878 1228 1929; x_wconf 88' lang='lat' dir='ltr'><strong>tota</strong></span> <span class='ocrx_word' id='word_1_253' title='bbox 1275 1875 1444 1930; x_wconf 90' lang='lat' dir='ltr'><strong>simul</strong></span> <span class='ocrx_word' id='word_1_254' title='bbox 1493 1875 1726 1930; x_wconf 82' lang='lat' dir='ltr'><strong>cohorte</strong></span> <span class='ocrx_word' id='word_1_255' title='bbox 1771 1893 1889 1930; x_wconf 82' lang='lat' dir='ltr'><strong>una</strong></span> <span class='ocrx_word' id='word_1_256' title='bbox 1935 1893 2066 1931; x_wconf 88' lang='lat' dir='ltr'><strong>cum</strong></span> <span class='ocrx_word' id='word_1_257' title='bbox 2165 1871 2278 1925; x_wconf 83' lang='lat' dir='ltr'><strong>sive</strong></span> <span class='ocrx_word' id='word_1_258' title='bbox 2299 1870 2682 1942; x_wconf 88' lang='lat' dir='ltr'><strong>gloriosissimi</strong></span> <span class='ocrx_word' id='word_1_259' title='bbox 2701 1871 2950 1942; x_wconf 64' lang='lat' dir='ltr'><strong>praefecti</strong></span> <span class='ocrx_word' id='word_1_260' title='bbox 2973 1873 3103 1942; x_wconf 91' lang='lat' dir='ltr'><strong>sint,</strong></span> <span class='ocrx_word' id='word_1_261' title='bbox 3123 1875 3236 1929; x_wconf 82' lang='lat' dir='ltr'><strong>sive</strong></span> <span class='ocrx_word' id='word_1_262' title='bbox 3255 1875 3352 1928; x_wconf 88' lang='lat' dir='ltr'><strong>alii</strong></span> <span class='ocrx_word' id='word_1_263' title='bbox 3379 1893 3508 1930; x_wconf 90' lang='lat' dir='ltr'><strong>cum</strong></span> <span class='ocrx_word' id='word_1_264' title='bbox 3531 1883 3814 1946; x_wconf 86' lang='lat' dir='ltr'><strong>potestate</strong></span> 
     </span>
    </p>
   </div>
   <div class='ocr_carea' id='block_1_19' title="bbox 437 1964 3814 2040">
    <p class='ocr_par' dir='ltr' id='par_1_19' title="bbox 437 1964 3814 2040">
     <span class='ocr_line' id='line_1_19' title="bbox 437 1964 3814 2040; baseline 0.001 -20"><span class='ocrx_word' id='word_1_265' title='bbox 437 1983 538 2021; x_wconf 91' lang='lat' dir='ltr'><strong>suo</strong></span> <span class='ocrx_word' id='word_1_266' title='bbox 565 1967 802 2037; x_wconf 66' lang='lat' dir='ltr'><strong>praeside</strong></span> <span class='ocrx_word' id='word_1_267' title='bbox 833 1968 978 2022; x_wconf 91' lang='lat' dir='ltr'><strong>circa</strong></span> <span class='ocrx_word' id='word_1_268' title='bbox 1003 1967 1216 2022; x_wconf 87' lang='lat' dir='ltr'><strong>tributa</strong></span> <span class='ocrx_word' id='word_1_269' title='bbox 1235 1968 1606 2038; x_wconf 87' lang='lat' dir='ltr'><strong>periclitante.</strong></span> <span class='ocrx_word' id='word_1_270' title='bbox 2165 1964 2488 2031; x_wconf 85' lang='lat' dir='ltr'><strong>existentes,</strong></span> <span class='ocrx_word' id='word_1_271' title='bbox 2519 1965 2633 2018; x_wconf 87' lang='lat' dir='ltr'><strong>sive</strong></span> <span class='ocrx_word' id='word_1_272' title='bbox 2654 1964 2800 2018; x_wconf 88' lang='lat' dir='ltr'><strong>circa</strong></span> <span class='ocrx_word' id='word_1_273' title='bbox 2825 1965 2950 2019; x_wconf 91' lang='lat' dir='ltr'><strong>illos</strong></span> <span class='ocrx_word' id='word_1_274' title='bbox 2981 1966 3186 2020; x_wconf 89' lang='lat' dir='ltr'><strong>versari</strong></span> <span class='ocrx_word' id='word_1_275' title='bbox 3217 1967 3387 2034; x_wconf 87' lang='lat' dir='ltr'><strong>soliti,</strong></span> <span class='ocrx_word' id='word_1_276' title='bbox 3415 1969 3530 2022; x_wconf 84' lang='lat' dir='ltr'><strong>sive</strong></span> <span class='ocrx_word' id='word_1_277' title='bbox 3559 1971 3814 2040; x_wconf 83' lang='lat' dir='ltr'><strong>quicun-</strong></span> 
     </span>
    </p>
   </div>
   <div class='ocr_carea' id='block_1_20' title="bbox 507 2057 3812 2132">
    <p class='ocr_par' dir='ltr' id='par_1_20' title="bbox 507 2057 3812 2132">
     <span class='ocr_line' id='line_1_20' title="bbox 507 2057 3812 2132; baseline 0.001 -18"><span class='ocrx_word' id='word_1_278' title='bbox 507 2060 652 2114; x_wconf 85' lang='lat' dir='ltr'><strong>Nulli</strong></span> <span class='ocrx_word' id='word_1_279' title='bbox 680 2077 908 2131; x_wconf 88' lang='lat' dir='ltr'><strong>quoque</strong></span> <span class='ocrx_word' id='word_1_280' title='bbox 927 2061 1109 2131; x_wconf 90' lang='lat' dir='ltr'><strong>judici</strong></span> <span class='ocrx_word' id='word_1_281' title='bbox 1129 2061 1356 2132; x_wconf 89' lang='lat' dir='ltr'><strong>penitus</strong></span> <span class='ocrx_word' id='word_1_282' title='bbox 1383 2061 1972 2132; x_wconf 87' lang='lat' dir='ltr'><strong>concedimus,neque</strong></span> <span class='ocrx_word' id='word_1_283' title='bbox 1995 2064 2068 2118; x_wconf 90' lang='lat' dir='ltr'><strong>ci—</strong></span> <span class='ocrx_word' id='word_1_284' title='bbox 2165 2073 2294 2128; x_wconf 85' lang='lat' dir='ltr'><strong>que,</strong></span> <span class='ocrx_word' id='word_1_285' title='bbox 2341 2057 2504 2111; x_wconf 83' lang='lat' dir='ltr'><strong>titulo</strong></span> <span class='ocrx_word' id='word_1_286' title='bbox 2551 2057 2786 2128; x_wconf 86' lang='lat' dir='ltr'><strong>inquam</strong></span> <span class='ocrx_word' id='word_1_287' title='bbox 2830 2059 3145 2128; x_wconf 83' lang='lat' dir='ltr'><strong>patrocinii,</strong></span> <span class='ocrx_word' id='word_1_288' title='bbox 3183 2061 3280 2113; x_wconf 92' lang='lat' dir='ltr'><strong>sed</strong></span> <span class='ocrx_word' id='word_1_289' title='bbox 3321 2063 3812 2132; x_wconf 86' lang='lat' dir='ltr'><strong>quemadmodum</strong></span> 
     </span>
    </p>
   </div>
   <div class='ocr_carea' id='block_1_21' title="bbox 433 2149 3814 2226">
    <p class='ocr_par' dir='ltr' id='par_1_21' title="bbox 433 2149 3814 2226">
     <span class='ocr_line' id='line_1_21' title="bbox 433 2149 3814 2226; baseline 0 -20"><span class='ocrx_word' id='word_1_290' title='bbox 433 2153 549 2219; x_wconf 86' lang='lat' dir='ltr'><strong>vili,</strong></span> <span class='ocrx_word' id='word_1_291' title='bbox 582 2169 767 2224; x_wconf 87' lang='lat' dir='ltr'><strong>neque</strong></span> <span class='ocrx_word' id='word_1_292' title='bbox 793 2154 1049 2220; x_wconf 87' lang='lat' dir='ltr'><strong>militari,</strong></span> <span class='ocrx_word' id='word_1_293' title='bbox 1081 2154 1304 2209; x_wconf 89' lang='lat' dir='ltr'><strong>mittere</strong></span> <span class='ocrx_word' id='word_1_294' title='bbox 1330 2170 1434 2226; x_wconf 90' lang='lat' dir='ltr'><strong>per</strong></span> <span class='ocrx_word' id='word_1_295' title='bbox 1463 2153 1710 2209; x_wconf 88' lang='lat' dir='ltr'><strong>civitates</strong></span> <span class='ocrx_word' id='word_1_296' title='bbox 1739 2155 2062 2225; x_wconf 67' lang='lat' dir='ltr'><strong>provinciae,</strong></span> <span class='ocrx_word' id='word_1_297' title='bbox 2167 2149 2474 2220; x_wconf 78' lang='lat' dir='ltr'><strong>gratuitum</strong></span> <span class='ocrx_word' id='word_1_298' title='bbox 2507 2151 2906 2220; x_wconf 80' lang='lat' dir='ltr'><strong>magistratum</strong></span> <span class='ocrx_word' id='word_1_299' title='bbox 2933 2152 3102 2222; x_wconf 87' lang='lat' dir='ltr'><strong>capit,</strong></span> <span class='ocrx_word' id='word_1_300' title='bbox 3137 2153 3398 2224; x_wconf 89' lang='lat' dir='ltr'><strong>percipit,</strong></span> <span class='ocrx_word' id='word_1_301' title='bbox 3433 2161 3708 2225; x_wconf 72' lang='lat' dir='ltr'><strong>praeterea</strong></span> <span class='ocrx_word' id='word_1_302' title='bbox 3741 2173 3814 2209; x_wconf 79' lang='lat' dir='ltr'><strong>ex</strong></span> 
     </span>
    </p>
   </div>
   <div class='ocr_carea' id='block_1_22' title="bbox 433 2231 3820 2319">
    <p class='ocr_par' dir='ltr' id='par_1_22' title="bbox 433 2231 3820 2319">
     <span class='ocr_line' id='line_1_22' title="bbox 433 2231 3820 2319; baseline 0.002 -24"><span class='ocrx_word' id='word_1_303' title='bbox 433 2247 638 2319; x_wconf 82' lang='lat' dir='ltr'><strong>quibus</strong></span> <span class='ocrx_word' id='word_1_304' title='bbox 667 2247 948 2316; x_wconf 64' lang='lat' dir='ltr'><strong>praesidet,</strong></span> <span class='ocrx_word' id='word_1_305' title='bbox 984 2263 1080 2302; x_wconf 90' lang='lat' dir='ltr'><strong>eos</strong></span> <span class='ocrx_word' id='word_1_306' title='bbox 1109 2248 1206 2318; x_wconf 84' lang='lat' dir='ltr'><strong>qui</strong></span> <span class='ocrx_word' id='word_1_307' title='bbox 1237 2253 1509 2302; x_wconf 81' lang='lat' dir='ltr'><strong>vocantur</strong></span> <span class='ocrx_word' id='word_1_308' title='bbox 1551 2247 1655 2302; x_wconf 84' lang='lat' dir='ltr'><strong>loci</strong></span> <span class='ocrx_word' id='word_1_309' title='bbox 1709 2253 2014 2302; x_wconf 80' lang='lat' dir='ltr'><strong>servatores</strong></span> <span class='ocrx_word' id='word_1_310' title='bbox 2045 2267 2062 2318; x_wconf 76' lang='lat'><strong>;</strong></span> <span class='ocrx_word' id='word_1_311' title='bbox 2117 2231 2123 2240; x_wconf 71' lang='grc'><strong>’</strong></span> <span class='ocrx_word' id='word_1_312' title='bbox 2165 2242 2390 2313; x_wconf 87' lang='lat' dir='ltr'><strong>publico</strong></span> <span class='ocrx_word' id='word_1_313' title='bbox 2418 2259 2674 2296; x_wconf 89' lang='lat' dir='ltr'><strong>annonas</strong></span> <span class='ocrx_word' id='word_1_314' title='bbox 2709 2245 2867 2314; x_wconf 85' lang='lat' dir='ltr'><strong>(quas</strong></span> <span class='ocrx_word' id='word_1_315' title='bbox 2895 2244 3126 2314; x_wconf 88' lang='lat' dir='ltr'><strong>quidem</strong></span> <span class='ocrx_word' id='word_1_316' title='bbox 3159 2248 3216 2299; x_wconf 88' lang='lat' dir='ltr'><strong>et</strong></span> <span class='ocrx_word' id='word_1_317' title='bbox 3243 2248 3390 2300; x_wconf 85' lang='lat' dir='ltr'><strong>solas</strong></span> <span class='ocrx_word' id='word_1_318' title='bbox 3418 2247 3604 2317; x_wconf 89' lang='lat' dir='ltr'><strong>ipsum</strong></span> <span class='ocrx_word' id='word_1_319' title='bbox 3631 2251 3820 2318; x_wconf 83' lang='lat' dir='ltr'><strong>perci-</strong></span> 
     </span>
    </p>
   </div>
   <div class='ocr_carea' id='block_1_23' title="bbox 435 2335 3818 2412">
    <p class='ocr_par' dir='ltr' id='par_1_23' title="bbox 435 2335 3818 2412">
     <span class='ocr_line' id='line_1_23' title="bbox 435 2335 3818 2412; baseline 0 -18"><span class='ocrx_word' id='word_1_320' title='bbox 435 2340 757 2408; x_wconf 90' lang='lat' dir='ltr'><strong>scientibus,</strong></span> <span class='ocrx_word' id='word_1_321' title='bbox 787 2341 937 2410; x_wconf 91' lang='lat' dir='ltr'><strong>quod</strong></span> <span class='ocrx_word' id='word_1_322' title='bbox 969 2341 1014 2395; x_wconf 89' lang='lat' dir='ltr'><strong>si</strong></span> <span class='ocrx_word' id='word_1_323' title='bbox 1043 2341 1180 2412; x_wconf 87' lang='lat' dir='ltr'><strong>quid</strong></span> <span class='ocrx_word' id='word_1_324' title='bbox 1209 2341 1320 2395; x_wconf 88' lang='lat' dir='ltr'><strong>tale</strong></span> <span class='ocrx_word' id='word_1_325' title='bbox 1335 2341 1588 2409; x_wconf 88' lang='lat' dir='ltr'><strong>fecerint,</strong></span> <span class='ocrx_word' id='word_1_326' title='bbox 1623 2341 1727 2411; x_wconf 92' lang='lat' dir='ltr'><strong>ipsi</strong></span> <span class='ocrx_word' id='word_1_327' title='bbox 1751 2342 1950 2396; x_wconf 84' lang='lat' dir='ltr'><strong>cadent</strong></span> <span class='ocrx_word' id='word_1_328' title='bbox 1974 2342 2068 2396; x_wconf 74' lang='lat' dir='ltr'><strong>ad-</strong></span> <span class='ocrx_word' id='word_1_329' title='bbox 2165 2351 2300 2406; x_wconf 90' lang='lat' dir='ltr'><strong>pere</strong></span> <span class='ocrx_word' id='word_1_330' title='bbox 2331 2335 2610 2404; x_wconf 88' lang='lat' dir='ltr'><strong>sinimus),</strong></span> <span class='ocrx_word' id='word_1_331' title='bbox 2639 2335 2712 2388; x_wconf 89' lang='lat' dir='ltr'><strong>ita</strong></span> <span class='ocrx_word' id='word_1_332' title='bbox 2735 2341 2790 2389; x_wconf 89' lang='lat' dir='ltr'><strong>et</strong></span> <span class='ocrx_word' id='word_1_333' title='bbox 2817 2337 2973 2406; x_wconf 87' lang='lat' dir='ltr'><strong>puris</strong></span> <span class='ocrx_word' id='word_1_334' title='bbox 2999 2337 3186 2407; x_wconf 89' lang='lat' dir='ltr'><strong>ipsum</strong></span> <span class='ocrx_word' id='word_1_335' title='bbox 3221 2340 3488 2393; x_wconf 89' lang='lat' dir='ltr'><strong>manibus</strong></span> <span class='ocrx_word' id='word_1_336' title='bbox 3515 2358 3818 2394; x_wconf 82' lang='lat' dir='ltr'><strong>conserva-</strong></span> 
     </span>
    </p>
   </div>
   <div class='ocr_carea' id='block_1_24' title="bbox 437 2427 3816 2504">
    <p class='ocr_par' dir='ltr' id='par_1_24' title="bbox 437 2427 3816 2504">
     <span class='ocr_line' id='line_1_24' title="bbox 437 2427 3816 2504; baseline 0.002 -23"><span class='ocrx_word' id='word_1_337' title='bbox 437 2431 864 2502; x_wconf 75' lang='lat' dir='ltr'><strong>ministratione,</strong></span> <span class='ocrx_word' id='word_1_338' title='bbox 895 2438 1302 2504; x_wconf 59' lang='lat' dir='ltr'><strong>presumentes</strong></span> <span class='ocrx_word' id='word_1_339' title='bbox 1339 2433 1474 2489; x_wconf 78' lang='lat' dir='ltr'><strong>alios</strong></span> <span class='ocrx_word' id='word_1_340' title='bbox 1514 2435 1575 2488; x_wconf 86' lang='lat' dir='ltr'><strong>in</strong></span> <span class='ocrx_word' id='word_1_341' title='bbox 1616 2449 1784 2488; x_wconf 85' lang='lat' dir='ltr'><strong>suum</strong></span> <span class='ocrx_word' id='word_1_342' title='bbox 1816 2434 2066 2489; x_wconf 82' lang='lat' dir='ltr'><strong>ofﬁcium</strong></span> <span class='ocrx_word' id='word_1_343' title='bbox 2163 2427 2264 2495; x_wconf 91' lang='lat' dir='ltr'><strong>bit,</strong></span> <span class='ocrx_word' id='word_1_344' title='bbox 2296 2429 2403 2482; x_wconf 91' lang='lat' dir='ltr'><strong>Deo</strong></span> <span class='ocrx_word' id='word_1_345' title='bbox 2429 2428 2598 2482; x_wconf 88' lang='lat' dir='ltr'><strong>simul</strong></span> <span class='ocrx_word' id='word_1_346' title='bbox 2627 2433 2682 2482; x_wconf 90' lang='lat' dir='ltr'><strong>et</strong></span> <span class='ocrx_word' id='word_1_347' title='bbox 2701 2429 2862 2482; x_wconf 90' lang='lat' dir='ltr'><strong>nobis</strong></span> <span class='ocrx_word' id='word_1_348' title='bbox 2889 2445 2954 2483; x_wconf 91' lang='lat' dir='ltr'><strong>co</strong></span> <span class='ocrx_word' id='word_1_349' title='bbox 2983 2431 3213 2487; x_wconf 89' lang='lat' dir='ltr'><strong>nomine</strong></span> <span class='ocrx_word' id='word_1_350' title='bbox 3236 2433 3516 2488; x_wconf 90' lang='lat' dir='ltr'><strong>rationem</strong></span> <span class='ocrx_word' id='word_1_351' title='bbox 3551 2435 3816 2489; x_wconf 88' lang='lat' dir='ltr'><strong>redditu-</strong></span> 
     </span>
    </p>
   </div>
   <div class='ocr_carea' id='block_1_25' title="bbox 437 2521 3812 2596">
    <p class='ocr_par' dir='ltr' id='par_1_25' title="bbox 437 2521 3812 2596">
     <span class='ocr_line' id='line_1_25' title="bbox 437 2521 3812 2596; baseline 0 -16"><span class='ocrx_word' id='word_1_352' title='bbox 437 2525 670 2580; x_wconf 89' lang='lat' dir='ltr'><strong>elevare.</strong></span> <span class='ocrx_word' id='word_1_353' title='bbox 2163 2537 2278 2574; x_wconf 90' lang='lat' dir='ltr'><strong>rus.</strong></span> <span class='ocrx_word' id='word_1_354' title='bbox 2311 2521 2456 2576; x_wconf 90' lang='lat' dir='ltr'><strong>Sciat</strong></span> <span class='ocrx_word' id='word_1_355' title='bbox 2485 2521 2640 2574; x_wconf 91' lang='lat' dir='ltr'><strong>enim</strong></span> <span class='ocrx_word' id='word_1_356' title='bbox 2679 2521 2948 2576; x_wconf 90' lang='lat' dir='ltr'><strong>celsitudo</strong></span> <span class='ocrx_word' id='word_1_357' title='bbox 2975 2527 3088 2590; x_wconf 88' lang='lat' dir='ltr'><strong>tua,</strong></span> <span class='ocrx_word' id='word_1_358' title='bbox 3133 2529 3188 2578; x_wconf 91' lang='lat' dir='ltr'><strong>et</strong></span> <span class='ocrx_word' id='word_1_359' title='bbox 3215 2525 3312 2596; x_wconf 89' lang='lat' dir='ltr'><strong>qui</strong></span> <span class='ocrx_word' id='word_1_360' title='bbox 3345 2526 3608 2580; x_wconf 89' lang='lat' dir='ltr'><strong>eumdem</strong></span> <span class='ocrx_word' id='word_1_361' title='bbox 3637 2527 3812 2582; x_wconf 84' lang='lat' dir='ltr'><strong>thro-</strong></span> 
     </span>
    </p>
   </div>
   <div class='ocr_carea' id='block_1_26' title="bbox 505 2614 3820 2690">
    <p class='ocr_par' dir='ltr' id='par_1_26' title="bbox 505 2614 3820 2690">
     <span class='ocr_line' id='line_1_26' title="bbox 505 2614 3820 2690; baseline 0.002 -24"><span class='ocrx_word' id='word_1_362' title='bbox 505 2619 660 2674; x_wconf 86' lang='lat' dir='ltr'><strong>Idem</strong></span> <span class='ocrx_word' id='word_1_363' title='bbox 681 2618 786 2672; x_wconf 90' lang='lat' dir='ltr'><strong>hoc</strong></span> <span class='ocrx_word' id='word_1_364' title='bbox 811 2618 1048 2672; x_wconf 79' lang='lat' dir='ltr'><strong>dicimus</strong></span> <span class='ocrx_word' id='word_1_365' title='bbox 1078 2623 1134 2674; x_wconf 89' lang='lat' dir='ltr'><strong>et</strong></span> <span class='ocrx_word' id='word_1_366' title='bbox 1159 2618 1218 2673; x_wconf 87' lang='lat' dir='ltr'><strong>in</strong></span> <span class='ocrx_word' id='word_1_367' title='bbox 1249 2618 1556 2674; x_wconf 78' lang='lat' dir='ltr'><strong>clarissimo</strong></span> <span class='ocrx_word' id='word_1_368' title='bbox 1584 2619 1788 2675; x_wconf 82' lang='lat' dir='ltr'><strong>comite</strong></span> <span class='ocrx_word' id='word_1_369' title='bbox 1822 2619 2064 2676; x_wconf 80' lang='lat' dir='ltr'><strong>orientis</strong></span> <span class='ocrx_word' id='word_1_370' title='bbox 2163 2629 2304 2666; x_wconf 91' lang='lat' dir='ltr'><strong>num</strong></span> <span class='ocrx_word' id='word_1_371' title='bbox 2323 2617 2450 2684; x_wconf 90' lang='lat' dir='ltr'><strong>post</strong></span> <span class='ocrx_word' id='word_1_372' title='bbox 2475 2617 2530 2667; x_wconf 91' lang='lat' dir='ltr'><strong>te</strong></span> <span class='ocrx_word' id='word_1_373' title='bbox 2553 2614 2948 2682; x_wconf 88' lang='lat' dir='ltr'><strong>conscendent,</strong></span> <span class='ocrx_word' id='word_1_374' title='bbox 2981 2616 3132 2687; x_wconf 90' lang='lat' dir='ltr'><strong>quod</strong></span> <span class='ocrx_word' id='word_1_375' title='bbox 3155 2617 3266 2672; x_wconf 88' lang='lat' dir='ltr'><strong>sive</strong></span> <span class='ocrx_word' id='word_1_376' title='bbox 3291 2617 3418 2688; x_wconf 89' lang='lat' dir='ltr'><strong>ipsi,</strong></span> <span class='ocrx_word' id='word_1_377' title='bbox 3451 2619 3564 2672; x_wconf 88' lang='lat' dir='ltr'><strong>sive</strong></span> <span class='ocrx_word' id='word_1_378' title='bbox 3593 2619 3820 2690; x_wconf 85' lang='lat' dir='ltr'><strong>hiquo—</strong></span> 
     </span>
    </p>
   </div>
   <div class='ocr_carea' id='block_1_27' title="bbox 434 2707 3812 2784">
    <p class='ocr_par' dir='ltr' id='par_1_27' title="bbox 434 2707 3812 2784">
     <span class='ocr_line' id='line_1_27' title="bbox 434 2707 3812 2784; baseline 0 -17"><span class='ocrx_word' id='word_1_379' title='bbox 434 2715 490 2767; x_wconf 89' lang='lat' dir='ltr'><strong>et</strong></span> <span class='ocrx_word' id='word_1_380' title='bbox 518 2710 831 2766; x_wconf 89' lang='lat' dir='ltr'><strong>clarissimo</strong></span> <span class='ocrx_word' id='word_1_381' title='bbox 864 2711 1102 2782; x_wconf 67' lang='lat' dir='ltr'><strong>praeside</strong></span> <span class='ocrx_word' id='word_1_382' title='bbox 1130 2711 1282 2782; x_wconf 90' lang='lat' dir='ltr'><strong>(nam</strong></span> <span class='ocrx_word' id='word_1_383' title='bbox 1313 2717 1368 2768; x_wconf 90' lang='lat' dir='ltr'><strong>et</strong></span> <span class='ocrx_word' id='word_1_384' title='bbox 1395 2713 1508 2766; x_wconf 90' lang='lat' dir='ltr'><strong>illic</strong></span> <span class='ocrx_word' id='word_1_385' title='bbox 1535 2729 1602 2769; x_wconf 82' lang='lat' dir='ltr'><strong>ex</strong></span> <span class='ocrx_word' id='word_1_386' title='bbox 1629 2717 1869 2784; x_wconf 88' lang='lat' dir='ltr'><strong>utraque</strong></span> <span class='ocrx_word' id='word_1_387' title='bbox 1887 2731 2064 2768; x_wconf 90' lang='lat' dir='ltr'><strong>unam</strong></span> <span class='ocrx_word' id='word_1_388' title='bbox 2163 2721 2294 2760; x_wconf 87' lang='lat' dir='ltr'><strong>l&#39;um</strong></span> <span class='ocrx_word' id='word_1_389' title='bbox 2313 2723 2484 2776; x_wconf 85' lang='lat' dir='ltr'><strong>opera</strong></span> <span class='ocrx_word' id='word_1_390' title='bbox 2509 2707 2567 2760; x_wconf 92' lang='lat' dir='ltr'><strong>in</strong></span> <span class='ocrx_word' id='word_1_391' title='bbox 2583 2707 2887 2762; x_wconf 85' lang='lat' dir='ltr'><strong>commissa</strong></span> <span class='ocrx_word' id='word_1_392' title='bbox 2899 2708 3006 2762; x_wconf 84' lang='lat' dir='ltr'><strong>sibi</strong></span> <span class='ocrx_word' id='word_1_393' title='bbox 3021 2715 3180 2780; x_wconf 86' lang='lat' dir='ltr'><strong>parte</strong></span> <span class='ocrx_word' id='word_1_394' title='bbox 3197 2711 3520 2782; x_wconf 66' lang='lat' dir='ltr'><strong>reipublicae</strong></span> <span class='ocrx_word' id='word_1_395' title='bbox 3537 2717 3812 2782; x_wconf 86' lang='lat' dir='ltr'><strong>utuntur,</strong></span> 
     </span>
    </p>
   </div>
   <div class='ocr_carea' id='block_1_28' title="bbox 435 2799 3818 2879">
    <p class='ocr_par' dir='ltr' id='par_1_28' title="bbox 435 2799 3818 2879">
     <span class='ocr_line' id='line_1_28' title="bbox 435 2799 3818 2879; baseline 0.003 -21"><span class='ocrx_word' id='word_1_396' title='bbox 435 2803 980 2860; x_wconf 89' lang='lat' dir='ltr'><strong>administrationem</strong></span> <span class='ocrx_word' id='word_1_397' title='bbox 1015 2805 1266 2876; x_wconf 87' lang='lat' dir='ltr'><strong>facimus)</strong></span> <span class='ocrx_word' id='word_1_398' title='bbox 1297 2809 1360 2860; x_wconf 92' lang='lat' dir='ltr'><strong>ut</strong></span> <span class='ocrx_word' id='word_1_399' title='bbox 1386 2822 1592 2862; x_wconf 91' lang='lat' dir='ltr'><strong>nomen</strong></span> <span class='ocrx_word' id='word_1_400' title='bbox 1607 2807 1838 2878; x_wconf 87' lang='lat' dir='ltr'><strong>quidem</strong></span> <span class='ocrx_word' id='word_1_401' title='bbox 1857 2812 2066 2879; x_wconf 82' lang='lat' dir='ltr'><strong>specta-</strong></span> <span class='ocrx_word' id='word_1_402' title='bbox 2163 2799 2279 2853; x_wconf 71' lang='lat' dir='ltr'><strong>Sive</strong></span> <span class='ocrx_word' id='word_1_403' title='bbox 2313 2799 2514 2853; x_wconf 62' lang='lat'><strong>0011013</strong></span> <span class='ocrx_word' id='word_1_404' title='bbox 2557 2803 2674 2867; x_wconf 63' lang='lat' dir='ltr'><strong>tua,</strong></span> <span class='ocrx_word' id='word_1_405' title='bbox 2703 2805 2800 2854; x_wconf 67' lang='lat' dir='ltr'><strong>aut</strong></span> <span class='ocrx_word' id='word_1_406' title='bbox 2823 2800 2893 2854; x_wconf 73' lang='lat' dir='ltr'><strong>ab</strong></span> <span class='ocrx_word' id='word_1_407' title='bbox 2936 2799 3006 2854; x_wconf 68' lang='lat' dir='ltr'><strong>iis</strong></span> <span class='ocrx_word' id='word_1_408' title='bbox 3058 2803 3156 2872; x_wconf 69' lang='lat' dir='ltr'><strong>(111i</strong></span> <span class='ocrx_word' id='word_1_409' title='bbox 3197 2803 3268 2856; x_wconf 75' lang='lat' dir='ltr'><strong>ad</strong></span> <span class='ocrx_word' id='word_1_410' title='bbox 3313 2804 3576 2874; x_wconf 68' lang='grc' dir='ltr'><strong>Ρΐεὲάὶεὶὲι</strong></span> <span class='ocrx_word' id='word_1_411' title='bbox 3619 2805 3818 2860; x_wconf 74' lang='lat' dir='ltr'><strong>Ofﬁcia</strong></span> 
     </span>
    </p>
   </div>
   <div class='ocr_carea' id='block_1_29' title="bbox 441 2891 3818 2969">
    <p class='ocr_par' dir='ltr' id='par_1_29' title="bbox 441 2891 3818 2969">
     <span class='ocr_line' id='line_1_29' title="bbox 441 2891 3818 2969; baseline 0.001 -18"><span class='ocrx_word' id='word_1_412' title='bbox 441 2897 570 2952; x_wconf 89' lang='lat' dir='ltr'><strong>bilis</strong></span> <span class='ocrx_word' id='word_1_413' title='bbox 599 2897 818 2952; x_wconf 89' lang='lat' dir='ltr'><strong>comitis</strong></span> <span class='ocrx_word' id='word_1_414' title='bbox 841 2897 1318 2968; x_wconf 88' lang='lat' dir='ltr'><strong>Orientishabeat,</strong></span> <span class='ocrx_word' id='word_1_415' title='bbox 1341 2900 1440 2954; x_wconf 92' lang='lat' dir='ltr'><strong>uni</strong></span> <span class='ocrx_word' id='word_1_416' title='bbox 1469 2916 1600 2955; x_wconf 90' lang='lat' dir='ltr'><strong>vero</strong></span> <span class='ocrx_word' id='word_1_417' title='bbox 1645 2905 1864 2956; x_wconf 88' lang='lat' dir='ltr'><strong>tantum</strong></span> <span class='ocrx_word' id='word_1_418' title='bbox 1901 2917 1960 2956; x_wconf 92' lang='lat' dir='ltr'><strong>re</strong></span> <span class='ocrx_word' id='word_1_419' title='bbox 2009 2905 2064 2956; x_wconf 88' lang='lat' dir='ltr'><strong>et</strong></span> <span class='ocrx_word' id='word_1_420' title='bbox 2161 2891 2613 2964; x_wconf 65' lang='lat' dir='ltr'><strong>Pl‘OﬁCiscuntul‘,</strong></span> <span class='ocrx_word' id='word_1_421' title='bbox 2648 2897 2748 2948; x_wconf 75' lang='lat' dir='ltr'><strong>aut</strong></span> <span class='ocrx_word' id='word_1_422' title='bbox 2799 2895 2996 2964; x_wconf 80' lang='lat' dir='ltr'><strong>quovis</strong></span> <span class='ocrx_word' id='word_1_423' title='bbox 3037 2895 3166 2962; x_wconf 79' lang='lat' dir='ltr'><strong>aliO,</strong></span> <span class='ocrx_word' id='word_1_424' title='bbox 3225 2897 3538 2968; x_wconf 85' lang='lat' dir='ltr'><strong>quidquam</strong></span> <span class='ocrx_word' id='word_1_425' title='bbox 3591 2905 3818 2969; x_wconf 64' lang='lat' dir='ltr'><strong>praeter</strong></span> 
     </span>
    </p>
   </div>
   <div class='ocr_carea' id='block_1_30' title="bbox 433 2985 3808 3065">
    <p class='ocr_par' dir='ltr' id='par_1_30' title="bbox 433 2985 3808 3065">
     <span class='ocr_line' id='line_1_30' title="bbox 433 2985 3808 3065; baseline -0.001 -17"><span class='ocrx_word' id='word_1_426' title='bbox 433 2990 666 3044; x_wconf 85' lang='lat' dir='ltr'><strong>nomine</strong></span> <span class='ocrx_word' id='word_1_427' title='bbox 713 2991 1039 3046; x_wconf 66' lang='lat' dir='ltr'><strong>Comitianae</strong></span> <span class='ocrx_word' id='word_1_428' title='bbox 1072 2993 1290 3046; x_wconf 89' lang='lat' dir='ltr'><strong>cohorti</strong></span> <span class='ocrx_word' id='word_1_429' title='bbox 1329 2993 1590 3064; x_wconf 89' lang='lat' dir='ltr'><strong>imperet,</strong></span> <span class='ocrx_word' id='word_1_430' title='bbox 1631 2998 1685 3048; x_wconf 89' lang='lat' dir='ltr'><strong>et</strong></span> <span class='ocrx_word' id='word_1_431' title='bbox 1711 2995 1958 3065; x_wconf 83' lang='lat' dir='ltr'><strong>primam</strong></span> <span class='ocrx_word' id='word_1_432' title='bbox 1981 3011 2064 3048; x_wconf 85' lang='lat' dir='ltr'><strong>so—</strong></span> <span class='ocrx_word' id='word_1_433' title='bbox 2163 2985 2594 3040; x_wconf 87' lang='lat' dir='ltr'><strong>consuetudines</strong></span> <span class='ocrx_word' id='word_1_434' title='bbox 2613 2985 2746 3056; x_wconf 88' lang='lat' dir='ltr'><strong>ipsis</strong></span> <span class='ocrx_word' id='word_1_435' title='bbox 2773 3003 2808 3040; x_wconf 89' lang='lat' dir='ltr'><strong>a</strong></span> <span class='ocrx_word' id='word_1_436' title='bbox 2833 2987 2996 3042; x_wconf 89' lang='lat' dir='ltr'><strong>nobis</strong></span> <span class='ocrx_word' id='word_1_437' title='bbox 3024 2989 3281 3043; x_wconf 79' lang='lat' dir='ltr'><strong>definitas</strong></span> <span class='ocrx_word' id='word_1_438' title='bbox 3314 2991 3472 3061; x_wconf 90' lang='lat' dir='ltr'><strong>(quas</strong></span> <span class='ocrx_word' id='word_1_439' title='bbox 3499 2991 3676 3046; x_wconf 89' lang='lat' dir='ltr'><strong>etiam</strong></span> <span class='ocrx_word' id='word_1_440' title='bbox 3711 3009 3808 3046; x_wconf 84' lang='lat' dir='ltr'><strong>so-</strong></span> 
     </span>
    </p>
   </div>
   <div class='ocr_carea' id='block_1_31' title="bbox 433 3078 3814 3198">
    <p class='ocr_par' dir='ltr' id='par_1_31' title="bbox 433 3078 3814 3198">
     <span class='ocr_line' id='line_1_31' title="bbox 433 3078 3814 3198; baseline 0.001 -62"><span class='ocrx_word' id='word_1_441' title='bbox 433 3083 726 3136; x_wconf 90' lang='lat' dir='ltr'><strong>lummodo</strong></span> <span class='ocrx_word' id='word_1_442' title='bbox 759 3083 980 3152; x_wconf 83' lang='lat' dir='ltr'><strong>Syriam</strong></span> <span class='ocrx_word' id='word_1_443' title='bbox 999 3087 1056 3138; x_wconf 88' lang='lat' dir='ltr'><strong>et</strong></span> <span class='ocrx_word' id='word_1_444' title='bbox 1078 3085 1459 3154; x_wconf 80' lang='lat' dir='ltr'><strong>Cyrrhesticos</strong></span> <span class='ocrx_word' id='word_1_445' title='bbox 1487 3091 1664 3157; x_wconf 88' lang='lat' dir='ltr'><strong>regat,</strong></span> <span class='ocrx_word' id='word_1_446' title='bbox 1695 3091 1750 3140; x_wconf 92' lang='lat' dir='ltr'><strong>et</strong></span> <span class='ocrx_word' id='word_1_447' title='bbox 1770 3087 2063 3158; x_wconf 86' lang='lat' dir='ltr'><strong>utriusque</strong></span> <span class='ocrx_word' id='word_1_448' title='bbox 2083 3124 2137 3198; x_wconf 67' lang='grc' dir='ltr'><strong>Ο</strong></span> <span class='ocrx_word' id='word_1_449' title='bbox 2161 3078 2242 3134; x_wconf 90' lang='lat' dir='ltr'><strong>las</strong></span> <span class='ocrx_word' id='word_1_450' title='bbox 2288 3079 2621 3134; x_wconf 88' lang='lat' dir='ltr'><strong>arbitrantes</strong></span> <span class='ocrx_word' id='word_1_451' title='bbox 2662 3079 2939 3148; x_wconf 83' lang='lat' dir='ltr'><strong>sufﬁcere,</strong></span> <span class='ocrx_word' id='word_1_452' title='bbox 2979 3081 3102 3136; x_wconf 87' lang='lat' dir='ltr'><strong>dari</strong></span> <span class='ocrx_word' id='word_1_453' title='bbox 3147 3083 3514 3154; x_wconf 80' lang='lat' dir='ltr'><strong>decrevimus)</strong></span> <span class='ocrx_word' id='word_1_454' title='bbox 3540 3087 3814 3156; x_wconf 85' lang='lat' dir='ltr'><strong>accipere</strong></span> 
     </span>
     <span class='ocr_line' id='line_1_32' title="bbox 433 3172 3741 3198; baseline 0 0"><span class='ocrx_word' id='word_1_455' title='bbox 433 3175 643 3198; x_wconf 65' lang='lat' dir='ltr'><strong>_-._&#39;l._..</strong></span> <span class='ocrx_word' id='word_1_456' title='bbox 677 3175 837 3198; x_wconf 68' lang='lat' dir='ltr'><strong>-m-::</strong></span> <span class='ocrx_word' id='word_1_457' title='bbox 864 3175 1096 3198; x_wconf 68' lang='lat'><strong>__..-_:_</strong></span> <span class='ocrx_word' id='word_1_458' title='bbox 1117 3177 1440 3198; x_wconf 69' lang='lat' dir='ltr'><strong>___.L&#39;_._-_n____</strong></span> <span class='ocrx_word' id='word_1_459' title='bbox 1511 3179 1775 3198; x_wconf 33' lang='lat' dir='ltr'><strong>n,i_-lid,</strong></span> <span class='ocrx_word' id='word_1_460' title='bbox 1812 3196 1865 3198; x_wconf 55' lang='grc' dir='ltr'><strong>,η</strong></span> <span class='ocrx_word' id='word_1_461' title='bbox 1883 3179 1894 3190; x_wconf 76' lang='grc'>⁸</span> <span class='ocrx_word' id='word_1_462' title='bbox 1922 3197 1947 3198; x_wconf 57' lang='lat'><strong>,,</strong></span> <span class='ocrx_word' id='word_1_463' title='bbox 2016 3181 2026 3192; x_wconf 78' lang='lat'><strong><em>-</em></strong></span> <span class='ocrx_word' id='word_1_464' title='bbox 2163 3172 2626 3198; x_wconf 59' lang='grc' dir='ltr'><strong>-ς.ιηιλ...ηηυιηη-ιζ-ιι</strong></span> <span class='ocrx_word' id='word_1_465' title='bbox 2653 3189 2664 3198; x_wconf 85' lang='grc'><strong>.</strong></span> <span class='ocrx_word' id='word_1_466' title='bbox 2691 3189 2848 3198; x_wconf 60' lang='grc' dir='ltr'><strong>...ι-...λ</strong></span> <span class='ocrx_word' id='word_1_467' title='bbox 2877 3174 3309 3198; x_wconf 65' lang='lat' dir='ltr'><strong>L---.I_---_--__</strong></span> <span class='ocrx_word' id='word_1_468' title='bbox 3329 3177 3458 3198; x_wconf 71' lang='lat' dir='ltr'><strong>I-_:_</strong></span> <span class='ocrx_word' id='word_1_469' title='bbox 3479 3178 3596 3198; x_wconf 75' lang='lat' dir='ltr'><strong>:__n:</strong></span> <span class='ocrx_word' id='word_1_470' title='bbox 3616 3195 3639 3198; x_wconf 41' lang='grc' dir='ltr'><strong>μ</strong></span> <span class='ocrx_word' id='word_1_471' title='bbox 3658 3185 3741 3198; x_wconf 32' lang='grc' dir='ltr'><strong>γικκ</strong></span> 
     </span>
    </p>
   </div>
   <div class='ocr_carea' id='block_1_32' title="bbox 431 3172 2032 3251">
    <p class='ocr_par' dir='ltr' id='par_1_32' title="bbox 431 3175 2032 3251">
     <span class='ocr_line' id='line_1_33' title="bbox 431 3175 2032 3251; baseline 0.004 -22"><span class='ocrx_word' id='word_1_472' title='bbox 431 3175 643 3246; x_wconf 88' lang='lat' dir='ltr'><strong>pariter</strong></span> <span class='ocrx_word' id='word_1_473' title='bbox 673 3175 842 3230; x_wconf 86' lang='lat' dir='ltr'><strong>officii</strong></span> <span class='ocrx_word' id='word_1_474' title='bbox 861 3175 1099 3230; x_wconf 88' lang='lat' dir='ltr'><strong>annonis</strong></span> <span class='ocrx_word' id='word_1_475' title='bbox 1117 3177 1461 3246; x_wconf 88' lang='lat' dir='ltr'><strong>perfruatur.</strong></span> <span class='ocrx_word' id='word_1_476' title='bbox 1491 3179 1785 3251; x_wconf 66' lang='lat' dir='ltr'><strong>Equalem</strong></span> <span class='ocrx_word' id='word_1_477' title='bbox 1805 3179 1958 3234; x_wconf 89' lang='lat' dir='ltr'><strong>enim</strong></span> <span class='ocrx_word' id='word_1_478' title='bbox 1979 3181 2032 3236; x_wconf 89' lang='lat' dir='ltr'><strong>vi</strong></span> 
     </span>
    </p>
   </div>
   <div class='ocr_carea' id='block_1_33' title="bbox 2208 3172 3809 3251">
    <p class='ocr_par' dir='ltr' id='par_1_33' title="bbox 2208 3172 3809 3250">
     <span class='ocr_line' id='line_1_34' title="bbox 2208 3172 3809 3250; baseline 0.006 -24"><span class='ocrx_word' id='word_1_479' title='bbox 2208 3172 2630 3243; x_wconf 75' lang='lat' dir='ltr'><strong>raesumpserint</strong></span> <span class='ocrx_word' id='word_1_480' title='bbox 2652 3189 2665 3226; x_wconf 93' lang='lat'>:</span> <span class='ocrx_word' id='word_1_481' title='bbox 2691 3189 2856 3244; x_wconf 74' lang='lat' dir='ltr'><strong>poma</strong></span> <span class='ocrx_word' id='word_1_482' title='bbox 2875 3174 3462 3246; x_wconf 89' lang='lat' dir='ltr'><strong>haudquaquamlevis</strong></span> <span class='ocrx_word' id='word_1_483' title='bbox 3479 3178 3809 3250; x_wconf 82' lang='lat' dir='ltr'><strong>inﬂigetur,</strong></span> 
     </span>
    </p>
   </div>
   <div class='ocr_carea' id='block_1_34' title="bbox 433 3265 3812 3344">
    <p class='ocr_par' dir='ltr' id='par_1_34' title="bbox 433 3265 3812 3344">
     <span class='ocr_line' id='line_1_35' title="bbox 433 3265 3812 3344; baseline 0.001 -20"><span class='ocrx_word' id='word_1_484' title='bbox 433 3267 597 3324; x_wconf 84' lang='lat' dir='ltr'><strong>cariis</strong></span> <span class='ocrx_word' id='word_1_485' title='bbox 624 3267 809 3338; x_wconf 89' lang='lat' dir='ltr'><strong>ipsum</strong></span> <span class='ocrx_word' id='word_1_486' title='bbox 840 3285 1065 3340; x_wconf 90' lang='lat' dir='ltr'><strong>quoque</strong></span> <span class='ocrx_word' id='word_1_487' title='bbox 1091 3269 1375 3340; x_wconf 88' lang='lat' dir='ltr'><strong>ponimus,</strong></span> <span class='ocrx_word' id='word_1_488' title='bbox 1411 3275 1474 3324; x_wconf 90' lang='lat' dir='ltr'><strong>ut</strong></span> <span class='ocrx_word' id='word_1_489' title='bbox 1518 3275 1574 3326; x_wconf 89' lang='lat' dir='ltr'><strong>et</strong></span> <span class='ocrx_word' id='word_1_490' title='bbox 1615 3273 1732 3343; x_wconf 90' lang='lat' dir='ltr'><strong>ipse</strong></span> <span class='ocrx_word' id='word_1_491' title='bbox 1773 3289 1887 3327; x_wconf 90' lang='lat' dir='ltr'><strong>una</strong></span> <span class='ocrx_word' id='word_1_492' title='bbox 1933 3290 2063 3329; x_wconf 90' lang='lat' dir='ltr'><strong>cum</strong></span> <span class='ocrx_word' id='word_1_493' title='bbox 2161 3265 2258 3320; x_wconf 77' lang='lat' dir='ltr'><strong>sed</strong></span> <span class='ocrx_word' id='word_1_494' title='bbox 2285 3265 2494 3319; x_wconf 75' lang='lat' dir='ltr'><strong>summi</strong></span> <span class='ocrx_word' id='word_1_495' title='bbox 2523 3265 2756 3336; x_wconf 87' lang='lat' dir='ltr'><strong>quidem</strong></span> <span class='ocrx_word' id='word_1_496' title='bbox 2775 3267 3156 3338; x_wconf 72' lang='lat' dir='ltr'><strong>magistratuS,</strong></span> <span class='ocrx_word' id='word_1_497' title='bbox 3177 3269 3274 3340; x_wconf 87' lang='lat' dir='ltr'><strong>qui</strong></span> <span class='ocrx_word' id='word_1_498' title='bbox 3287 3269 3586 3341; x_wconf 79' lang='lat' dir='ltr'><strong>aliquidab</strong></span> <span class='ocrx_word' id='word_1_499' title='bbox 3613 3273 3678 3326; x_wconf 87' lang='lat' dir='ltr'><strong>iis</strong></span> <span class='ocrx_word' id='word_1_500' title='bbox 3696 3275 3812 3344; x_wconf 83' lang='lat' dir='ltr'><strong>qui</strong></span> 
     </span>
    </p>
   </div>
   <div class='ocr_carea' id='block_1_35' title="bbox 433 3357 3808 3436">
    <p class='ocr_par' dir='ltr' id='par_1_35' title="bbox 433 3357 3808 3436">
     <span class='ocr_line' id='line_1_36' title="bbox 433 3357 3808 3436; baseline 0.001 -20"><span class='ocrx_word' id='word_1_501' title='bbox 433 3361 663 3417; x_wconf 91' lang='lat' dir='ltr'><strong>cohorte</strong></span> <span class='ocrx_word' id='word_1_502' title='bbox 691 3360 774 3414; x_wconf 89' lang='lat' dir='ltr'><strong>illi</strong></span> <span class='ocrx_word' id='word_1_503' title='bbox 795 3361 1204 3418; x_wconf 88' lang='lat' dir='ltr'><strong>obsecundante</strong></span> <span class='ocrx_word' id='word_1_504' title='bbox 1246 3379 1349 3434; x_wconf 90' lang='lat' dir='ltr'><strong>pro</strong></span> <span class='ocrx_word' id='word_1_505' title='bbox 1387 3363 1729 3419; x_wconf 88' lang='lat' dir='ltr'><strong>tributorum</strong></span> <span class='ocrx_word' id='word_1_506' title='bbox 1773 3367 2061 3422; x_wconf 79' lang='lat' dir='ltr'><strong>exactione</strong></span> <span class='ocrx_word' id='word_1_507' title='bbox 2160 3359 2230 3412; x_wconf 69' lang='lat' dir='ltr'><strong>ad</strong></span> <span class='ocrx_word' id='word_1_508' title='bbox 2261 3358 2529 3430; x_wconf 65' lang='lat' dir='ltr'><strong>prwdicta</strong></span> <span class='ocrx_word' id='word_1_509' title='bbox 2557 3357 2737 3412; x_wconf 78' lang='lat' dir='ltr'><strong>ofﬁCia</strong></span> <span class='ocrx_word' id='word_1_510' title='bbox 2777 3359 3230 3431; x_wconf 86' lang='lat' dir='ltr'><strong>proﬁciscuntur,</strong></span> <span class='ocrx_word' id='word_1_511' title='bbox 3269 3363 3355 3417; x_wconf 89' lang='lat' dir='ltr'><strong>vel</strong></span> <span class='ocrx_word' id='word_1_512' title='bbox 3397 3363 3502 3434; x_wconf 89' lang='lat' dir='ltr'><strong>ipsi</strong></span> <span class='ocrx_word' id='word_1_513' title='bbox 3535 3365 3808 3436; x_wconf 79' lang='lat' dir='ltr'><strong>accipere</strong></span> 
     </span>
    </p>
   </div>
   <div class='ocr_carea' id='block_1_36' title="bbox 432 3451 3802 3532">
    <p class='ocr_par' dir='ltr' id='par_1_36' title="bbox 432 3451 3802 3532">
     <span class='ocr_line' id='line_1_37' title="bbox 432 3451 3802 3532; baseline 0.001 -22"><span class='ocrx_word' id='word_1_514' title='bbox 432 3461 488 3510; x_wconf 87' lang='lat' dir='ltr'><strong>et.</strong></span> <span class='ocrx_word' id='word_1_515' title='bbox 514 3455 689 3510; x_wconf 89' lang='lat' dir='ltr'><strong>civilis</strong></span> <span class='ocrx_word' id='word_1_516' title='bbox 722 3471 785 3510; x_wconf 91' lang='lat' dir='ltr'><strong>ac</strong></span> <span class='ocrx_word' id='word_1_517' title='bbox 825 3454 1068 3526; x_wconf 63' lang='lat' dir='ltr'><strong>publica:</strong></span> <span class='ocrx_word' id='word_1_518' title='bbox 1109 3455 1415 3528; x_wconf 67' lang='lat' dir='ltr'><strong>disciplinae</strong></span> <span class='ocrx_word' id='word_1_519' title='bbox 1451 3459 1867 3515; x_wconf 87' lang='lat' dir='ltr'><strong>conservatione</strong></span> <span class='ocrx_word' id='word_1_520' title='bbox 1905 3461 2056 3532; x_wconf 79' lang='lat' dir='ltr'><strong>peri-</strong></span> <span class='ocrx_word' id='word_1_521' title='bbox 2161 3451 2280 3505; x_wconf 86' lang='lat' dir='ltr'><strong>ausi</strong></span> <span class='ocrx_word' id='word_1_522' title='bbox 2299 3451 2530 3520; x_wconf 90' lang='lat' dir='ltr'><strong>fuerint,</strong></span> <span class='ocrx_word' id='word_1_523' title='bbox 2563 3453 2648 3506; x_wconf 87' lang='lat' dir='ltr'><strong>vel</strong></span> <span class='ocrx_word' id='word_1_524' title='bbox 2673 3453 2968 3507; x_wconf 89' lang='lat' dir='ltr'><strong>cohortem</strong></span> <span class='ocrx_word' id='word_1_525' title='bbox 2989 3469 3148 3508; x_wconf 89' lang='lat' dir='ltr'><strong>suam</strong></span> <span class='ocrx_word' id='word_1_526' title='bbox 3167 3456 3456 3511; x_wconf 91' lang='lat' dir='ltr'><strong>consimile</strong></span> <span class='ocrx_word' id='word_1_527' title='bbox 3471 3457 3682 3529; x_wconf 86' lang='lat' dir='ltr'><strong>aliquid</strong></span> <span class='ocrx_word' id='word_1_528' title='bbox 3703 3459 3802 3512; x_wconf 83' lang='lat' dir='ltr'><strong>fa-</strong></span> 
     </span>
    </p>
   </div>
   <div class='ocr_carea' id='block_1_37' title="bbox 432 3544 3806 3616">
    <p class='ocr_par' dir='ltr' id='par_1_37' title="bbox 432 3544 3806 3616">
     <span class='ocr_line' id='line_1_38' title="bbox 432 3544 3806 3616; baseline 0.002 -18"><span class='ocrx_word' id='word_1_529' title='bbox 432 3549 672 3604; x_wconf 86' lang='lat' dir='ltr'><strong>clitetur.</strong></span> <span class='ocrx_word' id='word_1_530' title='bbox 2158 3561 2283 3599; x_wconf 87' lang='lat' dir='ltr'><strong>cere</strong></span> <span class='ocrx_word' id='word_1_531' title='bbox 2311 3544 2692 3616; x_wconf 88' lang='lat' dir='ltr'><strong>permiserint,</strong></span> <span class='ocrx_word' id='word_1_532' title='bbox 2719 3547 2806 3602; x_wconf 86' lang='lat' dir='ltr'><strong>vel</strong></span> <span class='ocrx_word' id='word_1_533' title='bbox 2832 3547 2902 3602; x_wconf 90' lang='lat' dir='ltr'><strong>ad</strong></span> <span class='ocrx_word' id='word_1_534' title='bbox 2933 3563 2990 3602; x_wconf 92' lang='lat' dir='ltr'><strong>se</strong></span> <span class='ocrx_word' id='word_1_535' title='bbox 3035 3547 3280 3603; x_wconf 89' lang='lat' dir='ltr'><strong>delatum</strong></span> <span class='ocrx_word' id='word_1_536' title='bbox 3315 3565 3430 3605; x_wconf 91' lang='lat' dir='ltr'><strong>non</strong></span> <span class='ocrx_word' id='word_1_537' title='bbox 3459 3552 3806 3608; x_wconf 82' lang='lat' dir='ltr'><strong>emendave-</strong></span> 
     </span>
    </p>
   </div>
   <div class='ocr_carea' id='block_1_38' title="bbox 499 3637 3806 3716">
    <p class='ocr_par' dir='ltr' id='par_1_38' title="bbox 499 3637 3806 3716">
     <span class='ocr_line' id='line_1_39' title="bbox 499 3637 3806 3716; baseline 0.004 -20"><span class='ocrx_word' id='word_1_538' title='bbox 499 3643 672 3697; x_wconf 89' lang='lat' dir='ltr'><strong>Porro</strong></span> <span class='ocrx_word' id='word_1_539' title='bbox 703 3641 964 3696; x_wconf 89' lang='lat' dir='ltr'><strong>volumus</strong></span> <span class='ocrx_word' id='word_1_540' title='bbox 1001 3647 1066 3696; x_wconf 93' lang='lat' dir='ltr'><strong>ut</strong></span> <span class='ocrx_word' id='word_1_541' title='bbox 1119 3657 1314 3698; x_wconf 89' lang='lat' dir='ltr'><strong>omnes</strong></span> <span class='ocrx_word' id='word_1_542' title='bbox 1365 3645 1600 3700; x_wconf 90' lang='lat' dir='ltr'><strong>omnino</strong></span> <span class='ocrx_word' id='word_1_543' title='bbox 1641 3645 2058 3716; x_wconf 90' lang='lat' dir='ltr'><strong>provinciarum</strong></span> <span class='ocrx_word' id='word_1_544' title='bbox 2157 3637 2289 3706; x_wconf 63' lang='lat' dir='ltr'><strong>rint,</strong></span> <span class='ocrx_word' id='word_1_545' title='bbox 2321 3653 2436 3691; x_wconf 76' lang='lat'><strong>11011</strong></span> <span class='ocrx_word' id='word_1_546' title='bbox 2466 3637 2652 3692; x_wconf 74' lang='lat'><strong>50111111</strong></span> <span class='ocrx_word' id='word_1_547' title='bbox 2679 3639 2828 3710; x_wconf 84' lang='lat' dir='ltr'><strong>quod</strong></span> <span class='ocrx_word' id='word_1_548' title='bbox 2863 3645 3222 3712; x_wconf 67' lang='lat' dir='ltr'><strong>acceperunt,</strong></span> <span class='ocrx_word' id='word_1_549' title='bbox 3263 3643 3383 3712; x_wconf 69' lang='lat' dir='ltr'><strong>eius</strong></span> <span class='ocrx_word' id='word_1_550' title='bbox 3409 3644 3806 3716; x_wconf 70' lang='lat' dir='ltr'><strong>quadruplum</strong></span> 
     </span>
    </p>
   </div>
   <div class='ocr_carea' id='block_1_39' title="bbox 430 3731 3802 3810">
    <p class='ocr_par' dir='ltr' id='par_1_39' title="bbox 430 3731 3802 3810">
     <span class='ocr_line' id='line_1_40' title="bbox 430 3731 3802 3810; baseline 0.001 -21"><span class='ocrx_word' id='word_1_551' title='bbox 430 3739 752 3790; x_wconf 88' lang='lat' dir='ltr'><strong>nostrarum</strong></span> <span class='ocrx_word' id='word_1_552' title='bbox 775 3734 1108 3805; x_wconf 57' lang='lat' dir='ltr'><strong>praesidibus</strong></span> <span class='ocrx_word' id='word_1_553' title='bbox 1151 3736 1540 3806; x_wconf 89' lang='lat' dir='ltr'><strong>subjiciantur.</strong></span> <span class='ocrx_word' id='word_1_554' title='bbox 1581 3737 1790 3794; x_wconf 91' lang='lat' dir='ltr'><strong>Plebeii</strong></span> <span class='ocrx_word' id='word_1_555' title='bbox 1827 3739 2058 3810; x_wconf 76' lang='lat' dir='ltr'><strong>quidem</strong></span> <span class='ocrx_word' id='word_1_556' title='bbox 2157 3731 2473 3802; x_wconf 88' lang='lat' dir='ltr'><strong>restituent,</strong></span> <span class='ocrx_word' id='word_1_557' title='bbox 2507 3749 2706 3788; x_wconf 88' lang='lat' dir='ltr'><strong>verum</strong></span> <span class='ocrx_word' id='word_1_558' title='bbox 2731 3733 2902 3788; x_wconf 89' lang='lat' dir='ltr'><strong>etiam</strong></span> <span class='ocrx_word' id='word_1_559' title='bbox 2927 3749 3158 3804; x_wconf 85' lang='lat' dir='ltr'><strong>gravem</strong></span> <span class='ocrx_word' id='word_1_560' title='bbox 3183 3735 3640 3807; x_wconf 81' lang='lat' dir='ltr'><strong>indignationem</strong></span> <span class='ocrx_word' id='word_1_561' title='bbox 3671 3755 3802 3794; x_wconf 82' lang='lat' dir='ltr'><strong>sus-</strong></span> 
     </span>
    </p>
   </div>
   <div class='ocr_carea' id='block_1_40' title="bbox 433 3823 3804 3901">
    <p class='ocr_par' dir='ltr' id='par_1_40' title="bbox 433 3823 3804 3901">
     <span class='ocr_line' id='line_1_41' title="bbox 433 3823 3804 3901; baseline 0.002 -21"><span class='ocrx_word' id='word_1_562' title='bbox 433 3827 621 3897; x_wconf 90' lang='lat' dir='ltr'><strong>(prout</strong></span> <span class='ocrx_word' id='word_1_563' title='bbox 632 3826 1037 3896; x_wconf 89' lang='lat' dir='ltr'><strong>jurisdictionis</strong></span> <span class='ocrx_word' id='word_1_564' title='bbox 1055 3828 1348 3899; x_wconf 91' lang='lat' dir='ltr'><strong>proprium</strong></span> <span class='ocrx_word' id='word_1_565' title='bbox 1371 3831 1470 3900; x_wconf 86' lang='lat' dir='ltr'><strong>est)</strong></span> <span class='ocrx_word' id='word_1_566' title='bbox 1492 3831 1550 3883; x_wconf 92' lang='lat' dir='ltr'><strong>in</strong></span> <span class='ocrx_word' id='word_1_567' title='bbox 1566 3831 1828 3885; x_wconf 89' lang='lat' dir='ltr'><strong>omnibus</strong></span> <span class='ocrx_word' id='word_1_568' title='bbox 1847 3832 2052 3901; x_wconf 69' lang='lat' dir='ltr'><strong>causis,</strong></span> <span class='ocrx_word' id='word_1_569' title='bbox 2155 3823 2433 3894; x_wconf 86' lang='lat' dir='ltr'><strong>tinebunt,</strong></span> <span class='ocrx_word' id='word_1_570' title='bbox 2469 3831 2526 3880; x_wconf 90' lang='lat' dir='ltr'><strong>et</strong></span> <span class='ocrx_word' id='word_1_571' title='bbox 2561 3843 2632 3880; x_wconf 91' lang='lat' dir='ltr'><strong>ne</strong></span> <span class='ocrx_word' id='word_1_572' title='bbox 2669 3826 2737 3880; x_wconf 92' lang='lat' dir='ltr'><strong>de</strong></span> <span class='ocrx_word' id='word_1_573' title='bbox 2779 3830 3074 3897; x_wconf 89' lang='lat' dir='ltr'><strong>potentatu</strong></span> <span class='ocrx_word' id='word_1_574' title='bbox 3119 3829 3535 3900; x_wconf 88' lang='lat' dir='ltr'><strong>periclitentur,</strong></span> <span class='ocrx_word' id='word_1_575' title='bbox 3565 3832 3804 3888; x_wconf 86' lang='lat' dir='ltr'><strong>solliciti</strong></span> 
     </span>
    </p>
   </div>
   <div class='ocr_carea' id='block_1_41' title="bbox 431 3918 3804 3996">
    <p class='ocr_par' dir='ltr' id='par_1_41' title="bbox 431 3918 3804 3996">
     <span class='ocr_line' id='line_1_42' title="bbox 431 3918 3804 3996; baseline 0.003 -26"><span class='ocrx_word' id='word_1_576' title='bbox 431 3921 488 3973; x_wconf 86' lang='lat' dir='ltr'><strong>et</strong></span> <span class='ocrx_word' id='word_1_577' title='bbox 509 3933 843 3989; x_wconf 90' lang='lat' dir='ltr'><strong>quacunque</strong></span> <span class='ocrx_word' id='word_1_578' title='bbox 866 3920 1176 3988; x_wconf 86' lang='lat' dir='ltr'><strong>occasione,</strong></span> <span class='ocrx_word' id='word_1_579' title='bbox 1199 3925 1316 3976; x_wconf 87' lang='lat' dir='ltr'><strong>tam</strong></span> <span class='ocrx_word' id='word_1_580' title='bbox 1341 3923 1668 3993; x_wconf 80' lang='lat' dir='ltr'><strong>pecuniaria</strong></span> <span class='ocrx_word' id='word_1_581' title='bbox 1685 3941 1856 3995; x_wconf 81' lang='lat' dir='ltr'><strong>quam</strong></span> <span class='ocrx_word' id='word_1_582' title='bbox 1871 3925 2058 3979; x_wconf 73' lang='lat' dir='ltr'><strong>crimi.</strong></span> <span class='ocrx_word' id='word_1_583' title='bbox 2157 3922 2342 3972; x_wconf 90' lang='lat' dir='ltr'><strong>erunt.</strong></span> <span class='ocrx_word' id='word_1_584' title='bbox 2373 3918 2426 3974; x_wconf 91' lang='lat' dir='ltr'><strong>Si</strong></span> <span class='ocrx_word' id='word_1_585' title='bbox 2455 3935 2583 3973; x_wconf 92' lang='lat' dir='ltr'><strong>vero</strong></span> <span class='ocrx_word' id='word_1_586' title='bbox 2613 3919 2708 3990; x_wconf 90' lang='lat' dir='ltr'><strong>qui</strong></span> <span class='ocrx_word' id='word_1_587' title='bbox 2739 3919 2886 3974; x_wconf 90' lang='lat' dir='ltr'><strong>circa</strong></span> <span class='ocrx_word' id='word_1_588' title='bbox 2913 3919 3066 3990; x_wconf 89' lang='lat' dir='ltr'><strong>ipsos</strong></span> <span class='ocrx_word' id='word_1_589' title='bbox 3101 3925 3254 3990; x_wconf 91' lang='lat' dir='ltr'><strong>sunt,</strong></span> <span class='ocrx_word' id='word_1_590' title='bbox 3301 3923 3612 3995; x_wconf 87' lang='lat' dir='ltr'><strong>cohorsque</strong></span> <span class='ocrx_word' id='word_1_591' title='bbox 3661 3925 3804 3996; x_wconf 87' lang='lat' dir='ltr'><strong>ipsis</strong></span> 
     </span>
    </p>
   </div>
   <div class='ocr_carea' id='block_1_42' title="bbox 433 4009 3804 4087">
    <p class='ocr_par' dir='ltr' id='par_1_42' title="bbox 433 4009 3804 4087">
     <span class='ocr_line' id='line_1_43' title="bbox 433 4009 3804 4087; baseline 0.002 -22"><span class='ocrx_word' id='word_1_592' title='bbox 433 4009 570 4065; x_wconf 89' lang='lat' dir='ltr'><strong>nali.</strong></span> <span class='ocrx_word' id='word_1_593' title='bbox 599 4009 705 4072; x_wconf 88' lang='lat' dir='ltr'><strong>Qui</strong></span> <span class='ocrx_word' id='word_1_594' title='bbox 741 4025 872 4065; x_wconf 88' lang='lat' dir='ltr'><strong>vero</strong></span> <span class='ocrx_word' id='word_1_595' title='bbox 897 4012 1096 4066; x_wconf 89' lang='lat' dir='ltr'><strong>militia</strong></span> <span class='ocrx_word' id='word_1_596' title='bbox 1125 4011 1393 4082; x_wconf 90' lang='lat' dir='ltr'><strong>decorati,</strong></span> <span class='ocrx_word' id='word_1_597' title='bbox 1423 4021 1478 4069; x_wconf 92' lang='lat' dir='ltr'><strong>et</strong></span> <span class='ocrx_word' id='word_1_598' title='bbox 1502 4017 1746 4086; x_wconf 72' lang='lat' dir='ltr'><strong>propriis</strong></span> <span class='ocrx_word' id='word_1_599' title='bbox 1773 4017 2056 4087; x_wconf 90' lang='lat' dir='ltr'><strong>judicibus</strong></span> <span class='ocrx_word' id='word_1_600' title='bbox 2155 4009 2551 4083; x_wconf 87' lang='lat' dir='ltr'><strong>Obtemperans</strong></span> <span class='ocrx_word' id='word_1_601' title='bbox 2580 4012 2726 4066; x_wconf 89' lang='lat' dir='ltr'><strong>ultra</strong></span> <span class='ocrx_word' id='word_1_602' title='bbox 2753 4029 2818 4066; x_wconf 90' lang='lat' dir='ltr'><strong>ea</strong></span> <span class='ocrx_word' id='word_1_603' title='bbox 2852 4029 2979 4083; x_wconf 81' lang='lat' dir='ltr'><strong>quae</strong></span> <span class='ocrx_word' id='word_1_604' title='bbox 3011 4031 3044 4067; x_wconf 91' lang='lat' dir='ltr'><strong>a</strong></span> <span class='ocrx_word' id='word_1_605' title='bbox 3067 4013 3228 4068; x_wconf 90' lang='lat' dir='ltr'><strong>nobis</strong></span> <span class='ocrx_word' id='word_1_606' title='bbox 3251 4031 3508 4071; x_wconf 86' lang='lat' dir='ltr'><strong>concessa</strong></span> <span class='ocrx_word' id='word_1_607' title='bbox 3531 4023 3666 4072; x_wconf 90' lang='lat' dir='ltr'><strong>sunt</strong></span> <span class='ocrx_word' id='word_1_608' title='bbox 3709 4036 3804 4072; x_wconf 86' lang='lat' dir='ltr'><strong>ac-</strong></span> 
     </span>
    </p>
   </div>
   <div class='ocr_carea' id='block_1_43' title="bbox 433 4101 3806 4182">
    <p class='ocr_par' dir='ltr' id='par_1_43' title="bbox 433 4101 3806 4182">
     <span class='ocr_line' id='line_1_44' title="bbox 433 4101 3806 4182; baseline 0.002 -24"><span class='ocrx_word' id='word_1_609' title='bbox 433 4101 684 4174; x_wconf 89' lang='lat' dir='ltr'><strong>deputati</strong></span> <span class='ocrx_word' id='word_1_610' title='bbox 714 4107 864 4172; x_wconf 90' lang='lat' dir='ltr'><strong>sunt,</strong></span> <span class='ocrx_word' id='word_1_611' title='bbox 899 4102 1266 4158; x_wconf 90' lang='lat' dir='ltr'><strong>nihilominus</strong></span> <span class='ocrx_word' id='word_1_612' title='bbox 1292 4107 1461 4161; x_wconf 88' lang='lat' dir='ltr'><strong>etiam</strong></span> <span class='ocrx_word' id='word_1_613' title='bbox 1484 4108 1576 4162; x_wconf 89' lang='lat' dir='ltr'><strong>isti</strong></span> <span class='ocrx_word' id='word_1_614' title='bbox 1605 4125 1705 4178; x_wconf 89' lang='lat' dir='ltr'><strong>per</strong></span> <span class='ocrx_word' id='word_1_615' title='bbox 1733 4111 1921 4164; x_wconf 89' lang='lat' dir='ltr'><strong>omnia</strong></span> <span class='ocrx_word' id='word_1_616' title='bbox 1947 4111 2056 4165; x_wconf 88' lang='lat' dir='ltr'><strong>illis</strong></span> <span class='ocrx_word' id='word_1_617' title='bbox 2154 4103 2340 4172; x_wconf 85' lang='lat' dir='ltr'><strong>cipere</strong></span> <span class='ocrx_word' id='word_1_618' title='bbox 2355 4103 2565 4174; x_wconf 86' lang='lat' dir='ltr'><strong>aliquid</strong></span> <span class='ocrx_word' id='word_1_619' title='bbox 2585 4105 3047 4175; x_wconf 87' lang='lat' dir='ltr'><strong>pertentaverint,</strong></span> <span class='ocrx_word' id='word_1_620' title='bbox 3071 4106 3435 4175; x_wconf 88' lang='lat' dir='ltr'><strong>tenebuntur,</strong></span> <span class='ocrx_word' id='word_1_621' title='bbox 3459 4114 3516 4164; x_wconf 88' lang='lat' dir='ltr'><strong>et</strong></span> <span class='ocrx_word' id='word_1_622' title='bbox 3531 4111 3638 4180; x_wconf 85' lang='lat' dir='ltr'><strong>ipsi</strong></span> <span class='ocrx_word' id='word_1_623' title='bbox 3661 4128 3806 4182; x_wconf 84' lang='lat' dir='ltr'><strong>qua-</strong></span> 
     </span>
    </p>
   </div>
   <div class='ocr_carea' id='block_1_44' title="bbox 427 4195 3800 4271">
    <p class='ocr_par' dir='ltr' id='par_1_44' title="bbox 427 4195 3800 4271">
     <span class='ocr_line' id='line_1_45' title="bbox 427 4195 3800 4271; baseline 0.003 -21"><span class='ocrx_word' id='word_1_624' title='bbox 427 4195 771 4251; x_wconf 89' lang='lat' dir='ltr'><strong>tributorum</strong></span> <span class='ocrx_word' id='word_1_625' title='bbox 801 4199 856 4250; x_wconf 91' lang='lat' dir='ltr'><strong>et</strong></span> <span class='ocrx_word' id='word_1_626' title='bbox 885 4195 1186 4252; x_wconf 89' lang='lat' dir='ltr'><strong>criminum</strong></span> <span class='ocrx_word' id='word_1_627' title='bbox 1223 4199 1506 4255; x_wconf 87' lang='lat' dir='ltr'><strong>occasione</strong></span> <span class='ocrx_word' id='word_1_628' title='bbox 1531 4201 1916 4271; x_wconf 88' lang='lat' dir='ltr'><strong>subjiciantur.</strong></span> <span class='ocrx_word' id='word_1_629' title='bbox 1952 4204 2054 4259; x_wconf 92' lang='lat' dir='ltr'><strong>Sed</strong></span> <span class='ocrx_word' id='word_1_630' title='bbox 2154 4195 2342 4265; x_wconf 70' lang='lat' dir='ltr'><strong>drupli</strong></span> <span class='ocrx_word' id='word_1_631' title='bbox 2366 4196 2718 4252; x_wconf 66' lang='lat' dir='ltr'><strong>restitutione</strong></span> <span class='ocrx_word' id='word_1_632' title='bbox 2753 4198 2820 4252; x_wconf 87' lang='lat' dir='ltr'><strong>iis</strong></span> <span class='ocrx_word' id='word_1_633' title='bbox 2837 4199 2936 4268; x_wconf 85' lang='lat' dir='ltr'><strong>qui</strong></span> <span class='ocrx_word' id='word_1_634' title='bbox 2963 4199 3174 4253; x_wconf 83' lang='lat' dir='ltr'><strong>damno</strong></span> <span class='ocrx_word' id='word_1_635' title='bbox 3187 4199 3372 4255; x_wconf 71' lang='lat' dir='ltr'><strong>affecti</strong></span> <span class='ocrx_word' id='word_1_636' title='bbox 3389 4207 3538 4271; x_wconf 87' lang='lat' dir='ltr'><strong>sunt,</strong></span> <span class='ocrx_word' id='word_1_637' title='bbox 3565 4207 3624 4257; x_wconf 89' lang='lat' dir='ltr'><strong>et</strong></span> <span class='ocrx_word' id='word_1_638' title='bbox 3647 4205 3800 4258; x_wconf 88' lang='lat' dir='ltr'><strong>ultra</strong></span> 
     </span>
    </p>
   </div>
   <div class='ocr_carea' id='block_1_45' title="bbox 429 4287 3800 4367">
    <p class='ocr_par' dir='ltr' id='par_1_45' title="bbox 429 4287 3800 4367">
     <span class='ocr_line' id='line_1_46' title="bbox 429 4287 3800 4367; baseline 0.002 -24"><span class='ocrx_word' id='word_1_639' title='bbox 429 4305 612 4360; x_wconf 92' lang='lat' dir='ltr'><strong>neque</strong></span> <span class='ocrx_word' id='word_1_640' title='bbox 629 4305 721 4344; x_wconf 92' lang='lat' dir='ltr'><strong>eos</strong></span> <span class='ocrx_word' id='word_1_641' title='bbox 747 4289 844 4360; x_wconf 90' lang='lat' dir='ltr'><strong>qui</strong></span> <span class='ocrx_word' id='word_1_642' title='bbox 857 4305 926 4343; x_wconf 84' lang='lat' dir='ltr'><strong>ex</strong></span> <span class='ocrx_word' id='word_1_643' title='bbox 955 4305 1291 4362; x_wconf 91' lang='lat' dir='ltr'><strong>quocunque</strong></span> <span class='ocrx_word' id='word_1_644' title='bbox 1308 4293 1441 4347; x_wconf 91' lang='lat' dir='ltr'><strong>hinc</strong></span> <span class='ocrx_word' id='word_1_645' title='bbox 1453 4293 1666 4364; x_wconf 89' lang='lat' dir='ltr'><strong>judicio</strong></span> <span class='ocrx_word' id='word_1_646' title='bbox 1692 4311 2054 4367; x_wconf 87' lang='lat' dir='ltr'><strong>quascunque</strong></span> <span class='ocrx_word' id='word_1_647' title='bbox 2152 4287 2257 4342; x_wconf 91' lang='lat' dir='ltr'><strong>hoc</strong></span> <span class='ocrx_word' id='word_1_648' title='bbox 2283 4288 2434 4359; x_wconf 91' lang='lat' dir='ltr'><strong>quod</strong></span> <span class='ocrx_word' id='word_1_649' title='bbox 2459 4289 2636 4360; x_wconf 66' lang='lat' dir='ltr'><strong>poenis</strong></span> <span class='ocrx_word' id='word_1_650' title='bbox 2661 4289 3051 4360; x_wconf 89' lang='lat' dir='ltr'><strong>subjicientur,</strong></span> <span class='ocrx_word' id='word_1_651' title='bbox 3099 4309 3228 4363; x_wconf 66' lang='lat' dir='ltr'><strong>qua:</strong></span> <span class='ocrx_word' id='word_1_652' title='bbox 3277 4294 3536 4364; x_wconf 88' lang='lat' dir='ltr'><strong>ipsorum</strong></span> <span class='ocrx_word' id='word_1_653' title='bbox 3587 4297 3800 4350; x_wconf 84' lang='lat' dir='ltr'><strong>delicta</strong></span> 
     </span>
    </p>
   </div>
   <div class='ocr_carea' id='block_1_46' title="bbox 427 4382 3796 4462">
    <p class='ocr_par' dir='ltr' id='par_1_46' title="bbox 427 4382 3796 4462">
     <span class='ocr_line' id='line_1_47' title="bbox 427 4382 3796 4462; baseline 0.002 -26"><span class='ocrx_word' id='word_1_654' title='bbox 427 4383 730 4438; x_wconf 87' lang='lat' dir='ltr'><strong>sententias</strong></span> <span class='ocrx_word' id='word_1_655' title='bbox 749 4383 1038 4438; x_wconf 83' lang='lat' dir='ltr'><strong>executuri</strong></span> <span class='ocrx_word' id='word_1_656' title='bbox 1057 4389 1398 4455; x_wconf 90' lang='lat' dir='ltr'><strong>commeant,</strong></span> <span class='ocrx_word' id='word_1_657' title='bbox 1427 4387 1711 4458; x_wconf 88' lang='lat' dir='ltr'><strong>patiantur</strong></span> <span class='ocrx_word' id='word_1_658' title='bbox 1735 4389 2050 4459; x_wconf 88' lang='lat' dir='ltr'><strong>provincia-</strong></span> <span class='ocrx_word' id='word_1_659' title='bbox 2149 4382 2588 4452; x_wconf 77' lang='lat' dir='ltr'><strong>promeruerint,</strong></span> <span class='ocrx_word' id='word_1_660' title='bbox 2637 4383 3030 4454; x_wconf 79' lang='lat' dir='ltr'><strong>Spoliabuntur</strong></span> <span class='ocrx_word' id='word_1_661' title='bbox 3049 4385 3218 4440; x_wconf 85' lang='lat' dir='ltr'><strong>etiam</strong></span> <span class='ocrx_word' id='word_1_662' title='bbox 3243 4386 3403 4440; x_wconf 86' lang='lat' dir='ltr'><strong>bonis</strong></span> <span class='ocrx_word' id='word_1_663' title='bbox 3427 4391 3484 4442; x_wconf 82' lang='lat' dir='ltr'><strong>et</strong></span> <span class='ocrx_word' id='word_1_664' title='bbox 3533 4389 3796 4462; x_wconf 84' lang='lat' dir='ltr'><strong>cingulo.</strong></span> 
     </span>
    </p>
   </div>
   <div class='ocr_carea' id='block_1_47' title="bbox 427 4475 3800 4560">
    <p class='ocr_par' dir='ltr' id='par_1_47' title="bbox 427 4475 3800 4560">
     <span class='ocr_line' id='line_1_48' title="bbox 427 4475 3800 4560; baseline 0.002 -30"><span class='ocrx_word' id='word_1_665' title='bbox 427 4493 558 4530; x_wconf 88' lang='lat' dir='ltr'><strong>rum</strong></span> <span class='ocrx_word' id='word_1_666' title='bbox 587 4475 856 4547; x_wconf 61' lang='lat' dir='ltr'><strong>praesides</strong></span> <span class='ocrx_word' id='word_1_667' title='bbox 871 4478 1342 4534; x_wconf 90' lang='lat' dir='ltr'><strong>consuetudinum</strong></span> <span class='ocrx_word' id='word_1_668' title='bbox 1359 4496 1458 4535; x_wconf 90' lang='lat' dir='ltr'><strong>seu</strong></span> <span class='ocrx_word' id='word_1_669' title='bbox 1479 4482 1859 4552; x_wconf 86' lang='lat' dir='ltr'><strong>sportularum</strong></span> <span class='ocrx_word' id='word_1_670' title='bbox 1875 4483 2052 4538; x_wconf 89' lang='lat' dir='ltr'><strong>nomi-</strong></span> <span class='ocrx_word' id='word_1_671' title='bbox 2069 4487 2128 4560; x_wconf 85' lang='lat' dir='ltr'><strong>D</strong></span> <span class='ocrx_word' id='word_1_672' title='bbox 2221 4475 2460 4530; x_wconf 82' lang='lat' dir='ltr'><strong>PI‘Oinde</strong></span> <span class='ocrx_word' id='word_1_673' title='bbox 2485 4491 2614 4530; x_wconf 85' lang='lat' dir='ltr'><strong>cum</strong></span> <span class='ocrx_word' id='word_1_674' title='bbox 2643 4476 2722 4530; x_wconf 77' lang='lat' dir='ltr'><strong>ita</strong></span> <span class='ocrx_word' id='word_1_675' title='bbox 2753 4477 2926 4547; x_wconf 79' lang='lat' dir='ltr'><strong>gratis</strong></span> <span class='ocrx_word' id='word_1_676' title='bbox 2953 4477 3134 4532; x_wconf 77' lang='lat' dir='ltr'><strong>Ofﬁcia</strong></span> <span class='ocrx_word' id='word_1_677' title='bbox 3161 4479 3488 4550; x_wconf 86' lang='lat' dir='ltr'><strong>suscipiant,</strong></span> <span class='ocrx_word' id='word_1_678' title='bbox 3519 4487 3654 4536; x_wconf 87' lang='lat' dir='ltr'><strong>ante</strong></span> <span class='ocrx_word' id='word_1_679' title='bbox 3673 4501 3800 4537; x_wconf 86' lang='lat' dir='ltr'><strong>om-</strong></span> 
     </span>
    </p>
   </div>
   <div class='ocr_carea' id='block_1_48' title="bbox 423 4567 3796 4644">
    <p class='ocr_par' dir='ltr' id='par_1_48' title="bbox 423 4567 3796 4644">
     <span class='ocr_line' id='line_1_49' title="bbox 423 4567 3796 4644; baseline 0.002 -22"><span class='ocrx_word' id='word_1_680' title='bbox 423 4583 496 4623; x_wconf 88' lang='lat' dir='ltr'><strong>ne</strong></span> <span class='ocrx_word' id='word_1_681' title='bbox 525 4569 766 4638; x_wconf 88' lang='lat' dir='ltr'><strong>amplius</strong></span> <span class='ocrx_word' id='word_1_682' title='bbox 791 4569 1024 4640; x_wconf 90' lang='lat' dir='ltr'><strong>aliquid,</strong></span> <span class='ocrx_word' id='word_1_683' title='bbox 1052 4587 1222 4642; x_wconf 90' lang='lat' dir='ltr'><strong>quam</strong></span> <span class='ocrx_word' id='word_1_684' title='bbox 1252 4589 1408 4628; x_wconf 87' lang='lat' dir='ltr'><strong>sacra</strong></span> <span class='ocrx_word' id='word_1_685' title='bbox 1437 4577 1628 4628; x_wconf 87' lang='lat' dir='ltr'><strong>nostra</strong></span> <span class='ocrx_word' id='word_1_686' title='bbox 1654 4575 2053 4631; x_wconf 81' lang='lat' dir='ltr'><strong>constitutione</strong></span> <span class='ocrx_word' id='word_1_687' title='bbox 2151 4567 2246 4624; x_wconf 89' lang='lat' dir='ltr'><strong>nia</strong></span> <span class='ocrx_word' id='word_1_688' title='bbox 2271 4569 2454 4623; x_wconf 88' lang='lat' dir='ltr'><strong>studio</strong></span> <span class='ocrx_word' id='word_1_689' title='bbox 2481 4585 2574 4624; x_wconf 90' lang='lat' dir='ltr'><strong>eos</strong></span> <span class='ocrx_word' id='word_1_690' title='bbox 2591 4569 2798 4624; x_wconf 84' lang='lat' dir='ltr'><strong>habere</strong></span> <span class='ocrx_word' id='word_1_691' title='bbox 2823 4575 3062 4641; x_wconf 82' lang='lat' dir='ltr'><strong>Oportet,</strong></span> <span class='ocrx_word' id='word_1_692' title='bbox 3097 4579 3158 4626; x_wconf 89' lang='lat' dir='ltr'><strong>ut</strong></span> <span class='ocrx_word' id='word_1_693' title='bbox 3187 4573 3490 4644; x_wconf 79' lang='lat' dir='ltr'><strong>diligenter</strong></span> <span class='ocrx_word' id='word_1_694' title='bbox 3507 4575 3578 4628; x_wconf 90' lang='lat' dir='ltr'><strong>ad</strong></span> <span class='ocrx_word' id='word_1_695' title='bbox 3607 4577 3796 4630; x_wconf 87' lang='lat' dir='ltr'><strong>tribu-</strong></span> 
     </span>
    </p>
   </div>
   <div class='ocr_carea' id='block_1_49' title="bbox 423 4661 3792 4740">
    <p class='ocr_par' dir='ltr' id='par_1_49' title="bbox 423 4661 3792 4740">
     <span class='ocr_line' id='line_1_50' title="bbox 423 4661 3792 4740; baseline 0.002 -24"><span class='ocrx_word' id='word_1_696' title='bbox 423 4661 847 4732; x_wconf 88' lang='lat' dir='ltr'><strong>promulgatum</strong></span> <span class='ocrx_word' id='word_1_697' title='bbox 880 4668 982 4732; x_wconf 91' lang='lat' dir='ltr'><strong>est,</strong></span> <span class='ocrx_word' id='word_1_698' title='bbox 1017 4665 1268 4736; x_wconf 88' lang='lat' dir='ltr'><strong>accipere</strong></span> <span class='ocrx_word' id='word_1_699' title='bbox 1294 4667 1531 4722; x_wconf 82' lang='lat' dir='ltr'><strong>scientes</strong></span> <span class='ocrx_word' id='word_1_700' title='bbox 1573 4669 1722 4738; x_wconf 83' lang='lat' dir='ltr'><strong>quod</strong></span> <span class='ocrx_word' id='word_1_701' title='bbox 1743 4669 1788 4722; x_wconf 87' lang='lat' dir='ltr'><strong>si</strong></span> <span class='ocrx_word' id='word_1_702' title='bbox 1819 4669 1924 4723; x_wconf 87' lang='lat' dir='ltr'><strong>hoc</strong></span> <span class='ocrx_word' id='word_1_703' title='bbox 1948 4686 2050 4724; x_wconf 79' lang='lat' dir='ltr'><strong>ne-</strong></span> <span class='ocrx_word' id='word_1_704' title='bbox 2153 4667 2208 4716; x_wconf 81' lang='lat' dir='ltr'><strong>ta</strong></span> <span class='ocrx_word' id='word_1_705' title='bbox 2237 4661 2564 4733; x_wconf 89' lang='lat' dir='ltr'><strong>advigilent,</strong></span> <span class='ocrx_word' id='word_1_706' title='bbox 2605 4665 2662 4717; x_wconf 91' lang='lat' dir='ltr'><strong>et</strong></span> <span class='ocrx_word' id='word_1_707' title='bbox 2691 4663 2984 4718; x_wconf 87' lang='lat' dir='ltr'><strong>indevotos</strong></span> <span class='ocrx_word' id='word_1_708' title='bbox 3013 4665 3244 4735; x_wconf 89' lang='lat' dir='ltr'><strong>quidem</strong></span> <span class='ocrx_word' id='word_1_709' title='bbox 3287 4683 3348 4720; x_wconf 91' lang='lat' dir='ltr'><strong>ac</strong></span> <span class='ocrx_word' id='word_1_710' title='bbox 3381 4667 3792 4740; x_wconf 77' lang='lat' dir='ltr'><strong>intractabiles,</strong></span> 
     </span>
    </p>
   </div>
   <div class='ocr_carea' id='block_1_50' title="bbox 425 4753 3800 4830">
    <p class='ocr_par' dir='ltr' id='par_1_50' title="bbox 425 4753 3800 4830">
     <span class='ocr_line' id='line_1_51' title="bbox 425 4753 3800 4830; baseline 0.003 -22"><span class='ocrx_word' id='word_1_711' title='bbox 425 4753 724 4826; x_wconf 83' lang='lat' dir='ltr'><strong>glexerint,</strong></span> <span class='ocrx_word' id='word_1_712' title='bbox 754 4771 920 4810; x_wconf 88' lang='lat' dir='ltr'><strong>omne</strong></span> <span class='ocrx_word' id='word_1_713' title='bbox 945 4756 1237 4827; x_wconf 88' lang='lat' dir='ltr'><strong>damnum,</strong></span> <span class='ocrx_word' id='word_1_714' title='bbox 1273 4761 1426 4830; x_wconf 90' lang='lat' dir='ltr'><strong>quod</strong></span> <span class='ocrx_word' id='word_1_715' title='bbox 1451 4760 1653 4816; x_wconf 82' lang='lat' dir='ltr'><strong>exinde</strong></span> <span class='ocrx_word' id='word_1_716' title='bbox 1679 4762 1915 4816; x_wconf 81' lang='lat' dir='ltr'><strong>subditis</strong></span> <span class='ocrx_word' id='word_1_717' title='bbox 1945 4779 2049 4817; x_wconf 87' lang='lat' dir='ltr'><strong>no-</strong></span> <span class='ocrx_word' id='word_1_718' title='bbox 2153 4759 2208 4810; x_wconf 87' lang='lat' dir='ltr'><strong>et</strong></span> <span class='ocrx_word' id='word_1_719' title='bbox 2231 4755 2327 4826; x_wconf 90' lang='lat' dir='ltr'><strong>qui</strong></span> <span class='ocrx_word' id='word_1_720' title='bbox 2354 4755 2736 4827; x_wconf 88' lang='lat' dir='ltr'><strong>compulsione</strong></span> <span class='ocrx_word' id='word_1_721' title='bbox 2751 4756 3012 4828; x_wconf 89' lang='lat' dir='ltr'><strong>indigent</strong></span> <span class='ocrx_word' id='word_1_722' title='bbox 3031 4775 3163 4812; x_wconf 91' lang='lat' dir='ltr'><strong>cum</strong></span> <span class='ocrx_word' id='word_1_723' title='bbox 3185 4775 3404 4814; x_wconf 89' lang='lat' dir='ltr'><strong>summa</strong></span> <span class='ocrx_word' id='word_1_724' title='bbox 3429 4761 3800 4818; x_wconf 83' lang='lat' dir='ltr'><strong>vehementia</strong></span> 
     </span>
    </p>
   </div>
   <div class='ocr_carea' id='block_1_51' title="bbox 420 4847 3796 4924">
    <p class='ocr_par' dir='ltr' id='par_1_51' title="bbox 420 4847 3796 4924">
     <span class='ocr_line' id='line_1_52' title="bbox 420 4847 3796 4924; baseline 0.001 -23"><span class='ocrx_word' id='word_1_725' title='bbox 420 4847 549 4902; x_wconf 89' lang='lat' dir='ltr'><strong>stris</strong></span> <span class='ocrx_word' id='word_1_726' title='bbox 569 4848 873 4920; x_wconf 89' lang='lat' dir='ltr'><strong>irrogatur,</strong></span> <span class='ocrx_word' id='word_1_727' title='bbox 903 4848 1010 4920; x_wconf 92' lang='lat' dir='ltr'><strong>ipsi</strong></span> <span class='ocrx_word' id='word_1_728' title='bbox 1039 4849 1375 4920; x_wconf 90' lang='lat' dir='ltr'><strong>dependent.</strong></span> <span class='ocrx_word' id='word_1_729' title='bbox 1405 4855 1608 4908; x_wconf 87' lang='lat' dir='ltr'><strong>Damus</strong></span> <span class='ocrx_word' id='word_1_730' title='bbox 1638 4859 1828 4908; x_wconf 88' lang='lat' dir='ltr'><strong>autem</strong></span> <span class='ocrx_word' id='word_1_731' title='bbox 1872 4855 1950 4910; x_wconf 90' lang='lat' dir='ltr'><strong>eis</strong></span> <span class='ocrx_word' id='word_1_732' title='bbox 1991 4855 2054 4910; x_wconf 89' lang='lat' dir='ltr'><strong>li-</strong></span> <span class='ocrx_word' id='word_1_733' title='bbox 2153 4848 2402 4920; x_wconf 84' lang='lat' dir='ltr'><strong>exigant,</strong></span> <span class='ocrx_word' id='word_1_734' title='bbox 2433 4849 2494 4903; x_wconf 93' lang='lat' dir='ltr'><strong>in</strong></span> <span class='ocrx_word' id='word_1_735' title='bbox 2537 4849 2691 4904; x_wconf 91' lang='lat' dir='ltr'><strong>nullo</strong></span> <span class='ocrx_word' id='word_1_736' title='bbox 2726 4850 3010 4905; x_wconf 88' lang='lat' dir='ltr'><strong>cedentes.</strong></span> <span class='ocrx_word' id='word_1_737' title='bbox 3045 4851 3234 4924; x_wconf 87' lang='lat' dir='ltr'><strong>Neque</strong></span> <span class='ocrx_word' id='word_1_738' title='bbox 3271 4869 3336 4907; x_wconf 90' lang='lat' dir='ltr'><strong>eo</strong></span> <span class='ocrx_word' id='word_1_739' title='bbox 3375 4855 3612 4910; x_wconf 88' lang='lat' dir='ltr'><strong>nomine</strong></span> <span class='ocrx_word' id='word_1_740' title='bbox 3647 4859 3796 4913; x_wconf 73' lang='lat' dir='ltr'><strong>lucri</strong></span> 
     </span>
    </p>
   </div>
   <div class='ocr_carea' id='block_1_52' title="bbox 419 4941 3798 5023">
    <p class='ocr_par' dir='ltr' id='par_1_52' title="bbox 419 4941 3798 5023">
     <span class='ocr_line' id='line_1_53' title="bbox 419 4941 3798 5023; baseline 0.004 -29"><span class='ocrx_word' id='word_1_741' title='bbox 419 4941 685 5011; x_wconf 90' lang='lat' dir='ltr'><strong>centiam,</strong></span> <span class='ocrx_word' id='word_1_742' title='bbox 713 4958 830 4997; x_wconf 92' lang='lat' dir='ltr'><strong>non</strong></span> <span class='ocrx_word' id='word_1_743' title='bbox 859 4946 1082 4998; x_wconf 82' lang='lat' dir='ltr'><strong>tantum</strong></span> <span class='ocrx_word' id='word_1_744' title='bbox 1111 4949 1172 4998; x_wconf 87' lang='lat' dir='ltr'><strong>ut</strong></span> <span class='ocrx_word' id='word_1_745' title='bbox 1194 4944 1264 4998; x_wconf 90' lang='lat' dir='ltr'><strong>ad</strong></span> <span class='ocrx_word' id='word_1_746' title='bbox 1285 4961 1378 5000; x_wconf 91' lang='lat' dir='ltr'><strong>eos</strong></span> <span class='ocrx_word' id='word_1_747' title='bbox 1403 4945 1505 5000; x_wconf 89' lang='lat' dir='ltr'><strong>ista</strong></span> <span class='ocrx_word' id='word_1_748' title='bbox 1535 4947 1756 5016; x_wconf 88' lang='lat' dir='ltr'><strong>judices</strong></span> <span class='ocrx_word' id='word_1_749' title='bbox 1780 4947 2047 5019; x_wconf 90' lang='lat' dir='ltr'><strong>referant,</strong></span> <span class='ocrx_word' id='word_1_750' title='bbox 2150 4941 2361 5013; x_wconf 81' lang='lat' dir='ltr'><strong>aliquid</strong></span> <span class='ocrx_word' id='word_1_751' title='bbox 2399 4946 2705 5014; x_wconf 86' lang='lat' dir='ltr'><strong>captantes,</strong></span> <span class='ocrx_word' id='word_1_752' title='bbox 2751 4961 2886 5015; x_wconf 90' lang='lat' dir='ltr'><strong>erga</strong></span> <span class='ocrx_word' id='word_1_753' title='bbox 2925 4944 3150 5000; x_wconf 88' lang='lat' dir='ltr'><strong>devotos</strong></span> <span class='ocrx_word' id='word_1_754' title='bbox 3189 4963 3320 5002; x_wconf 89' lang='lat' dir='ltr'><strong>vero</strong></span> <span class='ocrx_word' id='word_1_755' title='bbox 3343 4952 3580 5019; x_wconf 87' lang='lat' dir='ltr'><strong>paterno</strong></span> <span class='ocrx_word' id='word_1_756' title='bbox 3609 4969 3670 5006; x_wconf 85' lang='lat' dir='ltr'><strong>se</strong></span> <span class='ocrx_word' id='word_1_757' title='bbox 3701 4969 3798 5023; x_wconf 83' lang='lat' dir='ltr'><strong>ge-</strong></span> 
     </span>
    </p>
   </div>
   <div class='ocr_carea' id='block_1_53' title="bbox 418 5035 3660 5109">
    <p class='ocr_par' dir='ltr' id='par_1_53' title="bbox 418 5035 3660 5109">
     <span class='ocr_line' id='line_1_54' title="bbox 418 5035 3660 5109; baseline 0.004 -22"><span class='ocrx_word' id='word_1_758' title='bbox 418 5050 451 5086; x_wconf 91' lang='lat' dir='ltr'><strong>a</strong></span> <span class='ocrx_word' id='word_1_759' title='bbox 476 5035 679 5104; x_wconf 89' lang='lat' dir='ltr'><strong>quibus</strong></span> <span class='ocrx_word' id='word_1_760' title='bbox 705 5035 964 5091; x_wconf 89' lang='lat' dir='ltr'><strong>destinati</strong></span> <span class='ocrx_word' id='word_1_761' title='bbox 989 5041 1139 5104; x_wconf 89' lang='lat' dir='ltr'><strong>sunt,</strong></span> <span class='ocrx_word' id='word_1_762' title='bbox 1172 5037 1269 5092; x_wconf 92' lang='lat' dir='ltr'><strong>sed</strong></span> <span class='ocrx_word' id='word_1_763' title='bbox 1295 5038 1464 5093; x_wconf 89' lang='lat' dir='ltr'><strong>etiam</strong></span> <span class='ocrx_word' id='word_1_764' title='bbox 1493 5040 1562 5095; x_wconf 93' lang='lat' dir='ltr'><strong>ad</strong></span> <span class='ocrx_word' id='word_1_765' title='bbox 1582 5057 1702 5109; x_wconf 90' lang='lat' dir='ltr'><strong>nos,</strong></span> <span class='ocrx_word' id='word_1_766' title='bbox 1753 5045 1813 5096; x_wconf 90' lang='lat' dir='ltr'><strong>ut</strong></span> <span class='ocrx_word' id='word_1_767' title='bbox 1853 5047 1908 5096; x_wconf 91' lang='lat' dir='ltr'><strong>et</strong></span> <span class='ocrx_word' id='word_1_768' title='bbox 1947 5059 2050 5098; x_wconf 89' lang='lat' dir='ltr'><strong>nos</strong></span> <span class='ocrx_word' id='word_1_769' title='bbox 2149 5041 2275 5090; x_wconf 76' lang='lat' dir='ltr'><strong>rant</strong></span> <span class='ocrx_word' id='word_1_770' title='bbox 2303 5035 2524 5091; x_wconf 62' lang='lat' dir='ltr'><strong>affectu.</strong></span> <span class='ocrx_word' id='word_1_771' title='bbox 3647 5049 3660 5058; x_wconf 82' lang='lat'>&#39;</span> 
     </span>
    </p>
   </div>
   <div class='ocr_carea' id='block_1_54' title="bbox 419 5124 3794 5206">
    <p class='ocr_par' dir='ltr' id='par_1_54' title="bbox 419 5124 3794 5206">
     <span class='ocr_line' id='line_1_55' title="bbox 419 5124 3794 5206; baseline 0.004 -27"><span class='ocrx_word' id='word_1_772' title='bbox 419 5124 488 5178; x_wconf 90' lang='lat' dir='ltr'><strong>iis</strong></span> <span class='ocrx_word' id='word_1_773' title='bbox 517 5126 754 5196; x_wconf 90' lang='lat' dir='ltr'><strong>cognitis</strong></span> <span class='ocrx_word' id='word_1_774' title='bbox 769 5129 977 5184; x_wconf 81' lang='lat' dir='ltr'><strong>factum</strong></span> <span class='ocrx_word' id='word_1_775' title='bbox 1003 5130 1190 5202; x_wconf 90' lang='lat' dir='ltr'><strong>ipsum</strong></span> <span class='ocrx_word' id='word_1_776' title='bbox 1211 5133 1552 5203; x_wconf 89' lang='lat' dir='ltr'><strong>competenti</strong></span> <span class='ocrx_word' id='word_1_777' title='bbox 1569 5133 2049 5192; x_wconf 89' lang='lat' dir='ltr'><strong>animadversione</strong></span> <span class='ocrx_word' id='word_1_778' title='bbox 2221 5129 2430 5184; x_wconf 85' lang='lat' dir='ltr'><strong>Deinde</strong></span> <span class='ocrx_word' id='word_1_779' title='bbox 2461 5133 2520 5184; x_wconf 80' lang='lat' dir='ltr'><strong>ut</strong></span> <span class='ocrx_word' id='word_1_780' title='bbox 2549 5129 2800 5185; x_wconf 81' lang='lat' dir='ltr'><strong>subditos</strong></span> <span class='ocrx_word' id='word_1_781' title='bbox 2835 5135 3052 5186; x_wconf 81' lang='lat' dir='ltr'><strong>nostros</strong></span> <span class='ocrx_word' id='word_1_782' title='bbox 3079 5149 3148 5187; x_wconf 78' lang='lat' dir='ltr'><strong>ex</strong></span> <span class='ocrx_word' id='word_1_783' title='bbox 3189 5135 3345 5188; x_wconf 87' lang='lat' dir='ltr'><strong>omni</strong></span> <span class='ocrx_word' id='word_1_784' title='bbox 3379 5140 3540 5206; x_wconf 80' lang='lat' dir='ltr'><strong>parte</strong></span> <span class='ocrx_word' id='word_1_785' title='bbox 3573 5139 3794 5194; x_wconf 70' lang='lat' dir='ltr'><strong>illaesos</strong></span> 
     </span>
    </p>
   </div>
   <div class='ocr_carea' id='block_1_55' title="bbox 417 5223 3792 5303">
    <p class='ocr_par' dir='ltr' id='par_1_55' title="bbox 417 5223 3792 5303">
     <span class='ocr_line' id='line_1_56' title="bbox 417 5223 3792 5303; baseline 0.005 -33"><span class='ocrx_word' id='word_1_786' title='bbox 417 5233 844 5289; x_wconf 89' lang='lat' dir='ltr'><strong>persequamur.</strong></span> <span class='ocrx_word' id='word_1_787' title='bbox 867 5223 1148 5279; x_wconf 69' lang='lat' dir='ltr'><strong>Praeterea</strong></span> <span class='ocrx_word' id='word_1_788' title='bbox 1176 5225 1222 5280; x_wconf 91' lang='lat' dir='ltr'><strong>si</strong></span> <span class='ocrx_word' id='word_1_789' title='bbox 1243 5241 1382 5296; x_wconf 90' lang='lat' dir='ltr'><strong>quos</strong></span> <span class='ocrx_word' id='word_1_790' title='bbox 1407 5226 1696 5297; x_wconf 86' lang='lat' dir='ltr'><strong>dignitatis</strong></span> <span class='ocrx_word' id='word_1_791' title='bbox 1723 5243 1820 5282; x_wconf 91' lang='lat' dir='ltr'><strong>seu</strong></span> <span class='ocrx_word' id='word_1_792' title='bbox 1837 5229 2049 5300; x_wconf 79' lang='lat' dir='ltr'><strong>cinguli</strong></span> <span class='ocrx_word' id='word_1_793' title='bbox 2148 5227 2492 5291; x_wconf 89' lang='lat' dir='ltr'><strong>conservent,</strong></span> <span class='ocrx_word' id='word_1_794' title='bbox 2525 5223 2666 5278; x_wconf 91' lang='lat' dir='ltr'><strong>nihil</strong></span> <span class='ocrx_word' id='word_1_795' title='bbox 2683 5225 2994 5296; x_wconf 88' lang='lat' dir='ltr'><strong>quidquam</strong></span> <span class='ocrx_word' id='word_1_796' title='bbox 3019 5225 3088 5280; x_wconf 85' lang='lat' dir='ltr'><strong>ab</strong></span> <span class='ocrx_word' id='word_1_797' title='bbox 3117 5227 3229 5281; x_wconf 91' lang='lat' dir='ltr'><strong>ullo</strong></span> <span class='ocrx_word' id='word_1_798' title='bbox 3265 5245 3464 5283; x_wconf 92' lang='lat' dir='ltr'><strong>eorum</strong></span> <span class='ocrx_word' id='word_1_799' title='bbox 3495 5231 3792 5303; x_wconf 79' lang='lat' dir='ltr'><strong>accipien-</strong></span> 
     </span>
    </p>
   </div>
   <div class='ocr_carea' id='block_1_56' title="bbox 415 5311 3794 5398">
    <p class='ocr_par' dir='ltr' id='par_1_56' title="bbox 415 5311 3794 5398">
     <span class='ocr_line' id='line_1_57' title="bbox 415 5311 3794 5398; baseline 0.005 -35"><span class='ocrx_word' id='word_1_800' title='bbox 415 5311 563 5364; x_wconf 85' lang='lat' dir='ltr'><strong>fastu</strong></span> <span class='ocrx_word' id='word_1_801' title='bbox 587 5311 832 5368; x_wconf 88' lang='lat' dir='ltr'><strong>tumidos</strong></span> <span class='ocrx_word' id='word_1_802' title='bbox 861 5319 1238 5386; x_wconf 89' lang='lat' dir='ltr'><strong>compererint</strong></span> <span class='ocrx_word' id='word_1_803' title='bbox 1261 5319 1622 5375; x_wconf 89' lang='lat' dir='ltr'><strong>collatoribus</strong></span> <span class='ocrx_word' id='word_1_804' title='bbox 1653 5321 1855 5376; x_wconf 90' lang='lat' dir='ltr'><strong>nostris</strong></span> <span class='ocrx_word' id='word_1_805' title='bbox 1893 5321 2044 5392; x_wconf 90' lang='lat' dir='ltr'><strong>inju-</strong></span> <span class='ocrx_word' id='word_1_806' title='bbox 2146 5321 2248 5386; x_wconf 90' lang='lat' dir='ltr'><strong>tes,</strong></span> <span class='ocrx_word' id='word_1_807' title='bbox 2273 5317 2368 5372; x_wconf 88' lang='lat' dir='ltr'><strong>sed</strong></span> <span class='ocrx_word' id='word_1_808' title='bbox 2389 5333 2578 5388; x_wconf 69' lang='lat' dir='ltr'><strong>{equos</strong></span> <span class='ocrx_word' id='word_1_809' title='bbox 2597 5333 2655 5371; x_wconf 90' lang='lat' dir='ltr'><strong>se</strong></span> <span class='ocrx_word' id='word_1_810' title='bbox 2683 5317 2741 5372; x_wconf 89' lang='lat' dir='ltr'><strong>in</strong></span> <span class='ocrx_word' id='word_1_811' title='bbox 2759 5318 3132 5389; x_wconf 88' lang='lat' dir='ltr'><strong>disceptandis</strong></span> <span class='ocrx_word' id='word_1_812' title='bbox 3161 5323 3573 5390; x_wconf 85' lang='lat' dir='ltr'><strong>controversiis,</strong></span> <span class='ocrx_word' id='word_1_813' title='bbox 3590 5343 3794 5398; x_wconf 64' lang='lat' dir='ltr'><strong>aequos</strong></span> 
     </span>
    </p>
   </div>
   <div class='ocr_carea' id='block_1_57' title="bbox 415 5399 3796 5489">
    <p class='ocr_par' dir='ltr' id='par_1_57' title="bbox 415 5399 3796 5489">
     <span class='ocr_line' id='line_1_58' title="bbox 415 5399 3796 5489; baseline 0.007 -37"><span class='ocrx_word' id='word_1_814' title='bbox 415 5399 528 5453; x_wconf 89' lang='lat' dir='ltr'><strong>rios</strong></span> <span class='ocrx_word' id='word_1_815' title='bbox 560 5415 694 5466; x_wconf 90' lang='lat' dir='ltr'><strong>esse,</strong></span> <span class='ocrx_word' id='word_1_816' title='bbox 727 5400 926 5456; x_wconf 87' lang='lat' dir='ltr'><strong>damus</strong></span> <span class='ocrx_word' id='word_1_817' title='bbox 945 5403 1056 5460; x_wconf 88' lang='lat' dir='ltr'><strong>illis</strong></span> <span class='ocrx_word' id='word_1_818' title='bbox 1080 5407 1362 5464; x_wconf 87' lang='lat' dir='ltr'><strong>licentiam</strong></span> <span class='ocrx_word' id='word_1_819' title='bbox 1391 5413 1456 5464; x_wconf 91' lang='lat' dir='ltr'><strong>ut</strong></span> <span class='ocrx_word' id='word_1_820' title='bbox 1481 5412 1538 5464; x_wconf 90' lang='lat' dir='ltr'><strong>et</strong></span> <span class='ocrx_word' id='word_1_821' title='bbox 1558 5409 1626 5464; x_wconf 89' lang='lat' dir='ltr'><strong>de</strong></span> <span class='ocrx_word' id='word_1_822' title='bbox 1655 5409 1926 5465; x_wconf 86' lang='lat' dir='ltr'><strong>maleﬁcio</strong></span> <span class='ocrx_word' id='word_1_823' title='bbox 1958 5427 2048 5465; x_wconf 93' lang='lat' dir='ltr'><strong>co-</strong></span> <span class='ocrx_word' id='word_1_824' title='bbox 2147 5409 2206 5464; x_wconf 89' lang='lat' dir='ltr'><strong>in</strong></span> <span class='ocrx_word' id='word_1_825' title='bbox 2231 5411 2610 5466; x_wconf 87' lang='lat' dir='ltr'><strong>conservanda</strong></span> <span class='ocrx_word' id='word_1_826' title='bbox 2639 5411 2932 5481; x_wconf 89' lang='lat' dir='ltr'><strong>disciplina</strong></span> <span class='ocrx_word' id='word_1_827' title='bbox 2945 5413 3168 5483; x_wconf 90' lang='lat' dir='ltr'><strong>publica</strong></span> <span class='ocrx_word' id='word_1_828' title='bbox 3193 5415 3504 5486; x_wconf 73' lang='lat' dir='ltr'><strong>praebeant,</strong></span> <span class='ocrx_word' id='word_1_829' title='bbox 3521 5417 3577 5471; x_wconf 89' lang='lat' dir='ltr'><strong>in</strong></span> <span class='ocrx_word' id='word_1_830' title='bbox 3599 5435 3796 5489; x_wconf 82' lang='lat' dir='ltr'><strong>perse-</strong></span> 
     </span>
    </p>
   </div>
   <div class='ocr_carea' id='block_1_58' title="bbox 415 5494 3794 5576">
    <p class='ocr_par' dir='ltr' id='par_1_58' title="bbox 415 5494 3794 5576">
     <span class='ocr_line' id='line_1_59' title="bbox 415 5494 3794 5576; baseline 0.007 -30"><span class='ocrx_word' id='word_1_831' title='bbox 415 5499 703 5562; x_wconf 86' lang='lat' dir='ltr'><strong>gnoscant,</strong></span> <span class='ocrx_word' id='word_1_832' title='bbox 735 5499 792 5549; x_wconf 90' lang='lat' dir='ltr'><strong>et</strong></span> <span class='ocrx_word' id='word_1_833' title='bbox 815 5494 882 5548; x_wconf 87' lang='lat' dir='ltr'><strong>iis</strong></span> <span class='ocrx_word' id='word_1_834' title='bbox 897 5496 996 5567; x_wconf 93' lang='lat' dir='ltr'><strong>qui</strong></span> <span class='ocrx_word' id='word_1_835' title='bbox 1012 5502 1199 5553; x_wconf 89' lang='lat' dir='ltr'><strong>sontes</strong></span> <span class='ocrx_word' id='word_1_836' title='bbox 1225 5501 1737 5574; x_wconf 89' lang='lat' dir='ltr'><strong>deprehenduntur</strong></span> <span class='ocrx_word' id='word_1_837' title='bbox 1747 5503 2042 5575; x_wconf 87' lang='lat' dir='ltr'><strong>cingulum</strong></span> <span class='ocrx_word' id='word_1_838' title='bbox 2145 5504 2400 5575; x_wconf 84' lang='lat' dir='ltr'><strong>quendis&#39;</strong></span> <span class='ocrx_word' id='word_1_839' title='bbox 2413 5503 2642 5576; x_wconf 89' lang='lat' dir='ltr'><strong>quidem</strong></span> <span class='ocrx_word' id='word_1_840' title='bbox 2659 5503 2996 5560; x_wconf 90' lang='lat' dir='ltr'><strong>criminibus</strong></span> <span class='ocrx_word' id='word_1_841' title='bbox 3015 5505 3262 5562; x_wconf 86' lang='lat' dir='ltr'><strong>insontes</strong></span> <span class='ocrx_word' id='word_1_842' title='bbox 3281 5525 3314 5562; x_wconf 89' lang='lat' dir='ltr'><strong>a</strong></span> <span class='ocrx_word' id='word_1_843' title='bbox 3333 5509 3638 5565; x_wconf 89' lang='lat' dir='ltr'><strong>calumniis</strong></span> <span class='ocrx_word' id='word_1_844' title='bbox 3659 5515 3794 5568; x_wconf 81' lang='lat' dir='ltr'><strong>red-</strong></span> 
     </span>
    </p>
   </div>
   <div class='ocr_carea' id='block_1_59' title="bbox 411 5585 3792 5675">
    <p class='ocr_par' dir='ltr' id='par_1_59' title="bbox 411 5585 3792 5675">
     <span class='ocr_line' id='line_1_60' title="bbox 411 5585 3792 5675; baseline 0.007 -36"><span class='ocrx_word' id='word_1_845' title='bbox 411 5585 681 5658; x_wconf 85' lang='lat' dir='ltr'><strong>adimant,</strong></span> <span class='ocrx_word' id='word_1_846' title='bbox 725 5593 1054 5662; x_wconf 86' lang='lat' dir='ltr'><strong>nostrasque</strong></span> <span class='ocrx_word' id='word_1_847' title='bbox 1105 5591 1251 5648; x_wconf 87' lang='lat' dir='ltr'><strong>vices</strong></span> <span class='ocrx_word' id='word_1_848' title='bbox 1299 5595 1358 5650; x_wconf 93' lang='lat' dir='ltr'><strong>in</strong></span> <span class='ocrx_word' id='word_1_849' title='bbox 1407 5595 1708 5667; x_wconf 87' lang='lat' dir='ltr'><strong>provinciis</strong></span> <span class='ocrx_word' id='word_1_850' title='bbox 1737 5597 1958 5666; x_wconf 89' lang='lat' dir='ltr'><strong>obeant,</strong></span> <span class='ocrx_word' id='word_1_851' title='bbox 1987 5597 2044 5652; x_wconf 92' lang='lat' dir='ltr'><strong>id</strong></span> <span class='ocrx_word' id='word_1_852' title='bbox 2145 5595 2338 5652; x_wconf 88' lang='lat' dir='ltr'><strong>dentes</strong></span> <span class='ocrx_word' id='word_1_853' title='bbox 2355 5597 2578 5665; x_wconf 89' lang='lat' dir='ltr'><strong>liberos,</strong></span> <span class='ocrx_word' id='word_1_854' title='bbox 2603 5597 2714 5652; x_wconf 90' lang='lat' dir='ltr'><strong>reis</strong></span> <span class='ocrx_word' id='word_1_855' title='bbox 2733 5613 2864 5654; x_wconf 90' lang='lat' dir='ltr'><strong>vero</strong></span> <span class='ocrx_word' id='word_1_856' title='bbox 2891 5599 3142 5654; x_wconf 86' lang='lat' dir='ltr'><strong>sontibus</strong></span> <span class='ocrx_word' id='word_1_857' title='bbox 3157 5617 3351 5672; x_wconf 88' lang='lat' dir='ltr'><strong>poenas</strong></span> <span class='ocrx_word' id='word_1_858' title='bbox 3369 5603 3654 5675; x_wconf 87' lang='lat' dir='ltr'><strong>legitimas</strong></span> <span class='ocrx_word' id='word_1_859' title='bbox 3671 5607 3792 5660; x_wconf 85' lang='lat' dir='ltr'><strong>im-</strong></span> 
     </span>
    </p>
   </div>
   <div class='ocr_carea' id='block_1_60' title="bbox 413 5679 3786 5768">
    <p class='ocr_par' dir='ltr' id='par_1_60' title="bbox 413 5679 3786 5768">
     <span class='ocr_line' id='line_1_61' title="bbox 413 5679 3786 5768; baseline 0.007 -37"><span class='ocrx_word' id='word_1_860' title='bbox 413 5679 563 5748; x_wconf 88' lang='lat' dir='ltr'><strong>quod</strong></span> <span class='ocrx_word' id='word_1_861' title='bbox 573 5681 820 5754; x_wconf 90' lang='lat' dir='ltr'><strong>antiquis</strong></span> <span class='ocrx_word' id='word_1_862' title='bbox 839 5683 1013 5739; x_wconf 89' lang='lat' dir='ltr'><strong>etiam</strong></span> <span class='ocrx_word' id='word_1_863' title='bbox 1029 5685 1249 5757; x_wconf 89' lang='lat' dir='ltr'><strong>legibus</strong></span> <span class='ocrx_word' id='word_1_864' title='bbox 1274 5687 1700 5760; x_wconf 89' lang='lat' dir='ltr'><strong>promulgatum</strong></span> <span class='ocrx_word' id='word_1_865' title='bbox 1719 5689 1844 5746; x_wconf 89' lang='lat' dir='ltr'><strong>fuit.</strong></span> <span class='ocrx_word' id='word_1_866' title='bbox 1861 5691 2041 5754; x_wconf 91' lang='lat' dir='ltr'><strong>Quem</strong></span> <span class='ocrx_word' id='word_1_867' title='bbox 2139 5693 2432 5760; x_wconf 88' lang='lat' dir='ltr'><strong>ponentes,</strong></span> <span class='ocrx_word' id='word_1_868' title='bbox 2449 5707 2634 5764; x_wconf 89' lang='lat' dir='ltr'><strong>neque</strong></span> <span class='ocrx_word' id='word_1_869' title='bbox 2656 5691 2816 5748; x_wconf 87' lang='lat' dir='ltr'><strong>aliter</strong></span> <span class='ocrx_word' id='word_1_870' title='bbox 2843 5691 2992 5748; x_wconf 91' lang='lat' dir='ltr'><strong>inter</strong></span> <span class='ocrx_word' id='word_1_871' title='bbox 3018 5694 3267 5750; x_wconf 90' lang='lat' dir='ltr'><strong>subditos</strong></span> <span class='ocrx_word' id='word_1_872' title='bbox 3290 5695 3596 5768; x_wconf 89' lang='lat' dir='ltr'><strong>imperium</strong></span> <span class='ocrx_word' id='word_1_873' title='bbox 3609 5715 3786 5756; x_wconf 75' lang='lat' dir='ltr'><strong>exer—</strong></span> 
     </span>
    </p>
   </div>
   <div class='ocr_carea' id='block_1_61' title="bbox 412 5769 3786 5866">
    <p class='ocr_par' dir='ltr' id='par_1_61' title="bbox 412 5769 3786 5866">
     <span class='ocr_line' id='line_1_62' title="bbox 412 5769 3786 5866; baseline 0.007 -44"><span class='ocrx_word' id='word_1_874' title='bbox 412 5769 714 5828; x_wconf 83' lang='lat' dir='ltr'><strong>admodum</strong></span> <span class='ocrx_word' id='word_1_875' title='bbox 751 5776 904 5832; x_wconf 75' lang='lat' dir='ltr'><strong>enim</strong></span> <span class='ocrx_word' id='word_1_876' title='bbox 960 5779 1116 5836; x_wconf 88' lang='lat' dir='ltr'><strong>omni</strong></span> <span class='ocrx_word' id='word_1_877' title='bbox 1161 5795 1256 5836; x_wconf 89' lang='lat' dir='ltr'><strong>eos</strong></span> <span class='ocrx_word' id='word_1_878' title='bbox 1305 5779 1512 5852; x_wconf 88' lang='lat' dir='ltr'><strong>injusto</strong></span> <span class='ocrx_word' id='word_1_879' title='bbox 1558 5797 1809 5837; x_wconf 85' lang='lat' dir='ltr'><strong>arcemus</strong></span> <span class='ocrx_word' id='word_1_880' title='bbox 1859 5783 2036 5854; x_wconf 91' lang='lat' dir='ltr'><strong>lucro,</strong></span> <span class='ocrx_word' id='word_1_881' title='bbox 2141 5787 2348 5848; x_wconf 88' lang='lat' dir='ltr'><strong>centes,</strong></span> <span class='ocrx_word' id='word_1_882' title='bbox 2367 5799 2540 5856; x_wconf 86' lang='lat' dir='ltr'><strong>quam</strong></span> <span class='ocrx_word' id='word_1_883' title='bbox 2561 5785 3622 5862; x_wconf 71' lang='lat' dir='ltr'><strong>patres‘solentinterﬁlios,utdiligant</strong></span> <span class='ocrx_word' id='word_1_884' title='bbox 3641 5794 3786 5866; x_wconf 65' lang='lat' dir='ltr'><strong>qui-</strong></span> 
     </span>
    </p>
   </div>
  </div>
