4054 6186
213 282 322 330 953

1097 275 1459 330 JUSTINIANI
1493 274 1818 330 NOVELLE
1867 272 2197 328 SELECT/E.
2239 274 2545 330 NOVELLA
2584 273 2716 328 Vlll.

3460 277 3562 330 954

213 384 352 438 dem
400 399 516 450 eos,
546 383 590 436 si
621 382 860 436 crimine
891 382 1049 437 vacui
1091 382 1222 449 sint,
1269 385 1573 436 coerceant
1597 398 1730 436 vero
1776 398 1840 436 ac
1862 394 1920 464 Α
1940 381 2199 437 videlicet
2228 381 2328 436 Dei
2354 381 2740 436 amantissimo
2767 380 3050 452 episcopo,
3090 384 3146 437 et
3172 397 3398 437 causam
3441 384 3561 437 sine

209 477 483 548 puniant,
512 477 559 530 si
585 475 917 530 criminibus
945 476 1244 530 videantur
1264 493 1385 529 esse
1412 475 1659 542 obnoxii,
1673 475 1836 546 justi-

209 571 359 625 tiam
384 570 632 640 denique
656 569 764 624 illis
785 569 1119 623 exhibentes
1140 572 1259 622 tam
1287 569 1344 622 in
1368 568 1553 622 causis
1578 569 1836 640 publicis,

211 681 395 734 quam
438 663 668 734 privatis
697 662 1096 716 contractibus.
1144 664 1337 731 Neque
1365 667 1426 716 ut
1468 661 1574 732 ipsi
1615 664 1839 716 tantum

213 757 330 811 hoc
357 762 551 827 agant,
585 755 681 809 sed
712 756 885 809 etiam
915 759 976 808 ut
1005 771 1349 809 assessorem
1373 758 1430 808 et
1455 771 1655 809 omnes
1693 755 1841 809 circa

215 851 370 921 ipsos
390 849 599 903 versari
631 848 824 902 solitos
852 848 957 902 sibi
989 847 1200 902 similes
1220 852 1532 916 assumant,
1558 865 1629 902 ne
1657 865 1838 919 quan-

218 943 296 997 do
317 959 446 996 cum
478 941 582 1013 ipsi
609 943 773 1012 culpa
800 945 1053 1007 careant,
1087 959 1188 1012 per
1217 941 1358 996 alios
1396 941 1750 1012 delinquere,
1785 945 1842 995 et

217 1036 420 1101 furari,
455 1039 510 1088 et
538 1035 713 1106 (quod
734 1036 912 1089 multo
936 1035 1138 1088 fcedius
1164 1035 1266 1105 est)
1293 1034 1705 1089 maleficiorum
1735 1033 1841 1089 sibi

218 1130 404 1184 socios
431 1128 702 1183 asciscere
746 1127 1066 1182 videantur.
1103 1128 1461 1199 Quapropter
1495 1127 1842 1183 celsitudinis

217 1228 333 1276 tuas
360 1223 642 1287 intererit,
677 1225 740 1275 ut
771 1237 868 1275 eos
895 1221 966 1274 ad
1005 1221 1188 1275 ofﬁcia
1215 1221 1422 1287 mittat,
1458 1221 1553 1291 qui
1585 1224 1641 1274 et
1663 1221 1841 1292 gravi-

214 1321 333 1370 tate
356 1319 836 1370 morumczeteros
856 1316 1202 1385 prtecellant,
1222 1318 1279 1368 et
1299 1315 1566 1384 peritiam
1590 1315 1844 1368 habeant

212 1405 508 1458 rationum
537 1404 912 1474 publicarum,
949 1405 1145 1473 quales
1190 1419 1312 1456 esse
1352 1403 1533 1457 solent
1579 1402 1837 1456 decurio-

211 1515 339 1564 nes,
365 1502 420 1550 et
439 1497 552 1562 alii,
581 1498 676 1567 qui
700 1496 972 1550 bonitatis
1009 1496 1080 1548 de
1108 1512 1165 1549 se
1190 1495 1643 1566 experimentum
1667 1495 1837 1550 dede-

214 1595 371 1656 runt,
397 1595 453 1643 et
471 1590 738 1659 gerendis
774 1589 1199 1660 magistratibus
1220 1593 1352 1643 sunt
1379 1589 1592 1643 idonei.
1621 1590 1690 1642 Et
1716 1588 1843 1660 quis

214 1702 350 1738 eum
402 1701 514 1736 non
560 1683 777 1753 diligat,
815 1687 982 1753 atque
1013 1683 1277 1736 omnibus
1327 1682 1580 1736 honestis
1626 1682 1842 1736 artibus

207 1775 507 1830 abundare
536 1793 651 1830 nun
675 1776 976 1842 existimet,
1011 1775 1109 1846 qui
1140 1775 1212 1828 ad
1247 1775 1497 1829 officium
1524 1755 1919 1845 proficisca-B

213 1875 310 1923 tur
343 1887 459 1924 non
483 1871 665 1924 solum
696 1873 888 1922 nostro
920 1869 1140 1923 decreto
1171 1868 1456 1938 etjudicio
1479 1868 1562 1922 tui
1580 1868 1842 1922 culminis

215 1964 641 2034 comprobatus,
656 1962 788 2032 quia
803 1962 952 2032 frugi
975 1961 1225 2014 etbonus
1239 1961 1324 2014 vir
1345 1961 1434 2027 sit,
1451 1977 1650 2014 verum
1667 1961 1842 2014 etiam

216 2057 397 2128 gratis
426 2056 546 2126 ipsa
568 2055 1066 2109 administratione
1094 2058 1374 2124 suscepta,
1397 2071 1583 2124 neque
1607 2053 1702 2107 ulli
1725 2070 1844 2107 om-

218 2151 360 2204 nino
385 2165 485 2220 per
511 2149 858 2218 provinciam
885 2147 1095 2202 vitiosa:
1121 2147 1202 2201 rei
1231 2147 1474 2212 deditus,
1498 2148 1582 2200 vel
1606 2163 1845 2218 quomo-

217 2245 292 2297 do
323 2259 427 2313 pro
463 2242 648 2296 officio
695 2247 1052 2295 numeratam
1099 2240 1401 2311 pecuniam
1443 2240 1724 2305 corrodat,
1759 2241 1842 2294 vel

217 2337 373 2390 unde
393 2352 596 2388 aurum
617 2335 674 2388 in
703 2351 833 2388 usus
855 2351 983 2387 suos
1009 2334 1258 2404 colligat,
1283 2333 1383 2387 sed
1408 2333 1465 2386 in
1489 2333 1596 2386 hoc
1620 2336 1844 2386 tantum

215 2429 407 2483 studia
422 2445 518 2482 sua
531 2429 808 2491 conferat,
824 2433 888 2481 ut
900 2429 1014 2480 Deo
1031 2443 1088 2480 se
1113 2431 1170 2480 et
1191 2427 1354 2480 nobis
1373 2425 1843 2480 commendatum

215 2523 440 2587 reddat,
483 2523 814 2591 bonumque
855 2524 912 2573 et
955 2520 1331 2574 memorabile
1376 2537 1588 2574 nomen
1643 2536 1840 2573 conse-

217 2620 450 2687 quatur,
484 2631 547 2668 ac
593 2615 794 2668 futurae
830 2631 862 2666 a
907 2613 1064 2666 nobis
1112 2613 1314 2683 ampla:
1368 2612 1844 2668 remunerationis

219 2726 380 2780 spem
413 2708 521 2762 sibi
551 2707 894 2778 comparet?

292 2804 575 2857 Caeterum
619 2801 662 2853 si
697 2800 822 2870 quis
867 2799 987 2853 haec
1027 2804 1222 2853 contra
1257 2799 1392 2870 quid
1436 2798 1654 2865 fecerit,
1706 2797 1846 2853 sciat

218 2895 376 2968 quod
406 2895 580 2948 etiam
597 2892 1106 2947 administrationis
1125 2895 1401 2963 tempore,
1417 2909 1530 2963 quo
1544 2892 1720 2962 judex
1739 2895 1842 2960 est,

219 2989 358 3044 furti
386 3004 514 3042 reus
553 2986 949 3057 postulabitur.
995 2987 1064 3039 Et
1093 2985 1326 3056 quidem
1355 2984 1399 3038 si
1433 2989 1491 3038 ut
1522 2985 1607 3039 vel
1640 2985 1846 3055 magis-

218 3087 434 3136 tratum
489 3080 840 3151 percipe'ret,
897 3079 982 3132 vel
1034 3095 1100 3133 ex
1157 3079 1492 3149 magistratu
1569 3078 1847 3150 reciperet

225 3177 552 3245 (utrumque
580 3173 733 3228 enim
757 3189 920 3242 neque
950 3172 1133 3226 haeret
1154 3172 1210 3225 in
1243 3171 1499 3242 crimine)
1523 3188 1725 3226 aurum
1748 3172 1842 3226 de-

223 3270 374 3324 disse
404 3268 708 3335 videbitur,
723 3283 834 3320 non
858 3267 1040 3320 solum
1069 3266 1354 3319 honorum
1376 3265 1841 3335 publicationem,

223 3367 277 3417 et
294 3361 576 3428 exsilium,
596 3364 651 3414 et
671 3359 896 3430 corpori
915 3358 1169 3412 adhibita
1191 3362 1473 3412 tormenta
1493 3375 1555 3411 ac
1573 3358 1847 3428 supplicia

223 3454 544 3518 sustinebit,
584 3453 682 3507 sed
711 3453 884 3506 etiam
913 3468 1044 3506 eum
1072 3452 1169 3522 qui
1209 3451 1279 3504 ab
1311 3451 1432 3521 ipso
1461 3450 1545 3520 (ut
1584 3450 1842 3520 praedixi-

223 3550 371 3616 mus)
414 3546 744 3616 susceperit,
791 3545 1121 3615 ingentibus
1159 3543 1322 3597 malis
1361 3543 1624 3597 involvet.
1674 3545 1849 3597 Puras

225 3642 382 3696 enim
415 3658 447 3693 a
472 3639 891 3710 provinciarum
933 3637 1392 3691 moderatoribus
1429 3653 1632 3690 manus
1659 3636 1845 3706 requi-

223 3737 427 3800 rimus,
441 3738 504 3787 ut
524 3733 780 3802 undique
800 3730 1052 3784 subditos
1075 3730 1278 3784 illaesos
1300 3733 1357 3783 et
1377 3730 1637 3783 omnium
1657 3745 1848 3783 rerum

223 3828 390 3899 copia
422 3827 724 3881 affluentes
771 3840 1194 3880 conservemus.
1237 3826 1434 3894 Atqute
1481 3824 1565 3876 hi8
1617 3822 1850 3892 quidem

222 3937 411 3994 poenae
441 3924 559 3974 tam
584 3936 648 3974 ex
670 3918 889 3989 legibus
909 3933 1077 3988 quam
1099 3933 1132 3970 a
1152 3915 1581 3986 magistratibus
1607 3915 1851 3970 inferen-

223 4020 324 4069 tur
342 4013 452 4069 illis
471 4012 571 4084 qui
586 4013 699 4066 tale
719 4010 930 4081 aliquid
957 4009 1427 4082 perpetraverint,
1448 4008 1618 4062 etiam
1639 4008 1774 4062 dum
1791 4007 1850 4062 in

224 4106 512 4180 praedictis
537 4109 674 4159 sunt
699 4104 916 4158 officiis.
941 4105 1152 4157 Damus
1166 4106 1358 4155 autem
1380 4105 1434 4156 et
1455 4102 1604 4156 inter
1627 4101 1851 4172 provin-

224 4201 398 4254 ciales
412 4198 697 4252 licentiam
708 4239 720 4263 ,
736 4197 780 4250 si
798 4197 932 4266 quid
947 4212 1050 4266 per
1064 4194 1414 4266 provinciam
1429 4211 1640 4266 praeses
1652 4198 1852 4249 contra

224 4294 310 4347 fas
329 4292 528 4362 egerit,
556 4294 652 4344 aut
673 4290 844 4343 etiam
866 4290 1167 4343 collatores
1183 4289 1334 4359 ipsos
1349 4288 1570 4342 damnis
1591 4289 1736 4342 forte
1754 4291 1854 4341 aut

225 4384 543 4457 dispendiis
563 4383 852 4454 objecerit,
886 4386 948 4436 ut
975 4383 1071 4436 Dei
1100 4381 1526 4436 amantissimus
1558 4382 1851 4452 episcopus

1939 475 2158 546 scriptis
2183 479 2580 546 cognoscente,
2599 475 2778 529 donec
2801 474 3150 542 universum,
3177 475 3330 546 quod
3349 475 3566 545 rapuis-

1939 585 1997 622 se
2021 568 2323 636 videbitur,
2355 568 2630 622 restituat.
2657 568 2932 638 Adeoque
2963 567 3097 638 ipsis
3123 568 3295 622 etiam
3329 569 3558 638 provin-

1939 660 2194 730 cialibus,
2221 662 2268 714 si
2286 662 2592 732 przesidum
2613 661 2875 731 rapinam
2896 661 3162 726 sentiant,
3186 661 3476 715 referendi
3499 679 3566 716 ea

1941 754 2014 808 ad
2029 771 2131 809 nos
2142 755 2557 821 licentiam,aut
2571 755 2756 824 potius
2775 755 3165 808 necessitatem
3178 754 3567 825 permittimus

1939 851 2004 901 ut
2022 864 2128 902 nos
2167 847 2356 902 edocti
2381 848 2534 918 quod
2559 848 2792 902 omnino
2808 848 2903 918 jus
2941 863 3081 902 auro
3108 829 3308 901 venale
3334 847 3561 918 habeat,

1940 942 2088 996 ultra
2114 941 2364 995 caelestia
2393 940 2687 1012 supplicia,
2719 940 2924 1012 quibus
2950 946 3014 994 ut
3034 939 3430 1010 jurisjurandi,
3460 941 3562 995 sub

1941 1050 2053 1105 quo
2105 1034 2506 1104 magistratum
2551 1034 2816 1104 suscepit,
2865 1033 3102 1088 violator
3145 1038 3226 1087 est
3264 1033 3562 1100 obnoxius,

1942 1126 2117 1180 etiam
2148 1127 2432 1196 praedictis
2464 1127 2623 1181 illum
2653 1126 2832 1197 poenis
2858 1127 3238 1197 subjiciamus.

2011 1219 2068 1274 Si
2095 1224 2288 1273 autem
2309 1220 2552 1275 voluerit
2581 1237 2644 1274 ex
2671 1236 3011 1291 quacunque
3041 1236 3228 1286 causa,
3261 1235 3377 1274 non
3411 1236 3560 1274 com-

1940 1312 2103 1382 pletis
2120 1313 2532 1383 quinquaginta
2549 1313 2766 1380 diebus,
2790 1330 2857 1367 ex
2876 1312 3167 1383 provincia
3189 1313 3407 1382 fugere,
3428 1318 3562 1367 tunc

1941 1406 2406 1476 comprehensus,
2423 1406 2745 1476 ubicunque
2772 1406 2982 1475 degere
3008 1405 3251 1471 videtur,
3282 1406 3569 1459 revocabi-

1941 1502 2036 1552 tur
2065 1499 2298 1569 quidem
2331 1499 2388 1552 in
2437 1499 2809 1570 provinciam,
2843 1499 2900 1552 in
2941 1515 3052 1569 qua
3090 1498 3521 1552 administrabat
3550 1517 3564 1565 ;

1941 1608 2110 1646 omne
2132 1608 2265 1645 vero
2317 1593 2470 1662 quod
2514 1592 2776 1646 inventus
2816 1591 2986 1647 fuerit
3015 1591 3319 1663 accepisse,
3350 1591 3569 1644 restitu-

1943 1687 2002 1738 at
2021 1685 2078 1738 in
2109 1685 2516 1756 quadruplum.

2013 1778 2110 1831 Illo
2139 1777 2351 1831 scilicet
2377 1778 2753 1845 observando,
2786 1778 2844 1832 in
2884 1778 3040 1831 nullo
3072 1777 3182 1830 alio
3205 1777 3439 1831 subditis
3467 1794 3566 1831 no-

1945 1870 2074 1923 stris
2085 1876 2281 1924 contra
2295 1871 2565 1941 pra’sides
2579 1871 2684 1924 ista
2697 1872 2884 1925 facere
2902 1869 3242 1941 permissum
3257 1887 3376 1924 esse
3393 1888 3569 1941 quam

1944 1963 2014 2016 ob
2040 1963 2287 2034 rapinas.
2317 1965 2439 2018 Non
2469 1965 2624 2018 enim
2646 1965 2691 2017 si
2723 1965 2780 2018 in
2808 1964 3098 2033 exigendis
3124 1964 3348 2017 tributis
3375 1969 3571 2018 contra

1944 2057 2250 2124 indevotos,
2275 2060 2373 2110 aut
2398 2057 2455 2110 in
2480 2057 2876 2128 persecutione
2897 2057 3201 2110 criminum
3227 2057 3391 2126 paulo
3410 2057 3572 2110 vehe-

1944 2150 2193 2204 mentior
2236 2149 2383 2203 visus
2432 2156 2533 2216 est,
2587 2151 2799 2221 aliquid
2837 2151 3103 2204 adversus
3150 2151 3337 2220 ipsum
3381 2151 3571 2204 conari

1945 2243 2196 2297 subditos
2228 2243 2645 2313 permittemus.
2696 2243 2841 2307 Quin
2871 2248 3064 2298 contra
3095 2243 3281 2314 potius
3307 2244 3567 2297 omnium

1947 2353 2042 2389 eos
2070 2335 2443 2389 acerbissimis
2486 2337 2664 2407 poenis
2698 2337 3028 2403 subdemus,
3060 2337 3104 2389 si
3138 2337 3260 2390 illos
3293 2336 3391 2406 qui
3418 2337 3572 2406 puris

1943 2429 2032 2482 usi
2060 2432 2191 2482 sunt
2224 2429 2507 2497 manibus,
2537 2434 2594 2484 et
2619 2430 2677 2484 in
2706 2430 3060 2484 exactionem
3081 2430 3423 2483 tributorum
3456 2446 3574 2484 om-

1945 2523 2158 2575 nicura
2187 2539 2249 2574 ac
2277 2521 2574 2592 diligentia
2603 2523 3002 2591 incubuerunt,
3038 2523 3296 2593 deposito
3325 2527 3568 2593 postmo-

1947 2615 2084 2668 dum
2113 2615 2452 2684 magistratu
2479 2616 2700 2685 injuriis
2728 2617 2964 2670 afficere-
2987 2616 3472 2687 praesumpserint,
3506 2634 3569 2669 ac

1947 2725 2063 2763 non
2088 2709 2233 2761 laetis
2257 2708 2760 2780 acclamationibus
2811 2716 2938 2780 post
2975 2710 3310 2780 deputatum
3345 2699 3574 2780 tempus

1947 2801 2264 2872 provincias
2277 2801 2610 2856 excedentes
2631 2802 3571 2872 prosecutifuerint.0portetenim

1945 2894 2281 2949 clarissimos
2315 2895 2733 2965 provinciarum
2774 2899 2980 2949 nostra:
3013 2894 3246 2948 ditionis
3274 2895 3564 2966 praesides,

1947 2988 2042 3059 qui
2070 2994 2196 3059 post
2226 2989 2372 3042 hanc
2400 2989 2585 3059 legem
2627 2989 2804 3042 futuri
2833 2993 2982 3054 sunt,
3014 3005 3132 3042 non
3162 2989 3346 3042 solum
3378 2987 3574 3041 animo

1949 3082 2250 3146 revolvere,
2272 3085 2485 3151 quanta
2508 3081 2636 3136 illos
2652 3087 2882 3136 maneat
2897 3081 3093 3152 gloria,
3115 3081 3162 3135 si
3189 3081 3328 3135 tales
3357 3098 3414 3134 se
3437 3097 3579 3151 prm-

1946 3175 2138 3240 beant,
2173 3174 2269 3228 sed
2295 3175 2466 3228 etiam
2498 3174 2555 3228 in
2582 3177 2825 3245 quantas
2851 3174 3217 3228 difficultates
3239 3173 3508 3241 incident,
3533 3173 3576 3227 si

1948 3268 2248 3338 (quantum
2278 3267 2334 3321 in
2365 3267 2497 3336 ipsis
2526 3270 2627 3337 est)
2660 3268 2808 3321 hanc
2829 3268 3021 3335 legem
3044 3267 3371 3331 dissolvere,
3397 3270 3453 3320 et
3474 3283 3576 3335 pro

1948 3361 2223 3430 abrogata
2254 3360 2464 3413 habere
2491 3359 3305 3430 prwsumpserintAbsurdum
3328 3375 3578 3428 namque

1949 3452 2136 3517 fuerit,
2166 3452 2210 3505 si
2237 3452 2293 3504 in
2322 3451 2538 3504 levibus
2579 3452 2814 3522 quidem
2859 3452 3024 3505 furtis
3051 3451 3440 3522 deprehensos
3469 3451 3574 3520 ipsi

1950 3548 2260 3610 coerceant,
2291 3545 2699 3614 tormentisque
2713 3544 3032 3613 subjiciant,
3055 3560 3156 3596 nec
3175 3543 3331 3614 prius
3348 3543 3576 3597 veniam

1951 3637 2090 3690 dent
2121 3653 2290 3707 quam
2322 3653 2412 3689 res
2439 3636 2656 3689 ablatas
2684 3637 3049 3702 restituerint,
3082 3636 3187 3706 ipsi
3221 3653 3353 3689 vero
3395 3637 3574 3689 maxi-

1949 3745 2177 3784 morum
2227 3731 2509 3783 furtorum
2555 3729 2634 3782 rei
2673 3729 2886 3799 absque
2925 3745 3107 3782 causae
3143 3728 3388 3782 dictione
3436 3745 3581 3783 noxa

1950 3824 2252 3889 solvantur,
2287 3839 2469 3894 neque
2500 3821 2743 3892 exempli
2771 3839 2866 3876 eos
2892 3822 3121 3893 pudeat,
3158 3822 3314 3892 quod
3340 3821 3576 3876 subditis

1950 3916 2009 3970 in
2023 3916 2128 3969 hoc
2143 3915 2427 3982 exhibent,
2448 3932 2579 3969 cum
2613 3915 2847 3970 interim
2875 3915 2919 3970 si
2947 3915 3068 3969 istis
3095 3915 3433 3983 abstineant,
3463 3931 3580 3970 non

1951 4013 2174 4064 tantum
2206 4009 2356 4063 inter
2386 4009 2674 4077 honestos,
2718 4010 2970 4082 ingenue
3021 4009 3293 4079 viventes,
3327 4013 3383 4065 ct
3422 4009 3580 4063 omni

1952 4103 2116 4157 laude
2142 4102 2462 4157 cumulatos
2505 4103 2740 4170 censeri,
2773 4104 2871 4158 sed
2913 4103 3086 4159 etiam
3112 4103 3326 4158 bonum
3359 4120 3393 4157 a
3419 4101 3580 4156 nobis

1951 4196 2346 4250 testimonium
2379 4197 2636 4251 obtinere
2667 4197 2902 4266 possint.

2025 4289 2329 4342 Enimvero
2370 4293 2430 4342 ut
2461 4293 2516 4342 et
2544 4306 2644 4342 nos
2670 4289 2779 4341 illis
2807 4289 3085 4342 honorem
3112 4303 3175 4341 ac
3203 4286 3581 4341 reverentiam

1951 4387 2236 4447 tueamur,
2265 4385 2321 4435 et
2351 4381 2428 4434 illi
2461 4381 2624 4435 nobis
2651 4381 2892 4434 vicissim
2923 4380 3310 4450 integritatem
3339 4379 3584 4432 reddant

224 4485 283 4535 et
326 4478 607 4549 primores
653 4477 774 4547 ejus
802 4477 929 4543 loci,
974 4475 1232 4547 praesidis
1276 4475 1476 4530 delicta
1512 4491 1848 4528 enumeran-
1872 4485 1931 4556 D
1955 4480 2012 4528 et
2041 4474 2518 4541 benevolentiam,
2554 4490 2738 4544 neque
2767 4472 3169 4544 spectabilibus
3191 4471 3445 4538 ducibus,
3479 4488 3580 4526 ne-

224 4580 336 4637 tes,
359 4587 554 4643 preces
583 4571 654 4626 ad
683 4586 786 4624 nos
826 4569 1097 4640 dirigant.
1137 4570 1250 4623 Nos
1280 4569 1434 4622 enim
1465 4584 1523 4622 re
1560 4571 1856 4638 comperta

225 4643 647 4721 destinabimus
690 4664 748 4717 in
775 4662 1127 4734 provinciam
1160 4661 1428 4732 aliquem,
1474 4660 1568 4732 qui
1597 4660 1703 4714 ista
1733 4677 1855 4715 exa-

225 4759 430 4824 minet,
463 4762 524 4812 ut
554 4757 629 4811 ibi
662 4756 997 4812 delictorum
1024 4773 1216 4828 pcenas
1233 4755 1486 4821 sufferat,
1521 4754 1614 4808 ubi
1639 4755 1851 4809 ctdeli-

228 4853 379 4925 qnit,
411 4855 466 4906 et
491 4856 552 4906 ut
577 4850 719 4905 alius
739 4851 810 4905 ad
835 4851 942 4905 hoc
973 4850 1292 4920 exemplum
1324 4848 1652 4920 respiciens,
1681 4849 1856 4904 consi-

225 4946 393 5002 milia
421 4946 604 5000 facere
635 4961 750 4998 non
781 4947 1108 5014 praesumat.

297 5038 620 5094 Secundum
644 5042 861 5093 veteres
879 5036 1310 5091 constitutiones
1331 5037 1729 5092 necessitatem
1761 5037 1855 5091 ha-

221 5134 401 5188 bente
424 5148 490 5186 eo
511 5132 608 5202 qui
625 5132 962 5202 magistratu
981 5130 1334 5201 defungitur,
1357 5135 1422 5184 ut
1439 5130 1664 5201 cingulo
1687 5131 1856 5200 depo-

221 5227 356 5293 sito,
389 5242 492 5296 per
512 5225 927 5297 quinquaginta
951 5224 1069 5279 dies
1097 5224 1155 5277 in
1179 5223 1467 5294 provincia
1494 5223 1595 5276 sub
1625 5223 1852 5293 publico

221 5323 459 5391 aspectu
488 5321 896 5386 commoretur,
927 5321 984 5372 et
1013 5317 1270 5372 omnium
1289 5317 1558 5371 adversus
1584 5333 1643 5370 se
1675 5315 1855 5370 inten-

222 5418 376 5469 tatas
391 5413 640 5467 actiones
662 5412 920 5483 excipiat.
951 5411 1112 5476 Quod
1131 5411 1178 5464 si
1197 5411 1354 5482 prius
1380 5426 1551 5481 quam
1573 5409 1852 5481 quinqua-

225 5510 388 5581 ginta
407 5509 528 5563 dies
548 5509 852 5579 compleat,
884 5507 1189 5579 diffugiens
1211 5510 1482 5577 tanquam
1500 5505 1607 5560 vile
1627 5505 1854 5576 aliquod

220 5602 580 5674 mancipium
609 5602 1143 5674 comprehendatur,
1169 5599 1472 5654 tribuimus
1493 5598 1856 5654 collatoribus

221 5696 516 5751 licentiam
549 5699 609 5751 ut
647 5701 701 5752 et
729 5696 806 5751 ibi
825 5712 957 5751 eum
988 5695 1243 5750 locorum
1272 5693 1586 5761 detineant,
1613 5696 1670 5747 et
1698 5692 1856 5764 quid-

225 5789 365 5861 quid
381 5789 461 5846 illi
479 5789 759 5860 dederint,
776 5794 957 5846 totum
969 5788 1106 5844 furti
1124 5788 1284 5843 titulo
1301 5785 1550 5859 exigant,
1573 5788 1852 5860 praesente

1954 4584 2063 4638 que
2081 4567 2344 4638 cuiquam
2363 4566 2455 4620 alii
2478 4569 2816 4638 potestatem
2843 4566 3102 4633 facimus,
3125 4566 3301 4620 ullam
3327 4565 3431 4620 sibi
3452 4582 3582 4620 con-

1954 4664 2043 4715 tra
2059 4677 2153 4714 eos
2168 4661 2606 4732 praerogativam
2624 4677 2915 4732 usurpare,
2946 4663 3043 4713 aut
3061 4659 3272 4715 inferre
3291 4659 3578 4729 injuriam,

1955 4759 2053 4808 aut
2083 4755 2194 4808 ullo
2223 4771 2281 4806 se
2310 4757 2476 4825 pacto
2505 4754 2762 4809 civilibus
2801 4754 3128 4809 immiscere
3163 4752 3424 4824 negotiis.
3465 4754 3577 4806 No-

1954 4847 2137 4902 verint
2164 4847 2319 4902 enim
2342 4848 2592 4902 universi
2624 4848 2853 4917 subditi,
2879 4848 3029 4919 quod
3062 4852 3293 4918 prepter
3321 4846 3579 4917 ipsorum

1955 4941 2272 5012 commoda,
2306 4958 2515 5014 nempe
2549 4959 2618 4996 ne
2647 4942 2783 5013 quid
2811 4941 3004 4995 damni
3035 4941 3148 4995 ulla
3173 4956 3240 4994 ex
3263 4942 3420 5010 parte
3449 4955 3576 4993 sen-

1957 5039 2119 5107 tiant,
2137 5044 2202 5094 ut
2221 5041 2324 5094 sub
2350 5040 2662 5111 tranquillo
2681 5045 2736 5095 et
2762 5039 2908 5094 felici
2932 5038 3189 5093 omnium
3216 5052 3410 5091 rerum
3432 5040 3582 5091 statu

1957 5139 2146 5204 agant,
2178 5150 2319 5188 neve
2345 5133 2508 5188 sedes
2535 5150 2664 5187 suas
2691 5133 3038 5203 relinquere,
3084 5136 3140 5185 et
3176 5130 3234 5184 in
3275 5131 3582 5202 peregrino

1956 5227 2071 5280 solo
2099 5226 2355 5280 miserias
2399 5227 2618 5297 perpeti
2651 5230 2948 5295 cogantur,
2983 5229 3284 5296 propterea
3328 5241 3580 5296 praesen-

1957 5323 2069 5374 tem
2100 5320 2289 5391 legem
2323 5319 2778 5390 conscripsimus,
2813 5319 2929 5373 Deo
2957 5318 3122 5373 simul
3152 5319 3338 5390 ipsam
3381 5323 3438 5372 ct
3465 5318 3578 5370 ins-

1961 5413 2210 5468 tantibus
2230 5413 2568 5469 venerandis
2597 5412 2822 5483 magnis
2846 5413 2968 5483 ejus
2998 5417 3055 5466 et
3073 5412 3287 5484 publici
3313 5410 3439 5464 festi
3467 5408 3583 5461 die-

1955 5506 2059 5560 bus
2080 5506 2428 5572 dedicantes,
2453 5509 2513 5560 ut
2529 5523 2724 5561 omnes
2742 5506 3086 5577 intelligant,
3106 5505 3285 5575 magis
3306 5519 3364 5555 se
3387 5504 3578 5572 patres

1953 5599 2010 5652 in
2035 5599 2306 5669 praesides
2321 5618 2489 5670 quam
2512 5601 2663 5654 fures
2683 5601 3033 5655 etvilissimis
3053 5595 3348 5665 mancipiis
3364 5592 3579 5646 similes

1954 5691 2266 5746 habituros.
2297 5694 2370 5746 Ex
2416 5711 2529 5766 quo
2557 5700 2771 5764 autem,
2798 5712 2830 5748 ο
2861 5694 3154 5748 collatores
3186 5686 3383 5752 nostri,
3426 5685 3579 5740 scitis

1953 5790 2229 5856 quantam
2282 5803 2382 5857 pro
2424 5789 2580 5845 vobis
2615 5789 2674 5846 in
2721 5788 2910 5844 animo
2959 5798 3158 5837 curam
3201 5779 3577 5852 reposuimus,
