4054 6186
1555 273 1807 328 S.-ECUL|
1848 273 2038 326 SEXTI
2075 272 2623 332 SUPPLEMENTUM.

3663 280 3762 334 956

421 392 654 447 aequum
677 380 766 432 est
793 380 852 433 ut
870 381 931 432 et
951 394 1046 433 vos
1063 394 1195 434 cum
1219 395 1445 435 summa
1468 381 1643 436 animi
1671 381 1960 474 alacritate
1985 384 2044 437 et
2063 387 2124 462 Α
2139 379 2247 436 bus
2265 381 2508 452 eripere,
2531 397 2722 452 neque
2739 380 2811 436 ob
2827 380 3166 452 praedictam
3199 395 3430 436 causam
3446 380 3603 452 ipsos
3621 398 3774 454 pre-

425 469 642 541 absque
659 469 776 526 ullo
797 471 1140 528 detrimento
1153 472 1378 542 publica
1395 474 1604 531 tributa
1621 469 1902 543 inferatis,
1925 493 2043 532 non
2142 476 2294 530 sides
2313 490 2577 532 coercere
2601 474 2914 546 potuerint.
2941 475 3053 529 Nos
3083 476 3280 528 autem
3303 473 3436 528 satis
3458 489 3582 528 esse
3611 474 3765 530 redi-

425 567 746 635 exspectata
773 565 1161 635 compulsione
1187 567 1518 637 praesidum,
1551 569 1668 624 imo
1694 569 1774 624 ita
1803 585 1899 624 vos
1922 571 2042 626 ala-

426 673 568 724 cres,
602 661 660 714 et
701 658 930 712 devotos
966 659 1112 714 ultro
1154 660 1475 731 praebeatis,
1517 665 1580 717 ut
1624 663 1784 718 nobis
1813 679 1878 717 ex
1908 663 2046 734 ipsis

427 749 588 805 factis
617 749 887 805 indicium
909 751 1008 806 ﬂat
1027 753 1181 823 quod
1207 771 1309 825 pro
1334 759 1452 809 tam
1476 757 1668 827 ampla
1695 771 1834 827 erga
1864 773 2046 828 genus

427 842 744 900 humanum
787 843 1141 914 benignitate
1186 851 1432 903 vestram
1474 849 1640 904 nobis
1682 849 2047 906 devotionem

427 937 864 1006 repraesentetis,
885 940 943 992 et
969 940 1176 994 merito
1196 942 1347 1012 apud
1361 943 1630 1013 praesides
1646 943 1941 999 occasione
1956 943 2049 1000 dc-

427 1027 662 1083 votionis
693 1046 980 1086 summum
1019 1033 1274 1088 favorem
1305 1035 1604 1090 obtineatis
1634 1040 1692 1091 et
1737 1037 2046 1106 providen-

427 1121 587 1177 tiam.
621 1124 700 1177 Ac
728 1140 860 1178 cum
891 1126 1124 1181 omnino
1161 1128 1498 1198 praesidibus
1525 1129 1872 1184 tributorum
1894 1130 2044 1202 peri-

430 1215 621 1270 culum
639 1216 954 1285 immineat,
976 1223 1036 1274 et
1048 1220 1108 1274 in
1126 1222 1383 1276 confesso
1401 1226 1484 1277 est
1505 1223 1660 1294 quod
1676 1241 1778 1279 suo
1795 1224 2048 1294 periculo

431 1307 504 1362 ad
535 1309 722 1364 officia
752 1312 1204 1382 proficiscuntur,
1238 1314 1410 1386 idque
1439 1315 1612 1370 etiam
1634 1333 1730 1370 vos
1755 1317 2048 1386 cognosci-

429 1399 519 1466 tis,
551 1403 817 1458 convenit
853 1408 914 1459 ut
956 1409 1014 1460 et
1055 1423 1153 1462 vos
1193 1407 1302 1463 ista
1327 1409 1591 1476 scientes,
1623 1409 2050 1466 indevotionem

431 1495 698 1550 omnibus
716 1497 898 1552 modis
915 1499 1152 1568 evitetis,
1166 1517 1355 1572 neque
1370 1501 1448 1556 ita
1468 1503 1719 1558 rationes
1735 1519 1801 1558 ac
1819 1503 2055 1560 consilia

434 1591 624 1643 vestra
636 1589 704 1644 ad
725 1590 1174 1648 inobedientiam
1195 1594 1524 1664 traducatis,
1541 1598 1605 1650 ut
1622 1597 1874 1668 ipsorum
1892 1598 2056 1653 vehe-

435 1681 647 1736 mentia
675 1699 816 1753 opus
833 1683 924 1750 sit,
955 1701 1125 1755 quam
1143 1703 1372 1742 necesse
1389 1691 1475 1742 est
1493 1706 1589 1743 eos
1613 1706 1900 1746 assumere
1920 1708 2052 1762 pro-

437 1777 568 1844 pter
594 1749 990 1832 inevitabilem
1003 1778 1349 1836 tributorum
1365 1783 1732 1839 exactionem.
1757 1749 2054 1855 Siquidem
2073 1749 2132 1823 B

440 1872 496 1922 et
520 1867 680 1924 vobis
709 1874 907 1925 notum
933 1873 1036 1938 est,
1060 1888 1092 1925 ο
1118 1872 1330 1928 subditi
1356 1876 1552 1943 nostri,
1582 1876 1736 1947 quod
1779 1876 2058 1932 militares

442 1976 720 2032 expensas,
751 1966 808 2016 et
825 1965 1245 2034 persecutiones
1267 1967 1536 2035 hostium,
1550 1972 1675 2024 tum
1692 1986 1901 2040 magna
1916 1971 2061 2026 indi-

439 2057 576 2120 gent
604 2055 951 2125 assiduitate,
982 2061 1106 2113 tum
1142 2059 1266 2114 sine
1301 2061 1556 2132 pecuniis
1592 2063 1826 2118 omnino
1863 2063 2060 2118 conﬁci

441 2152 750 2216 nequeunt,
773 2165 903 2204 cum
929 2167 1115 2222 neque
1144 2153 1316 2207 ullam
1339 2170 1403 2208 ea
1430 2171 1522 2209 res
1553 2155 1889 2211 dilationem
1915 2155 2058 2211 reci-

439 2238 578 2308 piat,
607 2257 792 2312 neque
818 2259 924 2298 nos
945 2244 1122 2314 sequis
1149 2245 1323 2300 oculis
1357 2247 1749 2303 Romanorum
1786 2249 2062 2304 ditionem

443 2331 801 2389 deminutam
826 2337 1077 2408 aspicere
1095 2339 1489 2409 sustineamus,
1509 2341 1610 2396 sed
1639 2341 1824 2412 potius
1848 2341 2066 2396 univer-

445 2440 508 2478 sa
542 2425 667 2496 jam
696 2427 870 2499 Libya
898 2436 1246 2502 recuperata,
1285 2437 1341 2488 et
1371 2433 1430 2488 in
1469 2435 1797 2490 servitutem
1825 2435 2067 2490 redactis

444 2519 726 2588 Vandalis,
753 2523 933 2578 multo
963 2525 1217 2595 quotidie
1245 2526 1334 2581 his
1357 2528 1583 2598 majora
1610 2545 1712 2583 nos
1731 2545 1765 2584 a
1794 2529 1906 2583 Deo
1929 2545 2064 2600 per-

447 2615 714 2683 cepturos
732 2617 792 2670 et
814 2619 1144 2686 peracturos
1159 2636 1475 2690 speremus,
1495 2621 1569 2676 ad
1585 2638 1711 2693 quae
1730 2623 2068 2678 conveniens

450 2709 535 2760 est
553 2706 768 2763 tributa
781 2710 1008 2780 publica
1026 2712 1148 2766 sine
1170 2713 1526 2781 detrimento,
1543 2719 1600 2770 et
1617 2732 1748 2770 eum
1763 2717 2066 2784 alacritate,

448 2801 508 2852 et
547 2799 829 2871 deputatis
865 2803 1011 2875 exigi
1041 2807 1415 2877 temporibus.
1466 2809 1602 2863 Inde
1633 2808 1776 2863 adeo
1819 2809 1865 2864 si
1890 2812 1950 2864 et
1971 2826 2072 2864 vos

450 2894 783 2962 prasidibus
807 2896 1009 2952 devote
1051 2899 1122 2954 ad
1167 2901 1507 2956 solutionem
1553 2902 1880 2971 occurratis,
1908 2902 2070 2956 etilli

449 2985 700 3042 libenter
723 2990 1101 3062 expediteque
1121 2993 1328 3048 tributa
1360 2995 1429 3050 ad
1448 3012 1552 3050 nos
1575 2996 1818 3066 perferri
1844 3012 2071 3050 curave-

2141 571 2306 623 tuum
2321 568 2566 640 imperio
2593 567 2962 634 arbitramur,
2991 566 3041 622 si
3057 567 3146 622 vel
3161 566 3284 622 sola
3301 565 3528 637 publica
3547 566 3766 624 tributa

2143 661 2442 716 collatores
2473 661 2747 728 inferant,
2770 676 2960 731 neque
2982 675 3126 730 opus
3155 676 3297 726 esse,
3329 662 3393 714 ut
3419 663 3580 714 extra
3609 659 3764 714 ordi.

2146 770 2282 808 nem
2302 754 2362 808 in
2393 753 2514 809 dies
2541 754 2652 808 alia
2681 757 2854 824 atque
2883 753 2998 808 alia
3029 753 3460 824 conquirantur,
3484 769 3616 824 qua:
3638 752 3766 807 uni-

2145 863 2372 902 versam
2391 847 2519 902 vitae
2551 847 2840 902 rationem
2861 845 3102 900 subditis
3123 845 3472 900 concutiant.

2217 939 2378 1006 Quod
2404 957 2537 996 vero
2563 957 2598 994 a
2626 939 2791 995 nobis
2816 940 2988 1010 paulo
3017 942 3150 993 ante
3177 938 3392 993 dictum
3419 941 3524 1004 est,
3557 937 3618 992 id
3641 955 3768 992 ma-

2139 1035 2268 1104 jore
2289 1033 2488 1099 etiam,
2513 1036 2570 1088 et
2589 1032 2956 1104 exquisitiore
2995 1031 3354 1102 legislatione
3383 1031 3771 1086 muniendum

2147 1127 2494 1193 censuimus,
2518 1129 2582 1180 ut
2595 1125 2774 1181 animi
2795 1125 2973 1180 nostri
2992 1123 3351 1195 propositum
3370 1123 3641 1178 omnibus
3659 1125 3776 1178 elu-

2149 1223 2354 1275 cescat.
2378 1219 2680 1275 Sancimus
2695 1218 2856 1273 enim
2876 1221 2940 1272 ut
2954 1217 3254 1272 clarissimi
3269 1217 3391 1287 subj
3399 1221 3658 1271 ectarum
3675 1233 3778 1271 no-

2147 1313 2236 1368 bis
2263 1312 2684 1384 provinciarum
2709 1311 3000 1382 preesides,
3020 1311 3236 1382 absque
3257 1310 3372 1365 ulla
3391 1310 3774 1381 pecuniarum

2153 1403 2384 1458 datione
2410 1401 2602 1468 creati,
2637 1406 2693 1456 et
2715 1399 2951 1471 prmstiti
2980 1416 3015 1455 a
3041 1415 3099 1454 se
3123 1398 3500 1470 jurisjurandi
3545 1415 3774 1454 memo-

2151 1513 2264 1563 res,
2289 1497 2397 1553 hoc
2419 1495 2594 1550 etiam
2606 1494 2702 1564 jus
2719 1510 2753 1548 a
2774 1493 2938 1548 nobis
2959 1492 3278 1558 obtineant,
3303 1507 3376 1545 ne
3406 1508 3520 1563 qua
3547 1492 3621 1546 sit
3649 1509 3779 1546 om-

2154 1591 2292 1646 nino
2313 1588 2466 1660 apud
2489 1587 2642 1659 ipsos
2661 1586 2769 1641 fori
2787 1585 3160 1656 praescriptio,
3185 1583 3301 1638 sive
3329 1584 3400 1639 de
3417 1585 3472 1638 vi
3489 1583 3782 1654 aliquibus

2153 1683 2330 1749 illata,
2359 1682 2474 1737 sive
2505 1681 2578 1736 de
2603 1679 2956 1748 criminibus,
2978 1682 3033 1732 et
3062 1678 3194 1733 inde
3214 1677 3364 1732 natis
3390 1677 3636 1748 injuriis,
3665 1679 3783 1732 sive

2155 1777 2226 1832 de
2246 1774 2534 1830 instantiis
2549 1791 2616 1829 ac
2630 1772 2862 1844 judiciis
2883 1771 3144 1844 publicis,
3173 1770 3290 1825 sive
3317 1770 3388 1825 de
3414 1770 3783 1842 publicorum

2153 1871 2502 1924 tributorum
2524 1864 2920 1921 exactionibus
2939 1863 3150 1936 agitur,
3170 1863 3270 1918 sed
3291 1879 3360 1918 ex
3385 1880 3552 1935 aequo
3575 1879 3784 1918 omnes

2157 1965 2364 2018 horum
2383 1959 2770 2032 jurisdictioni
2797 1958 3150 2029 subjaceant,
3179 1973 3297 2012 non
3318 1957 3784 2028 exspectantibus

2158 2056 2293 2128 ipsis
2319 2055 2503 2109 donec
2529 2071 2564 2108 a
2589 2051 3039 2123 magistratibus,
3080 2050 3288 2122 quibus
3318 2054 3452 2105 sunt
3481 2050 3784 2122 suppositi,

2153 2150 2312 2220 jussa
2325 2147 2625 2218 accipiant,
2645 2148 2745 2200 aut
2769 2145 2950 2200 donec
2975 2143 3050 2198 ad
3069 2143 3201 2200 illos
3233 2143 3510 2211 referant,
3528 2143 3634 2198 sed
3649 2160 3785 2198 con~

2161 2242 2302 2297 tenti
2328 2241 2442 2295 sint
2463 2240 2570 2295 hac
2595 2241 2792 2294 nostra
2814 2238 2962 2308 lege,
2993 2253 3093 2308 per
3117 2253 3294 2308 quam
3323 2237 3561 2307 plenam
3593 2237 3678 2290 eis
3695 2253 3789 2308 po-

2162 2336 2426 2390 testatem
2454 2331 2754 2397 tradimus,
2799 2329 3033 2384 nemine
3061 2329 3301 2385 omnino
3349 2329 3650 2384 licentiam
3687 2330 3785 2384 ha-

2161 2429 2332 2483 bente
2379 2427 2439 2481 in
2490 2424 2775 2497 praedictis
2814 2423 2998 2478 causis
3038 2423 3123 2477 uti
3171 2422 3286 2477 ullo
3325 2422 3652 2493 privilegio,
3696 2427 3792 2477 aut

2165 2521 2371 2576 exinde
2387 2519 2496 2574 sibi
2515 2519 2752 2591 impune
2775 2515 3151 2586 delinquendi
3170 2515 3574 2570 auctoritatem
3598 2531 3788 2570 sume-

2165 2616 2449 2685 re.Neque
2467 2613 2623 2668 enim
2639 2611 2932 2684 praesides,
2951 2611 3000 2665 si
3012 2609 3168 2664 omni
3182 2625 3422 2663 munere
3438 2609 3789 2674 abstineant,

2169 2707 2481 2781 quidquam
2498 2705 2696 2760 timori
2713 2705 2836 2771 Dei,
2851 2703 3014 2774 legis,
3040 2709 3096 2757 et
3117 2702 3300 2757 nostri
3317 2705 3683 2772 prteponent,
3697 2701 3794 2756 sed

2169 2818 2238 2857 eo
2255 2800 2644 2872 respicientes,
2666 2797 2908 2854 subditis
2923 2795 3344 2851 conservabunt
3355 2794 3664 2865 justitiam,
3681 2811 3796 2850 om-

2168 2895 2266 2950 nia
2276 2893 2592 2948 secundum
2602 2893 2759 2962 leges
2771 2893 3014 2958 nostras,
3029 2892 3086 2944 et
3095 2888 3442 2959 judicantes,
3458 2892 3516 2942 et
3529 2891 3792 2958 agentes.

2171 2991 2234 3043 In
2253 2987 2459 3042 talibus
2495 2986 2652 3040 enim
2677 2985 2851 3040 etiam
2875 2982 3084 3038 milites
3103 2982 3204 3053 qui
3228 2981 3288 3036 in
3318 2981 3628 3051 provinciis
3655 2981 3795 3036 resi-

453 3077 587 3182 rint,
604 3084 721 3134 tam
744 3083 1012 3152 praesides
1028 3085 1101 3138 ob
1120 3085 1476 3156 diligentiam
1503 3088 1877 3157 laudabimus,
1901 3105 2070 3160 quam
2093 3111 2148 3185 Ο
2175 3081 2331 3146 dent,
2369 3080 2505 3151 ipsis
2529 3077 2938 3145 submittimus,
2981 3092 3097 3130 non
3129 3091 3266 3185 sane
3294 3073 3696 3144 indigentibus
3729 3073 3800 3127 ad

455 3171 628 3226 etiam
647 3189 744 3228 vos
771 3174 842 3228 ob
871 3180 1198 3247 promptam
1223 3179 1570 3234 voluntatem
1594 3181 2073 3251 amplexabimur,

455 3265 676 3336 eritque
703 3266 852 3322 bella
873 3269 1150 3340 quaedam,
1171 3256 1498 3343 et'undique
1523 3289 1772 3329 consona
1802 3273 1953 3329 inter
1978 3291 2078 3330 eos

456 3359 552 3431 qui
573 3359 897 3430 praesident,
917 3363 1234 3435 quibusque
1255 3365 1612 3435 prmsidetur,
1634 3367 1954 3422 harmonia.
1969 3368 2079 3422 Ma-

454 3467 570 3521 gno
593 3452 767 3522 igitur
777 3455 892 3510 Deo
910 3459 968 3509 et
987 3456 1272 3512 Servatori
1287 3463 1482 3514 nostro
1502 3460 1530 3514 Ι
1534 3475 1634 3513 esu
1649 3459 1868 3516 Christo
1884 3460 2078 3516 laudes

457 3561 560 3616 pro
576 3546 683 3601 hac
703 3547 832 3618 lege
861 3549 1028 3604 simul
1045 3565 1242 3606 omnes
1259 3550 1518 3620 offerant,
1537 3569 1666 3624 qua:
1685 3551 1824 3624 ipsis
1843 3556 2075 3624 praesta-

455 3638 540 3694 bit
561 3639 694 3694 utin
719 3657 818 3694 sua
839 3642 1078 3714 quisque
1093 3643 1281 3714 patria
1301 3661 1497 3699 secure
1513 3645 1796 3712 habitent,
1817 3663 1915 3700 sua
1931 3646 2081 3717 quis-

455 3747 568 3804 que
588 3733 738 3788 bona
761 3735 1110 3804 possideant,
1135 3740 1192 3791 et
1209 3738 1460 3792 fructum
1484 3742 1760 3810 praeterea
1786 3754 1856 3794 ex
1882 3739 2076 3810 praesi-

460 3823 599 3878 dum
613 3825 836 3894 justitia
859 3827 1196 3898 percipiant.
1223 3831 1291 3884 Et
1315 3847 1452 3886 sane
1481 3847 1586 3886 nos
1621 3847 1852 3902 quoque
1869 3831 1978 3886 hac
2008 3831 2080 3886 de

460 3931 630 3970 causa
659 3917 839 3987 ipsam
865 3919 1179 3989 posuimus,
1201 3925 1265 3976 ut
1293 3939 1398 3992 per
1415 3923 1560 3978 hanc
1585 3924 1730 3994 legis
1751 3924 2080 3994 aequitatem

464 4024 532 4063 eo
556 4008 777 4064 facilius
797 4027 902 4064 nos
927 4012 1039 4066 Deo
1055 4013 1374 4080 conciliare,
1395 4019 1777 4087 nostrumque
1798 4016 1884 4071 illi
1906 4017 2082 4091 impe-

461 4101 613 4157 rium
635 4104 1102 4159 commendatum
1128 4105 1373 4160 reddere
1393 4123 1706 4178 possemus,
1722 4125 1866 4164 neve
1894 4109 2079 4164 homi-

463 4212 584 4262 nes,
615 4212 756 4267 quos
784 4198 936 4252 Deus
961 4197 1124 4252 nobis
1148 4199 1208 4252 in
1236 4199 1342 4253 hoc
1365 4199 1618 4266 tradidit,
1642 4205 1706 4255 ut
1731 4201 1904 4256 secuti
1935 4201 2083 4256 illius

463 4289 801 4360 bonitatem,
841 4307 946 4362 per
976 4291 1170 4347 omnia
1203 4292 1486 4348 rationem
1516 4293 1740 4349 illorum
1770 4295 2086 4350 clementer

462 4383 826 4452 haberemus,
849 4401 1152 4457 oppressos
1189 4385 1399 4457 injuria
1425 4387 1714 4458 despicere
1735 4387 2082 4444 videremur.

2175 3175 2283 3230 hoc
2303 3173 2531 3244 speciali
2554 3173 2737 3243 jussu,
2763 3171 2853 3225 vel
2881 3172 3078 3226 nostro
3109 3169 3194 3223 vel
3236 3171 3570 3223 nostrorum
3601 3183 3798 3238 prooe-

2176 3284 2324 3333 rum,
2337 3267 2438 3320 sed
2453 3269 2676 3321 tantum
2689 3262 2955 3335 praesenti
2973 3263 3101 3333 lege
3117 3261 3426 3327 utentibus,
3445 3263 3502 3315 et
3517 3260 3798 3314 militibus

2177 3377 2307 3416 eam
2329 3357 2780 3424 ostendentibus,
2811 3359 2874 3411 ut
2897 3357 3180 3428 potestate
3215 3353 3389 3409 ofﬁcii
3425 3353 3565 3424 ipsis
3585 3352 3793 3408 utenti-

2174 3454 2280 3510 bus
2305 3452 2512 3510 auxilio
2542 3451 2691 3506 sint:
2729 3449 2970 3504 scientes
2999 3448 3154 3520 quod
3183 3447 3232 3501 si
3255 3448 3364 3502 hoc
3395 3462 3510 3500 non
3541 3447 3788 3518 egerint,

2134 3565 2144 3576 ·
2179 3565 2296 3604 non
2315 3547 2500 3602 solum
2517 3558 2883 3600 annonarum
2905 3546 2962 3596 et
2990 3540 3212 3596 militias
3238 3539 3612 3595 amissionem
3635 3539 3800 3593 susti-

2179 3641 2416 3706 nebunt,
2432 3638 2534 3694 sed
2558 3637 2734 3692 etiam
2760 3635 2831 3690 de
2852 3650 3090 3705 corpore
3114 3632 3348 3688 venient
3373 3631 3432 3686 in
3453 3631 3801 3703 periculum.

2179 3735 2252 3788 Ut
2272 3733 2426 3787 nullo
2435 3733 2714 3803 praeterea
2739 3727 2902 3783 nobis
2928 3727 3040 3782 alio
3062 3725 3404 3796 magistratu
3420 3741 3565 3795 opus
3581 3725 3676 3792 sit,
3701 3727 3801 3778 aut

2182 3826 2356 3881 etiam
2380 3825 2466 3880 vel
2495 3823 2984 3888 latrunculatores,
3005 3821 3094 3874 vel
3121 3835 3266 3890 quos
3290 3821 3498 3873 vocant
3515 3816 3804 3872 violentiis

2181 3917 2516 3975 cohibendis
2543 3916 2684 3988 (imo
2719 3912 3165 3986 grassationibus
3203 3909 3552 3975 exercendis)
3585 3925 3806 3980 praepo-

2182 4013 2338 4080 sitos,
2369 4012 2456 4066 vel
2482 4011 2868 4065 exarmatores
2890 4005 3176 4072 emittere,
3195 4003 3332 4059 satis
3351 4002 3588 4074 quidem
3621 4002 3800 4056 hone-

2183 4112 2294 4160 stos
2324 4121 2441 4176 prae
2471 4120 2530 4158 se
2559 4103 2808 4157 ferentes
2843 4099 3060 4166 titulos,
3095 4114 3159 4152 re
3208 4099 3402 4151 autem
3433 4095 3558 4166 ipsa
3603 4109 3802 4165 perpe-

2180 4201 2401 4254 trantes
2430 4195 2692 4251 omnium
2736 4191 3205 4265 ﬂagitiosissima.
3237 4190 3382 4244 Nam
3412 4187 3458 4242 si
3487 4187 3806 4258 provincia-

2187 4307 2314 4346 rum
2346 4288 2614 4362 praasides
2639 4285 3102 4356 uniuscujusque,
3133 4283 3220 4337 vel
3244 4282 3634 4336 maximorum
3681 4296 3800 4334 ma-

2189 4385 2528 4457 gistratuum
2559 4383 2748 4437 locum
2778 4379 3041 4450 implent,
3078 4377 3512 4445 multorumque
3556 4373 3804 4428 aliorum

463 4476 624 4531 Unde
657 4476 961 4548 (quantum
978 4479 1050 4534 ad
1071 4477 1196 4549 nos)
1215 4483 1545 4535 consecrata
1563 4481 1635 4536 sit
1647 4483 1760 4536 Deo
1782 4486 2086 4552 propterea
2102 4475 2164 4548 D
2179 4477 2441 4549 judicum
2468 4476 2650 4531 instar
2677 4476 2810 4528 sunt
2850 4469 3176 4543 provinciis,
3204 4473 3261 4524 et
3285 4472 3566 4539 quantum
3590 4466 3652 4520 in
3673 4465 3806 4536 ipsis

464 4569 614 4639 quod
633 4569 773 4625 nihil
795 4587 993 4626 eorum
1008 4571 1312 4640 bonorum,
1339 4589 1468 4644 quas
1493 4590 1600 4646 pro
1617 4573 1860 4630 tuitione
1884 4574 2080 4628 subdi-

462 4666 656 4718 torum
675 4663 914 4719 nobisin
933 4670 1187 4720 mentem
1205 4666 1458 4736 veniunt,
1473 4667 1808 4722 omittimus.
1821 4667 2086 4722 Volentes

467 4755 623 4810 enim
643 4756 940 4813 illiberalia
965 4757 1078 4826 illa,
1104 4763 1161 4813 et
1179 4760 1404 4815 servilia
1425 4761 1573 4815 furta
1591 4761 1809 4827 tollere,
1837 4763 1896 4815 et
1913 4761 2085 4816 colla-

464 4853 618 4904 tores
637 4853 864 4906 nostros
881 4851 1051 4920 tueri,
1069 4868 1142 4906 ne
1167 4853 1299 4924 quid
1327 4869 1594 4924 asperum
1614 4870 1648 4909 a
1667 4853 2086 4925 provinciarum

466 4944 924 4999 moderatoribus
950 4945 1261 5016 patiantur,
1294 4952 1598 5018 prepterea
1624 4949 1802 5018 gratis
1829 4947 1938 5002 illis
1963 4947 2084 5002 ofﬁ-

467 5035 553 5090 cia
587 5039 845 5093 conferre
873 5039 1214 5106 studuimus,
1235 5055 1308 5094 ne
1329 5056 1504 5110 quam
1533 5040 1604 5094 ad
1635 5041 2089 5112 delinquendum

470 5126 967 5202 diripiendumque
1011 5133 1285 5203 subditos,
1315 5149 1562 5204 quorum
1587 5134 1770 5204 gratia
1802 5133 1945 5188 nihil
1974 5150 2092 5188 non

468 5221 677 5276 laboris
694 5224 1421 5294 sustinemus,occasionem
1435 5226 2093 5297 habeant,dedignantes

471 5312 684 5368 imitari
705 5330 804 5368 eos
829 5316 926 5386 qui
947 5321 1078 5373 ante
1095 5335 1200 5374 nos
1222 5319 1468 5393 imperio
1487 5320 1853 5391 praefuerant,
1870 5319 1966 5391 qui
1987 5335 2091 5391 pro

469 5407 730 5479 pecuniis
751 5424 854 5462 con
863 5409 1108 5465 ferentes
1127 5413 1336 5482 officia,
1354 5413 1461 5468 sibi
1483 5413 1618 5484 ipsis
1631 5412 1784 5484 juste
1799 5411 2095 5484 increpan-

473 5501 528 5555 di
551 5517 650 5557 eos
672 5501 773 5574 qui
793 5501 1002 5572 injuste
1024 5519 1083 5557 se
1108 5503 1167 5559 in
1187 5506 1388 5561 officiis
1413 5507 1693 5577 gerebant
1711 5505 1933 5578 capiam
1956 5505 2090 5560 ade-

471 5595 889 5668 merunt,digni
905 5596 1161 5668 profecto
1179 5598 1384 5668 quibus
1398 5603 1634 5670 propter
1643 5599 1890 5672 turpiter
1900 5615 2097 5670 accep-

471 5693 586 5742 tam
608 5707 712 5761 pro
726 5689 926 5745 officiis
941 5691 1246 5762 pecuniam
1265 5691 1453 5762 capita
1473 5693 1910 5748 obvolverentur
1925 5691 2096 5762 pallio

477 5797 606 5836 cum
630 5799 818 5854 neque
842 5801 970 5839 suos
987 5800 1052 5840 ea
1069 5801 1128 5838 re
1159 5785 1454 5840 collatores
1473 5785 1542 5839 ab
1563 5784 1834 5859 improbis
1845 5784 2098 5860 prasidi-

2187 4577 2290 4639 est,
2335 4569 2647 4625 secundum
2691 4567 2848 4636 leges
2875 4566 3099 4620 nostras
3129 4561 3438 4618 sententias
3481 4560 3802 4632 proferunt,

2185 4664 2312 4736 quis
2331 4668 2429 4718 aut
2453 4660 2881 4734 praescriptione
2911 4657 3040 4724 fori,
3066 4659 3166 4711 aut
3193 4654 3302 4710 alio
3333 4653 3454 4724 ejus
3479 4652 3714 4724 generis
3730 4651 3806 4705 uti

2186 4757 2340 4829 apud
2372 4757 2525 4827 ipsos
2552 4752 2808 4810 audeat?

2257 4848 2656 4906 lnterdicimus
2675 4850 2869 4900 autem
2891 4848 2949 4898 et
2970 4840 3384 4915 gloriosissimo
3400 4854 3506 4910 per
3515 4837 3807 4893 Orientem

2188 4943 2462 5014 magistro
2483 4939 2753 5006 militum,
2767 4943 2824 4992 et
2841 4935 3106 4992 omnibus
3122 4933 3360 4989 omnino
3378 4930 3810 5002 magistratibus

2191 5035 2419 5103 nostris,
2442 5050 2514 5088 ne
2529 5033 2618 5088 vel
2637 5031 3128 5094 latrunculatores,
3141 5027 3228 5081 vel
3249 5024 3533 5080 violentiis
3545 5023 3810 5079 cohiben-

2191 5130 2278 5184 dis
2307 5127 2660 5201 preepositos,
2685 5125 2772 5178 vel
2809 5125 3215 5187 exarmatores,
3238 5119 3326 5173 vel
3351 5116 3644 5189 ejusmodi
3677 5116 3811 5172 alios

2191 5225 2251 5278 in
2274 5220 2592 5295 provincias
2607 5217 2893 5274 emittant.
2915 5215 3102 5272 Sciant
3122 5212 3300 5280 enim,
3319 5211 3417 5282 qui
3436 5210 3510 5265 ad
3530 5210 3642 5265 hoc
3663 5209 3816 5263 insti-

2191 5316 2274 5372 tui
2307 5317 2436 5388 post
2461 5315 2613 5369 hanc
2638 5315 2896 5366 nostram
2931 5310 3123 5380 legem
3155 5303 3650 5377 praesumpserint,
3683 5318 3818 5373 quo-

2193 5410 2350 5465 niam
2387 5407 2538 5480 capti
2565 5423 2600 5460 a
2629 5403 2838 5460 nostris
2867 5400 3158 5474 judicibus
3194 5396 3646 5470 provinciarum,
3677 5399 3738 5450 et
3762 5395 3815 5448 in

2193 5502 2418 5557 vincula
2425 5499 2784 5570 redigentur,
2797 5501 2854 5552 et
2869 5510 3039 5551 causa
3049 5492 3124 5548 ad
3135 5508 3238 5546 nos
3249 5489 3512 5544 nuntiata
3529 5502 3816 5544 summum

2195 5613 2230 5651 a
2249 5595 2415 5652 nobis
2437 5592 2755 5666 periculum
2775 5587 3166 5654 sustinebunt;
3190 5589 3247 5640 et
3266 5583 3362 5655 qui
3385 5580 3724 5652 hujusmodi
3743 5579 3820 5634 eis

2194 5693 2478 5761 precepta
2497 5683 2862 5751 tradiderint,
2889 5680 3130 5752 triginta
3146 5677 3420 5733 librarum
3447 5674 3570 5730 auri
3594 5687 3820 5745 penam

2195 5781 2638 5852 sustinebunt,et
2657 5777 2936 5852 majorem
2969 5773 3224 5847 insuper,
3246 5786 3312 5826 ac
3327 5767 3820 5826 vehementiorem
