4054 6186
219 287 323 341 957

587 285 951 342 JUSTINIANI
988 288 1279 345 EDICTUM
1315 291 1402 346 AD
1440 291 1682 357 UBIQUE
1719 284 2165 347 CONSTITUTOS
2201 289 2554 346 EPISCOPOS
2589 289 2673 344 ET
2708 289 3188 344 PATRIARCIIAS.

3453 291 3560 348 95$

220 396 482 448 nostram
507 393 970 465 indignationem
996 398 1380 469 experientur.
1414 398 1654 469 Oportet
1670 396 1845 468 igitur
1864 411 1924 484 Α
1941 397 2406 470 pensitationem,
2423 396 2753 469 ingentibus
2777 398 3060 468 prmterea
3080 393 3308 467 injuriis
3323 399 3561 466 propter

219 485 646 556 provinciarum
663 488 933 560 praesides
947 494 1108 546 tanta
1123 507 1158 546 a
1175 491 1337 546 nobis
1349 493 1631 563 potestate
1647 491 1844 563 digna-

217 582 330 646 tos,
355 579 435 636 ita
463 597 524 635 se
555 581 616 636 in
655 583 892 652 agendis
934 583 1106 638 rebus
1153 601 1378 655 gerere,
1415 588 1480 639 ut
1520 584 1725 656 (quoad
1755 588 1840 640 ta-

219 687 360 728 men
383 673 626 743 justitia,
641 677 700 728 et
716 675 872 746 leges
895 675 1250 748 permittunt)
1269 678 1342 733 ab
1361 677 1629 733 omnibus
1645 677 1840 734 formi-

219 765 430 820 dentur
453 783 466 821 :
487 767 733 822 scientes
753 769 908 839 quod
933 769 979 823 si
1005 771 1153 825 male
1183 775 1241 826 et
1267 775 1478 842 praeter
1502 770 1844 842 dignitatem

219 874 253 912 a
276 858 442 913 nobis
469 861 790 916 commissae
818 861 898 917 eis
920 864 1220 934 potestatis
1241 863 1454 919 tradita
1483 863 1843 920 administra-

219 951 380 1006 tione
400 955 654 1022 utantur,
671 955 973 1012 antedictis
989 957 1364 1028 subjacebunt
1382 957 1669 1029 suppliciis
1693 973 1706 1012 :
1731 973 1844 1012 sus-

219 1043 471 1100 tinentes
492 1047 704 1103 scilicet
727 1064 794 1104 ea
821 1049 960 1106 dum
987 1050 1175 1106 adhuc
1199 1051 1257 1105 in
1281 1050 1470 1106 officio
1496 1054 1646 1119 sunt,
1669 1049 1846 1120 majo—

216 1139 378 1195 ribus
409 1143 587 1196 etiam
613 1143 873 1198 tentandi
903 1143 1169 1215 periculis
1194 1161 1263 1198 eo
1292 1143 1566 1215 deposito.
1592 1144 1847 1215 Denega-

219 1251 348 1288 mus
376 1235 532 1289 enim
562 1235 669 1290 illis
693 1253 834 1307 quas
855 1240 1124 1292 rexerunt
1153 1237 1488 1308 provincias,
1515 1235 1670 1308 prius
1690 1253 1846 1290 exce-

220 1326 401 1381 dendi
425 1329 738 1408 licentiam,
758 1345 932 1400 quam
954 1330 1276 1402 legitimum
1290 1329 1707 1402 quinquaginta
1726 1329 1842 1384 die-

220 1437 349 1474 rum
363 1421 611 1492 spatium
623 1423 998 1494 compleatur,
1014 1423 1128 1477 sive
1142 1423 1436 1477 occasione
1458 1423 1844 1492 revocatoriae,

219 1512 336 1568 sive
378 1515 616 1568 obtentu
653 1515 824 1586 fugas,
854 1515 967 1570 sive
1007 1517 1119 1570 alia
1153 1532 1492 1588 quacunque
1527 1516 1597 1571 de
1630 1532 1802 1570 causa
1830 1533 1844 1571 :

218 1606 548 1674 scientibus,
579 1608 734 1678 quod
763 1608 877 1662 sive
909 1611 988 1677 (ut
1017 1613 1149 1664 ante
1183 1608 1444 1680 diximus)
1468 1609 1526 1662 in
1557 1609 1665 1664 hac
1695 1609 1848 1663 alma

219 1699 380 1764 urbe,
411 1700 524 1754 sive
565 1701 698 1755 alibi
737 1702 993 1756 locorum
1035 1703 1352 1768 versentur,
1385 1701 1458 1756 ad
1493 1702 1846 1772 provinciam

1941 491 2295 547 venditiones
2321 490 2746 562 provinciarum
2776 506 2843 544 ex
2866 488 3174 561 praisidum
3197 488 3401 561 rapina
3425 505 3556 560 sup-

1941 585 2364 658 primebantur,
2393 601 2490 640 eas
2520 601 2623 656 per
2647 583 2960 654 subjectam
2988 583 3176 653 legem
3204 583 3404 638 tollere
3432 598 3560 654 pro-

1943 677 2282 750 peravimus,
2335 694 2434 734 vos
2497 682 2692 732 autem
2739 677 2799 731 in
2844 679 3152 747 utramque
3210 676 3562 730 dormientes

1943 787 2163 840 aurem,
2220 771 2361 826 nihil
2411 771 2576 826 nobis
2624 769 2985 825 renuntietis.
3042 769 3140 824 Sit
3179 768 3417 840 quidem
3465 769 3562 824 do-

1941 864 2102 921 mino
2139 866 2256 921 Deo
2295 867 2643 930 consecrata,
2668 881 2768 919 vos
2797 867 2991 918 autem
3020 862 3306 918 rationem
3351 861 3405 916 ei
3430 862 3562 917 red-

1945 958 2090 1014 detis
2116 959 2187 1014 de
2212 958 2422 1030 injuria
2451 958 2576 1014 aliis
2603 957 2779 1025 illata,
2809 957 2856 1012 si
2880 973 2984 1029 per
3011 957 3159 1012 hanc
3181 955 3559 1023 occasionem,

1945 1052 2099 1122 quod
2127 1052 2197 1106 de
2227 1052 2314 1106 his
2339 1069 2454 1107 non
2483 1051 2852 1118 instruamur,
2883 1049 3207 1105 nocumenti
3238 1047 3454 1120 aliquid
3473 1063 3564 1102 ve-

1944 1145 2072 1200 stris
2102 1145 2222 1198 istis
2247 1145 2575 1199 hominibus
2601 1145 2904 1214 irrogetur.
2937 1145 3059 1198 lmo
3093 1159 3208 1210 vos,
3237 1141 3336 1212 qui
3356 1141 3414 1195 in
3439 1143 3562 1196 loco

1945 1242 2256 1310 praesentes
2281 1238 2434 1306 estis,
2461 1242 2518 1293 et
2553 1242 2672 1292 tam
2701 1254 2802 1309 pro
2833 1237 2990 1292 vobis
3009 1253 3184 1308 quam
3211 1252 3318 1307 pro
3343 1233 3564 1289 caeteris

1947 1331 2270 1401 decertatis,
2290 1334 2517 1402 oportet
2529 1330 2800 1386 certiores
2811 1347 2912 1385 nos
2925 1329 3186 1396 reddere,
3206 1331 3264 1383 et
3284 1329 3355 1382 de
3377 1327 3445 1382 iis
3464 1326 3562 1398 qui

1945 1430 2098 1480 recte
2123 1441 2182 1479 se
2209 1424 2270 1479 in
2297 1424 2794 1479 administratione
2823 1429 3048 1494 gerunt,
3077 1426 3136 1476 et
3157 1421 3256 1493 qui
3284 1422 3432 1475 hanc
3459 1437 3564 1475 no-

1946 1521 2124 1572 stram
2142 1517 2334 1588 legem
2355 1517 2872 1589 transgrediuntur,
2892 1519 2955 1570 ut
2971 1519 3216 1586 utroque
3228 1514 3484 1584 cognito,
3505 1513 3566 1568 in

1947 1611 2054 1666 hos
2081 1610 2316 1682 quidem
2335 1611 2876 1677 animadvertamus,
2904 1609 3014 1664 illis
3043 1624 3177 1663 vero
3197 1607 3451 1678 aliquam
3473 1623 3560 1658 re-

1946 1703 2200 1758 feramus
2223 1704 2490 1774 gratiam.
2519 1703 2696 1758 Simul
2722 1721 2787 1758 ac
2812 1719 2944 1758 vero
2972 1703 3060 1756 lex
3103 1700 3329 1772 publico
3356 1715 3566 1770 propo-

222 1791 417 1846 denuo
459 1793 702 1861 reducti,
741 1810 916 1865 quam
961 1800 1249 1861 rexerunt,
1296 1811 1490 1866 poenas
1545 1794 1844 1866 excipient,
1868 1777 1924 1849 B
1947 1797 2075 1863 sita,
2109 1800 2168 1851 et
2199 1796 2463 1851 omnibus
2487 1797 2791 1850 manifesta
2821 1797 2971 1850 facta
3005 1799 3108 1861 est,
3140 1798 3274 1848 tunc
3309 1795 3568 1863 suscepta

220 1901 365 1954 quas
385 1886 770 1955 praadiximus.
787 1887 1195 1957 Jusjurandum
1210 1904 1344 1942 vero
1367 1887 1605 1954 dabunt,
1621 1887 1711 1942 hic
1733 1887 1851 1958 qui-

222 1977 358 2032 dem
387 1979 700 2034 secundum
720 1980 968 2034 formam
991 1979 1249 2050 superius
1281 1996 1629 2053 expressam.
1653 1980 1710 2034 Si
1732 1979 1851 2051 qui-

219 2071 329 2124 bus
353 2087 507 2138 vero,
536 2071 690 2142 quod
712 2071 770 2126 in
791 2072 1098 2143 provinciis
1117 2073 1381 2141 existant,
1397 2072 1846 2128 administratio-

215 2165 312 2218 nis
360 2163 648 2219 codicillos
690 2164 844 2218 mitti
885 2165 1185 2236 placuerit,
1209 2165 1615 2236 jusjurandum
1653 2181 1850 2220 coram

216 2257 322 2310 Dei
352 2256 742 2311 amantissimo
775 2257 1041 2328 episcopo
1079 2257 1411 2330 metropolis
1440 2258 1678 2330 ejusque
1715 2258 1849 2312 civi-

217 2349 357 2402 tatis
385 2349 733 2420 primoribus
753 2349 1042 2416 subibunt,
1076 2355 1133 2404 ct
1156 2349 1236 2405 ita
1266 2367 1462 2406 rerum
1494 2349 1854 2406 administra-

221 2441 450 2496 tionem
497 2441 823 2514 suscipient,
858 2442 1197 2498 celsitudine
1238 2443 1500 2499 videlicet
1535 2447 1635 2498 tua
1663 2443 1850 2515 provi-

220 2517 513 2603 dente,.ut
537 2535 650 2588 sive
689 2535 744 2589 in
783 2536 976 2606 ampla
1003 2535 1109 2590 hac
1138 2536 1272 2590 urbe
1299 2536 1699 2607 magistratum
1729 2535 1856 2607 quis

220 2627 514 2698 suscipiat,
542 2627 655 2682 sive
685 2645 718 2682 a
748 2628 1086 2683 celsitudine
1108 2631 1207 2682 tua
1233 2629 1353 2700 ejus
1382 2628 1628 2684 codicilli
1649 2629 1708 2683 in
1730 2645 1856 2700 pro-

219 2721 472 2775 vinciam
497 2721 799 2776 mittantur
829 2738 842 2776 :
875 2721 942 2788 is,
975 2721 1071 2792 qui
1098 2721 1348 2792 suscipit,
1368 2721 1696 2776 cautionem
1723 2723 1856 2778 ﬁsco

221 2813 299 2867 de
325 2813 552 2868 tributis
572 2813 694 2868 sine
713 2815 948 2886 querela
961 2813 1255 2884 exigendis
1272 2817 1526 2886 praestet,
1549 2817 1720 2886 prout
1734 2815 1854 2887 ipse

221 2921 461 2976 prorsus
489 2906 774 2961 statueris.
806 2907 1044 2962 Feratur
1071 2910 1266 2961 autem
1299 2907 1465 2962 nobis
1503 2907 1623 2961 hmc
1658 2909 1744 2962 lex
1784 2908 1855 2962 de

221 2999 498 3054 omnibus
524 2999 622 3071 qui
643 2999 766 3070 jam
797 2999 932 3054 inde
957 3015 1219 3071 expresse
1248 3017 1282 3054 a
1310 3000 1474 3055 nobis
1499 3000 1858 3056 nominanda

224 3091 420 3146 ofﬁcia
447 3091 695 3163 gratuita
718 3091 1055 3163 percipient.
1085 3093 1378 3147 Prmterita
1403 3093 1558 3148 enim
1568 3093 1694 3164 jam
1721 3095 1854 3147 ante

220 3143 430 3255 positis
447 3143 790 3254 :ubjaceabt
813 3143 1054 3255 legibus,
1087 3186 1244 3240 nulla
1271 3143 1638 3240 definitaruum
1662 3186 1720 3240 in
1747 3186 1855 3240 hac
1875 3143 1930 3218 Ο

221 3281 425 3330 nostra
441 3277 566 3346 lege
589 3293 886 3348 poenarum
905 3278 1246 3333 imminente
1267 3278 1334 3332 iis
1354 3278 1452 3349 qui
1473 3295 1650 3350 usque
1667 3279 1854 3333 adhuc

223 3369 420 3425 officia
439 3369 859 3436 administrant,
881 3370 990 3424 nisi
1013 3371 1158 3426 forte
1179 3374 1236 3424 et
1256 3370 1361 3442 ipsi
1383 3375 1511 3442 post
1529 3371 1699 3441 hujus
1713 3371 1857 3442 legis

221 3462 679 3517 insinuationem
693 3463 946 3533 rapuisse
961 3463 1173 3534 aliquid
1192 3463 1712 3534 deprehendantur.
1728 3464 1857 3519 Haec

219 3555 405 3626 igitur
421 3555 620 3609 omnia
638 3555 966 3626 perdiscens
986 3555 1260 3610 celsitudo
1279 3559 1392 3622 tua,
1406 3559 1470 3609 ut
1483 3555 1633 3626 apud
1655 3572 1856 3611 omnes

220 3648 330 3702 sub
351 3664 409 3701 se
431 3649 765 3702 constitutas
783 3652 983 3718 gentes
1000 3647 1306 3702 manifesta
1330 3647 1492 3714 ﬁant,
1507 3653 1776 3718 procuret
1789 3665 1858 3703 ex

219 3757 386 3796 more
400 3740 696 3795 destinatis
712 3739 784 3794 ad
801 3756 1000 3794 omnes
1019 3741 1440 3812 provinciarum
1453 3743 1706 3795 rectores
1720 3758 1857 3812 prae-

221 3833 423 3905 ceptis,
470 3838 532 3888 ut
577 3835 838 3887 nostrum
885 3833 1034 3887 circa
1085 3833 1340 3888 subditos
1387 3833 1637 3888 studium
1671 3834 1854 3905 deque

224 3925 495 3981 creandis
521 3925 856 3997 praesidibus
899 3926 1248 3981 sententiam
1283 3930 1682 3997 agnoscentes,
1724 3927 1852 3998 ipsi,

221 4019 413 4073 sciant
441 4021 658 4090 quanta
680 4018 740 4072 in
763 4019 890 4074 illos
919 4019 1196 4074 beneficia
1223 4019 1651 4090 contulerimus,
1675 4020 1775 4092 qui
1794 4022 1857 4076 ut

223 4111 471 4166 meliore
500 4112 730 4166 fortuna
750 4115 1004 4180 utantur,
1029 4130 1100 4168 ne
1122 4113 1284 4184 regio
1313 4111 1544 4184 quidem
1566 4113 1855 4168 famulicio

219 4204 674 4276 pepercerimus.
697 4205 819 4260 Dat.
835 4222 948 4262 xvii
964 4206 1203 4262 Kalend.
1222 4205 1396 4278 April.
1414 4206 1850 4280 Constantinop.

223 4297 500 4353 Belisario
525 4313 579 4352 ν.
613 4314 660 4353 c.
692 4314 808 4353 cos.

901 4466 1197 4523 EDICTUM

228 4605 440 4674 Ubique
467 4606 700 4660 locorum
724 4608 1026 4662 constitutis
1052 4607 1148 4662 Dei
1175 4607 1563 4676 amantissimis
1585 4605 1854 4676 archiepi-

297 4678 493 4746 scopis,
517 4677 1040 4748 religiosissimisque
1051 4675 1387 4748 patriarchis
1409 4675 1782 4747 conscriptum}

295 4860 508 4914 Curam
546 4859 815 4930 gerentes
851 4857 1076 4912 tradita:
1105 4856 1270 4911 nobis
1299 4873 1333 4912 a
1363 4857 1478 4913 Deo
1503 4857 1854 4929 reipublicaa,

218 4950 514 5022 simulque
540 4954 602 5005 ut
628 4949 840 5005 subditi
867 4949 1045 5006 nostri
1075 4966 1141 5005 ex
1171 4949 1335 5005 omni
1363 4954 1525 5022 parte
1553 4967 1682 5006 cum
1695 4951 1858 5023 justi-

217 5043 307 5100 tia
327 5043 504 5098 vitam
525 5041 756 5114 degant,
776 5043 1088 5111 studentes,
1108 5042 1423 5113 subjectam
1443 5044 1634 5116 legem
1653 5045 1857 5100 descri-

215 5136 464 5210 psimus.
494 5136 677 5202 Quam
703 5136 941 5208 quidem
971 5139 1028 5189 et
1048 5135 1334 5190 sanctitati
1362 5140 1495 5203 tuas,
1520 5139 1578 5189 et
1602 5153 1706 5207 per
1726 5153 1856 5192 eam

219 5229 516 5298 omnibus,
531 5229 630 5302 qui
641 5229 699 5284 in
713 5227 1004 5300 provincia
1015 5231 1114 5283 tua
1124 5231 1276 5298 sunt,
1291 5227 1657 5283 manifestam
1669 5229 1856 5285 facere

216 5322 529 5395 pulchrum
557 5321 836 5377 duximus.
857 5323 989 5377 Tuae
1019 5321 1195 5392 igitur
1215 5320 1508 5392 religionis
1539 5326 1595 5376 et
1615 5321 1856 5394 reliquo-

219 5431 358 5470 rum
394 5415 792 5487 episcoporum
830 5415 1004 5470 fuerit
1040 5414 1149 5468 ista
1185 5413 1509 5480 observare,
1539 5417 1596 5468 et
1632 5414 1680 5469 si
1714 5415 1856 5488 quid

218 5507 504 5580 presides
541 5508 1058 5580 transgrediantur,
1091 5507 1164 5562 ad
1206 5524 1310 5562 nos
1340 5507 1577 5573 referre,
1613 5523 1685 5563 ne
1715 5509 1856 5580 quid

221 5617 434 5658 eorum
470 5618 599 5674 quae
625 5601 890 5674 religiose
920 5601 1089 5657 simul
1113 5605 1169 5655 et
1189 5600 1345 5671 juste
1377 5616 1411 5654 a
1449 5599 1612 5655 nobis
1641 5601 1855 5657 sancita

221 5697 380 5762 sunt,
411 5694 776 5768 despiciatur.
809 5697 950 5752 Nam
990 5695 1034 5750 si
1070 5711 1172 5749 nos
1199 5692 1432 5764 quidem
1466 5692 1722 5750 subditos
1751 5712 1852 5749 no-

222 5792 376 5844 stros
418 5787 693 5858 miserati,
740 5789 895 5863 quod
934 5789 1081 5844 ultra
1119 5785 1478 5859 publicorum
1506 5787 1853 5845 tributorum

1949 1891 2100 1944 intra
2129 1893 2546 1944 sacrosanctam
2579 1889 2925 1944 recondatur
2959 1887 3258 1942 ecclesiam
3286 1904 3401 1940 una
3435 1902 3567 1940 cum
3651 1874 3658 1878 ’

1951 1982 2123 2038 sacris
2152 1982 2316 2049 vasis,
2350 1981 2624 2036 nimirum
2651 1999 2780 2036 cum
2815 1985 2874 2036 et
2901 1981 3022 2052 ipsa
3064 1982 3178 2034 Deo
3207 1979 3488 2045 dedicata,
3513 1981 3571 2032 et

1951 2076 2022 2130 ad
2047 2075 2289 2130 salutem
2311 2075 2412 2128 sub
2434 2075 2558 2146 ipso
2579 2075 3016 2130 constitutorum
3038 2073 3338 2129 hominum
3359 2071 3569 2142 scripta

1951 2169 2041 2222 sit.
2070 2167 2241 2223 Multo
2269 2171 2462 2222 autem
2491 2167 2820 2239 speciosius,
2850 2171 2909 2222 et
2937 2165 3119 2237 magis
3151 2183 3217 2220 ex
3244 2181 3349 2220 usu
3379 2163 3564 2220 homi-

1953 2277 2112 2325 num,
2147 2261 2244 2332 qui
2276 2277 2378 2332 per
2406 2277 2474 2314 ea
2503 2261 2626 2316 loca
2655 2263 2805 2329 sunt,
2836 2259 3074 2328 facietis,
3107 2259 3152 2313 si
3183 2275 3312 2314 eam
3339 2257 3568 2324 tabulis,

1951 2357 2049 2409 aut
2074 2353 2356 2425 lapidibus
2381 2354 2742 2425 insculptam,
2771 2354 2830 2408 in
2859 2352 3170 2424 porticibus
3199 2354 3574 2407 sacrosanctae

1953 2447 2205 2502 ecclesia:
2225 2447 2622 2519 praescribatis,
2641 2450 2968 2519 promptam
2985 2446 3252 2502 omnibus
3269 2443 3501 2515 legendi
3517 2447 3576 2498 et

1953 2540 2194 2612 parandi
2213 2557 2281 2595 ea
2302 2557 2429 2611 quae
2454 2541 2671 2595 sancita
2699 2543 2850 2607 sunt,
2873 2541 3205 2594 facultatem
3230 2538 3570 2609 praebentes.

1954 2634 2097 2688 Cum
2123 2650 2257 2688 vero
2281 2633 2350 2688 de
2373 2633 2682 2704 praesidum
2707 2632 3027 2688 sinceritate
3053 2635 3274 2687 tantam
3295 2631 3354 2684 in
3377 2630 3573 2685 animo

1956 2725 2394 2800 sollicitudinem
2435 2726 2810 2797 reposuimus,
2844 2725 3214 2780 manifestum
3261 2727 3345 2778 est
3390 2723 3573 2777 multo

1955 2836 2060 2874 nos
2074 2819 2265 2874 minus
2281 2818 2658 2890 permissuros
2673 2818 2962 2873 civitatum
2981 2816 3400 2883 defensoribus,
3417 2815 3575 2869 utvel

1954 2911 2171 2983 aliquid
2196 2911 2496 2982 accipiant,
2518 2911 2605 2966 vel
2633 2911 2790 2966 dent.
2819 2910 3043 2966 Dabunt
3072 2909 3230 2966 enim
3251 2925 3354 2980 pro
3375 2907 3574 2980 praebi-

1955 3005 2026 3059 tis
2049 3005 2151 3060 sibi
2173 3005 2232 3059 in
2250 3005 2374 3060 foro
2395 3003 2938 3075 gloriosissimorum
2955 3003 3361 3076 prmfectorum
3375 3001 3580 3072 jussio-

1957 3098 2120 3154 nibus
2133 3097 2416 3170 siquidem
2435 3098 2687 3170 majores
2703 3098 2816 3152 sint
2833 3097 3106 3167 civitates,
3121 3100 3349 3152 tantum
3367 3095 3578 3150 solidos

1957 3194 2230 3263 quatuor;
2253 3191 2299 3245 si
2319 3191 2592 3260 minores,
2609 3191 2821 3247 solidos
2834 3195 2970 3258 tres,
2984 3195 3042 3246 et
3059 3193 3336 3262 praeterea
3355 3188 3516 3244 nihil.
3530 3190 3578 3241 Α

1955 3285 2188 3340 nemine
2220 3288 2415 3340 autem
2442 3285 2760 3356 quidpiam,
2789 3284 2834 3339 si
2860 3285 3078 3340 reditus
3107 3283 3217 3338 illis
3253 3300 3318 3336 ex
3348 3281 3575 3353 publico
3684 3275 3692 3282 ’

1955 3379 2292 3432 constitutus
2320 3379 2447 3447 erit,
2477 3382 2577 3432 aut
2605 3378 2651 3432 si
2678 3377 2818 3432 nihil
2863 3394 2932 3431 ex
2975 3376 3198 3447 publico
3238 3373 3574 3446 percipiant,

1956 3471 2104 3524 ultra
2133 3487 2201 3525 ea
2237 3487 2363 3540 qua:
2402 3487 2562 3525 sacra
2593 3473 2787 3524 nostra
2816 3468 3221 3524 constitutione
3249 3467 3404 3538 ipsos
3431 3467 3580 3520 ferre

1957 3563 2166 3616 debere
2197 3579 2526 3634 expressum
2566 3567 2652 3617 est
2677 3561 3227 3640 accipient._Alioqui
3254 3560 3299 3614 si
3327 3559 3464 3631 quid
3488 3559 3577 3613 vel

1955 3654 2083 3726 ipsi,
2110 3655 2196 3709 vel
2233 3655 2486 3726 ipsorum
2529 3655 2609 3723 (ut
2651 3656 2872 3725 vocant)
2925 3653 3276 3719 chartularii,
3303 3653 3388 3706 vel
3421 3651 3574 3722 quis-

1955 3748 2110 3818 piam
2138 3764 2339 3803 eorum
2370 3748 2466 3819 qui
2505 3747 2654 3802 circa
2692 3747 2845 3818 ipsos
2876 3750 3008 3801 sunt
3051 3746 3334 3816 accepisse
3369 3745 3573 3814 depre-

1953 3840 2283 3896 hendentur
2309 3841 2366 3896 in
2401 3841 2787 3912 quadruplum
2819 3840 2872 3895 ei
2903 3839 3059 3912 quod
3087 3840 3434 3911 acceperunt
3458 3853 3575 3892 res-

1953 3933 2182 4005 tituent,
2211 3949 2394 4006 neque
2421 3951 2541 3990 non
2572 3951 2641 3988 ea
2675 3933 3058 3989 sollicitudine
3092 3932 3482 4004 depellantur;
3521 3934 3582 3986 et

1953 4030 2232 4098 praeterea
2260 4031 2540 4100 perpetuo
2570 4027 2764 4083 exsilio
2784 4027 3030 4096 multati,
3053 4030 3122 4103 et
3150 4043 3388 4099 corpore
3413 4024 3577 4080 casti-

1955 4119 2094 4192 gati,
2130 4123 2320 4183 locum
2351 4121 2572 4176 dabunt
2599 4121 2934 4177 melioribus
2961 4120 3112 4187 viris,
3141 4120 3238 4192 qui
3273 4135 3378 4191 pro
3416 4119 3584 4174 malis

1954 4229 2085 4268 eam
2105 4213 2549 4269 sollicitudinem
2579 4214 2809 4269 obeant.
3456 4221 3465 4232 ‘

2024 4307 2191 4362 Eritis
2211 4309 2406 4362 autem
2432 4323 2532 4361 vos
2556 4323 2786 4378 quoque
2808 4306 2976 4376 hujus
2999 4303 3086 4358 rei
3103 4303 3389 4368 custodes,
3411 4301 3582 4357 simul

1952 4397 2280 4454 inhibentes
2322 4415 2392 4453 ea
2431 4415 2559 4470 quae
2590 4405 2792 4454 contra
2817 4399 2941 4453 hinc
2968 4398 3133 4465 fiunt,
3165 4395 3334 4450 simul
3364 4394 3440 4449 ad
3476 4395 3604 4459 hos_

1871 4505 1932 4578 D
1953 4492 2287 4560 referentes,
2318 4494 2380 4546 ut
2407 4507 2596 4562 neque
2630 4491 2846 4562 aliquid
2887 4489 3164 4562 ejusmodi
3196 4487 3581 4544 admissorum

1953 4585 2148 4652 lateat,
2160 4600 2346 4656 neque
2362 4584 2596 4639 latendo
2618 4583 2974 4656 relinquatur
2985 4583 3352 4656 impunitum,
3366 4582 3466 4638 sed
3483 4599 3584 4636 un-

1956 4677 2127 4749 dique
2147 4677 2389 4733 subditis
2411 4677 2620 4733 nostris
2644 4677 2902 4750 aequitas,
2923 4681 2983 4733 et
2996 4677 3218 4750 justitia
3233 4675 3580 4732 reﬂorescat.

1956 4769 2072 4826 Sed
2114 4775 2172 4826 et
2205 4770 2303 4842 qui
2334 4771 2651 4826 etiamnum
2683 4770 2742 4826 in
2772 4771 2973 4826 officiis
2999 4775 3149 4838 sunt,
3180 4770 3226 4826 si
3255 4773 3386 4842 post
3411 4769 3584 4840 hujus

1954 4864 2098 4936 legis
2140 4864 2591 4920 insinuationem
2617 4881 2735 4920 non
2766 4865 2925 4920 omni
2953 4865 3156 4937 rapina
3180 4863 3582 4935 abstinuerint,

1955 4957 2139 5014 sciant
2157 4957 2334 5012 etiam
2356 4957 2462 5030 ipsi
2484 4975 2542 5014 se
2559 4958 2881 5014 constitutis
2899 4957 2958 5012 in
2979 4958 3086 5012 hac
3101 4957 3230 5028 lege
3247 4956 3430 5029 panis
3450 4957 3582 5012 sub-

1949 5050 2251 5122 jiciendos.
2279 5050 2568 5124 Scriptum
2597 5055 2683 5106 est
2711 5051 2882 5107 edicti
2907 5051 3234 5122 exemplum
3260 5049 3580 5104 Constanti-

1958 5143 2306 5215 nopolitanis
2321 5143 2381 5199 in
2403 5145 2524 5200 haec
2545 5145 2712 5200 verba
2734 5161 2748 5199 :
2773 5144 3058 5209 Quantam
3080 5142 3139 5197 in
3161 5143 3356 5198 animo
3375 5143 3581 5199 sollici-

1957 5236 2218 5292 tudinem
2239 5237 2310 5293 de
2336 5237 2611 5293 universis
2629 5236 2870 5291 subditis
2885 5236 3266 5309 reposuimus,
3289 5237 3424 5292 satis
3439 5237 3586 5294 indi-

1956 5334 2046 5385 cat
2066 5331 2153 5385 lex
2173 5347 2358 5403 nuper
2377 5348 2412 5385 a
2431 5330 2594 5386 nobis
2623 5329 2828 5402 posita,
2852 5346 3029 5402 quam
3052 5330 3125 5386 ad
3146 5331 3584 5403 gloriosissimos

1955 5420 2183 5473 nostros
2206 5418 2508 5490 prefectos
2528 5419 2986 5491 conscripsimus.
3003 5419 3116 5476 Sed
3137 5419 3484 5476 conveniens
3498 5419 3584 5471 est

1954 5515 2021 5566 ut
2047 5515 2106 5566 et
2133 5528 2231 5566 vos
2253 5511 2676 5584 providentiam
2705 5516 2982 5582 nostram,
3004 5530 3175 5586 quam
3201 5514 3349 5568 circa
3378 5525 3584 5566 omnes

1956 5603 2222 5659 homines
2238 5605 2510 5676 gerimus,
2528 5607 2816 5678 cognitam
2839 5613 2895 5663 et
2917 5609 3279 5679 perspectam
3303 5601 3578 5658 habeatis.

1954 5697 2144 5767 anue
2172 5697 2242 5752 de
2271 5714 2331 5752 re
2363 5699 2552 5770 legem
2583 5699 2768 5772 ipsam
2797 5701 2854 5754 in
2892 5701 3078 5754 forma
3105 5697 3416 5751 edictorum
3446 5712 3578 5767 pro-

1955 5789 2269 5862 posuimus,
2294 5794 2355 5848 ut
2376 5809 2475 5850 vos
2493 5793 2738 5852 Domino
2755 5795 2866 5850 Deo
2887 5794 2945 5848 et
2962 5788 3248 5847 Servatori
3268 5792 3464 5846 nostro
3490 5790 3579 5848 Je-
