4054 6186
427 325 526 378 963

1564 311 1816 368 ΒᾸΞΟΙῙῙᾸ
1856 313 2042 367 SEXTI
2085 309 2631 368 SUPPLEMENTI'M.

3669 313 3736 364 in}
3753 311 3776 362 ἱ

423 432 700 485 simorum
729 425 1088 481 tribunorum
1117 419 1488 489 notariorum,
1523 421 1622 473 sol.
1649 435 1716 474 xv
1733 437 1749 488 ;
1781 420 1901 488 ejus
1942 419 2040 473 ad-
2066 431 2124 503 Α
2142 419 2350 474 hlicum
2378 419 2657 486 solatium,
2689 419 2962 486 quantum
2987 415 3339 487 inculpabilis
3355 415 3660 485 antiquitas
3683 417 3780 468 de-

418 522 614 594 jutori,
643 519 746 575 sol.
779 535 836 572 III
855 535 870 584 ;
899 514 1115 570 cohorti
1174 513 1710 584 gloriosissimorum
1753 511 2044 582 prmfecto-

427 631 556 670 rum
581 631 683 685 pro
705 611 978 682 jussione,
1011 607 1172 662 solid.
1204 622 1384 661 xxxvi.
2031 611 2036 614 '

499 747 544 797 A
569 739 802 814 praeside
829 736 1068 808 Scythiae.
1096 735 1174 789 sic
1199 755 1210 789 :
1242 733 1637 806 spectabilibus
1666 733 1844 787 tribus
1881 733 2045 786 char-

429 835 642 891 tulariis
667 831 810 886 sacri
839 830 1102 894 cubiculi,
1133 829 1233 883 sol.
1259 845 1312 882 1x
1332 845 1344 894 ;
1363 827 1689 898 primicerio
1721 825 2050 879 clarissimo-

430 945 558 984 rum
583 925 942 981 tribunorum
973 921 1344 988 notariorum,
1375 921 1454 974 sol
1481 937 1545 974 xv
1569 937 1586 988 ;
1616 919 1736 990 ejus
1782 919 2046 988 adjutori,

431 1021 534 1076 sol.
565 1037 653 1088 Ill;
697 1017 916 1072 cohorti
951 1015 1482 1087 gloriosissimorum
1515 1012 1908 1084 praefectorum
1947 1027 2050 1082 pro

423 1113 695 1185 jussione,
725 1111 931 1165 solidos
961 1125 1138 1164 xxxvi.

501 1243 544 1294 A
569 1239 859 1292 defensore
881 1233 1154 1303 cujusque
1182 1230 1438 1296 civitatis,
1465 1228 1746 1298 siquidem
1775 1229 2053 1296 metropo—

429 1333 498 1388 lis
526 1332 615 1398 sit,
645 1345 750 1401 pro
784 1327 1038 1398 jussione
1075 1323 1286 1377 cohorti
1337 1320 1872 1392 gloriosissimorum
1911 1333 2052 1388 pras-

431 1427 708 1480 fectorum
731 1421 936 1475 dentur
965 1417 1124 1470 solidi
1167 1419 1442 1485 quatuor;
1475 1414 1522 1468 si
1559 1414 1668 1468 alia
1709 1411 1920 1480 civitas,
1959 1427 2048 1463 so-

433 1519 532 1572 lidi
571 1521 704 1582 tres,
731 1517 788 1568 et
831 1515 1106 1582 praeterea
1133 1508 1294 1562 nihil.
1324 1509 1462 1560 Nam
1507 1521 1690 1576 neque
1732 1505 2052 1558 defensores

433 1612 712 1674 volumus,
739 1607 822 1660 vel
873 1601 1110 1658 summis
1139 1600 1584 1670 magistratibus,
1615 1603 1714 1652 aut
1755 1597 1922 1650 alicui
1955 1595 2052 1648 alii

435 1701 730 1774 quidpiam
769 1699 920 1762 dare,
963 1695 1050 1748 vel
1096 1693 1368 1762 accipere,
1399 1691 1510 1744 nisi
1559 1707 1628 1744 ex
1673 1689 1898 1760 publico
1945 1688 2054 1740 illis

2145 513 2344 578 ﬁnivit,
2377 517 2440 565 ut
2466 529 2498 564 a
2523 511 2842 582 spontaneis
2873 509 3008 581 ipsis
3033 509 3218 580 magis
3259 524 3432 579 quam
3476 509 3548 560 ab
3585 509 3780 561 invitis

2145 605 2445 674 accipiant,
2478 609 2532 658 et
2563 605 2670 658 hoc
2699 619 2923 674 parum,
2957 609 3012 656 et
3039 607 3310 673 quantum
3335 602 3412 656 eis
3459 601 3530 654 ad
3557 601 3776 655 medio-

2147 718 2300 756 crem
2329 701 2536 756 sufficit
2559 702 2688 755 vitae
2717 700 3202 772 gubernationem.
3239 699 3428 754 Sciant
3457 698 3612 752 enim
3643 698 3780 769 quia

2148 796 2195 849 si
2221 795 2357 850 citra
2381 795 2500 848 haec
2525 785 2736 866 pliquid
2757 793 3093 864 acceperint,
3123 809 3236 846 non
3259 791 3442 846 solum
3469 791 3778 862 quadrupli

2148 871 2517 958 subjacebunt
2549 903 2753 958 pugnae,
2797 887 2892 940 sed
2930 886 3102 940 etiam
3143 885 3406 939 exsilium
3437 884 3784 938 habitabunt

2099 981 2102 984 λ
2150 977 2484 1032 continuum
2511 975 2668 1047 prius
2693 976 2773 1030 eis
2801 973 2983 1046 plagis
3012 973 3262 1043 corporis
3296 971 3702 1044 inﬂigendis'.]

2749 1161 3062 1217 NOVELLA
3091 1161 3172 1214 IX.

2148 1283 2562 1352 Jusjurandum,
2599 1282 2743 1352 quod
2776 1283 3036 1350 praestari
3065 1281 3197 1334 solet
3247 1279 3315 1333 ab
3357 1279 3425 1332 iis
3467 1280 3562 1347 qui
3610 1281 3788 1346 ofﬁci}:

2795 1375 3119 1443 suscipiunt.

2221 1538 2414 1590 Testor
2441 1551 2546 1606 ego
2567 1533 2814 1604 jurando
2839 1533 3287 1604 omnipotentem
3331 1533 3533 1598 Deum,
3561 1537 3616 1586 et
3649 1533 3784 1584 uni-

2153 1630 2412 1702 genitum
2429 1627 2630 1682 Filium
2649 1628 2772 1698 ejus
2791 1627 2972 1680 Deum
2990 1631 3246 1680 nostrum
3263 1627 3454 1680 Jesum
3465 1625 3784 1686 Christum,

2153 1727 2209 1777 et
2235 1722 2506 1793 Spiritum
2531 1725 2806 1788 sanctum,
2841 1735 3062 1774 necnon
3089 1723 3358 1786 sanctam,
3387 1734 3448 1771 ac
3476 1718 3786 1788 gloriosam

436 1791 866 1850 consuetudines
896 1787 1156 1858 quaedam
1185 1785 1566 1855 praebeantur,
1597 1782 1904 1836 scientibus
1942 1780 2132 1859 illisB
2157 1780 2646 1886 Dei‘genitricem’
2681 1819 2736 1868 et
2779 1780 3054 1884 ﬁerpetuo
3097 1780 3378 1878 virginei
3424 1780 3682 1878 “griam,
3729 1815 3784 1863 et

437 1889 588 1960 quod
627 1887 670 1940 si
710 1885 778 1938 de
825 1882 1016 1950 aliquo
1059 1879 1310 1952 ipsorum
1348 1877 1418 1930 ad
1463 1893 1562 1930 nos
1605 1875 1878 1930 referatur
1905 1873 2056 1944 quod

439 1981 649 2036 sancite
687 1979 897 2043 nostra,
941 1971 1405 2041 transgrediatur,
1449 1975 1504 2022 et
1542 1968 1692 2038 quod
1741 1967 1952 2040 accepit
1999 1965 2058 2018 in

441 2071 824 2145 quadruplum
853 2066 1128 2129 restituet,
1160 2067 1216 2117 et
1233 2063 1504 2130 abrogato
1522 2061 1702 2114 ofticio
1725 2065 2058 2130 perpetuum

437 2167 647 2222 incolet
669 2161 950 2218 exsilium.
973 2159 1112 2212 Cum
1133 2172 1318 2225 neque
1343 2155 1452 2224 ipsi
1481 2153 1894 2224 provinciarum
1913 2168 2056 2222 pra:-

439 2259 586 2314 sides
629 2256 911 2310 minorem
965 2267 1186 2321 pcenam
1229 2247 1516 2316 excepturi
1557 2246 1688 2312 sint,
1733 2245 1778 2298 si
1817 2246 1922 2298 hoc
1969 2259 2061 2297 ne-

443 2350 742 2423 glexerint,
770 2353 826 2402 et
844 2346 947 2400 sub
975 2361 1074 2397 suo
1104 2342 1274 2396 veluti
1303 2342 1532 2410 aspectu
1560 2339 1880 2392 defensores
1903 2353 2062 2406 rape-

441 2461 504 2500 re
529 2443 834 2515 patiantur.

521 2561 824 2634 [Scriptum
849 2557 1020 2625 hujus
1045 2553 1184 2624 legis
1209 2551 1534 2620 exemplum
1555 2549 1842 2605 Dominico
1864 2549 2064 2618 glorio-

445 2652 664 2708 sissimo
675 2645 1072 2718 praetoriorum
1089 2657 1189 2711 per
1202 2641 1486 2710 Illyricum
1507 2639 1793 2709 praefecto,
1825 2639 1911 2692 his
1927 2653 2064 2708 quo-

443 2761 552 2818 que
563 2737 899 2806 additisJusj
909 2735 1188 2789 nrandum
1202 2732 1756 2786 subeantsecundum
1769 2731 2064 2802 preprinm

445 2841 514 2894 de
541 2839 647 2891 hec
675 2835 906 2898 factum,
927 2837 984 2883 et
1007 2829 1152 2882 infra
1177 2826 1422 2898 positum
1443 2831 1874 2894 sacramentum,
1908 2825 2065 2894 cujus

447 2929 774 3000 exemplum
805 2925 970 2978 etiam
1016 2921 1294 2974 directum
1331 2925 1414 2973 est
1455 2925 1566 2973 tuae
1597 2917 1934 2972 celsitudini.
1961 2916 2066 2980 Qui

447 3039 582 3078 vero
617 3015 1131 3074 administrationes
1164 3013 1474 3082 suscipiunt
1501 3027 1534 3064 a
1575 3015 1672 3065 tua
1713 3009 2062 3077 celsitudine,

449 3117 659 3172 directo
689 3111 820 3164 hinc
856 3109 934 3161 eis
973 3123 1006 3159 a
1043 3105 1206 3159 nobis
1237 3105 1516 3158 codicillos
1561 3103 1881 3172 suscipiant,
1915 3117 2061 3172 prm-

450 3213 606 3264 sente
639 3207 746 3258 Deo
773 3199 998 3256 amabili
1025 3197 1263 3250 civitatis
1297 3197 1354 3249 in
1393 3213 1504 3266 qua
1540 3196 1756 3266 degunt
1781 3195 2062 3264 episcopo,

453 3307 508 3358 et
533 3299 655 3354 aliis
681 3296 780 3367 qui
798 3295 856 3347 in
879 3292 1101 3346 civitate
1127 3293 1260 3342 sunt
1279 3289 1336 3342 in
1354 3289 1569 3358 judicio
1597 3294 1706 3342 tuae
1725 3288 2068 3341 celsitudinis

451 3389 826 3464 congregatis,
857 3390 914 3440 et
939 3384 1096 3438 omni
1117 3387 1212 3436 tuo
1237 3381 1440 3446 officio,
1467 3397 1652 3434 coram
1671 3381 1874 3450 quibus
1893 3381 2068 3434 etiam

449 3487 726 3544 codicillos
761 3480 1054 3550 accipiant,
1087 3479 1144 3530 et
1167 3475 1364 3546 jurent
1403 3473 1739 3545 praedictum
1787 3473 2068 3544 μελαί-ειη-

452 3583 609 3637 dum.
641 3579 708 3632 Et
732 3575 978 3628 maxime
1003 3571 1110 3624 hoc
1143 3567 1498 3640 praecipimus
1521 3567 1668 3620 circa
1693 3567 1928 3620 curiales
1952 3567 2064 3635 agi,

452 3691 590 3746 quos
609 3673 932 3739 competens
949 3667 1033 3718 est
1047 3679 1250 3732 magna
1265 3661 1396 3728 frui,
1413 3666 1510 3714 eta
1527 3666 1626 3714 tua
1639 3659 1968 3713 celsitudine
1985 3675 1997 3712 :
2015 3663 2070 3712 et

451 3766 551 3837 qui
577 3762 844 3819 eumdem
877 3757 1192 3827 cingulum,
1223 3753 1436 3824 optima
1480 3753 1586 3806 erit
1615 3751 1982 3822 providentia,
2013 3753 2070 3804 et

451 3857 728 3922 studium,
757 3856 823 3906 ut
851 3850 990 3904 nihil
1005 3850 1074 3902 ab
1097 3848 1175 3902 eis
1202 3847 1436 3900 lucreris
1460 3845 1710 3914 omnino,
1735 3861 1918 3916 neque
1947 3861 2068 3914 pcr-

453 3951 644 4006 mittas
671 3963 764 4000 eos
791 3944 860 3998 ab
884 3942 998 3996 ullo
1029 3941 1178 3994 laedi.
1211 3941 1310 3992 Eos
1338 3939 1490 3994 enim
1519 3939 1610 4009 qui
1645 3939 1788 3992 hanc
1811 3939 2070 3992 nituntur

449 4039 829 4113 iniquitatem,
861 4039 1138 4106 quatenus
1162 4037 1218 4086 et
1251 4031 1568 4085 felicissimo
1604 4034 1794 4084 nostro
1835 4035 2070 4085 utantur

455 4134 726 4200 exercitu,
755 4135 810 4186 et
828 4129 1069 4199 reliquas
1091 4125 1326 4179 curiales
1345 4123 1692 4194 adimpleant
1715 4124 2028 4177 functiones
2053 4141 2065 4178 :

453 4231 586 4304 quia
604 4244 719 4283 non
748 4227 967 4296 oportet
991 4220 1124 4275 talia
1153 4217 1416 4272 attentari
1446 4216 1658 4284 solatia,
1689 4219 1752 4270 ut
1779 4219 1955 4287 possit
1978 4235 2069 4271 re-

450 4324 590 4382 ferri
618 4322 688 4376 ad
711 4323 930 4374 tantam
971 4313 1313 4368 tarditatem.
1345 4310 1488 4363 Nihil
1527 4309 1680 4364 enim
1729 4309 1886 4363 nobis
1925 4327 2070 4365 com-

451 4417 682 4474 mendat
707 4418 866 4468 tuam
895 4406 1304 4470 celsitudinem,
1335 4403 1616 4474 quomodo
1649 4403 1794 4457 circa
1838 4404 2071 4458 curiales

2086 3145 2139 3218 C

2158 1914 2398 1978 quatuor
2422 1905 2741 1976 Evangelia,
2761 1921 2885 1976 quin
2912 1905 3062 1959 hisce
3083 1905 3344 1958 manibus
3365 1907 3549 1970 teneo,
3580 1909 3636 1956 et
3657 1919 3786 1956 san-

2158 2005 2273 2055 ctos
2303 1999 2667 2070 archangelos
2692 1998 3014 2052 Michaelem
3042 2003 3097 2050 et
3133 1997 3470 2064 Gabrielem,
3499 1995 3656 2066 quod
3697 2012 3784 2048 sa-

2159 2091 2480 2146 cratissimis
2500 2096 2556 2145 et
2573 2089 2934 2162 pientissimis
2955 2089 3200 2144 dominis
3225 2090 3430 2144 nostris
3449 2088 3786 2152 Iustiniano,

2160 2191 2216 2240 et
2239 2185 2542 2239 Theodore:
2572 2183 2693 2254 conj
2705 2183 2798 2253 ugi
2827 2183 3090 2253 potentia:
3133 2182 3283 2235 illius
3310 2181 3591 2244 existenti,
3625 2197 3788 2232 occa-

2161 2278 2314 2331 sione
2345 2276 2588 2330 concessi
2611 2275 2754 2328 mihi
2785 2275 2854 2328 ab
2879 2275 3106 2328 illorum
3137 2274 3345 2344 pietate
3375 2273 3564 2336 ofticii,
3587 2289 3792 2342 puram

2161 2369 2556 2424 conscientiam
2569 2373 2624 2422 et
2635 2367 2946 2438 genuinum
2959 2369 3329 2438 praestaturus
3338 2382 3464 2420 sum
3475 2365 3790 2419 servitium.

2160 2463 2428 2532 Quodque
2463 2478 2564 2532 pro
2595 2461 2848 2532 ipsorum
2875 2459 3114 2530 imperio
3143 2464 3198 2512 et
3225 2459 3532 2528 republica,
3563 2457 3624 2510 in
3657 2473 3792 2510 con-

2161 2571 2314 2609 cesso
2341 2554 2484 2608 mihi
2511 2553 2580 2606 ab
2611 2553 2743 2624 ipsis
2771 2551 2976 2621 ofﬁcio,
2995 2568 3218 2606 summa
3241 2567 3370 2604 cum
3397 2549 3573 2604 animi
3603 2566 3800 2620 prom-

2161 2647 2460 2718 ptitudine,
2486 2645 2604 2700 sine
2621 2645 2747 2700 dolo
2769 2649 2824 2698 et
2839 2645 3046 2715 absque
3067 2644 3288 2708 fraude,
3313 2659 3540 2698 omnem
3561 2659 3794 2712 Operam

2163 2757 2224 2794 ac
2253 2740 2508 2793 laborem
2540 2738 2828 2792 subiturus
2858 2753 3008 2790 sum.
3031 2738 3097 2790 Et
3121 2735 3270 2806 quod
3295 2752 3424 2790 cum
3445 2733 3798 2788 sanctissima

2162 2832 2258 2885 Dei
2290 2831 2580 2896 catholica,
2626 2835 2682 2884 et
2711 2829 3013 2900 apostolica
3053 2827 3291 2882 Ecclesia
3329 2827 3796 2882 communionem

2163 2923 2360 2990 habeo,
2395 2939 2577 2994 neque
2606 2923 2654 2976 ei
2681 2922 2794 2975 ulla
2820 2921 3147 2992 unquamin
3177 2937 3257 2988 re,
3281 2924 3378 2974 aut
3401 2919 3570 2974 modo
3597 2919 3794 2974 adver-

2165 3017 2345 3084 sabor,
2381 3032 2564 3086 neque
2598 3016 2890 3086 (quantum
2927 3015 2986 3066 in
3026 3030 3117 3067 me
3164 3013 3285 3078 erit)
3329 3013 3494 3066 alicui
3527 3011 3624 3065 alii
3664 3027 3797 3082 per-

2163 3111 2402 3164 mittam.
2431 3107 2642 3162 Eodem
2661 3107 2984 3178 jnramento
3019 3109 3214 3171 testor,
3245 3105 3394 3176 quod
3423 3120 3610 3176 neque
3639 3121 3798 3157 occa-

2167 3204 2323 3257 sione
2335 3201 2522 3255 traditi
2548 3199 2691 3254 mihi
2703 3199 2895 3268 officii,
2913 3215 3096 3270 neque
3115 3215 3213 3268 per
3229 3215 3452 3252 causam
3475 3195 3796 3267 patrocinii,

2165 3301 2263 3350 aut
2289 3293 2524 3365 praestiti
2548 3293 2698 3364 apud
2745 3293 3044 3345 Dominum
3085 3291 3356 3362 suffragii,
3407 3289 3502 3342 ulli
3544 3289 3800 3342 omnimo

2166 3388 2500 3460 quidquam,
2529 3385 2614 3440 vel
2646 3385 2794 3450 dedi,
2817 3385 2904 3438 vel
2925 3385 3088 3452 dabo,
3109 3383 3194 3437 vel
3215 3383 3470 3454 promisi,
3494 3381 3581 3435 vel
3601 3387 3798 3453 pactus

2168 3499 2293 3536 sum
2318 3499 2387 3536 ex
2429 3479 2712 3550 provincia
2751 3477 2994 3546 mittere,
3033 3477 3124 3529 vel
3157 3475 3400 3542 mittam,
3431 3475 3548 3528 sive
3589 3473 3796 3544 glorio-

2167 3575 2370 3628 sissimi
2401 3573 2648 3644 praefecti
2677 3575 2826 3638 sunt,
2863 3570 2975 3624 sive
3003 3569 3098 3623 alii
3132 3567 3492 3622 celeberrimi
3521 3567 3628 3620 viri
3669 3583 3800 3621 cum

2167 3670 2440 3738 potestate
2489 3664 2805 3732 existentes,
2852 3663 2964 3716 sive
3017 3662 3162 3715 circa
3211 3661 3335 3714 illos
3375 3661 3582 3713 versari
3629 3659 3798 3726 soliti,

2169 3759 2281 3814 sive
2311 3759 2608 3828 quisquam
2640 3755 2896 3809 omnium
2919 3771 2932 3806 :
2955 3755 3052 3808 sed
3073 3753 3556 3826 quamadmodum
3581 3751 3800 3822 gratui-

2167 3857 2288 3906 tum
2319 3850 2566 3904 officium
2589 3849 2824 3920 suscepi,
2857 3849 2935 3902 ita
2955 3853 3011 3900 et
3036 3863 3172 3918 erga
3191 3846 3676 3918 pientissimorum
3705 3861 3802 3898 no-

2168 3949 2412 3999 strorum
2439 3942 2796 3997 dominorum
2835 3940 3127 3994 collatores
3167 3939 3456 4009 integrum
3487 3954 3580 3992 me
3605 3943 3664 3990 et
3689 3937 3804 3990 sin-

2169 4053 2362 4092 cerum
2389 4035 2685 4102 exhibebo,
2715 4033 3030 4088 constitutis
3053 4031 3193 4086 mihi
3213 4047 3282 4085 ex
3301 4031 3526 4102 publico
3553 4031 3798 4084 annonis

2170 4133 2482 4184 contentus.
2525 4129 2601 4180 Ac
2641 4143 2760 4196 prie
2802 4125 3062 4179 omnibus
3113 4140 3246 4178 sane
3281 4139 3511 4193 operam
3553 4122 3693 4176 dabo
3737 4129 3804 4176 ut

2168 4222 2392 4277 tributis
2421 4219 2723 4290 diligenter
2757 4217 3103 4285 incumbam,
3150 4222 3206 4271 et
3243 4215 3530 4270 indevotos
3567 4215 3804 4286 quidem

2170 4333 2232 4369 ac
2279 4313 2662 4384 compulsione
2709 4311 3024 4382 indigentes
3061 4326 3195 4364 cum
3246 4308 3402 4362 omni
3445 4305 3806 4362 vehementia

2170 4408 2417 4478 exigam,
2449 4407 2508 4460 in
2537 4406 2692 4459 nullo
2717 4405 2796 4458 eis
2823 4404 3044 4472 cedens,
3073 4417 3256 4472 neque
3283 4401 3514 4454 omnino
3537 4400 3684 4453 lucri
3705 4415 3798 4454 ca-

455 4507 897 4578 uniuscujusque
921 4499 1156 4555 civitatis
1186 4497 1510 4569 provincias,
1536 4513 1706 4566 quam
1725 4497 1968 4568 praeberi
1983 4513 2074 4549 vo-
2091 4505 2150 4576 Ι)
2173 4501 2366 4572 ptandi
2397 4499 2599 4566 studio,
2619 4499 2704 4552 vel
2725 4513 2824 4567 per
2839 4496 3096 4567 gratiam,
3117 4495 3204 4548 vel
3221 4493 3435 4560 odium,
3463 4493 3608 4546 ultra
3629 4509 3802 4562 quam

453 4605 648 4662 lumus
677 4599 814 4666 istis,
845 4601 900 4651 et
925 4613 956 4648 a
985 4601 1078 4648 tua
1107 4591 1454 4656 celsitudine,
1489 4605 1553 4643 ac
1593 4589 1807 4660 cinguli
1848 4606 2072 4659 semper

455 4689 888 4756 successoribus.
919 4689 1269 4756 Quapropter
1287 4685 1424 4737 dum
1445 4683 1721 4737 codicillos
1742 4682 1962 4737 dederis
1981 4683 2073 4736 ad-

453 4786 896 4849 ministrationes
925 4777 1328 4848 accipientibus
1358 4793 1390 4829 a
1417 4779 1490 4842 te,
1513 4781 1610 4829 aut
1640 4781 1936 4846 praesente,
1967 4776 2072 4829 hoc

455 4887 536 4942 eis
565 4890 726 4938 tuam
763 4875 1100 4933 denuntiare
1135 4871 1396 4925 volumus
1426 4869 1637 4937 sedem,
1672 4873 1738 4922 ut
1773 4867 2072 4922 curialibus

455 4993 686 5034 omnem
711 4975 854 5028 ferat
873 4971 1141 5032 favorem,
1171 4963 1312 5018 nihil
1337 4961 1562 5034 penitus
1585 4961 1654 5014 ab
1669 4962 1748 5016 eis
1772 4961 2068 5032 accipiens.

453 5070 865 5126 Prohibcantnr
891 5067 1082 5116 autem
1107 5063 1164 5114 et
1192 5057 1262 5112 ab
1289 5057 1411 5110 aliis
1437 5055 1516 5109 eis
1539 5055 1726 5110 afferri
1761 5056 1988 5122 damna,
2017 5060 2074 5109 et

456 5163 765 5232 agnoscant
785 5173 888 5227 per
910 5161 966 5210 te
996 5154 1127 5224 quia
1147 5152 1192 5206 si
1219 5155 1442 5222 praeter,
1465 5149 1570 5202 hoc
1589 5147 1802 5218 aliquid
1830 5148 2070 5216 egerint,

453 5254 636 5328 pcenis
653 5249 1019 5320 subjacebunt
1037 5243 1396 5316 pravissimis.
1421 5243 1578 5298 Sicut
1595 5241 1748 5295 enim
1772 5241 2074 5295 curialibus

455 5361 684 5422 parcere
715 5347 768 5396 te
795 5341 1075 5406 volumus,
1105 5339 1180 5392 ita
1210 5343 1267 5392 et
1291 5337 1652 5392 defensorum
1694 5334 1987 5404 castigare,
2017 5337 2074 5388 et

451 5439 698 5499 retinere
719 5433 1008 5489 avaritiam
1034 5433 1330 5496 sancimus,
1351 5436 1407 5485 et
1429 5429 1498 5484 ab
1519 5429 1600 5483 eis
1625 5443 1966 5498 praesumere
1989 5443 2074 5480 ac-

453 5537 642 5607 cipere
681 5547 714 5584 a
751 5525 956 5583 nostris
993 5523 1272 5592 subjectis,
1305 5523 1412 5576 nisi
1459 5523 1769 5577 secundum
1804 5521 1954 5591 quod
1997 5521 2074 5574 eis

449 5626 808 5686 administrat
831 5615 1144 5692 respublica
1171 5619 1268 5670 aut
1288 5615 1333 5668 si
1363 5631 1476 5669 non
1505 5620 1586 5669 est
1611 5615 1836 5685 aliquod
1865 5613 1944 5668 eis
1973 5631 2075 5685 pu-

525 5815 550 5846 "
577 5816 690 5868 Hoc
716 5827 830 5866 non
853 5806 1140 5864 invenitur
1163 5804 1220 5859 in
1241 5801 1446 5858 Graecis
1469 5799 1902 5872 exemplaribus.

2171 4593 2450 4660 convenit,
2474 4591 2584 4646 sive
2611 4593 2802 4661 petam
2828 4589 2898 4642 ab
2923 4589 3132 4658 aliquo,
3151 4587 3266 4640 sive
3291 4585 3457 4640 alicui
3481 4585 3796 4650 remittam,

2171 4687 2395 4742 devotos
2421 4701 2552 4740 vero
2575 4689 2810 4754 paterno
2837 4681 3082 4753 quodam
3110 4678 3314 4734 affectu
3343 4677 3707 4748 complectar.
3737 4677 3804 4730 Et

2171 4781 2422 4834 subditos
2471 4775 2956 4848 pientissimorum
3023 4777 3348 4827 nostrorum
3433 4770 3800 4824 dominorum

2171 4873 2464 4944 (quantum
2489 4869 2548 4924 in
2577 4885 2666 4924 me
2686 4867 2810 4938 erit)
2829 4867 3080 4938 undique
3101 4881 3267 4933 noxa,
3291 4869 3347 4918 et
3367 4864 3578 4918 damno
3595 4863 3802 4916 liberos

2171 4964 2529 5022 conservabo.
2557 4965 2736 5033 Atque
2761 4975 2992 5031 aequum
3019 4975 3110 5013 me
3142 4959 3365 5028 utrique
3395 4956 3566 5027 parti,
3599 4961 3716 5010 tam
3741 4955 3800 5008 in

2172 5057 2540 5128 disceptandis
2585 5051 2994 5120 controversiis,
3031 5067 3202 5122 quam
3249 5049 3458 5104 tuenda
3505 5047 3802 5118 disciplina

2171 5151 2394 5224 publica
2423 5149 2698 5221 praebens,
2719 5146 2906 5201 neutri
2933 5145 3079 5216 parti
3103 5147 3312 5215 praeter
3327 5143 3422 5213 jus
3447 5145 3504 5196 et
3529 5141 3618 5195 fas
3639 5141 3794 5195 addi-

2171 5250 2291 5300 ctus
2305 5261 2420 5312 ero,
2443 5243 2540 5297 sed
2567 5256 2762 5296 omnes
2783 5239 3174 5309 delinquentes
3197 5251 3525 5307 persequar,
3548 5239 3606 5288 et
3627 5233 3800 5304 aequi-

2172 5343 2344 5392 tatem
2373 5335 2526 5390 omni
2555 5351 2620 5388 ex
2657 5337 2816 5404 parte
2843 5329 3204 5398 conservabo,
3252 5331 3308 5382 et
3348 5331 3522 5398 prout
3549 5326 3696 5380 mihi
3715 5327 3804 5396 ju-

2173 5435 2322 5485 stum
2349 5427 2645 5484 videbitur.
2675 5425 2856 5480 Simul
2883 5423 3155 5491 insontes,
3182 5437 3253 5476 ne
3278 5421 3416 5491 quid
3443 5419 3696 5474 sentiant
3721 5417 3800 5472 di-

2173 5523 2409 5594 spendii,
2437 5521 2655 5586 tuebor,
2687 5517 2854 5572 simul
2881 5517 2993 5572 reis
3023 5515 3276 5570 sontibus
3297 5513 3616 5567 secundum
3649 5512 3802 5582 leges

2173 5615 2437 5686 irrogabo
2463 5613 2823 5684 supplicium.
2849 5612 2914 5664 Et
2959 5609 3041 5679 (ut
3083 5607 3296 5662 dictum
3327 5607 3429 5674 est)
3469 5611 3586 5659 tam
3615 5605 3674 5658 in
3701 5621 3802 5676 pu-

2171 5708 2330 5762 blicis
2355 5725 2528 5778 quam
2553 5705 2780 5778 privatis
2806 5701 3180 5758 contractibus
3209 5717 3222 5754 :
3255 5703 3538 5771 praeterea
3563 5703 3620 5752 et
3649 5697 3696 5750 si
3711 5697 3804 5750 fis-

2173 5819 2237 5856 co
2267 5801 2550 5856 adferatur
2579 5799 2804 5869 injuria,
2831 5795 3110 5866 justitiam
3125 5793 3449 5848 observabo.
3479 5791 3674 5862 Neque
3693 5805 3802 5860 ego
